3966 6206
243 407 3502 450 W

253 444 3507 470 Μ

1414 560 1644 687 ΑΙ)
1746 556 2338 687 OPERA

517 782 1136 961 SANCTI
1256 777 2198 985 PASCHASII
2320 775 3228 953 RADBERTI

1161 1024 2608 1154 PROLEGOMENA.

1723 1208 2043 1227 ’ᾑ-

922 1320 987 1380 S.
1037 1317 1447 1379 PASCHASII
1492 1314 1892 1377 RADBERTI
1937 1309 2293 1373 ELOGIUM
2337 1305 2842 1368 HISTORICUM.

999 1451 1179 1522 (Apud
1209 1448 1444 1518 Mabill.,
1479 1451 1620 1504 Acta
1646 1453 1969 1503 sanctorum
1999 1444 2120 1500 ord.
2154 1444 2210 1497 S.
2243 1441 2477 1498 Bened..
2504 1445 2641 1495 tom.
2674 1406 2767 1506 l1.)

1705 1575 2068 1590 ﬁ

749 1656 982 1710 CAPUT
1039 1654 1344 1711 PRIMUM.

463 1763 724 1818 Radberti
747 1766 880 1828 vita,
914 1767 1101 1817 natale
1128 1767 1327 1829 solum,
1361 1763 1627 1817 educatio.

335 1871 382 1926 1.
410 1870 591 1924 Tanta
618 1868 726 1923 fuit
754 1870 1044 1923 PASCHASII
1073 1870 1353 1923 Rsnnnnrx
1398 1868 1549 1939 apud
1591 1866 1848 1922 homines

268 1941 353 1995 sui
371 1941 632 2010 temporis
643 1939 1075 2003 existimatio,ut
1097 1940 1472 2010 Engelmodus
1487 1939 1850 2010 Suessionen-

271 2013 345 2065 sis
371 2008 654 2082 episcopus
698 2027 927 2064 carmen
964 2008 1276 2065 condiderit
1319 2011 1389 2064 de
1418 2012 1539 2080 ejus
1568 2008 1848 2082 laudib_us,

269 2080 567 2152 θίάειῇῳυέ
579 2081 764 2153 adhuc
792 2083 996 2135 viventi
1037 2081 1461 2153 nuncupaverit.
1499 2082 1710 2153 Praeter
1738 2080 1851 2132 En-

264 2151 577 2224 gelmodum
593 2152 766 2206 abbas
776 2153 1061 2222 piissimus
1081 2151 1286 2207 multos
1297 2152 1494 2206 habuit
1509 2151 1846 2224 laudatores,

268 2222 584 2301 ut.inferiu_s
606 2224 824 2301 dicam;
845 2224 1066 2301 nullum
1087 2224 1362 2301 vei‘q,_qui
1388 2240 1477 2301 res
1491 2222 1562 2275 ab
1583 2239 1648 2276 eo
1663 2227 1852 2301 gestas

266 2291 523 2349 accurate
553 2294 612 2347 in
638 2295 859 2348 litteras
888 2294 1165 2349 retulerit.
1198 2291 1300 2347 Vir
1327 2294 1534 2364 quippe
1564 2291 1851 2346 modestiae

269 2365 590 2436 singularis,
607 2382 732 2418 cum
752 2367 962 2418 obitum
973 2382 1140 2418 suum
1147 2368 1506 2433 przscnsisset
1534 2365 1847 2436 imminere,

269 2434 569 2490 concacatis
584 2437 861 2502 fratribus
876 2442 1182 2490 extremum
1201 2440 1318 2490 vale
1335 2437 1538 2499 dicens,
1564 2451 1628 2487 ne
1639 2434 1775 2500 quid
1788 2434 1853 2485 de

268 2511 374 2560 vita
396 2523 503 2560 sua
523 2508 1467 2570 scriberetur,d~iciturinterdixisse,
1483 2509 1725 2558 testante
1743 2504 1854 2556 An-

267 2577 417 2631 tonio
447 2577 522 2630 de
564 2577 919 2631 Caulincurte
965 2577 1026 2630 in
1073 2576 1394 2631 Corbeiensi
1426 2575 1699 2629 Chronico
1748 2589 1851 2626 ms.

269 2649 414 2719 quod
428 2648 708 2719 superiori
729 2649 930 2702 saeculo
950 2647 1182 2702 ineunte
1200 2647 1488 2719 conditum
1519 2652 1618 2699 est.
1655 2644 1856 2719 Engel-

267 2713 420 2772 modi
447 2713 518 2772 de
547 2718 827 2772 Radberto
857 2719 1222 2789 poematium,
1256 2718 1394 2772 rude
1416 2733 1643 2789 prorsus
1672 2720 1729 2768 et
1758 2713 1858 2789 ob-

265 2806 513 2852 scurum,
547 2789 693 2859 quod
723 2785 897 2860 ipsius
928 2789 1193 2843 Radberti
1223 2785 1486 2860 operibus
1506 2785 1860 2860 aSirmondo

267 2855 617 2931 praemissum
642 2855 761 2926 est,
791 2877 906 2914 non
928 2861 1110 2914 visum
1138 2865 1224 2931 est
1251 2855 1397 2931 tanti
1421 2863 1486 2911 ut
1513 2857 1604 2910 hic
1625 2855 1860 2931 recude-

270 2926 462 3010 returj
517 2932 623 3010 sed
642 2931 780 2985 satis
812 2948 934 3010 esse
974 2929 1211 3010 dui‘citsi
1248 2929 1400 3010 inde,
1440 2927 1686 3010 quaead
1735 2926 1860 3010 iliu-

264 3002 500 3056 stranda
523 3003 628 3055 viri
657 3002 836 3056 sancti
865 3007 1024 3070 gesta
1052 3001 1282 3066 faciunt,
1311 3001 1414 3054 hoc
1448 2997 1507 3053 in
1547 2997 1726 3068 elogio
1755 2997 1918 3070 de-B

263 3074 526 3126 libarem.

341 3145 395 3197 9..
427 3144 603 3197 Natus
629 3148 715 3197 est
753 3141 1073 3214 Radbertus
1103 3143 1161 3196 in
1191 3160 1334 3214 pago
1355 3139 1726 3214 Suessionico,
1758 3143 1858 3214 aut

261 3215 455 3268 forsan
493 3215 690 3286 inipsa
711 3209 1208 3286 urbe,parentibus
1221 3209 1447 3286 ignotis.
1468 3215 1608 3266 Cum
1631 3210 1781 3264 enim
1795 3209 1856 3263 in

260 3285 605 3339 monasterio
627 3287 689 3338 B.
715 3285 903 3339 Mariae
925 3287 1047 3355 ejus
1067 3285 1223 3339 urbis
1252 3285 1366 3339 Deo
1393 3300 1533 3355 puer
1561 3297 1852 3355 consecra-

258 3363 354 3410 tus
369 3356 462 3419 sit,
475 3355 533 3409 id
554 3361 884 3425 argumento
904 3353 990 3410 est
1009 3373 1138 3410 eum
1150 3353 1475 3426 indigenam
1494 3353 1856 3426 suessionen-

258 3444 382 3481 sem
413 3426 606 3480 fuisse.
647 3427 970 3497 Suspicatus
1001 3443 1126 3480 sum
1169 3425 1472 3497 aliquando
1508 3425 1691 3478 virum
1720 3439 1856 3497 san-

258 3504 420 3551 ctum
446 3502 635 3568 ortum
660 3493 778 3550 esse
794 3499 942 3568 apud
964 3497 1229 3552 Basilicas
1263 3493 1581 3568 [Basochcs],
1615 3493 1853 3568 oppidu-

257 3570 380 3640 lum
403 3567 740 3640 Suessionici
769 3567 918 3640 pagi,
939 3576 1211 3640 eamotus
1231 3567 1470 3633 ratione,
1502 3567 1649 3640 quod
1661 3571 1855 3640 poten-

256 3639 415 3692 tibus
441 3640 561 3708 ejus
589 3639 694 3692 loci
723 3636 917 3694 incolis
967 3639 1172 3694 librum
1216 3640 1286 3693 de
1328 3640 1456 3692 Vita
1492 3636 1548 3691 et
1589 3636 1854 3690 Passione

255 3715 587 3764 sanctorum
621 3710 811 3782 Rufini
831 3718 888 3782 et
906 3711 1115 3765 Valerii
1136 3711 1443 3782 expolierit.
1459 3709 1855 3782 Falliturcerte

256 3781 725 3851 chronographus
739 3781 1088 3836 Corbeiensis
1102 3779 1497 3852 prailaudatus,
1511 3779 1601 3833 cui
1618 3779 1855 3834 Radber-

258 3858 351 3905 tus
372 3854 700 3905 Paschasius
733 3857 956 3907 natione
976 3855 1274 3918 Romanus,
1295 3857 1359 3906 in
1387 3854 1580 3905 ordine
1600 3852 1858 3903 diacono-

255 3939 398 3975 rum
419 3925 681 3990 septimus
701 3922 873 3977 fuisse
903 3923 1127 3989 dicitur,
1159 3930 1218 3978 et
1238 3941 1271 3977 a
1289 3923 1452 3977 beato
1464 3920 1784 3976 Adalhardo
1800 3919 1860 3972 in

263 3992 513 4046 Galliam
529 3993 822 4048 adductus.
842 3996 904 4049 In
929 3995 1077 4049 idem
1109 4001 1358 4049 erratum
1389 3992 1622 4064 impegit
1637 3993 1860 4064 Menar-

257 4064 374 4118 dus
405 4069 618 4128 noster,
650 4069 708 4118 et
737 4065 834 4118 alii
861 4066 1135 4121 nonnulli.
1190 4065 1426 4120 Errandi
1469 4063 1684 4118 occasio
1726 4066 1862 4115 nata

257 4135 412 4188 mihi
431 4136 653 4188 videtur
674 4152 740 4188 ex
761 4138 1152 4192 communione
1168 4137 1413 4191 nominis
1433 4141 1488 4190 et
1517 4133 1729 4189 ordinis
1751 4133 1859 4186 Pa-

256 4205 476 4279 schasii
503 4207 558 4260 S.
587 4207 650 4279 R.
685 4207 1017 4279 E.Adiaconi,
1049 4213 1301 4279 tempore
1330 4205 1652 4279 Symmachi
1679 4220 1856 4279 papae,

255 4277 363 4348 qui
395 4283 589 4348 tamen
619 4277 952 4333 Paschasius
981 4280 1144 4333 annis
1167 4275 1440 4333 trecentis
1469 4275 1726 4348 superior
1757 4275 1862 4328 fuit

1859 1657 1911 1716 A

2083 1646 2171 1696 His
2193 1645 2373 1694 ctenim
2399 1646 2545 1693 temet
2566 1639 2880 1701 vegetandum
2904 1637 3346 1701 providusauctor,

2084 1709 2294 1771 Imperio
2320 1706 2401 1771 qui
2424 1700 2800 1771 cunctatenens,
2821 1702 3106 1771 excelsas-el
3139 1700 3256 1762 ima,

2085 1763 2284 1819 fEterna
2308 1763 2492 1818 ratione
2516 1766 2637 1827 regit
2659 1766 2783 1827 quod
2812 1763 3028 1812 condidit
3050 1763 3170 1827 ipse,

2089 1832 2281 1892 Legavit
2305 1824 2850 1892 tenerum,_c'um'_prima
2877 1824 3134 1892 crepundia
3160 1824 3351 1892 matris,

2086 1887 2198 1952 Quae
2221 1893 2406 1954 genuit,
2438 1889 2562 1951 nigri
2589 1887 2816 1954 fascirent
2843 1888 3052 1954 tegmina
3080 1887 3246 1954 panni,

2089 1948 2468 2019 Erpositumque
2493 1948 2636 2000 vorax
2663 1950 2866 1998 ambiret
2902 1948 3280 2010 mortis’imago.

1935 2056 2013 2109 Ex
2042 2053 2130 2107 his
2180 2052 2434 2107 versibus
2485 2049 2721 2104 obscure
2777 2046 3142 2117 intelligimus
3184 2047 3532 2103 Radbertum

1934 2126 2265 2197 puerulum,
2289 2128 2470 2197 matre
2509 2121 2789 2197 orbatum,
2823 2118 2880 2172 in
2911 2118 3036 2171 vitae
3067 2118 3366 2197 discrimen
3397 2120 3534 2174 inci-

1935 2189 2118 2250 disse:
2155 2195 2223 2249 ob
2253 2195 2420 2265 idque
2452 2192 2785 2265 expositum,
2811 2205 2912 2260 pro
2952 2205 3107 2265 more
3139 2189 3364 2265 illorum
3393 2196 3535 2265 tem-

1936 2284 2156 2338 porum,
2175 2259 2736 2338 quasi'deploratumi;
2765 2259 2864 2338 aut
2894 2267 3044 2313 certe
3077 2259 3135 2338 in
3164 2261 3342 2338 aedem
3369 2261 3534 2338 virgi-

1934 2331 2023 2392 nis
2051 2331 2304 2417 Deiparze
2326 2331 2545 2417 illatum
2568 2331 2876 2417 sanitatem
2922 2331 3214 2410 recepisse,
3250 2336 3307 2384 et
3333 2332 3534 2386 sancti-

1935 2401 2267 2463 monialium
2291 2403 2653 2477 providentiae
2686 2402 2904 2456 caelitus
2932 2401 3318 2455 commissum.

2568 2527 2801 2581 CAPUT
2833 2527 2904 2580 II.

2013 2638 2270 2705 Ejusdem
2301 2641 2554 2698 tonsura,
2595 2634 2711 2686 vita
2746 2634 3027 2685 secuturis
3058 2639 3104 2686 et
3137 2637 3462 2690 monastica.

2013 2743 2068 2797 4.
2101 2743 2177 2796 Eo
2208 2741 2267 2794 in
2305 2741 2650 2805 parthenone
2690 2737 3028 2791 constitutus
3071 2737 3406 2805 Radbertus,
3447 2757 3536 2794 co-

1942 2829 2084 2866 rona
2108 2808 2350 2866 clericali
2370 2810 2670 2880 insignitus
2690 2815 2792 2871 est,
2830 2809 2913 2880 uti
2936 2808 3055 2880 ipse
3073 2809 3454 2864 fateturinitio
3473 2811 3538 2865 li-

1941 2883 2027 2936 bri
2039 2884 2192 2937 tertii
2218 2884 2286 2937 de
2299 2878 2653 2952 Expositione
2674 2879 2874 2952 psalmi
2896 2878 3532 2952 quadragesimiquarti,
3565 2911 3572 2929 ,-

1941 2955 2286 3025 Engelmodo
2319 2950 2407 3006 his
2435 2951 2686 3006 versibus
2715 2950 3042 3004 concinente
3073 2956 3202 3021 post
3227 2951 3492 3022 praedicta
3515 2969 3527 3004 :

2093 3076 2317 3127 Germine
2343 3089 2448 3138 qua:
2477 3088 2648 3138 supero
2668 3072 2819 3138 divini
2839 3071 3095 3138 sanguinis
3115 3078 3252 3136 orte,

2096 3136 2410 3200 Angeliciquc
2431 3137 2564 3200 chori
2591 3136 2803 3200 conferta
2825 3136 2932 3183 dote
2961 3137 3190 3200 gregales,

2096 3201 2158 3264 'i'e
2180 3197 2374 3264 quoque
2399 3199 2638 3264 concivem
2663 3197 2771 3246 cmli
2792 3199 3095 3264 superardua
3122 3201 3312 3264 raptum

2096 3258 2510 3311 Rite'ministeriis
2536 3265 2761 3323 aptarunt
2795 3258 3195 3322 Cdnctipotentis'.

1937 3360 2268 3416 Audiendus
2295 3361 2533 3414 Sanctus
2556 3358 2673 3428 ipse
2698 3357 2756 3410 in
2789 3357 2909 3428 loco
2926 3373 3052 3410 mox
3063 3357 3252 3425 citato,
3273 3360 3530 3416 Suessio-

1937 3449 2139 3486 nenses
2168 3432 2459 3501 alloquens
2483 3427 2953 3501 san’ctimoniales.
2974 3448 2997 3479 ε
3033 3429 3264 3496 Idcirco,
3282 3431 3529 3487 dilectis-

1937 3504 2110 3566 simae,
2146 3499 2609 3572 dumiperpendo
2663 3499 3047 3572 excellentiam
3085 3506 3348 3572 vestram,
3395 3504 3530 3558 dum

1937 3574 2229 3628 considero
2258 3570 2641 3642 sponsalitatis
2663 3571 2795 3640 jura
2824 3577 2880 3622 et
2905 3570 3097 3642 laudes
3138 3571 3346 3642 ubique
3393 3574 3531 3628 divi-

1939 3661 2061 3709 nas,
2094 3641 2491 3726 vereor’loqui,
2526 3641 2761 3726 ne‘forte
2790 3641 3064 3726 offendam
3085 3641 3143 3694 in
3174 3641 3376 3712 quibus
3405 3645 3529 3726 pla-

1937 3731 2062 3769 cere
2084 3714 2360 3776 desidero,
2387 3710 2434 3766 si
2456 3729 2567 3766 non
2577 3710 2824 3764 debitam
2841 3710 3140 3764 exhibuero
3155 3710 3529 3769 reverentiam

1943 3786 2083 3865 meis
2103 3785 2309 3865 ubique
2411 3782 2651 3865 scriptis,
2685 3797 2825 3850 quas
2843 3781 2921 3865 sic
2941 3781 2998 3834 in
3013 3782 3170 3865 coelo,
3195 3783 3286 3836 ubi
3320 3801 3527 3838 nomen

1942 3857 2193 3920 dedistis,
2216 3853 2470 3924 intelligo
2488 3854 2808 3924 honoratas,
2837 3857 2901 3904 ut
2929 3867 3040 3904 non
3071 3853 3253 3906 solum
3284 3871 3522 3924 sponsae,

1941 3944 2134 3981 verum
2159 3926 2330 3980 etiam
2355 3922 2522 3996 ﬂares
2547 3922 2815 3996 Ecclesiae
2837 3927 2894 3974 et
2916 3922 3528 3996 ornamentum—Sponsi

1942 3999 2084 4052 sitis.
2118 3999 2268 4061 Quas
2293 4012 2420 4050 cum
2450 3995 2510 4048 in
2530 3993 2774 4047 dexteris
2802 3993 3190 4063 benignissimi
3214 3995 3316 4049 Dei
3337 3993 3394 4050 et
3410 3997 3527 4051 Sal-

1941 4069 2150 4123 vatoris
2180 4067 2357 4122 nostri
2391 4065 2598 4120 Christi
2637 4071 2906 4117 contueor
2936 4063 3229 4134 multiplici
3255 4067 3526 4123 varietate

1942 4141 2251 4203 decoratas,
2276 4137 2582 4210 ingemisco
2609 4135 2787 4201 valde,
2803 4151 2868 4189 eo
2891 4135 3040 4205 quod
3067 4151 3329 4210 coronam
3357 4155 3527 4210 quam

1942 4226 2294 4281 suscepeiam
2321 4207 2591 4279 puerulus
2610 4222 2798 4281 coram
2819 4211 3011 4281 sancto
3032 4207 3526 4281 altareGenitricis

1946 4282 2065 4348 Dei,
2101 4276 2298 4335 vestris
2322 4276 2447 4332 cum
2482 4277 2738 4351 precibus
2769 4281 2826 4330 et
2855 4276 3271 4351 officiojaudis,
3302 4297 3413 4351 quo
3438 4299 3527 4336 ve-

256 4346 574 4401 PaSChasiO
609 4355 820 4402 ηοεινοι
854 4350 1135 4420 Quidquid
1165 4350 1256 4415 sit,
1290 4366 1391 4421 pro
1434 4346 1577 4402 riui!
1611 4346 1740 4400 bllic
1769 4362 1866 4399 110-
1946 4346 2064 4406 stra
2093 4368 2296 4422 sponso
2321 4351 2437 4404 Deo
2453 4346 2571 4419 regi
2601 4347 2907 4401 immortali
2936 4347 3104 4401 corda
3132 4346 3528 4406 consecrantur

256 4435 401 4472 men
436 4425 558 4472 erat
589 4419 890 4474 Radberto.
925 4437 1035 4474 auo
1064 4422 1290 4474 nomine
1326 4367 1625 4474 subscribit
1651 4411 1921 4474 svnodoC
1945 4433 1998 4474 et
2012 4427 2214 4474 canita.
2239 4423 2402 4474 longe
2430 4420 2523 4473 diu
2541 4419 2824 4472 exsulatus
2845 4419 2900 4470 in
2923 4419 3123 4472 seculo
3139 4421 3356 4474 perdidi
3376 4439 3522 4474 eam.

253 4435 401 4492 r_nen
436 4419 890 4492 eratRadberto,
925 4419 1035 4492 quo
1064 4419 1308 4475 nomine
1326 4437 1391 4474 su

254 4489 608 4563 Parisiensi;
640 4488 1142 4563 eidemquescribit
1168 4493 1388 4563 Lupus:
1419 4489 1726 4545 ascititium
1758 4488 1866 4541 Pa-

253 4560 513 4634 schasio,
547 4562 694 4630 quod
715 4560 1003 4634 agnomen
1041 4560 1271 4634 proprio
1302 4563 1516 4616 nomini
1544 4575 1866 4634 praeponere

254 4632 392 4711 ipse
426 4631 588 4711 solet,
619 4638 683 4711 ut
711 4631 1439 4704 in’epistola'ad—Carolum
1469 4631 1700 4687 Calvum
1732 4631 1868 4684 infe-

253 4702 391 4755 rius
421 4702 736 4757 referenda.

336 4772 394 4829 3.
430 4775 479 4826 A
492 4773 866 4829 tenerioribus
881 4776 1045 4830 annis
1060 4776 1328 4830 educatus
1340 4775 1492 4831 estin
1515 4773 1866 4830 Suessionico

250 4843 554 4913 virginum
578 4845 1065 4901 Benedictinarum
1092 4848 1342 4904 cmnobio
1365 4848 1540 4901 beatae
1571 4847 1756 4900 Mariae
1775 4861 1868 4897 sa-

252 4929 361 4967 cro
390 4933 405 4981 ;
443 4916 609 4989 cujus
635 4917 996 4989 parthenonis
1015 4919 1311 4973 historiam
1333 4935 1528 4973 recens
1557 4915 1870 4989 composuit

253 4991 469 5038 noster
483 4986 720 5040 Michael
739 4987 1396 5049 Germanus.studiorum
1410 5005 1665 5043 meorum
1685 4986 1866 5041 socius

250 5060 320 5109 et
351 5055 612 5178 adiutor.
650 5057 817 5112 Istius
845 5058 1102 5115 beneﬁcii
1133 5059 1735 5116 Paschasiusmeminit
1754 5073 1864 5112 non

251 5143 430 5178 seme
481 5127 541 5178 in
570 5127 1050 5178 lucubrationibus
1075 5132 1421 5178 snisnemne
1438 5132 1492 5178 in
1513 5130 1864 5178 Exnositione

251 5143 386 5203 sem
393 5127 450 5180 el
464 5127 541 5203 _in
570 5127 1050 5203 lucubrationibus
1075 5132 1421 5203 suis,nempe
1437 5132 1502 5203 in.
1513 5130 1867 5203 Expositione

250 5198 478 5274 psalmi
499 5212 648 5264 XLIV,
663 5205 719 5253 et
743 5200 804 5254 in
814 5201 1001 5258 libello
1019 5203 1089 5257 de
1107 5198 1442 5274 Virginitate
1458 5198 1864 5274 beataeihlariaa:

249 5268 427 5392 quod
443 5274 750 5352 utrumque
775 5288 915 5343 opus
941 5268 1761 5355 praedictissanctimonialibus
1780 5272 1872 5325 de-

301 5345 487 5391 icav1t
513 5357 572 5392 m
604 5349 755 5392 2mm
781 5343 957 5392 animi
976 5353 1422 5392 monumentum.
1441 5345 1540 5392 His
1557 5343 1707 5392 enim
1727 5344 1785 5392 in
1797 5343 1872 5392 lo-

301 5338 487 5391 icavit
513 5339 572 5393 in
603 5338 756 5409 grati
781 5338 962 5397 εἶιὶωὶ
976 5353 1422 5400 monumentum.
1441 5345 1540 5399 His
1557 5343 1708 5398 enim
1727 5343 1875 5397 inlo-

1432 4419 1625 4493 scribit
1651 4417 1864 4493 synng
1879 4411 1921 4469 C
1945 4433 1998 4477 et
2012 4411 2214 4493 capita,
2239 4423 2402 4491 longe
2430 4411 2824 4493 diuvexsulatus
2843 4419 2900 4493 in
2923 4419 3123 4493 sagulo
3139 4421 3356 4489 perdidi
3376 4439 3522 4490 eam,

1947 4488 2560 4565 coinquinatus'multis
2588 4489 2888 4565 mundanis
2909 4488 3155 4565 actibus.
3179 4509 3207 4543 ι

2018 4564 2069 4621 5.
2093 4559 2315 4619 Ἠυιηὶιὶ
2339 4579 2404 4616 ac
2432 4562 2687 4615 modesta
2713 4561 2818 4612 hac
2849 4559 3194 4614 confessione
3237 4562 3400 4618 docet
3427 4581 3530 4620 nos

1945 4636 2033 4689 vir
2063 4642 2307 4698 sanctus,
2340 4650 2398 4687 se
2420 4650 2489 4687 ex
2518 4649 2583 4686 eo
2607 4630 2947 4685 monasterio
2977 4631 3298 4687 discessisse
3338 4635 3396 4688 in
3432 4652 3533 4691 se-

1947 4708 2156 4765 culum.
2174 4707 2232 4760 in
2263 4722 2371 4776 quo
2400 4703 2703 4776 mundanis
2725 4701 2942 4756 actibus
2971 4702 3191 4776 dederit
3205 4721 3432 4774 operam
3455 4707 3531 4776 (in

1949 4777 2209 4841 clericali,
2241 4774 2314 4829 an
2345 4775 2527 4829 laicali
2557 4774 2728 4842 vita?)
2752 4792 2764 4839 ;
2799 4778 2968 4847 atque
2995 4775 3234 4847 multum
3253 4774 3531 4847 temporis

1948 4848 2056 4902 hoc
2087 4849 2145 4901 in
2172 4847 2298 4901 vitae
2326 4862 2534 4916 genere
2562 4843 2993 4916 consumpsisse.
3017 4844 3198 4907 Quam
3218 4845 3288 4900 ob
3309 4843 3427 4901 rem
3452 4849 3534 4903 ita

1951 4919 2139 4997 subdit
2173 4936 2245 4997 :_x
2276 4914 2435 4997 Unde
2464 4915 2932 4997 rogo-sauciatus,
2963 4914 3532 4997 dum‘cordasursum

1948 4990 2268 5053 sublevalis,
2291 4993 2422 5041 ante
2435 4985 2595 5059 vobis
2597 4988 2717 5059 jam
2736 5000 3056 5059 concessam
3087 4985 3393 5042 divinitatis
3409 5006 3536 5059 gra-

1949 5061 2088 5115 tiam
2119 5061 2229 5114 mei
2259 5074 2536 5112 memores
2554 5057 2677 5110 sitis
2698 5056 2999 5119 exorando,
3026 5063 3321 5126 quatenus,
3339 5056 3537 5115 vestris

1951 5129 2449 5186 intervenientibus
2474 5127 2710 5191 meritis,
2742 5126 3208 5201 clementissimus
3230 5129 3408 5183 Judex
3424 5148 3538 5201 pae-

1951 5220 2056 5257 nas
2081 5221 2115 5257 a
2134 5220 2221 5256 me
2244 5201 2460 5255 debitas
2479 5203 2780 5263 removeat,
2808 5197 3116 5268 reddatque
3135 5199 3260 5269 pius
3274 5197 3538 5256 coronam

1954 5275 2314 5400 peg‘llgdgted
2335 5341 2668 5405 Radbertus,
2692 5338 2972 5394 saecularis
2999 5338 3124 5410 vita:
3148 5346 3438 5410 pertaesus,
3460 5361 3547 5400 se—
3588 5347 3599 5352 ⁷’

247 5410 344 5489 gis
375 5427 445 5463 se
465 5417 974 5489 earumalumnum
1003 5418 1315 5489 profitetur,
1333 5416 1572 5489 maxime
1592 5416 1650 5489 in
1665 5415 1874 5489 episto-
1959 5415 2192 5470 cessitin
2218 5413 2552 5489 Corbeiense
2570 5411 2992 5489 monasterium,
3017 5409 3075 5462 in
3099 5409 3248 5489 quod
3268 5415 3548 5489 admissus

248 5481 334 5561 iis
373 5484 827 5561 nuncupatoriis.
859 5480 1087 5561 Accedit
1131 5480 1460 5561 Engelmodi
1488 5480 1876 5561 testimdnium
1961 5492 2043 5561 est
2061 5490 2328 5561 (testante
2341 5483 2631 5561 Qualdone
2653 5482 2923 5561 monacho
2942 5480 3002 5534 in
3018 5481 3266 5561 prologo
3281 5483 3451 5538 libelli
3479 5487 3550 5540 de

249 5551 323 5604 in
359 5551 674 5629 poematio,
724 5554 823 5608 ubi
869 5555 940 5610 de
966 5557 1090 5611 istis
1120 5551 1429 5629 virginibus
1472 5557 1590 5627 agit
1625 5557 1684 5610 in
1729 5557 1880 5610 hunc
1960 5551 2092 5610 Vita
2121 5557 2177 5629 S.
2219 5554 2530 5629 Anscharii)
2574 5569 2609 5606 a
2650 5554 2713 5612 S.
2749 5551 3070 5629 Adalhardo
3107 5551 3549 5629 abbate,_quem

250 5621 517 5678 modum
545 5641 558 5676 :

531 5723 800 5791 Panem
845 5727 1006 5792 CXX
1021 5774 1036 5792 .

232 5924 543 6070 ΜΨ

1963 5643 2129 5684 suum
2147 5626 2324 5698 ipsius
2347 5625 2683 5696 magistrum
2702 5639 2768 5679 ac
2785 5627 3184 5695 praeceptorem
3211 5624 3424 5695 passim
3449 5639 3551 5692 ap-

3279 5718 3316 5782 1
