3966 6206
242 386 309 449 15

974 387 1032 441 S.
1073 386 1516 442 PASCHASIUS
1555 352 1979 442 RADBERTUS
2016 385 2248 442 ABBAS
2287 385 2782 443 CORBEIENSIS.

3440 387 3506 448 16

235 509 862 585 unquamindignantis
897 510 1072 564 animi
1092 510 1323 585 verbum
1346 511 1415 565 ab
1452 513 1573 581 ejus
1610 512 1824 585 calamo
1841 514 1894 573 A
1910 512 2183 585 potuisset
2193 512 2351 585 quod
2375 512 2625 585 accidere
2646 512 2859 583 aliquid
2886 512 2999 565 tale
3022 512 3304 583 potuisset
3328 513 3384 567 in
3412 530 3505 569 no-

236 582 537 640 extorserit
589 582 919 637 aemulorum
970 582 1265 645 acerbitas,
1309 600 1447 652 quos
1492 599 1562 635 ne
1599 583 1826 636 nomine

237 656 465 727 quidem
483 654 704 726 uspiam
736 653 1027 724 expressit,
1054 660 1153 707 aut
1179 669 1462 724 quoquam
1490 659 1652 724 pacto
1677 654 1827 708 desi-

236 727 453 798 gnavit.

859 796 1093 850 CAPUT
1120 795 1185 849 V.

307 907 609 974 Regiminis
627 905 921 968 abdicatio,
946 918 1219 971 regressus
1238 903 1312 955 ad
1331 904 1535 966 studia,
1557 903 1754 956 obitus.

309 1011 396 1068 19.
442 1013 577 1066 Post
620 1012 739 1065 haec
780 1010 849 1063 de
894 1008 1201 1063 abdicando
1248 1008 1521 1079 regimine
1566 1007 1831 1077 cogitavit

237 1082 552 1138 Radbertus
576 1101 588 1149 ;
616 1082 673 1135 id
696 1080 843 1151 quod
877 1082 999 1150 ejus
1034 1080 1221 1133 animo
1251 1079 1455 1133 insedit
1476 1086 1599 1133 tum
1628 1080 1831 1132 eximia

235 1154 338 1208 viri
372 1153 665 1217 modestia,
696 1159 820 1205 tum
861 1151 1214 1221 superiorum
1249 1151 1545 1204 turbarum
1576 1151 1829 1204 conside-

232 1226 470 1289 ratione,
493 1230 614 1278 tum
635 1222 911 1277 desiderio
945 1221 1234 1292 repetendi
1271 1222 1457 1275 studia
1484 1221 1825 1275 intermissa.

235 1296 511 1350 Restitere
533 1294 764 1350 consilio
793 1293 889 1346 isti
916 1292 1164 1362 primum
1185 1292 1398 1345 alumni
1428 1292 1515 1346 sui
1538 1312 1551 1359 ;
1585 1293 1681 1345 sed
1708 1297 1828 1345 tan-

234 1367 382 1432 dem,
416 1371 702 1421 annuente
730 1365 866 1425 Deo,
890 1363 1032 1416 votis
1062 1363 1272 1433 potitus
1302 1367 1389 1416 est
1408 1364 1544 1417 suis.
1576 1363 1714 1416 Rem
1733 1379 1827 1433 ge-

234 1380 382 1432 aem,
416 1380 702 1421 annuente
732 1380 866 1425 ueo,
890 1380 1032 1416 vons
1062 1380 1272 1487 pomus
1302 1380 1389 1416 esr.
1408 1381 1544 1417 suis.
1577 1380 1714 1416 nem
1733 1380 1819 1433 ge-

231 1443 377 1491 stam
431 1438 679 1491 declarat
722 1435 972 1505 praefatio
1021 1434 1057 1486 li
1102 1435 1146 1487 ri
1186 1434 1319 1487 noni
1367 1434 1425 1488 in
1473 1435 1819 1487 Matthzeum.

233 1528 256 1589 ς
292 1508 429 1563 Mihi
451 1508 678 1589 quidem
702 1511 830 1576 post
858 1506 1182 1589 innumeros
1218 1511 1375 1589 actus
1396 1505 1585 1585 saeculi
1614 1511 1670 1557 et
1701 1521 1822 1585 mo-

229 1579 400 1633 lestos
427 1575 552 1632 vitae
587 1575 823 1639 labores,
849 1582 976 1646 post
998 1575 1398 1629 sollicitudines
1427 1576 1571 1629 tanti
1597 1575 1822 1645 regimi-

227 1650 315 1727 nis
336 1655 394 1727 et
414 1650 583 1719 longa
602 1648 1041 1727 vitaepraesentis
1070 1647 1379 1727 dispendia,
1412 1646 1655 1727 Opuibile
1684 1646 1821 1727 satis

227 1720 457 1774 tandem
488 1717 898 1783 p'rudenti’viro
943 1717 1215 1771 concessit
1253 1717 1430 1772 otium
1472 1719 1649 1783 Deus;
1681 1718 1819 1771 adeo

228 1797 293 1845 ut
317 1791 459 1844 nihil
479 1788 559 1843 illi
576 1790 911 1861 profecerint
930 1789 1023 1861 qui
1043 1788 1421 1861 moliebantur
1434 1789 1615 1861 aliud;
1639 1788 1820 1861 etfilio

1910 583 2315 654 strispartibus,
2337 584 2485 653 quod
2512 590 2834 638 transcurso
2861 589 3114 654 tempore
3142 599 3339 638 omnes
3367 586 3506 640 acci-

1910 656 2057 709 disse
2105 655 2512 725 conspeximus,
2572 656 2873 717 doluimus,
2926 671 2991 708 ac
3051 655 3397 715 deﬂevimus,
3446 662 3503 711 et

1910 727 2069 780 valde
2100 727 2509 796 pertimuimus,
2534 726 2683 780 unde
2699 733 2756 780 et
2782 726 2964 780 adhuc
2992 725 3157 779 hodie
3180 742 3293 779 non
3319 726 3502 781 minus

1912 798 2359 869 pertimescimus
2381 796 2730 869 iutpiratae,
2756 797 2988 869 diversis
3013 796 3313 869 admodum
3345 798 3506 852 colle-

1911 868 1984 922 cti
2005 885 2069 922 ex
2096 868 2342 931 familiis,
2383 868 2726 922 Parisiorum
2756 868 3099 937 attingerent
3132 868 3292 933 fines,
3325 869 3505 922 eccle-

1912 941 2133 1011 siasque
2168 938 2375 1011 Christi
2402 939 2532 992 hinc
2560 939 2688 992 inde
2718 939 2847 1009 igne
2878 944 3195 1011 cremarent
3221 939 3370 992 circa
3408 939 3504 993 lit-

1913 1016 2023 1065 tus.
2042 1009 2070 1061 }
2101 1012 2169 1065 Et
2192 1010 2336 1063 infra
2360 1026 2371 1060 :
2391 1028 2415 1059 «
2442 1011 2645 1063 Fateor
2673 1011 2843 1075 enim,
2873 1014 2939 1062 ut
2953 1009 3317 1073 mstimomon
3340 1011 3504 1080 longe

1906 1091 2078 1145 retro,
2112 1082 2259 1152 quod
2290 1081 2478 1152 nullus
2513 1098 2581 1134 ex
2611 1080 2836 1151 regibus
2876 1086 3040 1152 terra:
3075 1079 3183 1152 ista
3211 1079 3499 1152 cogitaret,

1906 1170 2088 1224 neque
2118 1151 2267 1224 ullus
2297 1151 2581 1205 habitator
2606 1151 2964 1224 nostriorbis
2993 1151 3187 1224 audire
3198 1151 3497 1224 potuisset,

1907 1222 2055 1295 quod
2074 1223 2360 1295 Parisiumﬁ
2378 1228 2633 1276 nostrum
2656 1223 3151 1295 hostisintraret.»
3165 1222 3503 1276 Nortmanni

1906 1293 2186 1374 Lutetiam
2237 1294 2580 1374 Parisiorum
2609 1293 2859 1374 aggressi
2887 1299 3021 1374 suut
3057 1309 3237 1374 usque
3281 1298 3500 1374 quater,

1906 1366 2174 1433 nimirum
2204 1381 2351 1418 anno
2370 1364 2491 1423 846,
2515 1370 2659 1419 teste
2678 1362 2940 1418 Aimoino
2973 1363 3031 1417 in
3057 1362 3201 1433 libro
3227 1362 3409 1433 primo
3430 1364 3500 1417 de

1909 1432 2189 1492 Miraculis
2217 1436 2393 1489 sancti
2422 1436 2717 1501 Germani;
2750 1436 2879 1489 dein
2907 1450 3057 1488 anno
3072 1432 3198 1498 857,
3230 1432 3354 1487 tum
3379 1439 3505 1505 post

1905 1525 2083 1561 annos
2113 1513 2373 1578 quatuor,
2405 1524 2470 1559 ex
2501 1506 2811 1578 Annalibus
2834 1505 3496 1578 iBertinianis,aliisque:

1904 1596 1968 1632 ac
1996 1575 2220 1632 demum
2245 1594 2392 1631 anno
2421 1575 2547 1632 886.
2581 1578 2767 1631 Prima
2797 1576 2912 1630 vice
2940 1592 3170 1630 vacuam
3211 1576 3413 1630 urbem
3435 1593 3501 1631 ac

1905 1650 2226 1703 suburbana
2283 1649 2576 1719 reperisse,
2610 1648 2855 1702 secunda
2910 1653 2967 1701 et
3004 1646 3173 1701 tertia
3210 1663 3333 1701 eam
3380 1664 3503 1701 cre-

1904 1737 2086 1774 masse
2134 1718 2417 1774 dicuntur.
2466 1719 2586 1773 Erit
2612 1719 2800 1773 forsan
2851 1719 2945 1789 qui
2975 1718 3324 1789 praemissum
3356 1719 3504 1773 Rad-

1903 1792 2045 1845 berti
2066 1794 2249 1845 locum
2274 1790 2509 1861 explicet
2527 1791 2595 1843 de
2614 1790 2794 1861 prima
2809 1790 2944 1848 vice.
2968 1806 3095 1843 cum
3116 1790 3500 1844 Nortmannos

227 1867 364 1916 tunc
392 1861 530 1942 mihi
559 1859 910 1942 charissimo,
955 1859 1057 1942 vix.
1086 1859 1303 1942 expleto
1350 1859 1883 1942 tiroeinio,.vaideB
1901 1865 2186 1916 Parisium
2227 1859 2519 1942 intravisse
2548 1859 2699 1942 dicat
2729 1860 3066 1942 :‘liimoinus
3102 1877 3231 1914 vero
3258 1877 3502 1942 vacuant

227 1932 742 2014 negotiosissimum
798 1930 1138 2014 imposuit-.j
1148 1929 1315 2014 ngum
1332 1969 1344 1992 ,
1406 1931 1537 2014 quia
1600 1929 1822 2014 vigebat
1838 1929 1882 1942 "
1904 1936 2095 2014 urbem
2113 1941 2234 2014 tum
2250 1933 2643 2014 invenissent
2663 1932 2733 1985 de
2754 1932 3234 2014 Nortmannorum
3251 1931 3502 2013 secunda

226 2000 415 2058 animo
444 2009 501 2057 et
519 2019 769 2074 corpore.
792 2009 857 2056 ut
886 2000 1020 2074 opto
1041 2002 1213 2054 etiam
1242 2008 1299 2055 et
1316 2002 1517 2074 merito
1550 2000 1820 2074 sanctita-

225 2075 319 2129 tis.
346 2094 373 2127 »
401 2072 653 2129 Odonem
678 2073 961 2142 intelligit,
984 2072 1235 2125 futurum
1253 2079 1446 2143 postea
1468 2073 1821 2125 Bellovacen-

225 2162 345 2201 sem
400 2145 741 2216 episcopum,
777 2144 872 2216 qui
922 2143 1192 2213 magistro
1231 2160 1332 2197 suo
1363 2143 1641 2216 successit
1668 2158 1817 2216 anno

225 2218 355 2284 851,
381 2213 492 2286 quo
521 2213 668 2270 anno
696 2213 1013 2286 Radbertus
1034 2230 1328 2286 perperam
1357 2214 1561 2286 obiisse
1590 2213 1813 2286 dicitur.

224 2283 367 2358 Lupi
397 2283 617 2341 abbatis
647 2291 867 2358 exstant
890 2283 1153 2358 epistolze
1182 2285 1305 2358 dua:
1334 2285 1405 2358 ad
1444 2285 1694 2358 Odonem
1726 2283 1819 2336 ab-

225 2353 435 2423 batem,
468 2358 739 2411 nimirum
768 2354 867 2409 111
900 2353 956 2408 et
986 2353 1111 2410 112:
1142 2356 1236 2425 qui
1267 2356 1387 2409 Odo
1407 2356 1639 2408 concilio
1658 2358 1821 2409 Sues-

222 2429 472 2484 sionensi
499 2429 558 2482 in
578 2428 756 2482 sancti
777 2425 1030 2480 Medardi
1045 2427 1384 2480 monasterio
1398 2426 1652 2479 interfuit
1670 2441 1817 2479 anno

291 2570 383 2628 20.
416 2571 459 2625 Ε
486 2568 817 2642 procellosis
840 2567 1176 2642 praelatum-
1196 2567 1432 2638 negotiis
1463 2568 1694 2621 eductus
1726 2568 1817 2642 vir

221 2648 468 2708 sanctus,
488 2638 685 2695 statim
704 2639 945 2694 reditum
964 2639 1095 2693 fecit
1111 2638 1182 2693 ad
1211 2645 1401 2709 optata
1424 2655 1707 2693 sacrarum
1726 2640 1814 2693 lit-

217 2720 469 2769 terarum
496 2712 701 2777 studia,
735 2710 936 2781 quibus
958 2711 1262 2764 senectutis
1291 2710 1574 2763 molestias
1592 2716 1811 2781 tempe-

219 2786 365 2839 ravit
390 2801 456 2838 ac
484 2783 769 2837 demulsit.
812 2783 929 2835 Hoc
956 2782 1077 2904 ipse
1105 2798 1233 2835 cum
1277 2797 1485 2849 magna
1524 2783 1809 2852 voluptate

219 2856 392 2904 animi
421 2860 663 2904 testatur
685 2869 797 2904 non
826 2868 978 2904 seme
1005 2893 1019 2904 .
1051 2853 1291 2904 maxime
1313 2853 1472 2904 initio
1506 2853 1619 2904 iam
1646 2853 1808 2904 dicta:

216 2856 393 2911 animi
421 2860 663 2909 testatur
685 2869 797 2906 non
826 2853 1019 2917 semel,
1051 2853 1291 2905 maxime
1313 2853 1472 2905 initio
1498 2853 1619 2920 jam
1646 2853 1808 2905 dictae

215 2925 769 2997 praefationis,icujus
790 2925 905 2997 haec
932 2923 1118 2976 verba.
1149 2944 1169 2997 ς
1198 2925 1507 2997 Nunquam
1528 2923 1695 2997 digne
1716 2939 1808 2997 sa-_-

215 2993 290 3051 iis
314 2996 535 3051 laudari
548 2994 900 3065 philosophia
913 2999 1116 3065 potest,
1139 2994 1339 3046 fratres
1357 2993 1692 3065 charissimi,
1718 2994 1807 3047 cui

217 3063 713 3145 qui‘parettomne
729 3063 951 3145 tempus
966 3064 1276 3144 aetatis-sua:
1302 3063 1508 3145 poterit
1531 3064 1650 3116 sine
1675 3080 1799 3145 mo-

214 3135 380 3193 lestia
399 3137 642 3209 quodam
663 3135 829 3209 modo
846 3135 1162 3188 conversari
1189 3153 1199 3186 :
1224 3135 1355 3209 quia
1376 3150 1517 3209 quos
1537 3135 1803 3209 nutrierit

213 3226 249 3263 a
284 3206 479 3280 puero,
512 3207 685 3280 etiam
721 3206 781 3259 in
810 3211 1112 3280 senectute
1141 3221 1252 3259 non
1282 3206 1509 3258 deserit.
1544 3206 1687 3259 Hinc
1716 3212 1803 3260 est

214 3276 363 3351 quod
394 3295 501 3344 me,
534 3278 664 3351 licet
699 3293 802 3351 ego
834 3276 1349 3351 deseruerimeam,
1383 3292 1690 3351 nonpassa
1717 3283 1802 3351 est

211 3347 268 3404 in
300 3352 405 3404 hac
431 3354 596 3403 aetate
624 3348 845 3417 longius
874 3364 909 3400 a
938 3364 997 3400 se
1027 3347 1269 3418 amplius
1297 3347 1674 3417 peregrinari;
1702 3349 1800 3402 sed

209 3438 340 3475 mox
360 3424 431 3499 _ut
449 3420 599 3499 redii
628 3419 699 3472 ad
729 3435 872 3481 eam,
902 3419 1139 3499 multum
1170 3418 1376 3499 diuque
1399 3418 1546 3472 male
1573 3425 1800 3473 vexatus

209 3491 560 3546 saecularium
592 3506 780 3544 rerum
804 3489 971 3555 curis,
1005 3489 1299 3558 recognovi
1328 3505 1517 3542 veram
1537 3506 1649 3543 non
1675 3507 1799 3545 esse

208 3564 357 3617 viam
387 3562 591 3633 prioris
632 3560 774 3626 vitae,
806 3567 863 3614 et
914 3561 1121 3633 lactare
1166 3577 1256 3613 me
1280 3559 1451 3633 coepit
1472 3561 1640 3633 quasi
1669 3578 1800 3631 pue-

207 3651 353 3698 rum,
387 3630 615 3703 suisque
644 3647 900 3685 recreare
925 3630 1208 3684 uberibus.
1242 3630 1641 3703 Meritoiigitur
1669 3630 1800 3702 quia

205 3701 602 3776 puerorum—et
640 3719 841 3756 senum
872 3718 1164 3776 peneiuna
1211 3708 1298 3755 est
1323 3701 1589 3776 cgnditio,
1622 3701 1798 3757 et’co-

206 3772 437 3846 aequalis
475 3790 669 3828 eorum
703 3772 881 3846 mors:
908 3773 1046 3826 mihi
1078 3773 1315 3846 videtur.
1352 3773 1419 3826 Et
1446 3772 1797 3846 ideoeorum

203 3845 427 3925 semper
446 3851 836 3925 utrorumque
864 3845 1008 3897 lacte
1038 3845 1453 3925 scripturarum
1481 3845 1798 3899 divinarum

201 3915 535 3972 nutriendus
546 3921 632 3971 est
641 3915 865 3970 animus
880 3932 1020 3986 puer
1034 3915 1307 3985 siquidem
1322 3921 1622 3982 utcrescat,
1631 3933 1798 3970 senex

200 4004 334 4043 vero
350 4005 421 4043 ne
450 3989 706 4049 deﬁciat;
731 3987 845 4040 imo
871 3993 1108 4056 uterque
1133 4003 1333 4057 eorum,
1363 3992 1427 4039 ut
1456 3988 1709 4057 proficiat
1736 3988 1794 4041 in

202 4060 423 4123 melius,
448 4065 506 4112 et
523 4059 671 4111 vivat
681 4057 882 4110 divinis
905 4058 1144 4109 Iactatus
1162 4056 1446 4109 uberibus.
1464 4056 1496 4107 ⁷»
1522 4058 1688 4111 Vides
1708 4063 1788 4123 ut,

201 4147 317 4200 prae
335 4129 542 4200 gaudio
563 4127 811 4200 restituti
836 4126 955 4192 otii,
982 4127 1069 4178 vix
1098 4126 1204 4179 sibi
1232 4132 1509 4200 temperet
1528 4129 1793 4182 emeritus

202 4197 413 4265 senex;
450 4198 590 4251 adeo
608 4203 763 4251 totus
787 4197 845 4249 in
875 4213 1125 4249 amorem
1160 4197 1474 4251 studiorum
1505 4215 1792 4253 sacrorum

201 4269 591 4324 incalescebat.
618 4267 911 4341 Legendus
939 4273 1111 4341 etiam
1145 4267 1287 4341 liber
1313 4268 1529 4341 primus
1558 4269 1616 4322 in
1647 4271 1793 4341 psal-

199 4357 358 4396 mum
376 4353 525 4407 xuv,
549 4339 709 4409 cujus
730 4337 869 4409 libri
898 4338 1149 4392 initiosic
1177 4337 1347 4393 habet
1370 4358 1379 4392 :
1415 4357 1440 4389 «
1465 4339 1606 4393 Cum
1636 4337 1791 4395 solli-

198 4411 447 4466 citudine
476 4408 771 4481 pastoralis
816 4408 983 4462 officii
1013 4409 1269 4481 curisque
1300 4409 1587 4480 regiminis
1618 4418 1673 4465 et
1699 4429 1790 4465 ne-

241 4482 367 4536 otiis
395 4480 678 4535 actionum
707 4496 887 4534 essem
915 4480 1145 4534 tandem
1183 4487 1569 4551 exoccupatus,
1602 4482 1788 4538 divino

238 4554 557 4625 ispensante
593 4551 830 4625 Judicio‘.
878 4551 1046 4605 retuli
1086 4567 1175 4625 me
1223 4552 1293 4605 ad
1322 4569 1390 4605 ea
1418 4553 1623 4625 studia,
1666 4571 1789 4625 qua:

1904 2004 2270 2075 impressione
2291 2004 2411 2056 sine
2432 2003 2600 2057 dubio
2619 2003 3074 2073 interpretandus
3095 2008 3383 2073 cst,quum
3406 2002 3501 2056 isti

1902 2077 2173 2129 Lutetiam
2195 2078 2543 2129 Parisiorum
2566 2077 2912 2135 invaserunt,
2927 2078 3088 2142 atque
3108 2076 3363 2127 incendio
3385 2078 3503 2126 tra-

1900 2147 2166 2199 diderunt
2193 2162 2319 2200 cum
2350 2144 2602 2215 pluribus
2631 2144 2895 2198 ecclesiis.
2913 2145 2981 2215 In
3010 2144 3191 2214 prima
3214 2143 3366 2215 enim
3387 2144 3499 2197 im-

1901 2219 2186 2287 pressione
2218 2214 2388 2279 nulla,
2424 2221 2524 2287 aut
2552 2231 2694 2286 pene
2734 2215 2905 2287 inulla
2960 2214 3125 2287 facta
3153 2219 3248 2287 est
3287 2214 3494 2287 clades,

1901 2284 2058 2341 nulla
2088 2287 2363 2341 incendia.
2397 2284 2568 2340 Diem'
2583 2302 2692 2356 quo
2733 2284 3047 2339 Radbertus
3078 2284 3234 2345 obiit,
3265 2285 3498 2354 signant

1901 2364 2119 2412 veteres
2150 2359 2355 2412 chartae
2386 2356 2750 2410 Corbeienses
2791 2370 2844 2409 v1
2878 2357 3151 2410 Kalendas
3185 2358 3345 2421 Maii,
3380 2373 3493 2426 quo

1902 2430 1993 2483 die
2014 2430 2073 2483 in
2091 2446 2194 2483 ms.
2210 2426 2911 2498 NevelonisMartyrologio
2932 2431 3160 2481 notatur
3173 2426 3261 2480 his
3276 2426 3459 2481 verbis
3475 2443 3487 2479 :

1900 2503 2123 2554 Corbeia
2147 2502 2477 2553 monasterio
2496 2503 2769 2552 transitus
2799 2501 2981 2551 sancti
3005 2500 3263 2552 Radberti
3281 2498 3496 2552 abbatis

1897 2577 1945 2625 et
1971 2574 2307 2639 confessoris.
2326 2571 2579 2638 Sepultus
2608 2575 2681 2622 est
2710 2572 2773 2623 in
2799 2571 3016 2622 ecclesia
3046 2570 3228 2622 sancti
3254 2571 3492 2623 Joannis

1896 2643 2282 2710 Evangelistaz;
2316 2643 2492 2694 medie
2513 2645 2622 2695 loco
2651 2645 2779 2693 ante
2808 2643 3108 2694 introitum
3132 2641 3487 2710 presbyterii,

1894 2719 1959 2767 ut
1986 2714 2194 2783 legitur
2220 2713 2279 2766 in
2310 2711 2634 2783 Corbeiersi
2660 2711 2933 2783 Chronico
2955 2726 3058 2763 ms.
3090 2710 3489 2783 ubihactenus

1893 2786 2015 2852 ejus
2040 2780 2430 2853 cenotaphium
2452 2782 2727 2837 cernitur.
2758 2782 2820 2835 In
2851 2786 3169 2851 pervetusto
3190 2780 3371 2835 indice
3391 2798 3489 2853 pa-

1891 2861 2080 2908 stuum
2111 2856 2233 2924 ejus
2260 2853 2613 2906 monasterii:
2638 2869 2687 2903 κ’
2719 2853 2841 2906 Kal.
2865 2853 3005 2905 Maii
3031 2853 3163 2904 obiit
3184 2853 3487 2906 Radbertus

1888 2928 2071 2991 abbas,
2094 2941 2195 2993 pro
2214 2940 2318 2992 quo
2336 2927 2681 2977 camerarius
2700 2928 2952 2988 matrum
2976 2924 3255 2993 fratribus
3273 2925 3486 2991 impen-

1888 2998 1985 3074 dat
2012 2992 2323 3074 seruitium.
2357 2994 2478 3074 Quo
2508 2999 2760 3074 tempme
2790 2994 2963 3074 sacris
2992 2992 3162 3074 fastis.
3179 2992 3484 3074 inscriptus

1886 3067 1985 3146 sit,
1998 3067 2069 3146 _in
2097 3065 2566 3146 consequentibus
2585 3062 2854 3146 dicemus.
2879 3062 3111 3118 Interim
3130 3062 3484 3146 deeju‘s—vir-

1881 3137 2115 3201 tutibus,
2148 3133 2396 3202 monitis,
2429 3142 2487 3189 et
2514 3135 2736 3205 scriptis
2763 3134 2954 3205 aliqua
2980 3133 3392 3205 praemittenda.

2505 3243 2739 3297 CAPUT
2767 3242 2863 3295 VI.

1998 3336 2250 3400 Virtutes,
2273 3336 2544 3402 pracipue
2570 3334 2672 3385 otii
2703 3334 2860 3399 fuga,
2893 3333 2940 3383 et
2969 3331 3157 3384 studia
3184 3346 3359 3385 sacra.

1950 3421 2041 3479 2'2.
2075 3422 2362 3493 Prmcipua
2393 3421 2569 3493 virtus
2606 3420 2665 3473 in
2695 3417 2974 3473 Radberto
3004 3418 3212 3473 effulsit
3241 3419 3482 3493 humili-

1880 3499 1987 3555 tas,
2021 3510 2143 3564 quae
2171 3494 2229 3547 in
2252 3491 2427 3547 causa
2469 3491 2576 3545 fuit
2603 3496 2667 3544 ut
2694 3508 2754 3564 se
2791 3492 3046 3543 omnium
3076 3492 3481 3564 monachorum

1876 3562 2184 3634 pei'ipseiiia
2214 3564 2521 3617 identidem
2550 3562 2876 3634 appellaret,
2901 3566 2958 3634 et
2975 3577 3264 3634 nunquam
3288 3562 3355 3634 ad
3388 3580 3481 3617 sa-

1880 3632 2111 3689 cerdotii
2141 3636 2381 3705 gradum
2417 3632 3089 3705 conscendere__voluerit,
3124 3633 3479 3705 vetueritque

1879 3724 1951 3761 ne
1995 3707 2082 3761 sui
2118 3703 2293 3777 ipsius
2336 3705 2545 3777 mortui
2590 3710 2750 3774 gesta
2789 3703 2993 3777 litteris
3041 3703 3471 3777 mandarentur.

1881 3778 2062 3848 Hujus
2094 3772 2312 3831 virtutis
2340 3776 2550 3848 indicia
2568 3772 2671 3848 per
2690 3774 3025 3848 omnesejus
3054 3772 3476 3848 lucubrationes

1879 3844 2135 3919 respersa
2164 3854 2339 3919 sunt;
2345 3847 2487 3919 Eam
2535 3844 2802 3919 Radberti
2849 3844 3112 3897 virtutem
3165 3844 3224 3898 in
3274 3846 3475 3919 primis

1879 3915 2287 3973 commendavit
2303 3916 2675 3987 Engelmodus
2697 3915 3007 3987 episcopus,
3024 3920 3264 3969 testatus
3277 3915 3443 3987 "quod
3454 3958 3468 3981 ,

1878 3990 2101 4070 tametsi
2133 4005 2298 4070 reges
2323 3985 2694 4069 ac‘principes
2735 3985 2858 4070 sese
2892 3985 3012 4070 viro
3036 3985 3329 4070 sanctonob—
3355 4004 3473 4069 me-

1876 4062 2113 4114 ritorum
2143 4056 2613 4113 existimationem
2644 4056 2997 4120 inclinarent,
3039 4056 3155 4127 ipse
3180 4057 3471 4112 nihilomi-

1875 4149 1981 4185 nus
2011 4130 2253 4184 ventosis
2284 4129 2543 4183 laudibus
2568 4128 2876 4183 exsufflatis
2904 4130 3137 4195 simplest:
3164 4134 3328 4196 atque
3356 4131 3467 4183 hu-

1875 4206 2026 4271 milis
2056 4207 2390 4255 remaneret.
2426 4201 2569 4254 Huic
2603 4199 2793 4253 virtuti
2811 4198 3074 4271 proxime
3111 4199 3325 4253 accedit
3352 4200 3468 4254 sin-

1873 4290 2033 4327 cerus
2054 4273 2303 4326 veritatis
2326 4288 2504 4325 amor.
2539 4272 2690 4339 Quod
2714 4274 2776 4323 in
2795 4272 3103 4337 Scripturis
3126 4272 3329 4324 sanctis
3352 4287 3467 4325 non

1875 4347 2127 4411 legimus,
2159 4343 2345 4414 inquit
2370 4342 2512 4396 libro
2552 4356 2593 4395 II
2621 4342 2681 4394 in
2708 4341 3283 4414 Matthaeuiu,__metius
3311 4343 3468 4414 igno-

1872 4410 2002 4468 rare
2017 4431 2184 4484 quam
2214 4410 2409 4468 temere
2429 4415 2659 4480 deﬁnire
2689 4414 2982 4466 credimus.
3013 4410 3155 4465 Hinc
3178 4416 3262 4465 est
3288 4413 3458 4484 quod,

1871 4486 1975 4540 etsi
1996 4483 2337 4556 intelligeret
2361 4485 2633 4556 quosdam
2667 4484 2857 4537 Patres
2883 4498 3175 4556 excusasse
3214 4483 3463 4551 negatio-

1870 4573 1997 4610 nem
2026 4553 2468 4627 Petri'apostoli,
2501 4571 2596 4608 eos
2617 4559 2824 4627 tamen
2838 4553 2948 4627 qui
2979 4553 3083 4607 hoc
3114 4558 3459 4627 asserebant,

197 4622 443 4696 profecto
482 4627 704 4677 retenta
731 4622 938 4696 animo,
970 4622 1205 4696 remissa
1241 4624 1608 4696 temporibus,
1639 4622 1851 4681 interD
1870 4645 1981 4682 non
2011 4645 2130 4682 esse
2177 4622 2484 4681 audiendos
2514 4624 2715 4696 probat
2741 4626 2799 4678 in
2837 4622 2980 4696 libro
3007 4638 3086 4696 xu
3111 4625 3184 4696 ad
3211 4626 3460 4680 Matthaei

196 4693 380 4749 varios
403 4710 593 4749 rerum
622 4694 970 4748 saecularium
1001 4693 1285 4748 anfractus
1312 4694 1646 4763 abjeceram,
1677 4698 1785 4750 sic-

195 4783 304 4838 que
354 4765 528 4838 longo
568 4764 861 4838 intervallo
890 4764 1216 4838 intermissa;
1264 4766 1596 4838 revocavi.»
1628 4768 1783 4821 Idem

190 4835 362 4910 etiam
390 4835 614 4910 praefert
633 4835 792 4910 initio
805 4835 932 4889 libri
943 4835 1254 4910 secundide
1270 4837 1445 4910 Walze
1464 4837 1779 4910 Epitaphio.

263 4909 353 4965 2|.
387 4906 451 4962 In
479 4908 567 4961 his
597 4906 799 4980 studiis
828 4907 1122 4980 consenuit
1149 4907 1461 4978 defecitque
1489 4906 1573 4961 vir
1594 4906 1779 4980 piissi-

191 4995 347 5046 mus;
399 4994 433 5031 a
463 4993 573 5049 quo
618 4978 676 5031 id
705 4978 1005 5051 contigerit
1048 4995 1215 5044 anno,
1249 4985 1399 5033 certo
1438 4996 1551 5051 non
1580 4978 1776 5051 liquet.

190 5051 335 5132 Enni
383 5054 577 5103 tamen
607 5064 721 5103 non
775 5049 975 5132 exiguo
1010 5054 1263 5132 tempore
1284 5056 1419 5132 post
1463 5049 1780 5132 abdicatam

230 5120 578 5175 mfecturam
607 5120 946 5190 superfuisse
962 5120 1201 5191 probant
1222 5120 1425 5176 relictae
1449 5122 1518 5175 ab
1544 5140 1609 5177 eo
1629 5124 1780 5178 lucu-

190 5138 578 5245 praaiecturam
607 5138 946 5190 supenulsse
962 5138 1201 5191 prooant
1222 5138 1425 5176 relictae
1449 5138 1518 5175 an
1544 5140 1609 5177 eo
1629 5138 1780 5178 lucu-

230 5192 491 5245 rationes.
518 5191 805 5261 Siquidem
827 5190 967 5244 liber
992 5192 1269 5246 secundus
1298 5193 1366 5246 de
1390 5193 1563 5247 Walze
1593 5196 1780 5261 Epita-

187 5262 342 5334 phio,
374 5262 643 5334 postremi
667 5268 915 5334 quatuor
943 5263 1070 5316 libri
1099 5264 1504 5333 explanationis
1546 5265 1603 5318 in
1640 5262 1778 5319 Mat-

187 5332 521 5405 theum,ide
560 5333 776 5405 psalmo
807 5349 930 5386 xmv
960 5334 1085 5386 libri
1106 5332 1253 5399 tres,
1288 5342 1456 5405 atque
1489 5336 1679 5397 etiam,
1713 5343 1777 5390 ut

186 5404 324 5457 mihi
354 5404 594 5468 videtur,
628 5403 753 5456 libri
796 5405 1040 5475 quinque
1072 5405 1127 5458 in
1166 5403 1417 5459 Threnos
1457 5406 1772 5471 Hieremiae,

189 5476 298 5548 hoc
319 5480 407 5548 est
428 5490 661 5548 operum
703 5476 825 5548 ejus
869 5476 1053 5529 media
1091 5476 1206 5548 fere
1251 5493 1399 5548 pars,
1434 5494 1627 5531 omnes
1652 5485 1777 5548 post

186 5545 475 5603 regiminis
526 5544 931 5598 abdicationem
973 5546 1181 5599 conditi
1222 5544 1291 5599 ab
1337 5564 1402 5600 eo
1447 5559 1595 5602 sunt.
1632 5544 1773 5603 Hinc

186 5563 216 5599 r
309 5563 475 5600 minis
526 5563 931 5598 aomcauonem
973 5563 1181 5599 conum
1222 5563 1291 5599 ao
1337 5564 1402 5600 eo
1447 5563 1595 5602 sunt.
1632 5563 1767 5603 nunc

185 5563 611 5687 cgﬁigerelicet
630 5630 758 5669 eum
786 5632 898 5669 non
924 5616 1225 5670 decessisse
1254 5624 1383 5671 ante
1405 5634 1614 5672 annum
1643 5619 1767 5676 860.

1866 4701 2051 4771 capita
2080 4717 2202 4752 xxv1
2247 4704 2304 4752 et
2340 4694 2533 4751 xxvan
2556 4698 2691 4771 iSicr
2714 4696 2864 4771 enim
2895 4694 3145 4771 loquitur
3173 4695 3231 4771 in
3257 4696 3460 4771 primo

1866 4768 2028 4824 loco:
2072 4773 2157 4825 Pii
2201 4771 2501 4837 defensores
2544 4770 2712 4833 Petri,
2746 4769 2845 4835 qui
2889 4769 2967 4819 sic
3004 4782 3131 4819 eum
3174 4768 3460 4832 defendere

1866 4847 2160 4906 conantur,
2185 4845 2246 4893 ut
2275 4841 2577 4894 Dominum
2604 4843 2899 4892 mentitum
2918 4838 3088 4903 fuisse
3112 4838 3360 4904 probent.
3380 4837 3458 4892 Ex

1865 4914 1968 4967 hoc
1989 4911 2188 4966 sinceri
2208 4927 2398 4965 amore
2422 4910 2629 4963 factum
2660 4914 2763 4971 est,
2791 4914 2856 4961 ut
2882 4907 2939 4960 in
2964 4906 3288 4977 exponendo
3316 4908 3458 4962 Mat-

1861 4985 2010 5037 tbteo
2040 4999 2152 5037 non
2181 4987 2449 5053 sequatur
2472 4998 2499 5033 α
2528 4979 2872 5103 tropologias
2895 4977 3197 5047 Evangelii,
3221 4993 3326 5031 nec
3339 4995 3460 5103 m1-

1862 5055 2027 5103 sticas
2052 5054 2460 5103 sententiarum
2488 5051 2625 5103 intel
2650 5050 2919 5103 igentias:
2954 5048 3052 5100 sed
3101 5048 3380 5103 solummo
3422 5067 3455 5103 o

1862 5055 2027 5108 sticas
2052 5048 2460 5108 sententiarum
2488 5048 2890 5121 intelligentias
2907 5066 2933 5121 ;_
2954 5048 3052 5100 sed
3101 5048 3455 5121 solummodo

1862 5125 2171 5192 simplicem
2219 5140 2464 5189 sensum,
2512 5118 2981 5192 prout'oportuit,
3026 5118 3280 5190 explicet,
3318 5140 3344 5173 ι
3390 5126 3455 5177 ut

1862 5143 1966 5178 Slm
2012 5143 2171 5179 ncem
2219 5143 2464 5189 sensum,
2512 5143 2669 5192 proui

1859 5143 2054 5250 scriEit
2081 5196 2139 5249 in
2166 5196 2275 5247 fine
2304 5194 2433 5248 libri
2464 5192 2669 5264 quarti.

1929 5266 2017 5323 23.
2058 5267 2345 5333 Lacrymis
2375 5260 2545 5319 etiam
2572 5268 2725 5318 totus
2754 5262 2978 5316 deditus
3007 5266 3147 5329 erat,
3180 5260 3252 5316 ob
3283 5262 3449 5333 idque

1860 5337 2156 5391 Hieremiae
2181 5336 2430 5390 Threnos
2447 5336 2745 5405 explanare
2760 5350 3063 5405 aggressus
3086 5340 3191 5397 est,
3218 5350 3284 5387 ex
3312 5349 3450 5405 prae-
3480 5350 3481 5353 ‘

1857 5409 2065 5463 fatione
2078 5409 2146 5461 ad
2160 5403 2557 5462 Odilmannum
2573 5403 2965 5459 Corbeienlsem
2980 5405 3334 5459 monachum.
3354 5403 3448 5456 Ni-

1858 5481 2062 5533 mirum
2092 5499 2117 5531 «
2151 5479 2284 5547 quia
2312 5476 2839 5531 consenescentibus
2867 5477 3045 5542 nobis,
3075 5498 3098 5525 ι
3127 5476 3207 5529 ait
3235 5475 3292 5526 in
3323 5490 3449 5543 pro-

1856 5552 1983 5621 logo
2016 5549 2145 5604 libri
2173 5549 2421 5615 secundi,
2457 5566 2492 5621 si
2518 5549 2622 5621 hoc
2645 5548 2953 5621 longaevum
2983 5561 3206 5621 semper
3227 5550 3447 5621 constat

1854 5615 2026 5676 fuisse
2053 5621 2321 5685 ofﬁcium,
2355 5618 2701 5673 orationibus
2728 5615 3342 5683 ihcumbere,insistere
3366 5615 3444 5669 la-

186 5686 353 5768 certe
457 5686 827 5768 librqqugrte
850 5688 1214 5768 expositionis
1238 5689 1612 5768 Threnorum,
1645 5708 1763 5768 me-
1848 5693 2072 5768 mentis,
2097 5697 2164 5768 Aet
2190 5692 2276 5745 vel
2308 5697 2501 5768 nostra
2528 5691 2610 5768 vel
2649 5690 2834 5768 aliena
2861 5690 3107 5768 facinora
3137 5687 3372 5768 deﬂere.
3402 5705 3440 5768 Δι

186 5758 353 5835 minii:
395 5758 640 5813 incendii
685 5758 1084 5835 Parisiacensis
1238 5759 1483 5814 litteram
1524 5763 1725 5835 Lanied
1744 5782 1761 5817 :
1848 5766 2006 5819 Hanc
2054 5758 2327 5835 virtutem
2369 5781 2405 5835 p

180 5854 208 5887 (ί
238 5829 376 5892 Quis
399 5845 652 5901 unquam
679 5829 950 5898 crederet,
982 5830 1068 5886 vel
1096 5830 1221 5901 quis
1246 5846 1497 5903 unquam
1516 5833 1763 5904 cogitare

2407 5762 2720 5818 otissimum
2767 5762 2827 5816 in
2872 5760 3027 5815 senio
3055 5763 3303 5814 sectatus
3333 5763 3441 5815 est.

1914 5835 2005 5893 24.
2036 5833 2208 5891 Omni
2251 5829 2389 5891 vero
2427 5839 2682 5907 tempore
2728 5831 2970 5888 maxime
3014 5829 3310 5887 abhorruit
3358 5829 3431 5885 ab
