3966 6206
309 174 378 234 23
1046 180 1104 239 s.
1145 183 1587 244 PASCHASIUS
1616 156 2050 249 EADBERTUS
2085 181 2318 244 ABBAS
2359 180 2854 241 CORBEIENSIS.

931 306 1166 366 CAPUT
1189 309 1288 369 IX.

644 417 812 473 Varia
835 420 951 487 ejus
979 420 1172 485 elogia,
1217 421 1588 475 canonizatio.

387 523 749 606 l12.1}.adberti
759 525 918 606 varia
928 525 1196 606 leguntur
1210 525 1540 606 elogia,tum
1553 525 1703 606 apud
1720 530 1909 606 aucto:

313 609 407 676 res
429 596 517 676 _sui
533 596 823 676 temporis,
846 596 1140 676 tum-apud
1159 595 1465 676 sequiores.
1487 595 1682 676 iJatres
1707 595 1907 676 synqdi

309 666 646 737 Parisiensis
656 665 718 720 in
738 665 1092 737 privilegio’ei
1107 665 1367 737 concesso
1381 665 1616 719 laudant
1623 665 1909 720 venerabi—

309 736 428 790 lem
448 737 680 790 fratrem
708 736 1051 792 Radbertum
1071 736 1594 806 abbatem,ejusque
1608 737 1909 808 discipulos

311 807 600 878 appellant
623 812 896 876 praclara
917 813 965 861 et
983 809 1230 878 pretiosa
1253 809 1500 860 membra
1520 811 1715 862 aterni
1731 810 1903 875 Regis.

314 876 451 949 Qua
479 878 601 932 laus
626 878 686 932 in
704 882 1103 949 praceptorem
1119 893 1184 930 ac
1201 876 1399 931 ducem
1422 878 1717 934 redundat.
1741 879 1906 932 Eum-

309 947 444 1020 dem
476 950 628 1003 bonis
670 947 928 1020 cinnibus
954 949 1402 1020 ampl‘ectendum
1448 949 1594 1003 dixit
1628 951 1818 1020 Lupus
1847 949 1906 1002 in

311 1019 551 1089 epistola
577 1019 862 1089 pracitata
897 1038 910 1084 ;
953 1018 1328 1088 Engelmodus
1365 1035 1495 1073 vero
1525 1018 1776 1074 versibus
1803 1020 1905 1073 he-

308 1090 494 1153 roicis,
526 1097 591 1143 ut
610 1089 866 1158 superius
886 1089 1098 1143 dictum
1121 1096 1226 1155 est,
1249 1089 1433 1144 adhuc
1458 1091 1735 1144 viventem
1757 1107 1906 1144 com-

310 1160 615 1230 mendavit.
637 1160 1041 1229 Engelmodum
1065 1160 1482 1214 Suessionensis
1504 1162 1760 1215 Ecclesia
1791 1161 1904 1230 epi-

309 1247 542 1302 scopum
569 1229 753 1302 _fuisse
777 1301 782 1302 γ
805 1237 1050 1302 constat
1073 1247 1137 1284 ex
1164 1231 1452 1301 privilegio
1483 1232 1629 1302 quod
1659 1229 1903 1302 episcopi

309 1300 601 1364 Gallicani,
650 1300 819 1354 Pistis
869 1300 1196 1355 Suessiones
1227 1300 1529 1366 convecati,
1583 1300 1732 1357 anno
1793 1300 1899 1358 86?.

306 1370 668 1443 Dionysianis
687 1371 976 1443 monachis
993 1379 1414 1443 concesserunt;
1459 1374 1548 1427 cui
1589 1373 1896 1443 privilegio,

307 1441 1090 1513 quodautographumvidi,et
1109 1459 1236 1496 cum
1254 1443 1418 1496 editis
1434 1441 1671 1497 conferri
1689 1441 1895 1508 curavi,

304 1512 637 1584 subscripsit
649 1515 689 1567 Α
698 1516 797 1581 ngi
799 1517 817 1566 l
823 1515 1015 1584 medus
1025 1512 1362 1584 Suessonica:
1369 1515 1613 1568 Ecclesiae
1631 1517 1902 1581 indignus

307 1581 600 1655 episcopus,
624 1584 773 1655 apud
793 1583 1094 1638 Dubletum
1118 1581 1372 1655 pagr798
1397 1603 1410 1650 ;
1433 1585 1546 1639 sive
1558 1585 1606 1638 is
1637 1585 1694 1638 in
1714 1585 1902 1638 locum

3515 178 3588 238 ﬂ

1921 313 1974 372 Α
1992 325 2130 380 Opus
2157 307 2438 390 Radberto
2467 307 2770 390 ascribunt,
2793 311 2916 390 tum
2929 312 3158 390 propter
3175 308 3460 390 Paschasii
3478 324 3582 364 no-

1990 377 2142 447 men,
2173 379 2269 450 qui
2298 397 2446 434 unus
2472 397 2544 434 ex
2563 377 3053 452 interlocutoribus
3074 385 3178 447 est,
3205 387 3262 435 et
3291 381 3451 452 quasi
3462 397 3584 435 sce-

1991 468 2076 522 na
2104 452 2380 522 choragus
2412 467 2533 506 esse
2561 450 2800 522 videtur.
2834 451 2996 504 Hunc
3041 467 3171 505 vero
3219 450 3582 522 Paschasium
3671 507 3682 516 ,

1990 521 2447 576 interlocutorem
2475 521 2623 574 haud
2654 521 2825 592 alium
2861 537 2982 575 esse
3028 538 3063 574 a
3109 521 3390 576 Radberto
3426 527 3581 592 patet

1991 609 2055 646 ex
2084 593 2242 648 initio
2273 593 2400 646 libri
2427 592 2675 656 secundi,
2704 591 2801 645 ubi
2823 591 2886 645 fit
2900 592 3108 646 mentio
3139 593 3209 646 de
3233 591 3583 647 abdicatione

1991 663 2282 734 regiminis
2313 663 2704 734 pastoralis,_et
2729 661 2916 734 reditu
2929 663 2999 716 ad
3022 663 3348 734 intermissa
3373 663 3577 729 studia;

1993 731 2141 804 quiod
2171 731 2472 805 utrumque
2502 731 2824 805 Radbertus
2846 733 2905 786 in
2933 733 3195 802 genuinis
3221 734 3445 805 scriptis
3466 734 3582 788 suis

1992 803 2300 859 identidem
2327 803 2748 858 commemorat.
2781 803 3010 875 Verum,
3051 805 3317 875 quoniam
3335 803 3440 859 _vir
3483 805 3582 858 do-

1989 881 2110 947 ctus
2135 893 2315 947 nuper
2341 876 2401 930 in
2425 875 2766 930 contrariam
2781 873 2920 928 abiit
2939 873 3297 947 sententiam,
3320 876 3582 947 aliapro-

1987 945 2235 1000 ferenda
2264 952 2398 1001 sunt
2434 951 2785 1016 argumenta,
2819 961 2940 1016 qua
2968 945 3275 1000 Adalhardi
3315 953 3373 1001 et
3405 945 3583 1000 Wala

1985 1019 2126 1072 Acta
2152 1017 2565 1072 conferentibus
2585 1033 2762 1071 unum
2787 1017 3160 1087 eumdemque
3191 1023 3479 1072 auctorem
3508 1034 3586 1071 es-

1987 1105 2046 1142 se
2067 1089 2461 1159 persuadeant.
2491 1119 2555 1128 —
2582 1088 2642 1141 1ο
2668 1089 3030 1159 Epitaphium
3057 1089 3302 1153 Arsenii,
3329 1089 3425 1159 qui
3452 1088 3584 1142 titu-

1986 1158 2080 1213 lusi
2103 1165 2188 1213 est
2207 1160 2346 1213 Vita
2367 1160 2436 1212 W
2442 1159 2542 1212 ala
2563 1159 2838 1230 praﬁxus,
2864 1158 3132 1230 Radberti
3151 1159 3331 1214 verbis
3345 1158 3580 1230 respon-

1986 1230 2083 1283 det
2106 1230 2165 1283 in
2195 1231 2324 1284 Vita
2352 1229 2675 1292 Adalhardi,
2710 1228 2804 1282 ubi
2825 1229 3185 1284 Ambrosium
3215 1235 3272 1284 et
3304 1228 3583 1301 Hierony-

1982 1317 2138 1354 mum
2169 1301 2379 1366 laudat,
2413 1301 2652 1372 quisuis
2705 1301 2981 1372 epitaphia
3009 1304 3155 1372 caris
3184 1303 3582 1372 facundissime

1986 1374 2374 1443 condiderunt.
2414 1370 2470 1414 ἑ-
2501 1371 2564 1443 2o
2613 1370 2805 1443 Modus
2835 1371 3117 1443 tractandi
3151 1388 3242 1443 res
3271 1371 3495 1443 lugubri
3526 1379 3584 1426 et

1987 1441 2205 1514 funebri
2256 1459 2412 1514 more
2451 1437 2706 1514 utrisque
2742 1441 2904 1514 Actis
2950 1442 3224 1514 convenit,
3279 1437 3363 1496 in'
3382 1442 3585 1514 quibus

1985 1513 2228 1578 Walam,
2260 1513 2343 1567 uti
2384 1518 2442 1584 et
2477 1513 2882 1578 Adalhardum,
2925 1512 2995 1566 ob
3042 1512 3421 1584 lacrymarum
3451 1530 3586 1584 gra-

1986 1584 2123 1637 tiam
2155 1585 2397 1637 maxime
2423 1583 2638 1646 laudat,
2669 1588 2734 1636 ut
2773 1587 2928 1653 patet
2965 1583 3273 1638 conferenti
3323 1583 3478 1638 num.
3515 1584 3581 1640 25

305 1654 572 1726 Rothadi,
606 1653 702 1726 qui
734 1671 799 1708 eo
823 1655 882 1708 in
907 1653 1182 1726 conventu
1201 1653 1461 1726 ’abjectus
1501 1662 1604 1719 est,
1636 1660 1756 1708 tum
1795 1656 1957 1726 sut'-_
1988 1654 2150 1726 Vita,
2175 1654 2480 1726 Adalhardi
2533 1653 2868 1726 etinitium
2935 1654 3214 1726 Epitaphii
3266 1656 3464 1726 Wala.
3517 1684 3581 1697 -

305 1725 484 1781 fectus
512 1722 682 1779 fuerit
705 1741 835 1797 {seu
864 1725 968 1797 sub
995 1725 1115 1796 ipso
1133 1722 1401 1797 rRhotado
1428 1726 1808 1797 chorepiscopi
1828 1722 1965 1781 of-B
1987 1722 2048 1797 3°
2073 1725 2380 1797 Adalhardi
2409 1724 2796 1779 educationem
2844 1722 3001 1781 num:
3030 1727 3062 1779 7
3089 1722 3408 1780 describens
3433 1726 3584 1780 Rad-

304 1797 499 1850 ﬁcium
526 1795 781 1866 gesserit.
817 1795 1083 1850 Radberti
1104 1796 1310 1850 librum
1322 1796 1391 1849 de
1413 1795 1658 1866 Corpore
1677 1802 1733 1850 et
1753 1795 1902 1850 San-

305 1867 480 1936 guine
520 1867 746 1921 Domini
775 1867 974 1921 eximie
1000 1867 1196 1920 laudat
1224 1867 1280 1922 S.
1316 1867 1436 1921 Odo
1469 1867 1642 1936 abbas
1668 1867 1905 1921 Clunia-

307 1935 489 2008 censis
519 1937 579 1990 in
599 1937 976 2008 Collationum
1003 1938 1146 1992 libro
1176 1951 1236 1999 Il,
1270 1937 1545 2008 capitibus
1575 1935 1644 1994 30
1675 1944 1732 1992 et
1762 1938 1904 1991 duo-

304 2007 412 2062 bus
437 2007 1501 2090 sequentibus‘.Ob‘id‘etiampurandus
1519 2008 1691 2090 abbas
1705 2009 1902 2090 'i‘roar-

305 2080 499 2134 nensis
526 2078 586 2132 in
612 2078 755 2132 libro
785 2079 854 2132 de
884 2079 1248 2143 Eucharistia.
1264 2095 1395 2133 eum
1421 2085 1584 2134 vocat
1611 2082 1794 2133 divini
1820 2095 1905 2132 sa-

305 2152 583 2203 cramenti
600 2153 963 2203 scrutatorem
994 2152 1491 2217 diligentissimum
1521 2153 1904 2204 discusseram-

306 2237 410 2291 que
440 2222 772 2291 catholicum
795 2239 814 2291 ;
844 2226 900 2273 et
919 2226 1197 2291 anteeum
1225 2221 1526 2291 Herigerus
1561 2221 1732 2274 abbas
1754 2221 1902 2291 Laui-

302 2290 515 2345 biensis
540 2291 601 2344 in
628 2290 864 2360 epistola
887 2307 987 2344 seu
1007 2290 1194 2344 libello
1214 2291 1283 2344 de
1305 2290 1674 2356 Encharistia,
1689 2291 1786 2360 qui
1799 2290 1902 2344 sub

304 2361 474 2415 titulo
515 2361 784 2431 anonymi
834 2361 1132 2415 Cellotiani
1176 2361 1448 2416 hactenus
1486 2363 1748 2432 vulgatus
1795 2368 1898 2415 est.

306 2432 413 2486 His
432 2432 644 2485 accedit
659 2432 936 2503 Antonius
953 2432 1022 2485 de
1034 2433 1390 2486 Caulincurte
1404 2433 1708 2503 superioris
1719 2432 1904 2486 saeculi

304 2503 656 2574 monachust
668 2503 727 2574 in
757 2501 1079 2574 Gorbeiensi
1105 2503 1378 2558 Chronico
1401 2501 1504 2557 ms.
1530 2503 1678 2574 quod
1699 2503 1903 2557 desinit

307 2575 368 2628 in
393 2589 540 2627 anno
564 2571 720 2629 1529.
771 2573 924 2628 Idem
953 2581 1352 2643 argumentum
1375 2571 1566 2628 fusius'
1581 2579 1638 2628 et
1665 2590 1895 2628 accura-

305 2644 422 2716 tius
448 2644 806 2716 persequitur
832 2649 1023 2716 noster
1047 2645 1258 2716 Paulus
1277 2645 1347 2699 de
1373 2645 1683 2700 Bonofonte
1709 2645 1769 2698 in
1797 2661 1901 2698 sua

305 2715 559 2771 Histeria
582 2715 905 2769 Corbeiensi
933 2715 1162 2770 inedita.

379 2785 468 2842 43.
515 2787 756 2840 Demum
788 2786 1031 2840 Fulcone
1091 2786 1336 2840 Corbeia
1363 2787 1652 2856 trigesimo
1679 2786 1900 2851 abbate,

306 2859 432 2928 ejus
444 2856 691 2928 nominis
707 2856 910 2928 primo,
929 2874 956 2909 α
977 2863 1139 2912 tanta
1167 2874 1268 2928 per
1296 2858 1396 2911 Dei
1419 2858 1662 2927 gratiam
1682 2857 1752 2911 ad
1773 2873 1905 2911 san-

305 2926 386 2982 cti
432 2926 945 2982 Radberti’abbatis
974 2929 1121 2982 facta
1148 2926 1236 2982 est
1262 2929 1565 2982 multitudo
1590 2929 1898 2998 signorum,

306 3005 427 3070 tam
455 2998 754 3070 evidentia,
785 3014 955 3068 super
975 2999 1064 3052 his
1087 2998 1665 3070 quirinﬁrmabantur,
1697 3016 1797 3070 per
1824 2999 1906 3069 ip—

1987 1795 2200 1860 bertus,
2230 1796 2312 1850 ait
2339 1813 2468 1850 eum
2495 1799 2643 1849 inter
2662 1798 2869 1863 palatii
2898 1799 3164 1850 tirocinia
3201 1801 3356 1851 omni
3381 1799 3585 1852 mundi

1980 1869 2285 1935 prudentia
2313 1869 2599 1920 eruditum.
2634 1865 2826 1919 fuisse.
2861 1867 2941 1920 De
2960 1867 3141 1932 Wala,
3178 1870 3304 1921 Fuit
3328 1885 3363 1922 a
3387 1884 3579 1936 puero,

1985 1937 2187 2008 inquit,
2211 1940 2360 1991 inter
2381 1940 2651 2008 tirocinia
2668 1939 2871 2008 palatii
2891 1939 3210 1991 liberalibus
3231 1942 3583 2007 mancipatus

1985 2007 2207 2080 studiis,
2249 2008 2309 2062 in
2336 2007 2432 2061 lib.
2464 2025 2483 2061 ι
2510 2024 2631 2078 cap.
2664 2007 2715 2080 67.
2748 2037 2812 2047 —
2839 2007 2901 2060 4ο
2943 2008 3324 2062 Adalhardum
3374 2009 3583 2080 passim

1986 2079 2181 2151 §enein
2209 2085 2285 2151 _et
2329 2081 2640 2151 {intoniuin
2688 2079 2748 2132 in
2795 2084 3042 2151 utroque
3086 2096 3254 2151 opere
3315 2079 3580 2151 appellat.

1986 2148 2045 2204 5°
2085 2149 2472 2203 Adalhardum
2505 2149 2574 2202 ob
2603 2148 2969 2218 intrepidum'
2985 2148 3218 2219 justitia
3256 2148 3436 2204 zelum
3486 2152 3582 2204 Jo-

1984 2220 2160 2273 hanni
2188 2226 2475 2290 comparat
2501 2219 2817 2274 Radbertus
2844 2220 2903 2273 in
2929 2221 3050 2290 ejus
3078 2221 3228 2286 Vita,
3264 2238 3401 2276 num
3427 2221 3585 2286 7,iti-

1986 2291 2225 2370 de_m‘que
2249 2297 2445 2370 auctor
2474 2290 2968 2370 Epitaphii_in__lib.
3001 2306 3042 2344 ιι
3065 2308 3193 2370 _cap:
3226 2291 3315 2347 12.
3343 2325 3412 2370 τ
3438 2291 3514 2370 6°_
3526 2293 3584 2346 in

1984 2361 2304 2415 Adalhardo
2383 2379 2452 2416 au
2494 2361 2690 2415 artatis
2732 2361 2983 2415 studium
3027 2361 3280 2432 pluribus
3327 2362 3583 2416 dilaudat

1986 2447 2141 2488 num.
2177 2432 2266 2488 13.
2419 2379 2506 2488 58.
2539 2438 2596 2486 et
2626 2432 2866 2486 maxime
2905 2431 2974 2486 68
3029 2434 3151 2488 eius
3181 2434 3340 2487 Vita.
3376 2434 3582 2487 Iisdem

1986 2447 2141 2496 num,
2177 2432 2266 2495 13,
2295 2431 2382 2495 ‘23,
2419 2431 2506 2498 59,
2539 2438 2596 2486 et
2626 2432 2866 2486 maxime
2905 2431 2974 2486 68
3029 2431 3151 2503 ejus
3181 2434 3340 2487 Vita.
3376 2434 3582 2487 Iisdem

1986 2520 2130 2573 pene
2154 2503 2336 2557 verbis
2363 2503 2421 2557 id
2492 2509 2683 2557 rastat
2712 2503 3066 2573 Epitaphium
3101 2504 3295 2569 Wala,
3331 2504 3386 2557 in
3428 2504 3523 2558 lib.
3563 2519 3582 2558 Ι

1986 2590 2102 2637 cap.
2131 2573 2202 2628 18
2238 2580 2295 2627 et
2327 2572 2411 2629 19.
2445 2521 2661 2637 (Euippe
2691 2574 2749 2627 in
2775 2574 2904 2627 Vita
2931 2575 3257 2637 Adalhardi,
3290 2591 3446 2628 num.
3489 2572 3579 2637 68,

1984 2572 2102 2644 eap.
2131 2573 2202 2628 48
2238 2580 2295 2627 et
2327 2572 2411 2629 19.
2445 2572 2661 2645 Quippe
2691 2572 2904 2627 in’Vita
2931 2575 3257 2638 Adalhardi,
3290 2591 3446 2628 num.
3489 2572 3579 2641 68,

1985 2644 2202 2698 inducit
2221 2645 2605 2699 Adalhardum
2637 2662 2786 2710 suos,
2822 2645 2880 2698 id
2911 2651 2997 2698 est
3017 2645 3265 2699 Corbeia
3283 2662 3438 2699 nova
3458 2663 3582 2700 mo-

1985 2717 2212 2778 nachos,
2240 2715 2310 2768 ad
2339 2715 2588 2770 studium
2613 2716 2962 2787 paupertatis
2982 2717 3582 2780 hortantem,cetcom-

1986 2787 2349 2840 mendantem
2378 2787 2458 2840 eis
2486 2803 2588 2856 per
2624 2787 2831 2850 omnia,
2861 2793 2925 2840 ut
2959 2787 3018 2840 in
3043 2788 3196 2840 nullo
3225 2794 3582 2842 terrenornm

1987 2856 2176 2929 cupidi
2202 2863 2405 2920 essent,
2422 2874 2604 2929 neque
2624 2857 2930 2929 quidquam
2939 2858 3148 2912 vellent
3169 2860 3419 2929 accipere
3433 2860 3581 2912 unde

1988 2927 2557 3000 aliiigravarenturp»
2591 2928 2824 2998 insuper
2851 2928 3022 3000 etiam
3060 2927 3360 2991 dicentem,
3386 2948 3411 2981 «
3435 2930 3584 3000 quod

1986 2998 2150 3071 multi
2171 3015 2283 3071 non
2301 2999 2480 3071 solum
2502 3005 2760 3071 rectores,
2775 2999 3154 3071 ecclesiarum,
3175 3001 3271 3053 sed
3295 2998 3470 3053 etiam
3476 3001 3583 3071 ipsi

307 3069 427 3123 sius
471 3069 674 3122 merita
695 3069 1030 3139 claruerunt
1059 3069 1316 3139 prodigia
1343 3069 1674 3133 sanitatum,
1702 3069 1770 3124 ut
1796 3086 1900 3123 au-
1918 3070 1962 3130 Ο
1984 3069 2192 3122 ibidem
2213 3070 2328 3124 Deo
2349 3069 2636 3138 degentes,
2670 3070 2767 3139 qui
2794 3070 2993 3123 saeculo
3015 3072 3367 3124 renuntiasse
3387 3069 3581 3125 viden-

307 3139 572 3195 ctoritate
603 3138 762 3192 Sedis
790 3138 1107 3208 apostolica
1136 3156 1338 3210 corpus
1358 3139 1574 3194 illiusrv
1601 3141 1734 3195 Idus
1763 3140 1898 3194 Julii

309 3210 381 3282 de
417 3210 674 3282 sepulcro
713 3210 1011 3282 levaretur,
1062 3216 1118 3264 et
1164 3210 1542 3282 spectantibus
1582 3212 1901 3282 pariterque

309 3280 675 3334 adorantibus
704 3281 1038 3350 populorum
1073 3280 1256 3334 turbis
1284 3280 1599 3335 innumeris
1632 3299 1697 3335 ac
1732 3280 1906 3351 majo-

309 3367 432 3406 rem
478 3351 771 3405 ecclesiam
822 3352 1001 3404 sancti
1055 3351 1209 3405 Petri
1255 3351 1518 3406 decenter
1568 3353 1906 3407 translatum

310 3438 442 3477 cum
466 3422 594 3494 aliis
628 3437 775 3475 anno
804 3422 1000 3474 salutis
1029 3422 1328 3494 millesimo
1358 3424 1774 3494 septuagesimo
1798 3429 1909 3478 ter-

311 3493 411 3548 tio.
447 3513 470 3545 ιι
506 3493 789 3547 Hactenus
815 3497 1067 3547 vetustus
1088 3492 1352 3546 abbatum
1381 3492 1803 3547 Cerbeiensium
1823 3511 1910 3548 ca-

310 3563 552 3634 talogus,
569 3580 644 3634 ex
665 3579 775 3634 quo
794 3563 1041 3632 corrigas
1057 3565 1512 3634 Martyrologium
1538 3565 1906 3630 Gallicanum,

312 3635 375 3688 in
413 3651 524 3705 quo
561 3633 620 3687 id
665 3633 876 3705 factum
904 3634 1114 3688 dicitur
1140 3633 1288 3688 anno
1325 3633 1489 3700 1060,
1519 3642 1576 3689 et
1621 3636 1851 3705 quidem
1877 3653 1910 3690 a

313 3703 558 3787 Widone
603 3703 1007 3787 Ambianorum
1056 3706 1335 3787 episcopo,
1359 3706 1477 3787 "qui
1507 3703 1909 3787 innr—ecentiori

315 3775 585 3830 abbatum
610 3775 862 3846 catalogo
884 3777 1007 3846 ejus
1027 3775 1108 3830 rei
1138 3775 1333 3831 auctor
1353 3775 1522 3832 fuisse
1543 3777 1910 3832 dicitur.San-

313 3847 390 3902 cti
420 3848 594 3917 hujus
624 3847 876 3918 reliquia
911 3849 1180 3902 hactenus
1208 3849 1268 3902 in
1309 3849 1542 3902 ecclesia
1586 3848 1909 3903 Corbeiensi

315 3924 707 4001 asservantur;
745 3923 799 3972 et
827 3918 1028 4001 in'loco
1064 3919 1320 4001 primarii
1349 3919 1610 4001 sepulcri,
1639 3920 1907 4001 nimirum

313 3990 374 4044 in
402 3989 636 4044 ecclesia
674 3989 851 4043 sancti
882 3989 1133 4056 Joannis,
1166 3992 1289 4059 ejus
1319 3989 1530 4059 efﬁgies
1569 3990 1694 4043 rudi
1723 4006 1786 4043 ac
1817 4006 1908 4043 re-

314 4061 552 4114 centiori
592 4072 769 4130 opere
796 4059 969 4130 lapidi
999 4061 1278 4130 insculpta
1303 4062 1551 4115 cernitur
1600 4077 1728 4114 cum
1766 4061 1908 4130 pedo

316 4131 528 4200 insigni
557 4129 792 4200 abbatis.
821 4129 957 4198 Ejus
985 4129 1199 4184 festum
1220 4131 1371 4184 diem
1387 4131 1499 4185 ritu
1528 4131 1736 4200 duplici
1768 4129 1909 4185 Cor-

312 4199 766 4272 beienses_nostri
785 4200 976 4272 colunt
990 4215 1043 4272 vi
1073 4201 1195 4272 Kal.
1221 4201 1353 4254 Maii
1376 4221 1388 4268 ;
1415 4218 1523 4272 quo
1541 4199 1710 4254 etiam
1730 4202 1820 4255 die
1848 4202 1908 4256 in

314 4275 536 4342 vetusto
565 4267 1314 4342 MartyrologioCorbeiensi
1341 4267 1563 4326 sanctus
1592 4272 1909 4342 appellatur

313 4341 624 4410 itidemque
645 4341 704 4394 in
734 4340 844 4414 alio
863 4341 1051 4395 codice
1074 4349 1209 4414 ante
1238 4360 1414 4398 annos
1430 4340 1766 4414 quingentos
1787 4360 1907 4398 ma-

315 4428 396 4467 nu
451 4416 697 4477 exarata,
731 4411 826 4482 qui
879 4413 1216 4482 posteriores
1251 4415 1308 4468 in
1359 4411 1684 4469 Matthaum
1737 4414 1907 4468 libros

318 4487 580 4553 quatuor,
627 4489 684 4536 et

315 4552 622 4628 ubiinitio'
640 4552 921 4628 praedicta
954 4552 1327 4626 Expositionis
1372 4557 1629 4628 pingitur
1654 4573 1784 4612 cum
1813 4573 1910 4612 au-

318 4625 475 4681 reola
495 4625 556 4680 in
584 4625 790 4697 capite.

950 4715 1185 4771 CAPUT
1203 4716 1274 4771 X.

391 4840 548 4894 Libri
574 4839 682 4895 duo
711 4839 775 4894 de
804 4841 922 4894 Vita
961 4841 1122 4895 Wala
1148 4841 1437 4895 Paschasio
1457 4842 1841 4897 vindicantur.

387 4979 478 5037 M.
501 4980 703 5064 ji‘antaA
717 4987 803 5064 est
829 4981 960 5064 styli
988 4982 1542 5064 convenientia‘inter
1557 4983 1915 5064 Epitaphium

315 5052 540 5124 Arsenii
553 5068 654 5124 seu
673 5054 815 5107 Acta
837 5052 1014 5107 Wala
1028 5059 1085 5106 et
1099 5053 1286 5108 Vitam
1307 5052 1620 5108 Adalhardi
1645 5056 1693 5124 ej
1703 5052 1767 5108 iis
1798 5055 1912 5108 fra-

317 5123 442 5195 tris,
489 5129 556 5178 ut
599 5123 731 5177 licet
759 5140 864 5178 ms.
907 5124 1082 5178 codex
1119 5141 1229 5195 quo
1259 5141 1394 5178 usus
1435 5142 1561 5179 sum
1608 5123 1910 5180 in’edendo

317 5194 862 5266 Epitaphio,nullum
881 5194 1146 5265 praeferat
1160 5197 1404 5250 auctoris
1422 5213 1629 5250 nomen
1652 5215 1664 5261 ;
1698 5197 1802 5250 hoc
1821 5202 1910 5250 ta-

318 5281 450 5318 men
483 5265 788 5321 ’Paschasio
817 5266 1099 5320 Radberto
1129 5266 1513 5321 indubitanter
1551 5267 1906 5332 asseruerim,

323 5339 446 5391 tum
472 5342 702 5410 propter
722 5337 996 5410 quosdam
1022 5338 1303 5410 catalogos
1331 5347 1390 5394 et
1406 5344 1663 5394 auctores
1684 5339 1779 5409 qui
1803 5339 1909 5393 hoc

1985 3139 2175 3205 tur,ob
2199 3140 2257 3193 id
2277 3140 2494 3210 decepti
2526 3147 2713 3194 essent
2743 3140 2890 3210 quod
2921 3139 3087 3194 rebus
3109 3141 3296 3195 nimiis
3328 3141 3584 3195 abunda-

1984 3217 2166 3264 rent.»
2186 3211 2340 3264 Idem
2356 3211 2425 3264 de
2440 3211 2759 3265 Adalhardo
2781 3217 2838 3265 et
2849 3211 3011 3265 Wala
3026 3211 3199 3264 tradit
3213 3212 3583 3266 interlocutor

1987 3282 2324 3353 Paschasius
2345 3282 2410 3353 in
2439 3281 2570 3336 1ib.1
2611 3298 2732 3352 cap.
2767 3281 2835 3336 48
2867 3299 2878 3333 :
2917 3282 3061 3353 «Ad
3090 3282 3206 3353 hoc
3231 3283 3437 3353 quippe
3467 3282 3582 3336 duo

1989 3352 2081 3406 isti
2110 3352 2298 3406 eximii
2328 3351 2695 3406 fundamenta
2723 3352 2782 3406 in
2804 3351 3066 3422 gentibus
3096 3353 3166 3406 ad
3194 3351 3423 3406 boream
3451 3353 3580 3407 civi-

1989 3423 2122 3478 tatis
2154 3439 2279 3477 cum
2310 3429 2649 3493 ponerent...
2698 3424 2810 3477 tria
2847 3423 2956 3477 ista
2985 3424 3212 3478 omnino
3260 3423 3582 3488 monebant,

1990 3510 2061 3566 ne
2091 3493 2258 3547 rebus
2276 3494 2532 3566 multum
2568 3494 2838 3548 ditescere
2884 3494 3215 3566 gauderent,
3246 3511 3429 3566 neque
3449 3496 3589 3549 divi-

1995 3565 2102 3618 tias
2130 3565 2314 3618 saculi
2340 3571 2691 3636 appeterent,
2722 3565 2802 3619 ita
2833 3566 2966 3618 utin
2996 3565 3076 3618 eis
3097 3582 3193 3619 cor
3220 3565 3583 3636 apponerent;

1993 3636 2091 3690 sed
2112 3636 2342 3690 omnino
2362 3635 2590 3690 delicias
2603 3642 2660 3690 et
2674 3637 3076 3707 voluptates.ac
3103 3637 3151 3689 si
3173 3635 3405 3702 venena,
3436 3635 3589 3707 fuge-

1990 3712 2134 3760 rent.
2165 3707 2250 3760 Ad
2279 3707 2561 3766 ultimum.
2596 3724 2667 3760 ne
2697 3707 2842 3771 ullis,
2879 3723 2943 3760 ac
2967 3706 3013 3759 si
3043 3723 3151 3778 pro,
3172 3709 3461 3778 religione,
3486 3706 3590 3762 lio-

1990 3777 2221 3831 noribus
2251 3783 2308 3831 et
2350 3778 2499 3831 fastu
2528 3778 2943 3831 delectarentur
2969 3777 3263 3848 superbia,
3283 3777 3380 3833 ine
3440 3779 3584 3833 forte

1990 3865 2055 3920 ex
2085 3854 2207 3920 toto
2222 3847 2582 3920 ifatescerent,
2618 3848 2756 3920 etin
2789 3865 3022 3920 vacuum
3041 3847 3402 3920 deperirent:
3443 3850 3589 3904 sicut

1989 3919 2491 4000 iri'Gai‘liis‘multas
2507 3919 2789 4000 deperisse
2809 3936 2842 3973 a
2862 3919 3144 4000 religione:
3153 3921 3414 4000 ecclesias
3440 3922 3584 3975 bene

1990 3989 2124 4042 olim
2152 3988 2414 4043 fundatas
2443 3988 2741 4043 cernimus.
2778 4008 2804 4041 θ
2835 4021 2897 4032 -
2921 3988 2986 4044 Ἰοῖ
3007 3991 3327 4046 Adalhardo
3355 4007 3580 4046 accom-

1990 4059 2185 4114 modat
2215 4059 2355 4114 illud
2384 4078 2449 4115 ex
2480 4061 2712 4115 Horatio
2749 4061 2994 4131 elogium
3019 4080 3030 4115 :

2119 4173 2274 4224 Fortis
2292 4180 2340 4222 et
2369 4174 2416 4224 in
2443 4175 2600 4236 seipse
2629 4180 2758 4224 totus
2785 4180 2906 4224 teres
2928 4182 3071 4239 atque
3092 4178 3339 4226 rotundus.

1990 4272 2145 4348 idem
2163 4272 2341 4348 Wala
2367 4272 2564 4348 tribuit
2588 4274 2947 4348 Epitaphium
2968 4275 3188 4348 Arsenii
3209 4275 3270 4348 in
3285 4275 3391 4348 lib.
3418 4291 3438 4330 Ι
3466 4294 3593 4348 cap.

1991 4343 2044 4416 9.
2080 4375 2140 4384 —
2173 4342 2229 4416 8ο
2258 4345 2453 4398 Zeuxis
2473 4342 2702 4415 pictoris
2726 4342 3040 4416 exemplum
3070 4347 3128 4400 in
3149 4347 3396 4400 medium
3419 4342 3593 4402 addu-

1989 4415 2067 4489 cit
2101 4415 2408 4489 Adalhardi
2432 4417 2754 4489 Vitanum.
2786 4415 2900 4489 20,7
2934 4418 3194 4488 idemque
3227 4419 3590 4489 Epitaphium

771 4483 1388 4566 {positipnemhpsa'lmi
1412 4500 1582 4566 _XLiv,
1616 4487 1867 4540 continet
1889 4506 1902 4550 ;
1927 4486 2179 4566 DWala‘
2196 4488 2387 4566 statim
2410 4487 2480 4566 ab
2505 4488 2690 4566 initio.
2709 4519 2772 4527 —
2795 4487 2852 4541 9°
2869 4489 3058 4566 AWala
3071 4483 3362 4566 justitiam
3392 4483 3595 4560 pradi-

1996 4565 2127 4611 cant
2152 4559 2459 4611 Adalhardi
2487 4561 2646 4625 Acta,
2679 4575 2833 4612 num.
2867 4557 2954 4623 3'2,
2990 4557 3096 4613 ubi,
3113 4563 3350 4628 justitia:
3389 4557 3584 4629 custos,

1997 4634 2048 4682 et
2065 4631 2223 4683 decus
2243 4630 2559 4696 honestatis,
2575 4646 2952 4698 oppressorum
2964 4646 3173 4699 quoque
3179 4634 3370 4698 justus
3383 4648 3596 4700 oppres-

1998 4715 2091 4754 sor
2118 4700 2323 4770 dicitur
2349 4719 2361 4767 ;
2386 4701 2444 4753 in
2475 4700 2834 4770 Epitaphium
2855 4703 3082 4768 justitia
3106 4703 3408 4767 ferventior
3424 4703 3480 4755 in
3497 4702 3593 4758 lib.

1999 4784 2020 4823 1
2049 4786 2170 4841 cap.
2203 4768 2286 4826 12.
2320 4801 2384 4810 —
2433 4768 2688 4836 lO‘QuEe
2719 4772 2786 4825 de
2817 4788 2970 4826 nova
3001 4770 3255 4841 Corbeia
3281 4772 3599 4841 conditione

1998 4839 2266 4912 leguntur
2291 4842 2348 4894 in
2374 4841 2541 4912 primi
2568 4843 2752 4912 operis
2776 4839 3033 4908 num,6ti,
3067 4839 3134 4912 6'7
3166 4846 3222 4894 et
3249 4839 3338 4906 68,
3368 4845 3598 4899 omnino

1998 4911 2341 4984 respondent
2368 4911 2436 4966 iis
2452 4911 2648 4984 quain
2670 4914 2898 4967 secundi
2913 4929 3033 4982 cap,
3069 4911 3133 4967 14
3157 4918 3215 4966 et
3232 4915 3597 4984 sequentibus

1997 4983 2336 5037 referuntur.
2364 5014 2428 5024 —
2464 4983 2553 5040 110
2566 4985 2836 5054 Denique,
2865 4989 2930 5037 ut
2953 4987 3154 5036 catera
3178 4983 3600 5051 mittam,iidem

1997 5054 2294 5128 utrobique
2322 5055 2690 5115 characteres,
2707 5056 2966 5128 idemque
2980 5055 3199 5128 genius,
3223 5054 3373 5128 idem
3396 5059 3595 5128 stylus,

1997 5126 2306 5198 eademque
2336 5143 2449 5180 non
2491 5142 2618 5179 raro
2661 5126 2847 5190 verba,
2882 5133 2939 5179 et
2967 5126 3195 5194 quidem
3235 5126 3548 5198 singularia
3582 5149 3594 5183 :

1993 5197 2159 5265 quale
2181 5202 2266 5249 est
2286 5199 2569 5266 interdum
2596 5213 2696 5266 pro
2724 5200 2973 5260 interim,
2995 5198 3146 5265 quod
3171 5198 3230 5252 in
3259 5197 3412 5253 Actis
3433 5200 3600 5254 Adal-

1991 5267 2154 5344 hardi
2175 5283 2330 5320 num.
2365 5265 2428 5321 71
2462 5265 2705 5344 occurrit
2727 5267 2832 5321 hoc
2861 5283 3052 5336 sensu,
3084 5276 3141 5324 et
3183 5269 3242 5324 in
3274 5271 3596 5344 Epitaphio,

1991 5337 2086 5391 lib.
2119 5355 2154 5404 ι,
2191 5354 2311 5408 cap.
2343 5352 2404 5403 II,
2428 5343 2486 5392 et
2511 5338 2663 5392 alibi.
