3966 6206
324 191 396 250 25

1692 190 2250 247 PROLEGOMENA.

3531 189 3602 247 ‘26

323 371 3607 399 Μ

1347 514 2008 620 ENGELMODI
2083 515 2592 613 EPISCOPI

1771 719 2182 797 VERSUS

1427 910 1530 976 AD
1575 905 2061 975 RADBERTUM
2103 905 2254 974 ΑΒΒ
2264 903 2504 973 ΑΤΕΜ.

381 1101 608 1172 Eloquii
639 1102 801 1157 cultu
831 1108 1156 1156 vernantem
1182 1106 1368 1155 texere
1388 1100 1636 1172 mitram,

313 1171 742 1243 Bracteolisque
773 1173 899 1226 auri
929 1173 1145 1242 fulgens
1165 1171 1424 1226 diadema
1455 1171 1650 1243 polire,

317 1244 438 1308 Quo
468 1251 547 1302 te.
580 1242 779 1298 sancte
808 1245 997 1306 Pater,
1023 1243 1240 1297 devotio
1265 1243 1442 1296 dulcis
1470 1242 1725 1309 adornat,

316 1315 534 1384 Ingenii
559 1315 726 1379 vires,
752 1314 1058 1384 docilisque
1087 1313 1362 1368 industria
1391 1313 1543 1367 fandi

317 1385 606 1439 Nobilium
630 1386 843 1456 poterit
862 1385 1174 1451 doctorum,
1202 1391 1458 1456 compote
1486 1390 1633 1451 voto,

318 1456 425 1520 Qui
444 1463 501 1510 te
529 1455 813 1510 fertilibus
845 1456 1032 1510 satiati
1059 1456 1164 1509 rite
1195 1455 1463 1525 magistro

314 1527 598 1582 Doctrinae
626 1527 886 1598 dapibus,
917 1527 1180 1580 salientes
1208 1527 1488 1598 dogmatis
1513 1527 1711 1592 undas,

315 1597 748 1669 Largiiluosque
771 1604 1004 1652 vomunt
1032 1597 1219 1667 arguti
1239 1598 1503 1669 carminis
1533 1598 1760 1652 imbres.

389 1671 466 1723 At
490 1686 594 1723 nos
623 1668 894 1738 exiguum
924 1669 1100 1722 sterili
1131 1669 1199 1722 de
1227 1668 1433 1739 cespite
1463 1685 1716 1739 gramen,

311 1739 595 1794 Devotum
625 1740 850 1794 tibimet
869 1745 1161 1811 carpentes
1186 1756 1391 1793 munus
1410 1741 1638 1811 amoris,

316 1812 684 1882 Turpiloquis
713 1810 1325 1882 liquidas'temeramus
1353 1810 1568 1882 lusibus
1592 1811 1746 1876 odas,

315 1881 699 1953 Materiesque
721 1883 907 1936 virens
928 1882 1142 1936 calamo
1173 1881 1466 1953 marcessit
1494 1882 1682 1936 inerti.

315 1953 482 2007 Unde
511 1952 619 2007 fuit
649 1953 793 2024 pigri
813 1953 990 2007 satius
1008 1953 1287 2024 pressisse
1316 1952 1502 2006 labelli

317 2024 696 2094 Organulum,
718 2023 873 2077 ’lwsae
901 2023 1050 2077 vocis
1069 2023 1378 2077 cohibendo
1408 2023 1688 2094 fragorem
1721 2041 1732 2076 :

313 2094 401 2176 Ec
423 2095 562 2176 quid
585 2094 938 2176 rancidulum
967 2094 1161 2176 lepida:
1187 2094 1518 2176 mulcedinis
1546 2109 1713 2148 aures

315 2165 674 2236 Exciperent,
707 2171 965 2218 nectarve
993 2165 1099 2218 favi
1123 2165 1379 2219 turbaret
1407 2181 1648 2219 amaror.

389 2237 503 2290 Sed
534 2242 727 2290 tamen
753 2236 1008 2306 igneolus
1037 2236 1220 2290 devoti
1246 2236 1484 2306 pectoris
1514 2236 1701 2300 ardor,

313 2307 438 2371 Quo
469 2315 548 2373 te,
581 2309 782 2361 charus
811 2323 989 2372 amor,
1005 2307 1222 2376 placido
1253 2308 1590 2378 complector
1623 2307 1855 2372 honore,

312 2379 440 2432 Non
466 2379 635 2431 modo
664 2379 882 2431 reﬂexa;
912 2378 1094 2431 tenuit
1113 2377 1422 2432 retinacula
1451 2377 1700 2443 habenae,

312 2450 621 2530 Septorum
654 2449 864 2530 pariter
890 2449 1151 2530 praedura
1176 2449 1446 2530 repagula
1466 2465 1753 2530 rumpens.

225 2584 237 2592 .
311 2520 458 2592 Cum
487 2536 687 2589 campo
716 2520 966 2592 sedenim
997 2535 1118 2573 sese
1147 2520 1446 2592 committit
1475 2527 1688 2592 aperto,

313 2591 670 2661 Eﬂ‘renisque
691 2590 837 2656 iubis
867 2605 1133 2661 aurarum
1165 2590 1341 2644 flabra
1362 2591 1604 2656 lacessit,

305 2662 437 2715 Non
462 2679 524 2715 se
545 2660 864 2716 carceribus
891 2660 1076 2714 fusum
1101 2677 1200 2732 per
1218 2661 1408 2716 inania
1431 2661 1564 2716 ferri

309 2733 501 2788 Sentit
519 2738 577 2786 et
608 2733 892 2802 oppositas
915 2731 1118 2786 ludens
1143 2733 1280 2803 pede
1310 2733 1547 2803 proterit
1574 2731 1750 2803 ulvas.

383 2805 554 2872 Ergo,
585 2801 746 2855 beate
767 2804 956 2867 Pater,
988 2801 1158 2857 decus
1186 2813 1243 2857 et
1271 2801 1364 2857 lux
1389 2820 1562 2858 aurea
1590 2801 1804 2868 mundi,

309 2875 573 2928 Ecclesiae
595 2874 873 2932 columen.
898 2873 1144 2943 paradisi
1165 2875 1407 2928 maxima
1434 2875 1653 2941 cedrus,

308 2944 649 3015 Relligionis
677 2961 835 3016 apex,
861 2945 987 2998 ﬁdei
1013 2944 1349 3000 fortissimus
1379 2945 1568 3011 umbo,

307 3017 459 3086 Ergo
493 3033 689 3086 precor
717 3016 883 3069 liceat
905 3016 1115 3087 cursim
1138 3016 1275 3070 mihi
1305 3017 1571 3087 plaudere
1599 3015 1837 3086 agrestis

304 3087 535 3157 Ingenii
565 3087 751 3157 nugis,
776 3103 946 3140 rauca
976 3086 1242 3140 reboante
1270 3086 1491 3150 Thalia,

302 3159 565 3213 Festivos
598 3159 776 3218 ludos,
801 3157 1147 3228 simplexque
1171 3165 1421 3212 retexere
1451 3175 1694 3212 carmen.

303 3230 458 3284 Nam
489 3229 728 3298 dignum
757 3228 980 3282 tibimet
1006 3229 1238 3282 laudum
1264 3231 1542 3300 praeconia
1568 3229 1732 3296 ferre,

303 3301 754 3370 Mirandumque
784 3301 954 3356 decus
983 3300 1110 3353 vita:
1139 3301 1367 3371 vulgare
1395 3307 1683 3367 verenter;

309 3371 606 3441 Lampade
629 3371 864 3440 justitiae
894 3387 1005 3441 qua
1033 3372 1248 3424 cunctis
1278 3373 1427 3425 celsa
1453 3371 1602 3426 beati

309 3442 722 3496 Prazmonstras
751 3441 907 3496 iteris
937 3442 1219 3495 tendentis
1249 3443 1319 3496 ad
1341 3443 1486 3496 atria
1506 3443 1631 3496 vita:

306 3513 378 3566 Et
409 3529 527 3583 qua
541 3514 666 3583 jam
689 3512 817 3565 felix
841 3513 1095 3565 meruisti
1125 3513 1308 3566 Patris
1329 3515 1389 3567 in
1420 3513 1546 3567 albo

307 3583 625 3647 Conscribi,
660 3584 784 3636 coeli
812 3583 1109 3637 sociandus
1139 3584 1348 3638 civibus
1377 3586 1560 3638 almis.

378 3655 582 3708 Gloria
611 3661 666 3707 te
688 3670 952 3723 magnum
977 3655 1225 3724 praeclari
1247 3661 1524 3710 monstrat
1547 3653 1795 3720 honoris,

310 3727 434 3790 Quo
467 3725 696 3778 tibimet
723 3726 929 3790 cuncti,
954 3726 1101 3778 latus
1131 3743 1270 3796 quos
1291 3732 1541 3780 continet
1565 3725 1734 3792 orbis,

308 3796 616 3866 Obsequiis
645 3811 843 3867 parere
873 3796 998 3866 piis,
1033 3803 1088 3850 et
1115 3797 1365 3868 supplice
1395 3804 1521 3852 voto

310 3869 616 3938 Exoptant,
640 3867 910 3937 gaudent,
943 3873 1176 3934 certant,
1194 3867 1201 3868 “
1220 3869 1470 3938 capiunt,
1503 3871 1906 3938 sataguntque.

309 3939 512 3993 Gratia
540 3938 640 3991 sed
665 3939 851 4008 potior
879 3938 1147 3992 virtutum
1174 3939 1418 3993 culmine
1445 3939 1647 4008 surgit,

307 4012 498 4080 Atque
522 4008 691 4078 iubar
721 4009 848 4062 ﬁdei
877 4009 1210 4080 prazfulgens
1231 4011 1361 4063 solis
1391 4011 1459 4064 ad
1490 4010 1669 4064 instar

311 4079 575 4134 Ctelestis
601 4085 859 4150 penetrat
881 4080 1003 4132 solii
1023 4079 1260 4134 sublime
1278 4081 1545 4134 tribunal.

311 4152 440 4217 Qui,
469 4151 692 4204 meritis
721 4153 948 4217 ﬂorens,
977 4168 1192 4204 morum
1215 4151 1493 4222 probitate
1523 4153 1794 4217 relucens,

309 4223 552 4293 Ingenio
578 4222 815 4293 pollens,
848 4238 1045 4275 sensus
1067 4222 1448 4276 moderamine
1477 4223 1748 4292 gaudens,

312 4292 604 4364 Obsequio
621 4292 861 4364 fervens,
897 4293 1231 4363 pietatisque
1257 4293 1480 4364 ignibus
1506 4293 1730 4357 ardens,

309 4363 667 4427 Mansuetus,
686 4363 970 4435 placidus,
992 4364 1253 4435 prudens,
1270 4365 1591 4435 justusque,
1624 4363 1914 4432 benignus,

311 4436 583 4499 Devotus,
618 4434 882 4506 humilis,_
901 4434 1074 4500 mitis,
1105 4433 1454 4506 blandusque
1481 4433 1755 4504 probaris.

383 4508 571 4570 Quem
604 4504 1029 4577 noniraferox.
1063 4522 1173 4558 non
1200 4506 1308 4560 atri
1329 4504 1472 4577 ruga
1489 4506 1747 4572 tumoris,

314 4578 486 4632 Virus
525 4593 643 4648 non
674 4576 808 4639 odii,
841 4575 1063 4648 invidiae
1087 4592 1198 4629 non
1228 4575 1469 4648 denique
1491 4577 1681 4648 pestis,

315 4650 443 4702 Non
474 4647 720 4701 lascivus
748 4663 927 4712 amor,
951 4646 1129 4700 foedus
1159 4664 1270 4701 non
1301 4646 1469 4702 ardor
1493 4646 1757 4714 habendi,

313 4720 441 4774 Non
471 4718 718 4772 mentita
748 4718 916 4770 ﬁdem
941 4718 1224 4772 simulatio
1251 4719 1485 4773 crimine
1512 4720 1729 4784 fallens,

313 4792 441 4845 Non
479 4805 710 4860 quoque
727 4789 978 4861 latratus
1006 4790 1320 4858 spumantis
1343 4791 1536 4861 jui'gia
1556 4791 1690 4857 litis,

313 4859 638 4916 Sordidulze
671 4859 811 4913 labis
841 4875 1062 4913 caenoso
1088 4861 1290 4930 polluit
1311 4859 1458 4927 aetu,

309 4935 430 4986 Aut
463 4931 866 5001 tempestivum
898 4931 1103 4984 mentis
1132 4932 1448 4986 tenebravit
1477 4949 1734 4988 acumen.

312 5004 430 5057 Sed
464 5004 556 5072 pia
585 5002 937 5073 simplicitas,
972 5002 1145 5055 virtus
1177 5008 1234 5055 et
1261 5004 1480 5056 conscia
1501 5004 1654 5069 recti,

311 5074 576 5136 Quarum
608 5073 753 5126 lacte
799 5089 959 5125 sacro
987 5073 1182 5142 primis
1212 5074 1460 5128 nutritus
1482 5075 1554 5127 ab
1576 5076 1755 5141 annis,

309 5145 721 5214 Virgineisque
742 5143 914 5196 simul
941 5142 1229 5197 blanditus
1255 5144 1360 5198 rite
1389 5145 1668 5212 fomentis,

307 5217 394 5271 Ut
438 5215 700 5269 cuculum
728 5214 966 5268 tradunt
987 5214 1219 5284 irruptis
1247 5232 1492 5270 crescere
1517 5216 1684 5281 nidis,

302 5288 472 5343 Dum
498 5287 691 5358 lucina
720 5285 898 5358 melos
925 5285 1211 5358 nocturnis
1233 5294 1500 5358 personat
1523 5287 1766 5358 hymnis,

302 5360 493 5437 Igter.
507 5357 805 5437 ﬂorigeros
826 5355 1018 5437 divini.
1031 5355 1308 5437 dogmatis
1339 5358 1530 5437 hortos

303 5429 526 5484 .Etatis
549 5426 802 5499 solidum
824 5426 1047 5499 crevisti
1076 5432 1298 5498 tempus
1329 5429 1600 5499 adusque.

401 5499 670 5553 Galbanei
703 5497 886 5552 nitido
910 5497 1211 5566 perﬂatum
1237 5505 1462 5553 nectare
1488 5497 1632 5554 roris

303 5569 593 5649 liiderites
613 5571 866 5623 docuere
887 5568 1014 5649 jugi
1040 5569 1288 5649 gaudere
1311 5587 1537 5649 sereno,

304 5644 788 5713 Cunctorumque
807 5639 1012 5696 animis
1026 5639 1175 5694 dulci
1195 5639 1444 5701 bonitate
1470 5643 1711 5715 placere.

1937 1101 1990 1161 Α
2009 1100 2106 1154 His
2126 1099 2333 1154 etenim
2363 1103 2540 1152 temet
2565 1097 2934 1167 vegetandum
2957 1094 3463 1167 providussauctor,

2004 1172 2246 1242 Imperio
2276 1171 2371 1240 qui
2399 1174 2597 1223 cuncta
2611 1164 2839 1242 tenens.
2871 1164 3084 1242 exceisa
3113 1165 3197 1242 vel
3227 1164 3359 1229 ima,

2002 1236 2232 1297 jEterna
2260 1236 2476 1294 ratione
2506 1240 2653 1308 regit
2680 1239 2826 1310 quod
2857 1237 3108 1292 condidit
3133 1236 3272 1310 ipse,

2001 1314 2232 1384 Legavit
2257 1319 2534 1384 tenerum,
2568 1303 2904 1384 curn-prima
2931 1303 3237 1384 crepundia
3261 1303 3457 1384 matris

2002 1376 2136 1448 Qua:
2164 1385 2357 1453 genuit
2385 1383 2531 1454 nigri
2561 1376 2822 1454 fascirent
2841 1376 3100 1454 tegmina
3119 1376 3310 1454 panni,

2001 1448 2436 1527 Expositumque
2447 1448 2635 1507 vvorax
2667 1451 2907 1527 ambiret
2936 1448 3142 1527 mortis
3164 1448 3368 1527 imago.

2001 1520 2267 1606 Cerinine
2297 1520 2427 1606 quae
2449 1541 2651 1606 supero
2668 1523 2861 1606 “divini
2885 1520 3177 1606 sanguinis
3208 1525 3365 1583 ortae,

1999 1591 2364 1669 Angelicique
2384 1591 2536 1669 chori
2556 1594 2806 1669 conferta
2831 1595 2960 1647 dote
2988 1591 3262 1669 gregales,

1998 1670 2076 1724 Te
2092 1664 2318 1739 quoque
2339 1668 2617 1721 concivem
2637 1666 2758 1719 coeli
2781 1681 2950 1739 super
2971 1664 3148 1739 ardua
3179 1668 3408 1739 raptum

2001 1733 2132 1795 Rite
2150 1733 2475 1794 ministeriis
2499 1743 2767 1808 aptarunt
2794 1733 3258 1808 Cunctipotentis.

2072 1753 2127 1794 te
2150 1753 2475 1794 ministeriis
2499 1753 2767 1808 aptarunt
2794 1753 3258 1858 Cuncufpownus.

2070 1813 2186 1866 Nec
2215 1811 2430 1864 incerta
2459 1810 2616 1874 ﬁdes,
2645 1813 2744 1862 aut
2764 1823 2955 1861 rerum
2999 1812 3110 1859 icta
3137 1804 3359 1871 fabella,

1998 1882 2074 1936 Ut
2100 1883 2384 1950 quondam
2413 1880 2613 1934 studiis
2641 1879 2970 1950 praepollens
2991 1878 3157 1932 docta
3183 1882 3431 1950 vetustas

1999 1947 2330 2024 Prodigiosa
2351 1968 2578 2006 vomens
2608 1947 2724 2004 laesi
2749 1947 3088 2024 documenta
3106 1947 3340 2024 cerebri,

1998 2018 2254 2079 Lasciv'os
2280 2041 2448 2094 super
2477 2029 2629 2076 astra
2655 2028 2826 2094 toros,
2857 2021 3162 2094 mollesque
3185 2018 3406 2074 Camilli

1996 2097 2302 2167 Amplexus
2331 2091 2531 2148 statuit
2559 2093 2704 2167 rapti
2726 2091 3071 2162 Ganymedis
3092 2091 3353 2167 honores,

2000 2161 2227 2237 Hoc'que
2258 2167 2436 2221 Deum
2465 2161 2832 2237 Saturninum
2855 2161 3127 2237 venerata
3151 2161 3372 2215 decenti

2001 2233 2300 2293 Sacrorum
2326 2238 2440 2291 ritu
2473 2236 2698 2308 stupris
2715 2233 3018 2308 maculavit
3031 2233 3358 2308 Olympum.

1998 2310 2206 2391 Yerum
2239 2326 2338 2391 pro
2364 2303 2894 2391 meritiiimitandaa
2922 2303 3250 2391 relligioms,

1999 2381 2122 2445 Qua
2144 2373 2374 2450 jugibus
2402 2379 2545 2432 votis
2567 2378 2788 2450 Christo
2809 2377 3036 2430 domino
3065 2373 3376 2450 famularis,

2001 2453 2130 2506 Haec
2146 2446 2252 2505 tibi
2278 2450 2608 2504 christicolze
2637 2449 2807 2518 digno
2838 2462 3125 2501 sacramus
3145 2446 3375 2518 honore:

1933 2493 1982 2553 B
2071 2524 2116 2577 Ο
2146 2522 2463 2576 veneranda
2488 2521 2591 2574 viri
2615 2493 2848 2590 simaplex
2874 2524 2930 2571 et
2957 2526 3149 2590 sancta
3181 2514 3427 2570 colendis

1999 2595 2157 2648 Mens
2179 2593 2471 2646 moderata
2498 2591 2677 2654 bonis,
2692 2586 3024 2660 semperque
3045 2589 3261 2642 intenta
3285 2586 3545 2660 supernis

1996 2664 2280 2734 Angelicis
2309 2671 2567 2717 conserta
2597 2661 2780 2734 choris
2810 2657 3052 2734 exsultat
3072 2660 3128 2712 in
3161 2657 3348 2734 astris,

1999 2729 2219 2792 Gaudet
2246 2733 2564 2805 apostolicis
2589 2732 2721 2805 felix
2751 2731 2963 2805 sociata
2991 2729 3245 2794 catervis,

1989 2808 2232 2879 Agmina
2256 2803 2427 2876 mart)
2530 2803 2721 2879 cernit
2751 2803 3255 2879 decoratacruore,

1991 2871 2135 2936 cum
2153 2894 2323 2948 grege
2349 2871 2645 2948 candidulo
2674 2874 2954 2948 spatiatur
2976 2871 3343 2948 _virginit_atis,

1992 2953 2056 3007 In
2079 2942 2526 3020 patriarcharum
2548 2945 2686 3020 solio
2704 2944 3019 3020 requiescit
3046 2942 3284 3020 ovando,

1991 3013 2256 3094 Conferto
2283 3019 2589 3088 alloquitur
2611 3013 2816 3094 vigiles
2833 3030 3092 3094 sermone
3112 3013 3446 3094 pmphetas,

1990 3093 2236 3164 Mystica
2260 3087 2591 3164 percurrens
2619 3087 3164 3164 epulaturdogmata
3194 3087 3341 3164 vitae,

1994 3155 2205 3233 Hisque
2219 3155 2343 3231 jugi
2371 3160 2557 3214 studio
2579 3155 2764 3233 cuiuis
2786 3155 3042 3233 satianda
3070 3155 3361 3233 recumbit.

2066 3225 2145 3288 Ac
2174 3225 2326 3286 velut
2351 3231 2624 3301 exemptis
2652 3230 2893 3301 zephyro
2923 3229 3170 3301 spirante
3196 3225 3434 3301 pruinis,

1997 3305 2221 3360 Florida
2249 3320 2375 3357 cum
2405 3298 2572 3356 tellus
2596 3298 2868 3372 pubentes
2897 3298 3140 3372 parturit
3159 3298 3384 3363 herbas,

1996 3377 2140 3430 Vere
2170 3391 2310 3429 novo
2341 3375 2575 3445 pingens
2598 3370 2865 3445 distincta
2890 3370 3168 3445 coloribus
3189 3385 3323 3422 arva
3345 3387 3358 3434 ;

1997 3449 2300 3502 Exercetur
2328 3443 2498 3516 apum
2529 3445 2741 3514 campis
2771 3443 3019 3512 dispersa
3045 3443 3310 3516 juventus

1999 3518 2318 3573 Praeteritos
2339 3511 2540 3570 hiemis
2572 3511 2826 3568 metuens
2857 3511 3121 3583 quassata
3143 3511 3382 3583 labores,

1999 3591 2428 3660 Purpureosque
2443 3586 2580 3655 legit
2601 3587 2786 3660 flores,
2811 3582 3123 3660 et'ﬂumina
3151 3582 3306 3660 libat.

1997 3651 2310 3717 Nec-mora,
2337 3651 2444 3711 nec
2473 3651 2712 3726 rEquies,
2739 3657 2875 3725 quin
2901 3661 3001 3708 aut
3029 3655 3302 3726 liquentia
3328 3651 3497 3706 mella

1998 3731 2255 3786 Includat
2280 3729 2435 3782 tenui
2455 3725 2758 3797 compactis
2779 3732 3004 3797 nectare
3025 3725 3198 3797 cellis,

1929 3805 1972 3864 C
1996 3801 2224 3856 Glutine
2251 3801 2335 3853 vel
2358 3800 2509 3852 lento
2537 3794 2864 3851 fundamina
2887 3796 3028 3849 dura
3054 3794 3306 3850 favorum

2002 3874 2279 3934 Exstruat,
2304 3875 2403 3924 aut
2422 3885 2644 3922 croceas
2672 3868 2932 3937 disponat
2959 3866 3014 3918 in
3045 3865 3241 3937 ordine
3270 3880 3446 3937 ceras.

1998 3945 2200 3998 Fervet
2227 3959 2362 3994 cura
2393 3941 2672 4007 frequens,
2695 3935 2921 3992 adolent
2945 3936 3244 4007 purissima
3275 3935 3461 3989 mella.

2070 4014 2162 4068 Sic
2192 4019 2274 4076 tu,
2299 4012 2460 4066 dulce
2479 4008 2666 4075 decus,
2701 4008 2887 4062 divino
2909 4014 3104 4078 captus
3133 4023 3344 4073 amore,

1998 4086 2145 4139 Dum
2172 4084 2355 4137 cordis
2385 4083 2610 4152 speculo
2641 4081 2888 4152 caelestia
2916 4079 3035 4152 sola
3060 4079 3257 4143 tueris,

2000 4155 2166 4210 Liber
2194 4155 2252 4207 in
2274 4151 2503 4207 excelsis
2529 4152 2703 4206 animi
2732 4151 2970 4205 statione
3001 4151 3232 4215 locatus,

2001 4225 2330 4296 Eloquiique
2362 4225 2717 4296 sacrissaltus.
2753 4230 2810 4276 et
2839 4238 3062 4296 amoena
3089 4222 3268 4296 vireta

1998 4293 2326 4360 Pervolitas,
2351 4295 2478 4348 vita;
2508 4295 2720 4364 liquido
2751 4310 2873 4364 quae
2894 4293 3045 4346 fonte
3074 4293 3256 4361 rigata

1999 4367 2269 4423 Jucundis
2289 4372 2526 4420 vernant
2541 4366 2709 4430 foliis,
2733 4372 2789 4418 et
2816 4367 2952 4418 flore
2978 4364 3228 4434 perenni.

2001 4440 2250 4503 Quorum
2272 4454 2398 4492 rore
2428 4438 2520 4507 pio
2544 4437 2820 4490 distentus
2849 4437 3058 4507 viscera
3084 4434 3308 4507 blande,

2004 4511 2356 4580 Exceptoque
2386 4506 2578 4562 recens
2608 4513 2873 4561 oneratus
2890 4506 3134 4580 brachia
3161 4520 3344 4580 succo,

2002 4576 2310 4651 Impatiens
2339 4580 2590 4632 animum
2611 4595 2806 4632 somno
2826 4578 3073 4651 relevare
3102 4576 3326 4651 quietis,

2003 4645 2117 4705 Aut
2145 4652 2609 4705 documentorum
2636 4656 2828 4703 nectar
2848 4645 3410 4712 stillando—refundis,

2006 4723 2365 4776 Librorumve
2393 4721 2544 4774 favos
2573 4737 2806 4791 operoso
2831 4720 3109 4774 construis
3132 4724 3279 4791 actu.

2077 4795 2148 4848 Et
2167 4810 2294 4846 cum
2318 4795 2438 4862 jam
2460 4789 2674 4860 meritis
2703 4797 2870 4862 caput
2895 4791 3044 4844 inter
3071 4790 3257 4843 sidera
3276 4789 3452 4844 tantis

2007 4865 2304 4929 Extuleris,
2340 4865 2480 4916 flavo
2511 4863 2804 4916 redimitus
2825 4869 3082 4932 tempora
3101 4868 3250 4932 serto

2008 4936 2083 4990 Ut
2110 4942 2167 4988 te
2195 4935 2394 4988 devota
2418 4942 2754 4988 venerentur
2782 4931 2961 4988 laude,
2979 4931 3208 5002 superbi

2009 5005 2239 5076 Imperii
2271 5005 2467 5066 fasces,
2500 5013 2556 5058 et
2577 5005 2792 5074 fulgens
2821 5005 3002 5074 gloria
3029 5003 3207 5074 regni,

2011 5074 2305 5131 Plausibus
2325 5081 2492 5146 atque
2522 5077 2635 5129 tuis
2656 5077 2924 5146 pOpulosa
2950 5076 3178 5129 theatra
3199 5074 3472 5146 resultent
3495 5091 3505 5126 :

2010 5148 2241 5201 Ventosi
2273 5145 2561 5217 nunquam
2595 5147 2879 5199 blanditus
2909 5147 3036 5200 folle
3067 5145 3291 5207 favoris,

1937 5233 1988 5292 D
2011 5219 2254 5292 Supplex
2284 5225 2451 5288 atque
2472 5217 2700 5292 humilis
2729 5217 2873 5292 felici
2899 5219 3032 5292 jure
3056 5217 3260 5271 bearis.

2079 5237 2085 5272 ι
2131 5236 2254 5289 piex
2284 5236 2451 5288 atque
2473 5236 2700 5271 numuis
2729 5236 2873 5270 reiiCi
2899 5236 3026 5285 Jure
3059 5236 3260 5271 oearis.

2079 5236 2257 5353 Eueni
2286 5306 2412 5344 cum
2446 5289 2681 5359 quisque
2701 5288 2842 5341 adiit
2871 5287 3135 5359 nebuloso
3151 5293 3372 5358 pectore
3400 5284 3601 5356 tristis,

2010 5361 2286 5416 Defecisse
2309 5358 2542 5431 gemens
2563 5359 2817 5413 exhausti
2843 5358 3006 5412 farris
3037 5374 3312 5431 acervum,
3333 5419 3336 5422 ,

2014 5431 2256 5485 Vocibus
2286 5429 2385 5486 aut
2412 5431 2658 5502 querulis
2689 5431 2953 5484 incusans
2974 5429 3138 5502 sortis
3167 5429 3374 5502 iniquae

2012 5503 2264 5556 Pondere
2293 5520 2352 5556 se
2382 5501 2635 5573 pressum
2665 5502 3040 5556 miserandam
3066 5501 3270 5573 ducere
3299 5501 3498 5567 vitam;

2009 5573 2288 5628 Continuo
2312 5571 2454 5644 largi
2485 5580 2768 5644 recreatus
2799 5589 3031 5644 munere
3061 5571 3215 5640 doni,

2010 5643 2308 5700 Consiliive
2337 5643 2447 5700 cati
2477 5643 2681 5700 blando
2711 5645 2982 5702 solamine
3004 5643 3200 5709 fretus,
