3966 6206
669 149 724 176 κῘ”

595 191 632 210 a"
637 175 668 190 κ.

1239 163 1299 218 S.
1338 121 2112 218 PASCHASII‘RADBERTI
2149 145 2453 218 ABBATIS
2495 157 2990 215 CORBEIENSIS.
3675 164 3745 222 32

467 285 853 484 εΤίῐέςκρτῆιες,
874 289 1225 344 Lexoviensis
1244 289 1500 344 Ecclesia:
1520 287 1832 367 episcopus,
1857 286 2136 410 episco-A
2219 287 2500 352 Erluinus,
2533 287 2716 357 gratia
2745 285 2847 367 Dei
2876 285 3219 339 Constantia:
3273 286 3591 358 episcopus,
3644 288 3750 344 hoc

656 361 954 417 uctoritate
975 367 1161 416 ratum
1186 361 1510 423 decernens,
1543 359 1603 412 in
1633 373 1858 411 nomine
1930 357 2068 411 atris
2151 359 2506 430 privilegium
2542 373 2816 412 consensi.

564 430 692 484 Filii
712 438 769 484 et
800 431 1041 484 Sniritus
1057 433 1235 484 sancti
1253 429 1575 484 subscripsi.
2223 430 2548 484 Ludovicus.
2593 427 2928 482 monasterii
2958 427 3489 484 nretiosissimorum
3539 436 3750 484 martv-

656 357 954 417 uctoritate
975 367 1161 416 ratum
1186 361 1510 423 decernens,
1541 357 1603 430 in
1633 357 1858 411 nomine
1883 357 2068 411 Patris
2151 359 2506 430 privilegium
2542 357 2816 412 consensi.

564 430 692 484 Filii
712 438 769 485 et
800 431 1041 503 Spiritus
1057 433 1235 488 sancti
1253 429 1575 500 subscripsi.

551 537 892 602 Saxobodus,
927 541 1189 610 Sagensis
1211 537 1464 610 Ecclesiae
1493 535 1805 607 episcopus,
1838 535 1943 589 hoc
1972 535 2070 588 de-

477 614 695 664 cretum
725 609 1023 679 consensi,
1037 617 1095 666 et
1113 609 1434 682 subscripsi.

549 717 690 779 Imo,
713 718 1173 788 Noviomagensis
1189 716 1446 788 Ecclesiae
1463 713 1727 788 indignus
1755 714 2066 785 episcopus,

479 787 584 842 hoc
609 788 963 859 privilegium
989 784 1268 855 consensi,
1289 794 1346 842 et
1365 784 1688 855 subscripsi.

2223 427 2928 502 Ludovicustmonasterii
2958 427 3490 502 pretiosissimorum
3539 436 3751 502 marty-

2152 517 2279 572 rum
2305 501 2537 572 Christi,
2559 499 2807 572 Dionysii
2837 516 2902 553 ac
2930 498 3208 552 sociorum
3244 500 3366 572 ejus
3405 498 3596 566 abbas,
3628 498 3748 572 pri-

2152 571 2419 652 vilegium
2484 571 2588 626 hoc
2642 569 2832 641 relegi,
2895 575 3195 640 ratumque
3260 569 3565 625 decernens
3621 569 3751 627 sub-

2153 659 2261 696 scn
2269 659 2370 711 ps1.
2609 701 2612 704 ν

2225 712 2539 785 Radbertus
2568 712 2748 782 ipsius
2794 711 3120 785 monasterii
3167 711 3364 785 abbas
3388 713 3747 785 privilegium

2153 783 2259 838 hoc
2289 784 2484 854 relegi,
2504 789 2804 855 ratumque
2834 783 3139 837 decernens
3155 783 3479 856 subscripsi.

1979 1101 2246 1286 se:
2271 1098 3218 1304 eum“

1353 1273 1437 1346 5‘5
1483 1273 2560 1393 '5..sgg,3,gdqg.éé§°ét°fsms1s

612 1457 1694 1672 mas-ram
1778 1484 2745 1666 EVMGEEIUM
2837 1523 3548 1666 MATTHJEI.

1651 1782 1850 1852 (Juxta
1887 1781 2189 1838 editionem
2228 1781 2566 1852 Sirmondi.)

1963 1911 2268 1927 ᾔ

1864 2040 2384 2117 PROLOGUS

1034 2243 1114 2290 AD
1157 2239 1566 2289 GUNTLANDUM
1611 2239 1950 2290 MONACBUM
1995 2238 2367 2284 MONASTERII
2411 2239 2461 2285 S.
2511 2239 2782 2288 RICHARII
2825 2239 3235 2290 GONFESSORIS.

561 2475 720 2536 ι-π.
748 2471 893 2525 Dum
923 2486 1093 2525 sacrae
1130 2471 1490 2542 professionis
1514 2470 1850 2533 obedientia,
1881 2486 2071 2524 coram
2091 2470 2138 2528 B
2159 2469 2491 2540 intelligam,
2526 2471 2594 2524 ab
2629 2472 2734 2526 hac
2760 2474 2946 2543 gratia
2973 2473 3203 2527 minime
3241 2473 3450 2527 credidi
3501 2472 3764 2527 cohiben-

479 2559 748 2616 fratribus
758 2559 1122 2630 Evangelium
1132 2561 1234 2626 ,uti
1245 2560 1666 2614 consuetudinis
1678 2558 1984 2624 est,diebus
1997 2575 2082 2612 so-

2163 2559 2317 2625 dum,
2352 2561 2664 2630 praesertim
2695 2578 2823 2616 cum
2849 2564 3110 2617 eumdem
3138 2563 3537 2632 evangelistam
3578 2563 3761 2631 legam

477 2648 1217 2720 lemnibszicetinelimato
1250 2648 2081 2720 loquendigenere,exhortandi
2169 2648 2318 2718 apud
2367 2648 2661 2720 [Ethiopes
2717 2652 3065 2722 praedicasse,
3110 2652 3465 2722 gratiamque
3518 2650 3763 2720 Spiritus

479 2736 659 2807 magis
685 2737 870 2807 gratia
898 2753 1066 2808 quam
1096 2737 1350 2803 docendi,
1398 2743 1754 2804 tractaretur,
1790 2742 2078 2807 coeperunt

483 2826 740 2881 nonnulli
751 2843 946 2880 eorum
966 2826 1237 2897 religione
1251 2827 1526 2880 ferventes
1537 2826 1768 2880 instanti
1783 2826 2075 2879 devotione

479 2915 806 2986 frequenter
831 2931 1126 2986 exposcere
1172 2923 1295 2980 (nec
1337 2915 1384 2968 si
1440 2932 1659 2986 possem
1703 2915 2074 2984 intendentes)

481 3002 632 3057 beati
651 3004 699 3058 M
707 3003 898 3057 atthzei
914 3003 1268 3073 evangelistae
1283 3009 1502 3057 textum
1519 3003 1858 3058 narrationis
1875 3021 1975 3074 per
1992 3021 2078 3057 or-

486 3091 677 3145 dinem
707 3092 1060 3162 explicarem,
1080 3099 1144 3145 ut
1165 3094 1377 3145 ﬂuenta
1401 3093 1571 3147 totius
1591 3091 1858 3146 doctrinae
1873 3092 2077 3146 litteris

481 3179 827 3235 contradicta
839 3179 907 3233 ad
923 3180 1194 3251 plurimos
1205 3180 1432 3234 uberius
1448 3186 1774 3234 emanarent
1784 3181 1906 3244 .Qui
1924 3197 2070 3248 mox,

480 3269 877 3338 memetipsum
936 3269 1240 3338 ingressus,
1275 3269 1454 3340 posui,
1497 3286 1636 3324 novo
1667 3275 1850 3323 tactus
1879 3272 2069 3336 affatu,

481 3358 824 3411 maculosam
853 3357 1173 3428 fragilitatis
1201 3359 1374 3412 vitam
1409 3375 1597 3412 coram
1639 3359 1831 3424 oculis,
1873 3359 2074 3429 quibus

483 3462 665 3501 essem
697 3446 1023 3500 criminibus
1047 3446 1359 3501 obvolutus.
1384 3446 1459 3501 Et
1477 3448 1618 3518 coepi
1647 3447 1866 3502 dumosi
1891 3454 2076 3518 pecto-

483 3536 563 3590 ris
589 3535 901 3605 ingenium,
936 3537 1083 3606 quod
1107 3537 1390 3606 largitoris
1419 3537 1478 3590 in
1509 3554 1597 3590 me
1630 3537 1966 3608 praestiterat
1994 3538 2075 3592 in-

478 3625 786 3695 dulgentia,
819 3624 1150 3695 disquirere,
1180 3625 1728 3696 profunditatemque
1757 3627 1898 3680 tanti
1922 3644 2073 3698 mys-

477 3713 606 3768 terii
633 3713 975 3785 perscrutari
1001 3733 1014 3780 ;
1047 3713 1095 3767 si
1123 3715 1266 3768 forte
1289 3715 1463 3768 virtus
1479 3715 1667 3768 divina
1686 3714 1888 3768 siccam
1909 3716 2075 3770 vellet

2164 2736 2343 2789 sancti
2370 2737 2782 2807 cvangelizandi
2801 2739 2982 2792 ofﬁcio
3007 2738 3346 2809 perfudisse;
3373 2745 3455 2805 ut,
3483 2738 3578 2809 qui
3599 2744 3763 2791 erant

2156 2819 2388 2891 fuligine
2407 2824 2618 2893 peccati
2640 2823 2760 2894 pice
2774 2824 3021 2894 pressius
3043 2823 3341 2894 denigrati,
3364 2823 3746 2878 formarentur

2157 2910 2332 2981 ipsius
2353 2912 2605 2982 exemplo
2629 2913 2699 2966 ad
2718 2913 2980 2982 gratiam,
3000 2929 3112 2984 qua
3136 2913 3354 2967 caelitus
3376 2913 3481 2966 iste
3493 2913 3561 2967 de
3577 2911 3757 2983 publi-

2159 3015 2297 3052 cano
2324 3001 2666 3070 evangelista
2687 3008 2773 3055 est
2803 3003 3048 3056 effectus.
3101 3002 3278 3068 Unde,
3326 3017 3534 3072 quaeso,
3585 3017 3752 3056 nemo

2157 3088 2296 3141 mihi
2326 3095 2668 3155 succenseat,
2715 3090 2761 3143 si
2801 3090 3050 3153 tandem,
3099 3089 3200 3144 Dei
3255 3091 3497 3143 confisus
3539 3089 3745 3159 gratia,

2159 3177 2302 3246 elegi
2327 3178 2635 3245 solertiam,
2669 3195 2837 3249 quam
2884 3179 2944 3232 in
2983 3195 3072 3232 me
3120 3179 3360 3232 ccelestis
3397 3179 3752 3232 Providentia

2157 3266 2488 3320 eruditionis
2517 3268 2631 3321 sale
2663 3268 2924 3333 condivit,
2961 3267 3200 3322 Domino
3249 3267 3524 3333 dedicare,
3579 3283 3750 3337 quam

2155 3353 2341 3408 inanis
2369 3355 2494 3410 vitae
2516 3357 2646 3422 otio,
2673 3357 3046 3427 praetermisso
3060 3357 3266 3424 studio,
3292 3361 3534 3427 torpere.
3583 3355 3746 3420 Quia,

2157 3443 2262 3497 etsi
2292 3460 2403 3497 non
2434 3445 2645 3510 multis,
2677 3447 3009 3512 3mihimet
3036 3452 3227 3500 tamen
3273 3447 3522 3516 meisque
3566 3444 3753 3515 profu-

2156 3538 2347 3586 turum
2370 3534 2601 3601 credidi,
2629 3540 2692 3588 ut
2717 3535 2860 3588 istuc
2883 3536 3166 3589 interdum
3206 3536 3456 3589 animum
3499 3540 3754 3605 transpo-

2157 3638 2369 3689 nerem,
2396 3629 2453 3676 et
2472 3623 2694 3693 fugaces
2709 3623 3091 3678 doctrinarum
3122 3641 3319 3678 sensus
3359 3624 3525 3693 longo
3561 3622 3754 3676 labore

2157 3711 2419 3780 quaesitos
2448 3711 2651 3764 litteris
2670 3712 2960 3781 alligarem
2987 3732 2998 3779 ;
3034 3718 3309 3783 quatenus
3331 3729 3431 3784 per
3450 3713 3554 3766 hoc
3570 3727 3753 3765 essem

476 3801 630 3858 fonte
653 3803 1038 3858 doctrinarum
1071 3804 1256 3875 rigare
1283 3805 1521 3875 pectoris
1551 3821 1767 3875 rupem,
1784 3810 1841 3858 et
1859 3805 1972 3858 mei
1995 3806 2073 3858 la-
2090 3824 2135 3884 ο
2154 3800 2223 3852 ad
2254 3786 2615 3870 cogitandum
2641 3800 2984 3868 instructior,
3008 3807 3065 3855 et
3093 3803 3164 3855 ad
3181 3801 3569 3856 disserendum
3591 3817 3756 3871 para-

477 3891 629 3947 boris
649 3893 793 3965 stylo
807 3899 1130 3948 sanctorum
1143 3894 1374 3948 Patrum
1390 3911 1587 3948 sensus
1597 3894 1832 3948 unitatis
1849 3894 2070 3963 eloquio

477 3982 792 4052 legentibus
821 3989 1103 4053 coaptare.
1133 3985 1220 4037 Ita
1249 3999 1383 4036 sane
1405 3988 1469 4036 ut
1487 3999 1589 4036 nec
1609 3983 1948 4052 eloquentia,
1981 3999 2072 4035 va-

476 4068 575 4122 riis
596 4069 835 4122 obscene
852 4070 1260 4123 sententiarum
1279 4076 1511 4123 consuta
1530 4071 1796 4140 pictatiis,
1817 4070 2071 4124 animum

476 4157 701 4210 lectoris
722 4157 1054 4224 offenderet;
1080 4175 1181 4211 nec
1201 4159 1474 4211 rimarum
1498 4159 1751 4212 tramites
1778 4159 1978 4212 diversi
1992 4160 2072 4213 ni-

477 4251 658 4299 torem
689 4245 1076 4315 intelligentiae
1104 4247 1530 4302 confunderent.
1555 4247 1664 4301 Sed
1693 4248 1810 4301 haec
1830 4249 2070 4302 multum

477 4349 699 4388 mecum
719 4334 929 4405 diuque
957 4335 1169 4405 pudore
1189 4352 1414 4406 pressus
1443 4341 1809 4407 pertractans,
1827 4337 2070 4391 auctoris

474 4422 638 4476 venia
666 4423 932 4476 continuo
961 4429 1018 4477 et
1042 4424 1243 4494 gratia,
1277 4441 1378 4494 per
1417 4441 1586 4495 quam
1639 4425 1903 4478 divinitus
1941 4442 2071 4496 apo-

476 4511 746 4566 stolatum
763 4511 990 4578 meruit,
1016 4518 1146 4566 ante
1171 4514 1359 4566 oculos
1379 4514 1603 4567 effulsit.
1626 4513 1880 4568 Occurrit
1899 4515 2071 4569 etiam

481 4601 630 4672 quod
659 4600 1015 4672 publicanum
1037 4619 1097 4656 se
1119 4618 1231 4655 non
1248 4603 1536 4657 erubuerit
1552 4603 1733 4669 fateri,
1756 4609 1813 4656 et
1832 4604 2072 4674 qualiter

475 4690 552 4744 sit
577 4695 804 4743 vocatus
849 4706 883 4742 a
931 4691 1170 4754 teloneo,
1222 4691 1550 4761 Evangelica
1595 4708 1725 4745 voce
1775 4693 2070 4748 manifeste

475 4777 736 4833 omnibus
754 4778 992 4833 voluerit
1012 4779 1321 4849 praedicari.
1341 4780 1552 4844 Quibus
1566 4781 1722 4851 quasi
1740 4782 1904 4852 plane
1925 4800 2069 4852 pra:-

475 4868 740 4935 monitus,
765 4868 905 4938 coepi
929 4869 1164 4922 ulterius
1184 4869 1324 4922 nihil
1343 4869 1600 4924 dubitare
1619 4871 1686 4923 de
1703 4871 1882 4936 venia,
1907 4872 2070 4924 nihil-

474 4975 584 5028 que
610 4957 887 5023 hazsitare,
924 4958 1071 5027 quod
1097 4957 1350 5017 debeam,
1384 4960 1506 5028 ejus
1525 4960 1790 5028 suffragio
1818 4960 2064 5029 adjutus,

473 5046 857 5101 doctrinarum
890 5046 1140 5100 convivio
1177 5047 1431 5114 admitti;
1475 5049 1533 5101 in
1590 5050 1748 5118 cujus
1796 5047 2063 5119 profecto,

2153 3889 2282 3942 tior.
2316 3890 2476 3942 Unde
2499 3906 2718 3944 mecum
2754 3907 2948 3945 omnes
2977 3891 3191 3962 pariter
3225 3891 3294 3945 ad
3324 3891 3539 3944 fontem
3577 3891 3754 3945 venia:

2153 3983 2400 4044 currant,
2435 3978 2541 4031 etsi
2578 3995 2690 4032 non
2717 3979 2903 4033 ferant
2929 3979 3202 4050 pretium;
3230 3979 3439 4050 absque
3461 3980 3578 4033 ulla
3605 3995 3756 4032 com-

2155 4067 2466 4121 mutatione
2490 4067 2679 4121 vinum
2705 4075 2761 4122 et
2779 4069 2864 4122 lac
2889 4069 3065 4139 gratis
3083 4069 3412 4139 percipiant.
3438 4070 3676 4133 Mecum,
3704 4069 3754 4122 si

2152 4155 2351 4225 placet,
2369 4157 2515 4210 hunc
2527 4157 2886 4227 publicanum
2901 4159 3124 4218 adeant,
3143 4174 3360 4212 mecum
3374 4159 3584 4211 fluenta
3599 4157 3753 4210 illius

2151 4243 2376 4312 bibant;
2411 4246 2675 4316 quoniam
2699 4247 2900 4300 melius
2923 4253 3009 4300 est
3027 4247 3197 4317 hujus
3226 4247 3522 4318 mysticam
3545 4247 3753 4300 sectari

2153 4334 2487 4401 doctrinam,
2523 4335 2657 4389 licet
2685 4336 2829 4407 stylo
2857 4343 3166 4390 reseratam
3191 4335 3442 4399 subulco,
3484 4352 3653 4406 quam
3703 4337 3752 4389 si

2153 4438 2253 4492 per
2285 4423 2498 4494 Elysios
2525 4439 2752 4494 campos
2777 4425 2940 4477 flores
2965 4424 3307 4494 colligerent,
3347 4429 3404 4478 et
3429 4423 3580 4477 fonte
3609 4424 3755 4477 Tan-

2153 4511 2253 4564 tali
2283 4513 2486 4565 ﬂuctus
2512 4511 2895 4566 indesinenter
2911 4529 3112 4566 aureos
3136 4512 3433 4566 lambendo
3458 4517 3746 4582 potarent.

2156 4600 2225 4653 Et
2252 4600 2299 4652 si
2329 4600 2470 4653 forte
2503 4600 2633 4654 hinc
2659 4601 2754 4654 alii
2779 4601 3067 4655 uberiores
3100 4602 3309 4656 ducant
3335 4602 3501 4667 rivos,
3533 4600 3754 4654 divitia-

2154 4704 2392 4759 rumque
2420 4690 2632 4743 fercula
2656 4696 2870 4760 parcnt,
2907 4691 3107 4744 saltem
3138 4707 3240 4753 nec
3283 4707 3410 4744 reor
3457 4689 3752 4759 dedignari

2153 4784 2374 4833 nostros
2404 4795 2474 4831 ne
2503 4779 2675 4832 velint
2698 4779 2981 4849 percipere
3005 4780 3336 4850 purissimos
3367 4781 3619 4844 haustus,
3654 4780 3751 4849 qui

2153 4883 2343 4920 vocem
2373 4868 2639 4922 doctrinae
2659 4884 2828 4939 quam
2858 4884 3003 4938 saepe
3032 4885 3097 4920 ex
3114 4868 3278 4936 jussu
3300 4868 3477 4938 patris
3514 4867 3754 4921 libenter

2153 4957 2392 5011 audiunt
2410 4959 2469 5010 in
2489 4957 2789 5027 loquendo.
2810 4958 2928 5011 Imo
2950 4957 3083 5026 quia
3102 4971 3213 5009 non
3227 4956 3352 5010 aliis
3374 4957 3618 5011 scribere
3652 4957 3753 5011 de-

2151 5046 2282 5115 legi,
2315 5062 2485 5118 quam
2512 5064 2749 5117 quorum
2779 5045 2964 5100 studia
2982 5045 3041 5098 in
3067 5045 3273 5099 talibus
3288 5045 3499 5116 vigent,
3532 5047 3754 5100 devotio

474 5141 604 5189 ante
635 5133 970 5189 infusionem
989 5135 1250 5205 Spiritus,
1261 5137 1378 5205 jam
1393 5137 1626 5207 prandio
1640 5139 1911 5192 Dominus
1940 5155 2067 5192 cum
2085 5139 2134 5197 D
2153 5135 2344 5201 fervet,
2379 5136 2626 5189 Charitas
2647 5136 2714 5190 ad
2738 5133 3159 5206 percipiendum
3186 5151 3308 5205 quae
3322 5152 3470 5188 sanae
3483 5135 3753 5188 doctrinae

472 5223 856 5294 peccatoribus
873 5228 930 5276 et
939 5221 1248 5293 publicanis
1263 5224 1527 5293 dignatus
1538 5231 1621 5278 cst
1641 5226 1873 5295 epulari.
1890 5225 2068 5289 Quem

472 5312 521 5368 si
549 5317 701 5366 recte
729 5311 1056 5382 inspicimus
1087 5328 1187 5382 per
1216 5318 1393 5366 totum
1416 5318 1632 5367 textum
1649 5315 1951 5385 Evangelii,
1977 5333 2069 5369 cu-

472 5417 597 5455 ram
625 5405 982 5472 peecatorum
1008 5401 1302 5471 specialius
1321 5401 1494 5471 gerit;
1531 5401 1675 5455 unde
1693 5408 1748 5456 et
1767 5420 1951 5457 mores
1978 5405 2066 5458 in-

469 5489 674 5556 stituit,
711 5495 880 5560 atque
919 5489 1131 5544 fontem
1180 5507 1322 5544 verae
1376 5491 1751 5544 conversionis
1804 5498 2066 5563 patenter

474 5577 681 5650 ubique
707 5578 973 5634 ostendit.
1004 5579 1241 5651 Propter
1270 5579 1438 5651 quod,
1463 5580 1566 5636 etsi
1595 5587 1946 5652 peccatorem
1976 5600 2066 5638 me

2150 5231 2300 5290 sunt,
2332 5225 2550 5278 invitat.
2587 5225 2796 5293 Segnes
2830 5235 2958 5275 Vero
2983 5228 3040 5275 et
3063 5222 3235 5276 livore
3265 5224 3417 5294 pium
3446 5239 3586 5293 opus
3604 5224 3753 5276 malo

2149 5321 2461 5384 carpentes,
2494 5314 2623 5366 hinc
2653 5313 2782 5366 inde
2813 5313 2972 5382 quasi
3001 5319 3187 5384 pestes
3221 5329 3451 5367 secerno
3478 5331 3490 5379 ;
3546 5313 3751 5367 saltem

2149 5405 2424 5458 duntaxat
2443 5408 2505 5457 ut
2523 5402 2662 5456 meis
2679 5402 2981 5472 proﬁciam,
3011 5404 3104 5474 qui
3131 5419 3221 5457 me
3243 5403 3300 5456 in
3321 5402 3524 5456 divinis
3545 5403 3754 5456 studiis

2149 5497 2541 5565 provexerunt,
2571 5491 2955 5546 benevolentia
2984 5492 3277 5546 ferventes.
3323 5491 3483 5554 Quod
3513 5491 3559 5544 si
3603 5491 3754 5560 quis-

2149 5583 2303 5662 piam
2335 5599 2364 5636 e
2398 5587 2597 5636 contra
2625 5581 2943 5636 invidorum
2969 5597 3249 5660 opponere
3278 5580 3598 5645 tentaverit,
3634 5596 3751 5636 m0-
