  <div class='ocr_page' id='page_1' title='image "/cluster/home/n/w/nwhite01/storage/ocr_20150623/120/hvd.32044054759824/022.png"; bbox 0 0 3966 6206; ppageno 0'>
   <div class='ocr_carea' id='block_1_1' title="bbox 170 388 3440 459">
    <p class='ocr_par' dir='ltr' id='par_1_1' title="bbox 170 388 3440 459">
     <span class='ocr_line' id='line_1_1' title="bbox 170 388 3440 459; baseline 0.006 -21"><span class='ocrx_word' id='word_1_1' title='bbox 170 391 227 447; x_wconf 83' lang='grc'>33</span> <span class='ocrx_word' id='word_1_2' title='bbox 1031 388 1409 445; x_wconf 79' lang='lat' dir='ltr'><strong>EXPOSITIO</strong></span> <span class='ocrx_word' id='word_1_3' title='bbox 1449 389 1526 444; x_wconf 87' lang='lat' dir='ltr'><strong>IN</strong></span> <span class='ocrx_word' id='word_1_4' title='bbox 1563 388 2015 445; x_wconf 64' lang='lat' dir='ltr'><strong>MA&#39;I&#39;I‘HZEUM.</strong></span> <span class='ocrx_word' id='word_1_5' title='bbox 2055 418 2125 434; x_wconf 91' lang='lat'><strong><em>—</em></strong></span> <span class='ocrx_word' id='word_1_6' title='bbox 2161 390 2561 448; x_wconf 86' lang='lat' dir='ltr'><strong>PROLOGUS.</strong></span> <span class='ocrx_word' id='word_1_7' title='bbox 3351 397 3440 459; x_wconf 17' lang='lat'><strong>34’</strong></span> 
     </span>
    </p>
   </div>
   <div class='ocr_carea' id='block_1_2' title="bbox 173 514 3418 592">
    <p class='ocr_par' dir='ltr' id='par_1_2' title="bbox 173 514 3418 592">
     <span class='ocr_line' id='line_1_2' title="bbox 173 514 3418 592; baseline 0.003 -21"><span class='ocrx_word' id='word_1_8' title='bbox 173 518 314 571; x_wconf 85' lang='lat' dir='ltr'><strong>demo</strong></span> <span class='ocrx_word' id='word_1_9' title='bbox 340 520 602 586; x_wconf 89' lang='lat' dir='ltr'><strong>tempore</strong></span> <span class='ocrx_word' id='word_1_10' title='bbox 628 519 757 586; x_wconf 91' lang='lat' dir='ltr'><strong>post</strong></span> <span class='ocrx_word' id='word_1_11' title='bbox 779 514 1171 570; x_wconf 83' lang='lat' dir='ltr'><strong>auctoritatem</strong></span> <span class='ocrx_word' id='word_1_12' title='bbox 1201 515 1434 569; x_wconf 82' lang='lat' dir='ltr'><strong>Patrum</strong></span> <span class='ocrx_word' id='word_1_13' title='bbox 1464 515 1737 586; x_wconf 83' lang='lat' dir='ltr'><strong>priorum,</strong></span> <span class='ocrx_word' id='word_1_14' title='bbox 1764 519 1806 575; x_wconf 88' lang='lat' dir='ltr'><strong>A</strong></span> <span class='ocrx_word' id='word_1_15' title='bbox 1831 531 1940 569; x_wconf 90' lang='lat' dir='ltr'><strong>non</strong></span> <span class='ocrx_word' id='word_1_16' title='bbox 1978 515 2101 569; x_wconf 88' lang='lat' dir='ltr'>dico</span> <span class='ocrx_word' id='word_1_17' title='bbox 2134 516 2192 570; x_wconf 91' lang='lat' dir='ltr'><strong>in</strong></span> <span class='ocrx_word' id='word_1_18' title='bbox 2225 517 2479 571; x_wconf 83' lang='lat' dir='ltr'><strong>doctrina</strong></span> <span class='ocrx_word' id='word_1_19' title='bbox 2505 531 2701 571; x_wconf 91' lang='lat' dir='ltr'><strong>verum</strong></span> <span class='ocrx_word' id='word_1_20' title='bbox 2730 520 2788 571; x_wconf 93' lang='lat' dir='ltr'><strong>et</strong></span> <span class='ocrx_word' id='word_1_21' title='bbox 2816 517 2874 572; x_wconf 90' lang='lat' dir='ltr'><strong>in</strong></span> <span class='ocrx_word' id='word_1_22' title='bbox 2899 517 3032 584; x_wconf 77' lang='lat' dir='ltr'><strong>&#39;vita,</strong></span> <span class='ocrx_word' id='word_1_23' title='bbox 3066 523 3304 592; x_wconf 85' lang='lat' dir='ltr'><strong>gaudeo.</strong></span> <span class='ocrx_word' id='word_1_24' title='bbox 3325 527 3418 592; x_wconf 88' lang='lat' dir='ltr'><strong>Ut,</strong></span> 
     </span>
    </p>
   </div>
   <div class='ocr_carea' id='block_1_3' title="bbox 171 604 1748 677">
    <p class='ocr_par' dir='ltr' id='par_1_3' title="bbox 171 604 1748 677">
     <span class='ocr_line' id='line_1_3' title="bbox 171 604 1748 677; baseline -0.001 -17"><span class='ocrx_word' id='word_1_25' title='bbox 171 605 361 677; x_wconf 79' lang='lat' dir='ltr'><strong>utquid</strong></span> <span class='ocrx_word' id='word_1_26' title='bbox 387 605 550 659; x_wconf 90' lang='lat' dir='ltr'><strong>nisus</strong></span> <span class='ocrx_word' id='word_1_27' title='bbox 595 604 706 658; x_wconf 89' lang='lat' dir='ltr'><strong>sim</strong></span> <span class='ocrx_word' id='word_1_28' title='bbox 747 605 1110 674; x_wconf 88' lang='lat' dir='ltr'><strong>Evangelium</strong></span> <span class='ocrx_word' id='word_1_29' title='bbox 1154 605 1474 675; x_wconf 82' lang='lat' dir='ltr'><strong>exponere?</strong></span> <span class='ocrx_word' id='word_1_30' title='bbox 1518 605 1748 658; x_wconf 82' lang='lat' dir='ltr'><strong>Noverit</strong></span> 
     </span>
    </p>
   </div>
   <div class='ocr_carea' id='block_1_4' title="bbox 171 693 1744 766">
    <p class='ocr_par' dir='ltr' id='par_1_4' title="bbox 171 693 1744 766">
     <span class='ocr_line' id='line_1_4' title="bbox 171 693 1744 766; baseline -0.001 -18"><span class='ocrx_word' id='word_1_31' title='bbox 171 696 293 766; x_wconf 86' lang='lat' dir='ltr'><strong>quod</strong></span> <span class='ocrx_word' id='word_1_32' title='bbox 342 711 460 748; x_wconf 91' lang='lat' dir='ltr'><strong>non</strong></span> <span class='ocrx_word' id='word_1_33' title='bbox 507 693 836 748; x_wconf 86' lang='lat' dir='ltr'><strong>temeritate</strong></span> <span class='ocrx_word' id='word_1_34' title='bbox 872 711 1006 748; x_wconf 89' lang='lat' dir='ltr'><strong>usus</strong></span> <span class='ocrx_word' id='word_1_35' title='bbox 1046 694 1152 747; x_wconf 90' lang='lat' dir='ltr'><strong>hoc</strong></span> <span class='ocrx_word' id='word_1_36' title='bbox 1196 694 1600 764; x_wconf 71' lang='lat' dir='ltr'><strong>praeelegerim,</strong></span> <span class='ocrx_word' id='word_1_37' title='bbox 1649 694 1744 747; x_wconf 94' lang='lat' dir='ltr'><strong>sed</strong></span> 
     </span>
    </p>
   </div>
   <div class='ocr_carea' id='block_1_5' title="bbox 169 782 1747 853">
    <p class='ocr_par' dir='ltr' id='par_1_5' title="bbox 169 782 1747 853">
     <span class='ocr_line' id='line_1_5' title="bbox 169 782 1747 853; baseline -0.001 -16"><span class='ocrx_word' id='word_1_38' title='bbox 169 801 331 838; x_wconf 88' lang='lat' dir='ltr'><strong>amore</strong></span> <span class='ocrx_word' id='word_1_39' title='bbox 386 782 699 853; x_wconf 85' lang='lat' dir='ltr'><strong>religionis,</strong></span> <span class='ocrx_word' id='word_1_40' title='bbox 755 783 984 853; x_wconf 90' lang='lat' dir='ltr'><strong>cupiens</strong></span> <span class='ocrx_word' id='word_1_41' title='bbox 1029 789 1264 852; x_wconf 89' lang='lat' dir='ltr'><strong>paterna</strong></span> <span class='ocrx_word' id='word_1_42' title='bbox 1310 783 1572 853; x_wconf 86' lang='lat' dir='ltr'><strong>supplere</strong></span> <span class='ocrx_word' id='word_1_43' title='bbox 1617 788 1747 836; x_wconf 87' lang='lat' dir='ltr'><strong>vota</strong></span> 
     </span>
    </p>
   </div>
   <div class='ocr_carea' id='block_1_6' title="bbox 167 871 1746 943">
    <p class='ocr_par' dir='ltr' id='par_1_6' title="bbox 167 871 1746 943">
     <span class='ocr_line' id='line_1_6' title="bbox 167 871 1746 943; baseline -0.002 -16"><span class='ocrx_word' id='word_1_44' title='bbox 167 875 352 928; x_wconf 86' lang='lat' dir='ltr'><strong>Christi</strong></span> <span class='ocrx_word' id='word_1_45' title='bbox 396 873 578 942; x_wconf 87' lang='lat' dir='ltr'><strong>gratia</strong></span> <span class='ocrx_word' id='word_1_46' title='bbox 623 888 937 943; x_wconf 87' lang='lat' dir='ltr'><strong>respersus.</strong></span> <span class='ocrx_word' id='word_1_47' title='bbox 968 871 1241 937; x_wconf 86' lang='lat' dir='ltr'><strong>Profecto,</strong></span> <span class='ocrx_word' id='word_1_48' title='bbox 1303 872 1436 941; x_wconf 87' lang='lat' dir='ltr'><strong>quia</strong></span> <span class='ocrx_word' id='word_1_49' title='bbox 1477 872 1746 925; x_wconf 84' lang='lat' dir='ltr'><strong>hactenus</strong></span> 
     </span>
    </p>
   </div>
   <div class='ocr_carea' id='block_1_7' title="bbox 163 959 1742 1032">
    <p class='ocr_par' dir='ltr' id='par_1_7' title="bbox 163 959 1742 1032">
     <span class='ocr_line' id='line_1_7' title="bbox 163 959 1742 1032; baseline -0.003 -15"><span class='ocrx_word' id='word_1_50' title='bbox 163 979 311 1017; x_wconf 89' lang='lat' dir='ltr'><strong>nemo</strong></span> <span class='ocrx_word' id='word_1_51' title='bbox 341 962 634 1015; x_wconf 87' lang='lat' dir='ltr'><strong>doctorum</strong></span> <span class='ocrx_word' id='word_1_52' title='bbox 665 960 1007 1032; x_wconf 64' lang='lat' dir='ltr'><strong>pmscripsit</strong></span> <span class='ocrx_word' id='word_1_53' title='bbox 1035 960 1247 1014; x_wconf 87' lang='lat' dir='ltr'><strong>donum</strong></span> <span class='ocrx_word' id='word_1_54' title='bbox 1277 959 1455 1014; x_wconf 83' lang='lat' dir='ltr'><strong>sancti</strong></span> <span class='ocrx_word' id='word_1_55' title='bbox 1482 960 1742 1030; x_wconf 86' lang='lat' dir='ltr'><strong>Spiritus,</strong></span> 
     </span>
    </p>
   </div>
   <div class='ocr_carea' id='block_1_8' title="bbox 163 1049 1748 1119">
    <p class='ocr_par' dir='ltr' id='par_1_8' title="bbox 163 1049 1748 1119">
     <span class='ocr_line' id='line_1_8' title="bbox 163 1049 1748 1119; baseline -0.002 -14"><span class='ocrx_word' id='word_1_56' title='bbox 163 1059 210 1106; x_wconf 88' lang='lat' dir='ltr'><strong>et</strong></span> <span class='ocrx_word' id='word_1_57' title='bbox 226 1051 427 1104; x_wconf 90' lang='lat' dir='ltr'><strong>mentis</strong></span> <span class='ocrx_word' id='word_1_58' title='bbox 449 1049 761 1103; x_wconf 81' lang='lat' dir='ltr'><strong>efﬁcaciam</strong></span> <span class='ocrx_word' id='word_1_59' title='bbox 778 1050 1117 1113; x_wconf 88' lang='lat' dir='ltr'><strong>futurorum,</strong></span> <span class='ocrx_word' id='word_1_60' title='bbox 1139 1065 1304 1103; x_wconf 89' lang='lat' dir='ltr'><strong>nemo</strong></span> <span class='ocrx_word' id='word_1_61' title='bbox 1331 1049 1426 1119; x_wconf 89' lang='lat' dir='ltr'><strong>qui</strong></span> <span class='ocrx_word' id='word_1_62' title='bbox 1448 1049 1748 1102; x_wconf 89' lang='lat' dir='ltr'><strong>interdixe-</strong></span> 
     </span>
    </p>
   </div>
   <div class='ocr_carea' id='block_1_9' title="bbox 163 1137 1748 1209">
    <p class='ocr_par' dir='ltr' id='par_1_9' title="bbox 163 1137 1748 1209">
     <span class='ocr_line' id='line_1_9' title="bbox 163 1137 1748 1209; baseline -0.001 -15"><span class='ocrx_word' id='word_1_63' title='bbox 163 1141 225 1194; x_wconf 89' lang='lat' dir='ltr'><strong>rit</strong></span> <span class='ocrx_word' id='word_1_64' title='bbox 252 1138 570 1194; x_wconf 78' lang='lat' dir='ltr'><strong>coelestibus</strong></span> <span class='ocrx_word' id='word_1_65' title='bbox 594 1155 796 1209; x_wconf 89' lang='lat' dir='ltr'><strong>parere</strong></span> <span class='ocrx_word' id='word_1_66' title='bbox 817 1138 1142 1209; x_wconf 88' lang='lat' dir='ltr'><strong>disciplinis.</strong></span> <span class='ocrx_word' id='word_1_67' title='bbox 1170 1138 1276 1192; x_wconf 90' lang='lat' dir='ltr'><strong>Sed</strong></span> <span class='ocrx_word' id='word_1_68' title='bbox 1288 1137 1512 1208; x_wconf 88' lang='lat' dir='ltr'><strong>ignavia</strong></span> <span class='ocrx_word' id='word_1_69' title='bbox 1523 1138 1748 1192; x_wconf 89' lang='lat' dir='ltr'><strong>fraudu-</strong></span> 
     </span>
    </p>
   </div>
   <div class='ocr_carea' id='block_1_10' title="bbox 166 1226 1747 1299">
    <p class='ocr_par' dir='ltr' id='par_1_10' title="bbox 166 1226 1747 1299">
     <span class='ocr_line' id='line_1_10' title="bbox 166 1226 1747 1299; baseline -0.002 -16"><span class='ocrx_word' id='word_1_70' title='bbox 166 1230 434 1283; x_wconf 82' lang='lat' dir='ltr'><strong>lentarum</strong></span> <span class='ocrx_word' id='word_1_71' title='bbox 457 1245 685 1299; x_wconf 87' lang='lat' dir='ltr'><strong>semper</strong></span> <span class='ocrx_word' id='word_1_72' title='bbox 702 1227 1018 1299; x_wconf 88' lang='lat' dir='ltr'><strong>promptior</strong></span> <span class='ocrx_word' id='word_1_73' title='bbox 1036 1227 1250 1281; x_wconf 85' lang='lat' dir='ltr'><strong>exstitit</strong></span> <span class='ocrx_word' id='word_1_74' title='bbox 1260 1243 1401 1281; x_wconf 90' lang='lat' dir='ltr'><strong>ausu</strong></span> <span class='ocrx_word' id='word_1_75' title='bbox 1413 1226 1747 1281; x_wconf 87' lang='lat' dir='ltr'><strong>temeritatis</strong></span> 
     </span>
    </p>
   </div>
   <div class='ocr_carea' id='block_1_11' title="bbox 166 1316 1748 1390">
    <p class='ocr_par' dir='ltr' id='par_1_11' title="bbox 166 1316 1748 1390">
     <span class='ocr_line' id='line_1_11' title="bbox 166 1316 1748 1390; baseline -0.001 -18"><span class='ocrx_word' id='word_1_76' title='bbox 166 1319 410 1390; x_wconf 86' lang='lat' dir='ltr'><strong>proﬁcua,</strong></span> <span class='ocrx_word' id='word_1_77' title='bbox 444 1333 588 1387; x_wconf 90' lang='lat' dir='ltr'><strong>quos</strong></span> <span class='ocrx_word' id='word_1_78' title='bbox 619 1317 786 1370; x_wconf 89' lang='lat' dir='ltr'><strong>modo</strong></span> <span class='ocrx_word' id='word_1_79' title='bbox 812 1333 1160 1380; x_wconf 82' lang='lat' dir='ltr'><strong>veneramur,</strong></span> <span class='ocrx_word' id='word_1_80' title='bbox 1195 1317 1429 1370; x_wconf 87' lang='lat' dir='ltr'><strong>Patrum</strong></span> <span class='ocrx_word' id='word_1_81' title='bbox 1452 1316 1634 1370; x_wconf 84' lang='lat' dir='ltr'><strong>officia</strong></span> <span class='ocrx_word' id='word_1_82' title='bbox 1661 1333 1748 1371; x_wconf 88' lang='lat' dir='ltr'><strong>ca-</strong></span> 
     </span>
    </p>
   </div>
   <div class='ocr_carea' id='block_1_12' title="bbox 169 1406 1742 1476">
    <p class='ocr_par' dir='ltr' id='par_1_12' title="bbox 169 1406 1742 1476">
     <span class='ocr_line' id='line_1_12' title="bbox 169 1406 1742 1476; baseline -0.002 -15"><span class='ocrx_word' id='word_1_83' title='bbox 169 1407 430 1471; x_wconf 87' lang='lat' dir='ltr'><strong>lumniari,</strong></span> <span class='ocrx_word' id='word_1_84' title='bbox 449 1422 622 1476; x_wconf 88' lang='lat' dir='ltr'><strong>quam</strong></span> <span class='ocrx_word' id='word_1_85' title='bbox 641 1406 893 1459; x_wconf 75' lang='lat' dir='ltr'><strong>veritatis</strong></span> <span class='ocrx_word' id='word_1_86' title='bbox 905 1406 1150 1459; x_wconf 58' lang='lat' dir='ltr'><strong>scientia),</strong></span> <span class='ocrx_word' id='word_1_87' title='bbox 1166 1422 1394 1476; x_wconf 88' lang='lat' dir='ltr'><strong>operam</strong></span> <span class='ocrx_word' id='word_1_88' title='bbox 1408 1406 1742 1476; x_wconf 87' lang='lat' dir='ltr'><strong>appendere.</strong></span> 
     </span>
    </p>
   </div>
   <div class='ocr_carea' id='block_1_13' title="bbox 169 1494 1748 1566">
    <p class='ocr_par' dir='ltr' id='par_1_13' title="bbox 169 1494 1748 1566">
     <span class='ocr_line' id='line_1_13' title="bbox 169 1494 1748 1566; baseline -0.002 -16"><span class='ocrx_word' id='word_1_89' title='bbox 169 1498 264 1550; x_wconf 88' lang='lat' dir='ltr'><strong>Hoc</strong></span> <span class='ocrx_word' id='word_1_90' title='bbox 286 1496 496 1566; x_wconf 89' lang='lat' dir='ltr'><strong>quippe</strong></span> <span class='ocrx_word' id='word_1_91' title='bbox 525 1494 678 1565; x_wconf 89' lang='lat' dir='ltr'><strong>passi</strong></span> <span class='ocrx_word' id='word_1_92' title='bbox 704 1500 840 1548; x_wconf 89' lang='lat' dir='ltr'><strong>sunt</strong></span> <span class='ocrx_word' id='word_1_93' title='bbox 859 1495 1064 1549; x_wconf 90' lang='lat' dir='ltr'><strong>summi</strong></span> <span class='ocrx_word' id='word_1_94' title='bbox 1088 1494 1420 1565; x_wconf 82' lang='lat' dir='ltr'><strong>phiIOSOphi,</strong></span> <span class='ocrx_word' id='word_1_95' title='bbox 1449 1495 1552 1548; x_wconf 93' lang='lat' dir='ltr'><strong>hoc</strong></span> <span class='ocrx_word' id='word_1_96' title='bbox 1573 1500 1748 1564; x_wconf 64' lang='lat' dir='ltr'><strong>poetm</strong></span> 
     </span>
    </p>
   </div>
   <div class='ocr_carea' id='block_1_14' title="bbox 168 1583 1742 1649">
    <p class='ocr_par' dir='ltr' id='par_1_14' title="bbox 168 1583 1742 1649">
     <span class='ocr_line' id='line_1_14' title="bbox 168 1583 1742 1649; baseline -0.001 -10"><span class='ocrx_word' id='word_1_97' title='bbox 168 1585 371 1644; x_wconf 83' lang='lat' dir='ltr'><strong>nobiles.</strong></span> <span class='ocrx_word' id='word_1_98' title='bbox 385 1586 491 1638; x_wconf 89' lang='lat' dir='ltr'><strong>hoc</strong></span> <span class='ocrx_word' id='word_1_99' title='bbox 507 1585 780 1648; x_wconf 91' lang='lat' dir='ltr'><strong>nostri,ut</strong></span> <span class='ocrx_word' id='word_1_100' title='bbox 797 1583 1315 1649; x_wconf 87' lang='lat' dir='ltr'><strong>dixi,doctores;sed</strong></span> <span class='ocrx_word' id='word_1_101' title='bbox 1330 1588 1518 1636; x_wconf 87' lang='lat' dir='ltr'><strong>tamen</strong></span> <span class='ocrx_word' id='word_1_102' title='bbox 1531 1599 1742 1647; x_wconf 89' lang='lat' dir='ltr'><strong>omnes,</strong></span> 
     </span>
    </p>
   </div>
   <div class='ocr_carea' id='block_1_15' title="bbox 167 1670 1752 1745">
    <p class='ocr_par' dir='ltr' id='par_1_15' title="bbox 167 1670 1752 1745">
     <span class='ocr_line' id='line_1_15' title="bbox 167 1670 1752 1745; baseline -0.002 -18"><span class='ocrx_word' id='word_1_103' title='bbox 167 1675 396 1745; x_wconf 85' lang='lat' dir='ltr'><strong>priorum</strong></span> <span class='ocrx_word' id='word_1_104' title='bbox 425 1677 712 1725; x_wconf 86' lang='lat' dir='ltr'><strong>sectantes</strong></span> <span class='ocrx_word' id='word_1_105' title='bbox 742 1671 950 1735; x_wconf 87' lang='lat' dir='ltr'><strong>studia,</strong></span> <span class='ocrx_word' id='word_1_106' title='bbox 981 1687 1046 1725; x_wconf 80' lang='lat' dir='ltr'><strong>ex</strong></span> <span class='ocrx_word' id='word_1_107' title='bbox 1089 1688 1283 1725; x_wconf 90' lang='lat' dir='ltr'><strong>eorum</strong></span> <span class='ocrx_word' id='word_1_108' title='bbox 1324 1670 1578 1724; x_wconf 89' lang='lat' dir='ltr'><strong>sensibus</strong></span> <span class='ocrx_word' id='word_1_109' title='bbox 1609 1688 1752 1742; x_wconf 67' lang='lat' dir='ltr'><strong>prte-</strong></span> 
     </span>
    </p>
   </div>
   <div class='ocr_carea' id='block_1_16' title="bbox 163 1759 1754 1832">
    <p class='ocr_par' dir='ltr' id='par_1_16' title="bbox 163 1759 1754 1832">
     <span class='ocr_line' id='line_1_16' title="bbox 163 1759 1754 1832; baseline -0.002 -15"><span class='ocrx_word' id='word_1_110' title='bbox 163 1763 421 1817; x_wconf 84' lang='lat' dir='ltr'><strong>stantoria</strong></span> <span class='ocrx_word' id='word_1_111' title='bbox 449 1761 693 1832; x_wconf 89' lang='lat' dir='ltr'><strong>posteris</strong></span> <span class='ocrx_word' id='word_1_112' title='bbox 725 1760 1115 1814; x_wconf 90' lang='lat' dir='ltr'><strong>condiderunt.</strong></span> <span class='ocrx_word' id='word_1_113' title='bbox 1135 1760 1311 1824; x_wconf 88' lang='lat' dir='ltr'><strong>Unde,</strong></span> <span class='ocrx_word' id='word_1_114' title='bbox 1336 1759 1383 1812; x_wconf 92' lang='lat' dir='ltr'><strong>si</strong></span> <span class='ocrx_word' id='word_1_115' title='bbox 1408 1760 1754 1830; x_wconf 62' lang='lat' dir='ltr'><strong>praeferenda</strong></span> 
     </span>
    </p>
   </div>
   <div class='ocr_carea' id='block_1_17' title="bbox 1828 605 3422 684">
    <p class='ocr_par' dir='ltr' id='par_1_17' title="bbox 1828 605 3422 684">
     <span class='ocr_line' id='line_1_17' title="bbox 1828 605 3422 684; baseline 0.009 -27"><span class='ocrx_word' id='word_1_116' title='bbox 1828 605 1961 658; x_wconf 91' lang='lat' dir='ltr'><strong>dum</strong></span> <span class='ocrx_word' id='word_1_117' title='bbox 1983 605 2110 658; x_wconf 88' lang='lat' dir='ltr'><strong>aliis</strong></span> <span class='ocrx_word' id='word_1_118' title='bbox 2133 606 2536 660; x_wconf 83' lang='lat' dir='ltr'><strong>exhortationis</strong></span> <span class='ocrx_word' id='word_1_119' title='bbox 2553 606 2756 676; x_wconf 89' lang='lat' dir='ltr'><strong>gratia,</strong></span> <span class='ocrx_word' id='word_1_120' title='bbox 2778 608 3054 678; x_wconf 87' lang='lat' dir='ltr'><strong>profunda</strong></span> <span class='ocrx_word' id='word_1_121' title='bbox 3072 611 3422 684; x_wconf 89' lang='lat' dir='ltr'><strong>eloquiorum</strong></span> 
     </span>
    </p>
   </div>
   <div class='ocr_carea' id='block_1_18' title="bbox 1827 693 3424 770">
    <p class='ocr_par' dir='ltr' id='par_1_18' title="bbox 1827 693 3424 770">
     <span class='ocr_line' id='line_1_18' title="bbox 1827 693 3424 770; baseline 0.009 -24"><span class='ocrx_word' id='word_1_122' title='bbox 1827 693 1928 746; x_wconf 93' lang='lat' dir='ltr'><strong>Dei</strong></span> <span class='ocrx_word' id='word_1_123' title='bbox 1959 694 2226 763; x_wconf 79' lang='lat' dir='ltr'><strong>mysteria</strong></span> <span class='ocrx_word' id='word_1_124' title='bbox 2253 695 2568 764; x_wconf 90' lang='lat' dir='ltr'><strong>pandendo,</strong></span> <span class='ocrx_word' id='word_1_125' title='bbox 2587 701 2838 766; x_wconf 89' lang='lat' dir='ltr'><strong>penetro,</strong></span> <span class='ocrx_word' id='word_1_126' title='bbox 2870 697 2917 751; x_wconf 90' lang='lat' dir='ltr'><strong>si</strong></span> <span class='ocrx_word' id='word_1_127' title='bbox 2945 701 3168 770; x_wconf 89' lang='lat' dir='ltr'><strong>quando</strong></span> <span class='ocrx_word' id='word_1_128' title='bbox 3189 703 3424 760; x_wconf 87' lang='lat' dir='ltr'><strong>inﬁrmi-</strong></span> 
     </span>
    </p>
   </div>
   <div class='ocr_carea' id='block_1_19' title="bbox 1828 781 3422 861">
    <p class='ocr_par' dir='ltr' id='par_1_19' title="bbox 1828 781 3422 861">
     <span class='ocr_line' id='line_1_19' title="bbox 1828 781 3422 861; baseline 0.009 -27"><span class='ocrx_word' id='word_1_129' title='bbox 1828 781 1960 835; x_wconf 89' lang='lat' dir='ltr'><strong>tatis</strong></span> <span class='ocrx_word' id='word_1_130' title='bbox 1988 783 2247 836; x_wconf 67' lang='lat' dir='ltr'><strong>humanae</strong></span> <span class='ocrx_word' id='word_1_131' title='bbox 2277 783 2427 837; x_wconf 85' lang='lat' dir='ltr'><strong>vitiis</strong></span> <span class='ocrx_word' id='word_1_132' title='bbox 2448 786 2762 856; x_wconf 90' lang='lat' dir='ltr'><strong>propulsor,</strong></span> <span class='ocrx_word' id='word_1_133' title='bbox 2776 785 2958 841; x_wconf 88' lang='lat' dir='ltr'><strong>verbis</strong></span> <span class='ocrx_word' id='word_1_134' title='bbox 2979 791 3223 861; x_wconf 68' lang='lat' dir='ltr'><strong>propriae</strong></span> <span class='ocrx_word' id='word_1_135' title='bbox 3237 809 3422 849; x_wconf 90' lang='lat' dir='ltr'><strong>asser-</strong></span> 
     </span>
    </p>
   </div>
   <div class='ocr_carea' id='block_1_20' title="bbox 1827 869 3424 946">
    <p class='ocr_par' dir='ltr' id='par_1_20' title="bbox 1827 869 3424 946">
     <span class='ocr_line' id='line_1_20' title="bbox 1827 869 3424 946; baseline 0.01 -24"><span class='ocrx_word' id='word_1_136' title='bbox 1827 869 1994 923; x_wconf 90' lang='lat' dir='ltr'><strong>tionis</strong></span> <span class='ocrx_word' id='word_1_137' title='bbox 2029 872 2412 941; x_wconf 70' lang='lat' dir='ltr'><strong>przemonitus,</strong></span> <span class='ocrx_word' id='word_1_138' title='bbox 2454 873 2573 942; x_wconf 89' lang='lat' dir='ltr'><strong>ipse</strong></span> <span class='ocrx_word' id='word_1_139' title='bbox 2620 891 2709 927; x_wconf 89' lang='lat' dir='ltr'><strong>me</strong></span> <span class='ocrx_word' id='word_1_140' title='bbox 2750 876 3177 946; x_wconf 86' lang='lat' dir='ltr'><strong>reprehendam.</strong></span> <span class='ocrx_word' id='word_1_141' title='bbox 3217 881 3324 936; x_wconf 93' lang='lat' dir='ltr'><strong>Sed</strong></span> <span class='ocrx_word' id='word_1_142' title='bbox 3367 889 3424 938; x_wconf 92' lang='lat' dir='ltr'><strong>et</strong></span> 
     </span>
    </p>
   </div>
   <div class='ocr_carea' id='block_1_21' title="bbox 1827 960 3426 1039">
    <p class='ocr_par' dir='ltr' id='par_1_21' title="bbox 1827 960 3426 1039">
     <span class='ocr_line' id='line_1_21' title="bbox 1827 960 3426 1039; baseline 0.009 -27"><span class='ocrx_word' id='word_1_143' title='bbox 1827 975 2092 1029; x_wconf 85' lang='lat' dir='ltr'><strong>sequaces</strong></span> <span class='ocrx_word' id='word_1_144' title='bbox 2117 960 2518 1014; x_wconf 84' lang='lat' dir='ltr'><strong>recentioribus</strong></span> <span class='ocrx_word' id='word_1_145' title='bbox 2540 961 2833 1028; x_wconf 87' lang='lat' dir='ltr'><strong>institutis,</strong></span> <span class='ocrx_word' id='word_1_146' title='bbox 2869 964 2939 1018; x_wconf 90' lang='lat' dir='ltr'><strong>ad</strong></span> <span class='ocrx_word' id='word_1_147' title='bbox 2970 969 3249 1039; x_wconf 86' lang='lat' dir='ltr'><strong>praecipua</strong></span> <span class='ocrx_word' id='word_1_148' title='bbox 3278 970 3426 1028; x_wconf 88' lang='lat' dir='ltr'><strong>Scri-</strong></span> 
     </span>
    </p>
   </div>
   <div class='ocr_carea' id='block_1_22' title="bbox 1828 1049 3425 1123">
    <p class='ocr_par' dir='ltr' id='par_1_22' title="bbox 1828 1049 3425 1123">
     <span class='ocr_line' id='line_1_22' title="bbox 1828 1049 3425 1123; baseline 0.011 -24"><span class='ocrx_word' id='word_1_149' title='bbox 1828 1052 2124 1118; x_wconf 89' lang='lat' dir='ltr'><strong>pturarum</strong></span> <span class='ocrx_word' id='word_1_150' title='bbox 2157 1065 2328 1120; x_wconf 87' lang='lat' dir='ltr'><strong>opera</strong></span> <span class='ocrx_word' id='word_1_151' title='bbox 2358 1049 2660 1104; x_wconf 86' lang='lat' dir='ltr'><strong>instantius</strong></span> <span class='ocrx_word' id='word_1_152' title='bbox 2691 1052 3037 1123; x_wconf 86' lang='lat' dir='ltr'><strong>meditanda,</strong></span> <span class='ocrx_word' id='word_1_153' title='bbox 3065 1056 3287 1112; x_wconf 90' lang='lat' dir='ltr'><strong>incitari</strong></span> <span class='ocrx_word' id='word_1_154' title='bbox 3311 1077 3425 1116; x_wconf 90' lang='lat' dir='ltr'><strong>non</strong></span> 
     </span>
    </p>
   </div>
   <div class='ocr_carea' id='block_1_23' title="bbox 1831 1135 3424 1210">
    <p class='ocr_par' dir='ltr' id='par_1_23' title="bbox 1831 1135 3424 1210">
     <span class='ocr_line' id='line_1_23' title="bbox 1831 1135 3424 1210; baseline 0.009 -20"><span class='ocrx_word' id='word_1_155' title='bbox 1831 1135 2073 1207; x_wconf 82' lang='lat' dir='ltr'><strong>ambigo.</strong></span> <span class='ocrx_word' id='word_1_156' title='bbox 2101 1139 2175 1191; x_wconf 86' lang='lat' dir='ltr'><strong>At</strong></span> <span class='ocrx_word' id='word_1_157' title='bbox 2202 1138 2346 1192; x_wconf 88' lang='lat' dir='ltr'><strong>forte</strong></span> <span class='ocrx_word' id='word_1_158' title='bbox 2373 1155 2511 1208; x_wconf 91' lang='lat' dir='ltr'><strong>quos</strong></span> <span class='ocrx_word' id='word_1_159' title='bbox 2533 1139 2825 1210; x_wconf 89' lang='lat' dir='ltr'><strong>disciplina</strong></span> <span class='ocrx_word' id='word_1_160' title='bbox 2854 1149 2917 1205; x_wconf 69' lang='lat'><strong>5</strong></span> <span class='ocrx_word' id='word_1_161' title='bbox 2940 1143 3148 1200; x_wconf 90' lang='lat' dir='ltr'><strong>Christi</strong></span> <span class='ocrx_word' id='word_1_162' title='bbox 3168 1148 3424 1204; x_wconf 91' lang='lat' dir='ltr'><strong>eminen-</strong></span> 
     </span>
    </p>
   </div>
   <div class='ocr_carea' id='block_1_24' title="bbox 1829 1225 3422 1310">
    <p class='ocr_par' dir='ltr' id='par_1_24' title="bbox 1829 1225 3422 1310">
     <span class='ocr_line' id='line_1_24' title="bbox 1829 1225 3422 1310; baseline 0.01 -32"><span class='ocrx_word' id='word_1_163' title='bbox 1829 1225 1940 1279; x_wconf 89' lang='lat' dir='ltr'><strong>tior</strong></span> <span class='ocrx_word' id='word_1_164' title='bbox 1958 1226 2221 1292; x_wconf 87' lang='lat' dir='ltr'><strong>illustrat,</strong></span> <span class='ocrx_word' id='word_1_165' title='bbox 2237 1227 2471 1281; x_wconf 89' lang='lat' dir='ltr'><strong>scientia</strong></span> <span class='ocrx_word' id='word_1_166' title='bbox 2491 1227 2828 1298; x_wconf 89' lang='lat' dir='ltr'><strong>pollentibus</strong></span> <span class='ocrx_word' id='word_1_167' title='bbox 2851 1231 3057 1298; x_wconf 85' lang='lat' dir='ltr'><strong>altiori,</strong></span> <span class='ocrx_word' id='word_1_168' title='bbox 3087 1234 3204 1290; x_wconf 55' lang='lat' dir='ltr'><strong>haec</strong></span> <span class='ocrx_word' id='word_1_169' title='bbox 3229 1254 3422 1310; x_wconf 91' lang='lat' dir='ltr'><strong>super-</strong></span> 
     </span>
    </p>
   </div>
   <div class='ocr_carea' id='block_1_25' title="bbox 1831 1315 3425 1387">
    <p class='ocr_par' dir='ltr' id='par_1_25' title="bbox 1831 1315 3425 1387">
     <span class='ocr_line' id='line_1_25' title="bbox 1831 1315 3425 1387; baseline 0.009 -19"><span class='ocrx_word' id='word_1_170' title='bbox 1831 1315 1946 1368; x_wconf 84' lang='lat' dir='ltr'><strong>flua</strong></span> <span class='ocrx_word' id='word_1_171' title='bbox 1978 1315 2252 1369; x_wconf 85' lang='lat' dir='ltr'><strong>videbitur</strong></span> <span class='ocrx_word' id='word_1_172' title='bbox 2273 1322 2329 1370; x_wconf 89' lang='lat' dir='ltr'><strong>et</strong></span> <span class='ocrx_word' id='word_1_173' title='bbox 2357 1316 2576 1387; x_wconf 90' lang='lat' dir='ltr'><strong>prolixa</strong></span> <span class='ocrx_word' id='word_1_174' title='bbox 2599 1317 2932 1387; x_wconf 84' lang='lat' dir='ltr'><strong>explanatio.</strong></span> <span class='ocrx_word' id='word_1_175' title='bbox 2952 1320 3270 1380; x_wconf 75' lang='lat' dir='ltr'><strong>Praesertim</strong></span> <span class='ocrx_word' id='word_1_176' title='bbox 3297 1343 3425 1383; x_wconf 90' lang='lat' dir='ltr'><strong>cum</strong></span> 
     </span>
    </p>
   </div>
   <div class='ocr_carea' id='block_1_26' title="bbox 1829 1394 3428 1479">
    <p class='ocr_par' dir='ltr' id='par_1_26' title="bbox 1829 1394 3428 1479">
     <span class='ocr_line' id='line_1_26' title="bbox 1829 1394 3428 1479; baseline 0.009 -23"><span class='ocrx_word' id='word_1_177' title='bbox 1829 1408 2056 1458; x_wconf 90' lang='lat' dir='ltr'><strong>sanctus</strong></span> <span class='ocrx_word' id='word_1_178' title='bbox 2079 1404 2343 1469; x_wconf 85' lang='lat' dir='ltr'><strong>Hilarius,</strong></span> <span class='ocrx_word' id='word_1_179' title='bbox 2379 1405 2650 1475; x_wconf 63' lang='lat' dir='ltr'><strong>praecipus</strong></span> <span class='ocrx_word' id='word_1_180' title='bbox 2682 1406 2812 1460; x_wconf 77' lang='lat' dir='ltr'><strong>fidei</strong></span> <span class='ocrx_word' id='word_1_181' title='bbox 2854 1394 3188 1479; x_wconf 89' lang='lat' dir='ltr'><strong>disputator,</strong></span> <span class='ocrx_word' id='word_1_182' title='bbox 3217 1419 3274 1468; x_wconf 89' lang='lat' dir='ltr'><strong>et</strong></span> <span class='ocrx_word' id='word_1_183' title='bbox 3301 1415 3428 1470; x_wconf 83' lang='lat' dir='ltr'><strong>bea-</strong></span> 
     </span>
    </p>
   </div>
   <div class='ocr_carea' id='block_1_27' title="bbox 1829 1493 3428 1573">
    <p class='ocr_par' dir='ltr' id='par_1_27' title="bbox 1829 1493 3428 1573">
     <span class='ocr_line' id='line_1_27' title="bbox 1829 1493 3428 1573; baseline 0.008 -27"><span class='ocrx_word' id='word_1_184' title='bbox 1829 1498 1922 1546; x_wconf 90' lang='lat' dir='ltr'><strong>tus</strong></span> <span class='ocrx_word' id='word_1_185' title='bbox 1950 1493 2343 1564; x_wconf 82' lang='lat' dir='ltr'><strong>Hieronymus,</strong></span> <span class='ocrx_word' id='word_1_186' title='bbox 2364 1493 2562 1548; x_wconf 68' lang='lat' dir='ltr'><strong>divinae</strong></span> <span class='ocrx_word' id='word_1_187' title='bbox 2593 1495 2730 1564; x_wconf 80' lang='lat' dir='ltr'><strong>legis</strong></span> <span class='ocrx_word' id='word_1_188' title='bbox 2758 1495 3036 1573; x_wconf 82' lang='lat' dir='ltr'><strong>interpres</strong></span> <span class='ocrx_word' id='word_1_189' title='bbox 3063 1515 3128 1553; x_wconf 90' lang='lat' dir='ltr'><strong>ac</strong></span> <span class='ocrx_word' id='word_1_190' title='bbox 3157 1503 3428 1572; x_wconf 81' lang='lat' dir='ltr'><strong>magister</strong></span> 
     </span>
    </p>
   </div>
   <div class='ocr_carea' id='block_1_28' title="bbox 1831 1581 3429 1652">
    <p class='ocr_par' dir='ltr' id='par_1_28' title="bbox 1831 1581 3429 1652">
     <span class='ocr_line' id='line_1_28' title="bbox 1831 1581 3429 1652; baseline 0.008 -17"><span class='ocrx_word' id='word_1_191' title='bbox 1831 1581 2111 1651; x_wconf 88' lang='lat' dir='ltr'><strong>egregius,</strong></span> <span class='ocrx_word' id='word_1_192' title='bbox 2131 1599 2243 1636; x_wconf 90' lang='lat' dir='ltr'><strong>non</strong></span> <span class='ocrx_word' id='word_1_193' title='bbox 2264 1582 2372 1636; x_wconf 90' lang='lat' dir='ltr'><strong>nisi</strong></span> <span class='ocrx_word' id='word_1_194' title='bbox 2397 1583 2580 1652; x_wconf 83' lang='lat' dir='ltr'><strong>parvis</strong></span> <span class='ocrx_word' id='word_1_195' title='bbox 2591 1599 2655 1636; x_wconf 89' lang='lat' dir='ltr'><strong>ac</strong></span> <span class='ocrx_word' id='word_1_196' title='bbox 2682 1584 2728 1636; x_wconf 94' lang='lat' dir='ltr'><strong>si</strong></span> <span class='ocrx_word' id='word_1_197' title='bbox 2761 1587 3127 1642; x_wconf 87' lang='lat' dir='ltr'><strong>materiarum</strong></span> <span class='ocrx_word' id='word_1_198' title='bbox 3149 1606 3429 1648; x_wconf 89' lang='lat' dir='ltr'><strong>commen-</strong></span> 
     </span>
    </p>
   </div>
   <div class='ocr_carea' id='block_1_29' title="bbox 1832 1670 3428 1744">
    <p class='ocr_par' dir='ltr' id='par_1_29' title="bbox 1832 1670 3428 1744">
     <span class='ocr_line' id='line_1_29' title="bbox 1832 1670 3428 1744; baseline 0.01 -22"><span class='ocrx_word' id='word_1_199' title='bbox 1832 1670 2086 1740; x_wconf 89' lang='lat' dir='ltr'><strong>tishujus</strong></span> <span class='ocrx_word' id='word_1_200' title='bbox 2100 1670 2381 1741; x_wconf 86' lang='lat' dir='ltr'><strong>Evangelii</strong></span> <span class='ocrx_word' id='word_1_201' title='bbox 2406 1672 2618 1725; x_wconf 88' lang='lat' dir='ltr'><strong>ﬂuenta</strong></span> <span class='ocrx_word' id='word_1_202' title='bbox 2637 1672 2915 1728; x_wconf 89' lang='lat' dir='ltr'><strong>voluerint</strong></span> <span class='ocrx_word' id='word_1_203' title='bbox 2934 1680 3428 1744; x_wconf 86' lang='lat' dir='ltr'><strong>reserare.Quibus</strong></span> 
     </span>
    </p>
   </div>
   <div class='ocr_carea' id='block_1_30' title="bbox 1833 1759 3429 1832">
    <p class='ocr_par' dir='ltr' id='par_1_30' title="bbox 1833 1759 3429 1832">
     <span class='ocr_line' id='line_1_30' title="bbox 1833 1759 3429 1832; baseline 0.009 -21"><span class='ocrx_word' id='word_1_204' title='bbox 1833 1759 2050 1813; x_wconf 90' lang='lat' dir='ltr'><strong>interea</strong></span> <span class='ocrx_word' id='word_1_205' title='bbox 2087 1776 2196 1812; x_wconf 90' lang='lat' dir='ltr'><strong>non</strong></span> <span class='ocrx_word' id='word_1_206' title='bbox 2230 1776 2350 1829; x_wconf 89' lang='lat' dir='ltr'><strong>ego,</strong></span> <span class='ocrx_word' id='word_1_207' title='bbox 2386 1760 2484 1813; x_wconf 91' lang='lat' dir='ltr'><strong>sed</strong></span> <span class='ocrx_word' id='word_1_208' title='bbox 2514 1760 2632 1830; x_wconf 91' lang='lat' dir='ltr'><strong>ipse</strong></span> <span class='ocrx_word' id='word_1_209' title='bbox 2663 1761 3040 1832; x_wconf 82' lang='lat' dir='ltr'><strong>Hieronymus</strong></span> <span class='ocrx_word' id='word_1_210' title='bbox 3064 1767 3133 1821; x_wconf 92' lang='lat' dir='ltr'><strong>de</strong></span> <span class='ocrx_word' id='word_1_211' title='bbox 3152 1785 3212 1822; x_wconf 92' lang='lat' dir='ltr'><strong>se</strong></span> <span class='ocrx_word' id='word_1_212' title='bbox 3227 1771 3429 1826; x_wconf 90' lang='lat' dir='ltr'><strong>melius</strong></span> 
     </span>
    </p>
   </div>
   <div class='ocr_carea' id='block_1_31' title="bbox 165 1846 3428 1928">
    <p class='ocr_par' dir='ltr' id='par_1_31' title="bbox 165 1846 3428 1928">
     <span class='ocr_line' id='line_1_31' title="bbox 165 1846 3428 1928; baseline 0.003 -22"><span class='ocrx_word' id='word_1_213' title='bbox 165 1850 508 1906; x_wconf 86' lang='lat' dir='ltr'><strong>estomnibus</strong></span> <span class='ocrx_word' id='word_1_214' title='bbox 525 1856 850 1903; x_wconf 88' lang='lat' dir='ltr'><strong>nostrorum</strong></span> <span class='ocrx_word' id='word_1_215' title='bbox 871 1849 1190 1913; x_wconf 88' lang='lat' dir='ltr'><strong>auctoritas,</strong></span> <span class='ocrx_word' id='word_1_216' title='bbox 1216 1849 1474 1903; x_wconf 90' lang='lat' dir='ltr'><strong>noverint</strong></span> <span class='ocrx_word' id='word_1_217' title='bbox 1488 1849 1636 1918; x_wconf 90' lang='lat' dir='ltr'><strong>quod</strong></span> <span class='ocrx_word' id='word_1_218' title='bbox 1657 1865 1751 1903; x_wconf 81' lang='lat' dir='ltr'><strong>ve-</strong></span> <span class='ocrx_word' id='word_1_219' title='bbox 1768 1870 1814 1928; x_wconf 77' lang='grc' dir='ltr'>Β</span> <span class='ocrx_word' id='word_1_220' title='bbox 1832 1846 2190 1917; x_wconf 90' lang='lat' dir='ltr'><strong>loquatur,ob</strong></span> <span class='ocrx_word' id='word_1_221' title='bbox 2209 1847 2357 1917; x_wconf 93' lang='lat' dir='ltr'><strong>quod</strong></span> <span class='ocrx_word' id='word_1_222' title='bbox 2379 1853 2618 1917; x_wconf 89' lang='lat' dir='ltr'><strong>quatuor</strong></span> <span class='ocrx_word' id='word_1_223' title='bbox 2632 1849 2856 1904; x_wconf 92' lang='lat' dir='ltr'><strong>interim</strong></span> <span class='ocrx_word' id='word_1_224' title='bbox 2873 1851 3073 1907; x_wconf 91' lang='lat' dir='ltr'><strong>libellis</strong></span> <span class='ocrx_word' id='word_1_225' title='bbox 3091 1855 3428 1915; x_wconf 90' lang='lat' dir='ltr'><strong>immensam</strong></span> 
     </span>
    </p>
   </div>
   <div class='ocr_carea' id='block_1_32' title="bbox 164 1938 1750 2008">
    <p class='ocr_par' dir='ltr' id='par_1_32' title="bbox 164 1938 1750 2008">
     <span class='ocr_line' id='line_1_32' title="bbox 164 1938 1750 2008; baseline -0.003 -13"><span class='ocrx_word' id='word_1_226' title='bbox 164 1942 281 1995; x_wconf 88' lang='lat' dir='ltr'><strong>ritas</strong></span> <span class='ocrx_word' id='word_1_227' title='bbox 298 1939 576 1994; x_wconf 76' lang='lat' dir='ltr'><strong>doctrinae</strong></span> <span class='ocrx_word' id='word_1_228' title='bbox 592 1939 952 1992; x_wconf 86' lang='lat' dir='ltr'><strong>commendat</strong></span> <span class='ocrx_word' id='word_1_229' title='bbox 965 1955 1058 1992; x_wconf 90' lang='lat' dir='ltr'><strong>eos</strong></span> <span class='ocrx_word' id='word_1_230' title='bbox 1073 1940 1412 2002; x_wconf 89' lang='lat' dir='ltr'><strong>auctores,et</strong></span> <span class='ocrx_word' id='word_1_231' title='bbox 1429 1954 1538 1991; x_wconf 90' lang='lat' dir='ltr'><strong>non</strong></span> <span class='ocrx_word' id='word_1_232' title='bbox 1555 1938 1750 2008; x_wconf 89' lang='lat' dir='ltr'><strong>utique</strong></span> 
     </span>
    </p>
   </div>
   <div class='ocr_carea' id='block_1_33' title="bbox 163 2026 1749 2101">
    <p class='ocr_par' dir='ltr' id='par_1_33' title="bbox 163 2026 1749 2101">
     <span class='ocr_line' id='line_1_33' title="bbox 163 2026 1749 2101; baseline -0.002 -18"><span class='ocrx_word' id='word_1_233' title='bbox 163 2031 251 2101; x_wconf 81' lang='lat' dir='ltr'><strong>ipsi</strong></span> <span class='ocrx_word' id='word_1_234' title='bbox 277 2029 600 2083; x_wconf 78' lang='lat' dir='ltr'><strong>veritatem.</strong></span> <span class='ocrx_word' id='word_1_235' title='bbox 626 2027 774 2090; x_wconf 88' lang='lat' dir='ltr'><strong>Quia</strong></span> <span class='ocrx_word' id='word_1_236' title='bbox 793 2043 905 2080; x_wconf 90' lang='lat' dir='ltr'><strong>non</strong></span> <span class='ocrx_word' id='word_1_237' title='bbox 927 2026 1232 2097; x_wconf 90' lang='lat' dir='ltr'><strong>disputatio</strong></span> <span class='ocrx_word' id='word_1_238' title='bbox 1249 2027 1494 2080; x_wconf 92' lang='lat' dir='ltr'><strong>doctoris</strong></span> <span class='ocrx_word' id='word_1_239' title='bbox 1522 2026 1749 2096; x_wconf 88' lang='lat' dir='ltr'><strong>ingenio</strong></span> 
     </span>
    </p>
   </div>
   <div class='ocr_carea' id='block_1_34' title="bbox 161 2115 1744 2186">
    <p class='ocr_par' dir='ltr' id='par_1_34' title="bbox 161 2115 1744 2186">
     <span class='ocr_line' id='line_1_34' title="bbox 161 2115 1744 2186; baseline -0.003 -14"><span class='ocrx_word' id='word_1_240' title='bbox 161 2119 379 2172; x_wconf 83' lang='lat' dir='ltr'><strong>subnixa</strong></span> <span class='ocrx_word' id='word_1_241' title='bbox 403 2117 666 2180; x_wconf 85' lang='lat' dir='ltr'><strong>veritate,</strong></span> <span class='ocrx_word' id='word_1_242' title='bbox 702 2115 801 2169; x_wconf 91' lang='lat' dir='ltr'><strong>sed</strong></span> <span class='ocrx_word' id='word_1_243' title='bbox 823 2116 1028 2169; x_wconf 84' lang='lat' dir='ltr'><strong>veritas</strong></span> <span class='ocrx_word' id='word_1_244' title='bbox 1051 2115 1427 2186; x_wconf 89' lang='lat' dir='ltr'><strong>disputatione</strong></span> <span class='ocrx_word' id='word_1_245' title='bbox 1457 2115 1744 2185; x_wconf 80' lang='lat' dir='ltr'><strong>quaeritur.</strong></span> 
     </span>
    </p>
   </div>
   <div class='ocr_carea' id='block_1_35' title="bbox 159 2203 1751 2276">
    <p class='ocr_par' dir='ltr' id='par_1_35' title="bbox 159 2203 1751 2276">
     <span class='ocr_line' id='line_1_35' title="bbox 159 2203 1751 2276; baseline -0.001 -18"><span class='ocrx_word' id='word_1_246' title='bbox 159 2207 363 2261; x_wconf 78' lang='lat' dir='ltr'><strong>Veritas</strong></span> <span class='ocrx_word' id='word_1_247' title='bbox 379 2205 597 2276; x_wconf 89' lang='lat' dir='ltr'><strong>quippe</strong></span> <span class='ocrx_word' id='word_1_248' title='bbox 616 2221 718 2274; x_wconf 90' lang='lat' dir='ltr'><strong>per</strong></span> <span class='ocrx_word' id='word_1_249' title='bbox 743 2221 802 2257; x_wconf 89' lang='lat' dir='ltr'><strong>se</strong></span> <span class='ocrx_word' id='word_1_250' title='bbox 825 2204 1002 2257; x_wconf 89' lang='lat' dir='ltr'><strong>solida</strong></span> <span class='ocrx_word' id='word_1_251' title='bbox 1014 2209 1124 2269; x_wconf 88' lang='lat' dir='ltr'><strong>est;</strong></span> <span class='ocrx_word' id='word_1_252' title='bbox 1149 2203 1455 2273; x_wconf 87' lang='lat' dir='ltr'><strong>disputatio</strong></span> <span class='ocrx_word' id='word_1_253' title='bbox 1472 2203 1751 2273; x_wconf 87' lang='lat' dir='ltr'><strong>loquentis</strong></span> 
     </span>
    </p>
   </div>
   <div class='ocr_carea' id='block_1_36' title="bbox 161 2291 1752 2364">
    <p class='ocr_par' dir='ltr' id='par_1_36' title="bbox 161 2291 1752 2364">
     <span class='ocr_line' id='line_1_36' title="bbox 161 2291 1752 2364; baseline -0.001 -17"><span class='ocrx_word' id='word_1_254' title='bbox 161 2314 272 2349; x_wconf 77' lang='lat' dir='ltr'><strong>vero</strong></span> <span class='ocrx_word' id='word_1_255' title='bbox 297 2295 494 2358; x_wconf 68' lang='lat' dir='ltr'><strong>servit,</strong></span> <span class='ocrx_word' id='word_1_256' title='bbox 528 2299 596 2347; x_wconf 91' lang='lat' dir='ltr'><strong>ut</strong></span> <span class='ocrx_word' id='word_1_257' title='bbox 626 2310 728 2364; x_wconf 91' lang='lat' dir='ltr'><strong>per</strong></span> <span class='ocrx_word' id='word_1_258' title='bbox 754 2309 879 2346; x_wconf 88' lang='lat' dir='ltr'><strong>eam</strong></span> <span class='ocrx_word' id='word_1_259' title='bbox 911 2292 1113 2346; x_wconf 87' lang='lat' dir='ltr'><strong>veritas</strong></span> <span class='ocrx_word' id='word_1_260' title='bbox 1133 2297 1194 2356; x_wconf 76' lang='lat'><strong>4</strong></span> <span class='ocrx_word' id='word_1_261' title='bbox 1211 2291 1554 2346; x_wconf 90' lang='lat' dir='ltr'><strong>obscuritate</strong></span> <span class='ocrx_word' id='word_1_262' title='bbox 1569 2292 1752 2345; x_wconf 86' lang='lat' dir='ltr'><strong>velata</strong></span> 
     </span>
    </p>
   </div>
   <div class='ocr_carea' id='block_1_37' title="bbox 159 2381 1752 2444">
    <p class='ocr_par' dir='ltr' id='par_1_37' title="bbox 159 2381 1752 2444">
     <span class='ocr_line' id='line_1_37' title="bbox 159 2381 1752 2444; baseline -0.003 -6"><span class='ocrx_word' id='word_1_263' title='bbox 159 2391 443 2439; x_wconf 82' lang='lat' dir='ltr'><strong>reseretur.</strong></span> <span class='ocrx_word' id='word_1_264' title='bbox 466 2383 650 2436; x_wconf 88' lang='lat' dir='ltr'><strong>Porro</strong></span> <span class='ocrx_word' id='word_1_265' title='bbox 680 2386 933 2435; x_wconf 88' lang='lat' dir='ltr'><strong>reserata</strong></span> <span class='ocrx_word' id='word_1_266' title='bbox 957 2382 1178 2444; x_wconf 89' lang='lat' dir='ltr'><strong>veritas,</strong></span> <span class='ocrx_word' id='word_1_267' title='bbox 1199 2386 1256 2434; x_wconf 91' lang='lat' dir='ltr'><strong>et</strong></span> <span class='ocrx_word' id='word_1_268' title='bbox 1285 2381 1523 2434; x_wconf 83' lang='lat' dir='ltr'><strong>fideliter</strong></span> <span class='ocrx_word' id='word_1_269' title='bbox 1549 2381 1752 2434; x_wconf 87' lang='lat' dir='ltr'><strong>litteris</strong></span> 
     </span>
    </p>
   </div>
   <div class='ocr_carea' id='block_1_38' title="bbox 156 2469 1754 2546">
    <p class='ocr_par' dir='ltr' id='par_1_38' title="bbox 156 2469 1754 2546">
     <span class='ocr_line' id='line_1_38' title="bbox 156 2469 1754 2546; baseline -0.004 -18"><span class='ocrx_word' id='word_1_270' title='bbox 156 2474 515 2546; x_wconf 84' lang='lat' dir='ltr'><strong>apprehensa,</strong></span> <span class='ocrx_word' id='word_1_271' title='bbox 537 2471 676 2524; x_wconf 82' lang='lat' dir='ltr'><strong>facit</strong></span> <span class='ocrx_word' id='word_1_272' title='bbox 705 2487 801 2524; x_wconf 91' lang='lat' dir='ltr'><strong>eos</strong></span> <span class='ocrx_word' id='word_1_273' title='bbox 814 2475 1089 2532; x_wconf 86' lang='lat' dir='ltr'><strong>auctores,</strong></span> <span class='ocrx_word' id='word_1_274' title='bbox 1115 2486 1354 2539; x_wconf 92' lang='lat' dir='ltr'><strong>quorum</strong></span> <span class='ocrx_word' id='word_1_275' title='bbox 1383 2486 1484 2523; x_wconf 90' lang='lat' dir='ltr'><strong>nos</strong></span> <span class='ocrx_word' id='word_1_276' title='bbox 1512 2469 1754 2540; x_wconf 86' lang='lat' dir='ltr'><strong>vestigia</strong></span> 
     </span>
    </p>
   </div>
   <div class='ocr_carea' id='block_1_39' title="bbox 156 2558 1752 2634">
    <p class='ocr_par' dir='ltr' id='par_1_39' title="bbox 156 2558 1752 2634">
     <span class='ocr_line' id='line_1_39' title="bbox 156 2558 1752 2634; baseline -0.005 -16"><span class='ocrx_word' id='word_1_277' title='bbox 156 2568 439 2634; x_wconf 81' lang='lat' dir='ltr'><strong>sequentes</strong></span> <span class='ocrx_word' id='word_1_278' title='bbox 497 2559 740 2614; x_wconf 89' lang='lat' dir='ltr'><strong>minime</strong></span> <span class='ocrx_word' id='word_1_279' title='bbox 787 2558 1127 2623; x_wconf 86' lang='lat' dir='ltr'><strong>dubitamus,</strong></span> <span class='ocrx_word' id='word_1_280' title='bbox 1168 2558 1480 2627; x_wconf 86' lang='lat' dir='ltr'><strong>legentibus</strong></span> <span class='ocrx_word' id='word_1_281' title='bbox 1537 2558 1752 2612; x_wconf 92' lang='lat' dir='ltr'><strong>utiliter</strong></span> 
     </span>
    </p>
   </div>
   <div class='ocr_carea' id='block_1_40' title="bbox 156 2646 1751 2718">
    <p class='ocr_par' dir='ltr' id='par_1_40' title="bbox 156 2646 1751 2718">
     <span class='ocr_line' id='line_1_40' title="bbox 156 2646 1751 2718; baseline -0.004 -12"><span class='ocrx_word' id='word_1_282' title='bbox 156 2650 526 2706; x_wconf 85' lang='lat' dir='ltr'><strong>commendari</strong></span> <span class='ocrx_word' id='word_1_283' title='bbox 545 2668 557 2700; x_wconf 91' lang='lat'><strong>:</strong></span> <span class='ocrx_word' id='word_1_284' title='bbox 581 2649 718 2702; x_wconf 91' lang='lat' dir='ltr'><strong>dum</strong></span> <span class='ocrx_word' id='word_1_285' title='bbox 735 2647 1086 2718; x_wconf 88' lang='lat' dir='ltr'><strong>gubernante</strong></span> <span class='ocrx_word' id='word_1_286' title='bbox 1097 2647 1211 2700; x_wconf 92' lang='lat' dir='ltr'><strong>Deo</strong></span> <span class='ocrx_word' id='word_1_287' title='bbox 1228 2646 1586 2718; x_wconf 87' lang='lat' dir='ltr'><strong>probaverint</strong></span> <span class='ocrx_word' id='word_1_288' title='bbox 1599 2647 1751 2700; x_wconf 89' lang='lat' dir='ltr'><strong>nulla</strong></span> 
     </span>
    </p>
   </div>
   <div class='ocr_carea' id='block_1_41' title="bbox 154 2734 1749 2806">
    <p class='ocr_par' dir='ltr' id='par_1_41' title="bbox 154 2734 1749 2806">
     <span class='ocr_line' id='line_1_41' title="bbox 154 2734 1749 2806; baseline -0.004 -11"><span class='ocrx_word' id='word_1_289' title='bbox 154 2758 239 2795; x_wconf 84' lang='lat' dir='ltr'><strong>nos</strong></span> <span class='ocrx_word' id='word_1_290' title='bbox 255 2741 309 2794; x_wconf 90' lang='lat' dir='ltr'><strong>in</strong></span> <span class='ocrx_word' id='word_1_291' title='bbox 325 2739 419 2793; x_wconf 88' lang='lat' dir='ltr'><strong>his</strong></span> <span class='ocrx_word' id='word_1_292' title='bbox 439 2737 580 2791; x_wconf 85' lang='lat' dir='ltr'><strong>ﬁdei</strong></span> <span class='ocrx_word' id='word_1_293' title='bbox 617 2735 913 2805; x_wconf 81' lang='lat' dir='ltr'><strong>naufragia</strong></span> <span class='ocrx_word' id='word_1_294' title='bbox 940 2734 1255 2806; x_wconf 88' lang='lat' dir='ltr'><strong>pertulisse.</strong></span> <span class='ocrx_word' id='word_1_295' title='bbox 1289 2734 1448 2798; x_wconf 86' lang='lat' dir='ltr'><strong>Quod</strong></span> <span class='ocrx_word' id='word_1_296' title='bbox 1472 2734 1519 2788; x_wconf 92' lang='lat' dir='ltr'><strong>si</strong></span> <span class='ocrx_word' id='word_1_297' title='bbox 1546 2735 1749 2805; x_wconf 90' lang='lat' dir='ltr'><strong>aliquis</strong></span> 
     </span>
    </p>
   </div>
   <div class='ocr_carea' id='block_1_42' title="bbox 154 2823 1751 2901">
    <p class='ocr_par' dir='ltr' id='par_1_42' title="bbox 154 2823 1751 2901">
     <span class='ocr_line' id='line_1_42' title="bbox 154 2823 1751 2901; baseline -0.004 -17"><span class='ocrx_word' id='word_1_298' title='bbox 154 2837 261 2901; x_wconf 85' lang='lat' dir='ltr'><strong>post</strong></span> <span class='ocrx_word' id='word_1_299' title='bbox 279 2831 399 2883; x_wconf 76' lang='lat' dir='ltr'><strong>haec</strong></span> <span class='ocrx_word' id='word_1_300' title='bbox 410 2825 668 2880; x_wconf 79' lang='lat' dir='ltr'><strong>voluerit</strong></span> <span class='ocrx_word' id='word_1_301' title='bbox 687 2824 905 2878; x_wconf 76' lang='lat' dir='ltr'><strong>czecatis</strong></span> <span class='ocrx_word' id='word_1_302' title='bbox 935 2823 1108 2877; x_wconf 83' lang='lat' dir='ltr'><strong>oculis</strong></span> <span class='ocrx_word' id='word_1_303' title='bbox 1128 2823 1296 2894; x_wconf 89' lang='lat' dir='ltr'><strong>hujus</strong></span> <span class='ocrx_word' id='word_1_304' title='bbox 1325 2823 1510 2894; x_wconf 84' lang='lat' dir='ltr'><strong>Operis</strong></span> <span class='ocrx_word' id='word_1_305' title='bbox 1541 2824 1751 2878; x_wconf 86' lang='lat' dir='ltr'><strong>exerci-</strong></span> 
     </span>
    </p>
   </div>
   <div class='ocr_carea' id='block_1_43' title="bbox 154 2911 1747 2984">
    <p class='ocr_par' dir='ltr' id='par_1_43' title="bbox 154 2911 1747 2984">
     <span class='ocr_line' id='line_1_43' title="bbox 154 2911 1747 2984; baseline -0.004 -12"><span class='ocrx_word' id='word_1_306' title='bbox 154 2920 275 2972; x_wconf 79' lang='lat' dir='ltr'><strong>tium</strong></span> <span class='ocrx_word' id='word_1_307' title='bbox 297 2918 610 2981; x_wconf 86' lang='lat' dir='ltr'><strong>infamare,</strong></span> <span class='ocrx_word' id='word_1_308' title='bbox 625 2913 834 2983; x_wconf 85' lang='lat' dir='ltr'><strong>cogitet</strong></span> <span class='ocrx_word' id='word_1_309' title='bbox 845 2929 1083 2984; x_wconf 91' lang='lat' dir='ltr'><strong>quorum</strong></span> <span class='ocrx_word' id='word_1_310' title='bbox 1100 2911 1409 2966; x_wconf 90' lang='lat' dir='ltr'><strong>imbuimur</strong></span> <span class='ocrx_word' id='word_1_311' title='bbox 1421 2912 1747 2984; x_wconf 89' lang='lat' dir='ltr'><strong>disciplinis,</strong></span> 
     </span>
    </p>
   </div>
   <div class='ocr_carea' id='block_1_44' title="bbox 157 3001 1748 3077">
    <p class='ocr_par' dir='ltr' id='par_1_44' title="bbox 157 3001 1748 3077">
     <span class='ocr_line' id='line_1_44' title="bbox 157 3001 1748 3077; baseline -0.004 -16"><span class='ocrx_word' id='word_1_312' title='bbox 157 3008 280 3077; x_wconf 85' lang='lat' dir='ltr'><strong>quod</strong></span> <span class='ocrx_word' id='word_1_313' title='bbox 310 3007 647 3060; x_wconf 86' lang='lat' dir='ltr'><strong>sirenarum</strong></span> <span class='ocrx_word' id='word_1_314' title='bbox 673 3006 874 3056; x_wconf 89' lang='lat' dir='ltr'><strong>cantus</strong></span> <span class='ocrx_word' id='word_1_315' title='bbox 900 3019 1001 3055; x_wconf 90' lang='lat' dir='ltr'><strong>nos</strong></span> <span class='ocrx_word' id='word_1_316' title='bbox 1034 3001 1219 3056; x_wconf 92' lang='lat' dir='ltr'><strong>surdis</strong></span> <span class='ocrx_word' id='word_1_317' title='bbox 1249 3001 1573 3056; x_wconf 90' lang='lat' dir='ltr'><strong>monuerint</strong></span> <span class='ocrx_word' id='word_1_318' title='bbox 1595 3001 1748 3055; x_wconf 86' lang='lat' dir='ltr'><strong>auri-</strong></span> 
     </span>
    </p>
   </div>
   <div class='ocr_carea' id='block_1_45' title="bbox 156 3087 1749 3168">
    <p class='ocr_par' dir='ltr' id='par_1_45' title="bbox 156 3087 1749 3168">
     <span class='ocr_line' id='line_1_45' title="bbox 156 3087 1749 3168; baseline -0.007 -16"><span class='ocrx_word' id='word_1_319' title='bbox 156 3097 238 3151; x_wconf 82' lang='lat' dir='ltr'><strong>bus</strong></span> <span class='ocrx_word' id='word_1_320' title='bbox 261 3095 642 3168; x_wconf 87' lang='lat' dir='ltr'><strong>pertransire.</strong></span> <span class='ocrx_word' id='word_1_321' title='bbox 667 3093 813 3146; x_wconf 90' lang='lat' dir='ltr'><strong>Nam</strong></span> <span class='ocrx_word' id='word_1_322' title='bbox 833 3096 891 3144; x_wconf 90' lang='lat' dir='ltr'><strong>et</strong></span> <span class='ocrx_word' id='word_1_323' title='bbox 909 3089 1013 3161; x_wconf 91' lang='lat' dir='ltr'><strong>ipsi</strong></span> <span class='ocrx_word' id='word_1_324' title='bbox 1033 3106 1135 3143; x_wconf 93' lang='lat' dir='ltr'><strong>suo</strong></span> <span class='ocrx_word' id='word_1_325' title='bbox 1164 3089 1224 3143; x_wconf 90' lang='lat' dir='ltr'><strong>in</strong></span> <span class='ocrx_word' id='word_1_326' title='bbox 1253 3094 1504 3159; x_wconf 92' lang='lat' dir='ltr'><strong>tempore</strong></span> <span class='ocrx_word' id='word_1_327' title='bbox 1524 3087 1663 3141; x_wconf 91' lang='lat' dir='ltr'><strong>talia</strong></span> <span class='ocrx_word' id='word_1_328' title='bbox 1690 3105 1749 3142; x_wconf 91' lang='lat' dir='ltr'><strong>se</strong></span> 
     </span>
    </p>
   </div>
   <div class='ocr_carea' id='block_1_46' title="bbox 1831 1936 3419 2008">
    <p class='ocr_par' dir='ltr' id='par_1_46' title="bbox 1831 1936 3419 2008">
     <span class='ocr_line' id='line_1_46' title="bbox 1831 1936 3419 2008; baseline 0.011 -20"><span class='ocrx_word' id='word_1_329' title='bbox 1831 1937 2093 2006; x_wconf 89' lang='lat' dir='ltr'><strong>loquendi</strong></span> <span class='ocrx_word' id='word_1_330' title='bbox 2140 1936 2433 1990; x_wconf 86' lang='lat' dir='ltr'><strong>materiam</strong></span> <span class='ocrx_word' id='word_1_331' title='bbox 2483 1943 2540 1991; x_wconf 90' lang='lat' dir='ltr'><strong>et</strong></span> <span class='ocrx_word' id='word_1_332' title='bbox 2576 1939 2768 2008; x_wconf 90' lang='lat' dir='ltr'><strong>paucis</strong></span> <span class='ocrx_word' id='word_1_333' title='bbox 2802 1940 3084 1997; x_wconf 89' lang='lat' dir='ltr'><strong>astrixerit</strong></span> <span class='ocrx_word' id='word_1_334' title='bbox 3136 1947 3419 2008; x_wconf 88' lang='lat' dir='ltr'><strong>sensibus.</strong></span> 
     </span>
    </p>
   </div>
   <div class='ocr_carea' id='block_1_47' title="bbox 1832 2025 3422 2105">
    <p class='ocr_par' dir='ltr' id='par_1_47' title="bbox 1832 2025 3422 2105">
     <span class='ocr_line' id='line_1_47' title="bbox 1832 2025 3422 2105; baseline 0.009 -27"><span class='ocrx_word' id='word_1_335' title='bbox 1832 2026 1978 2079; x_wconf 91' lang='lat' dir='ltr'><strong>Dicit</strong></span> <span class='ocrx_word' id='word_1_336' title='bbox 2021 2025 2169 2079; x_wconf 90' lang='lat' dir='ltr'><strong>enim</strong></span> <span class='ocrx_word' id='word_1_337' title='bbox 2199 2026 2280 2080; x_wconf 91' lang='lat' dir='ltr'><strong>ita</strong></span> <span class='ocrx_word' id='word_1_338' title='bbox 2304 2026 2605 2095; x_wconf 88' lang='lat' dir='ltr'><strong>(Prooemio</strong></span> <span class='ocrx_word' id='word_1_339' title='bbox 2635 2028 2695 2080; x_wconf 92' lang='lat' dir='ltr'><strong>in</strong></span> <span class='ocrx_word' id='word_1_340' title='bbox 2723 2029 3066 2100; x_wconf 74' lang='lat' dir='ltr'><strong>Matthzeum)</strong></span> <span class='ocrx_word' id='word_1_341' title='bbox 3106 2052 3118 2086; x_wconf 89' lang='lat'>:</span> <span class='ocrx_word' id='word_1_342' title='bbox 3164 2053 3190 2086; x_wconf 76' lang='grc' dir='ltr'>α</span> <span class='ocrx_word' id='word_1_343' title='bbox 3224 2039 3422 2105; x_wconf 77' lang='lat' dir='ltr'><strong>Miror,</strong></span> 
     </span>
    </p>
   </div>
   <div class='ocr_carea' id='block_1_48' title="bbox 1831 2115 3419 2194">
    <p class='ocr_par' dir='ltr' id='par_1_48' title="bbox 1831 2115 3419 2194">
     <span class='ocr_line' id='line_1_48' title="bbox 1831 2115 3419 2194; baseline 0.009 -26"><span class='ocrx_word' id='word_1_344' title='bbox 1831 2115 2026 2168; x_wconf 80' lang='lat' dir='ltr'><strong>Eusebi</strong></span> <span class='ocrx_word' id='word_1_345' title='bbox 2053 2116 2420 2180; x_wconf 82' lang='lat' dir='ltr'><strong>dilectissime,</strong></span> <span class='ocrx_word' id='word_1_346' title='bbox 2441 2131 2559 2182; x_wconf 83' lang='lat' dir='ltr'><strong>cur,</strong></span> <span class='ocrx_word' id='word_1_347' title='bbox 2577 2117 2802 2170; x_wconf 83' lang='lat' dir='ltr'><strong>Romam</strong></span> <span class='ocrx_word' id='word_1_348' title='bbox 2822 2121 3000 2172; x_wconf 86' lang='lat' dir='ltr'><strong>subito</strong></span> <span class='ocrx_word' id='word_1_349' title='bbox 3029 2125 3419 2194; x_wconf 69' lang='lat' dir='ltr'><strong>navigaturus,</strong></span> 
     </span>
    </p>
   </div>
   <div class='ocr_carea' id='block_1_49' title="bbox 1832 2203 3428 2278">
    <p class='ocr_par' dir='ltr' id='par_1_49' title="bbox 1832 2203 3428 2278">
     <span class='ocr_line' id='line_1_49' title="bbox 1832 2203 3428 2278; baseline 0.011 -25"><span class='ocrx_word' id='word_1_350' title='bbox 1832 2203 1976 2255; x_wconf 88' lang='lat' dir='ltr'><strong>hanc</strong></span> <span class='ocrx_word' id='word_1_351' title='bbox 1997 2204 2098 2255; x_wconf 84' lang='lat' dir='ltr'><strong>tibi</strong></span> <span class='ocrx_word' id='word_1_352' title='bbox 2124 2219 2160 2255; x_wconf 89' lang='lat' dir='ltr'><strong>a</strong></span> <span class='ocrx_word' id='word_1_353' title='bbox 2189 2219 2271 2256; x_wconf 88' lang='lat' dir='ltr'><strong>me</strong></span> <span class='ocrx_word' id='word_1_354' title='bbox 2298 2206 2460 2271; x_wconf 84' lang='lat' dir='ltr'><strong>quasi</strong></span> <span class='ocrx_word' id='word_1_355' title='bbox 2484 2207 2774 2259; x_wconf 82' lang='lat' dir='ltr'><strong>sitarciam</strong></span> <span class='ocrx_word' id='word_1_356' title='bbox 2795 2207 2926 2260; x_wconf 85' lang='lat' dir='ltr'><strong>dari</strong></span> <span class='ocrx_word' id='word_1_357' title='bbox 2945 2212 3428 2278; x_wconf 79' lang='lat' dir='ltr'><strong>volueris,utMat-</strong></span> 
     </span>
    </p>
   </div>
   <div class='ocr_carea' id='block_1_50' title="bbox 1835 2291 3428 2364">
    <p class='ocr_par' dir='ltr' id='par_1_50' title="bbox 1835 2291 3428 2364">
     <span class='ocr_line' id='line_1_50' title="bbox 1835 2291 3428 2364; baseline 0.011 -22"><span class='ocrx_word' id='word_1_358' title='bbox 1835 2291 2036 2344; x_wconf 71' lang='lat' dir='ltr'><strong>theeum</strong></span> <span class='ocrx_word' id='word_1_359' title='bbox 2061 2293 2294 2345; x_wconf 74' lang='lat' dir='ltr'><strong>breviter</strong></span> <span class='ocrx_word' id='word_1_360' title='bbox 2312 2295 2780 2360; x_wconf 65' lang='lat' dir='ltr'><strong>esponens,verbis</strong></span> <span class='ocrx_word' id='word_1_361' title='bbox 2807 2298 3157 2364; x_wconf 73' lang='lat' dir='ltr'><strong>stringerent,</strong></span> <span class='ocrx_word' id='word_1_362' title='bbox 3182 2306 3428 2359; x_wconf 75' lang='lat' dir='ltr'><strong>sensibus</strong></span> 
     </span>
    </p>
   </div>
   <div class='ocr_carea' id='block_1_51' title="bbox 1835 2378 3421 2462">
    <p class='ocr_par' dir='ltr' id='par_1_51' title="bbox 1835 2378 3421 2462">
     <span class='ocr_line' id='line_1_51' title="bbox 1835 2378 3421 2462; baseline 0.01 -30"><span class='ocrx_word' id='word_1_363' title='bbox 1835 2381 2151 2433; x_wconf 83' lang='lat' dir='ltr'><strong>dilatarem.</strong></span> <span class='ocrx_word' id='word_1_364' title='bbox 2183 2378 2247 2433; x_wconf 88' lang='lat' dir='ltr'><strong>Si</strong></span> <span class='ocrx_word' id='word_1_365' title='bbox 2275 2385 2632 2447; x_wconf 81' lang='lat' dir='ltr'><strong>meminisses,</strong></span> <span class='ocrx_word' id='word_1_366' title='bbox 2655 2382 2854 2452; x_wconf 91' lang='lat' dir='ltr'><strong>inquit,</strong></span> <span class='ocrx_word' id='word_1_367' title='bbox 2877 2391 3244 2453; x_wconf 84' lang='lat' dir='ltr'><strong>responsionis</strong></span> <span class='ocrx_word' id='word_1_368' title='bbox 3273 2408 3421 2462; x_wconf 62' lang='lat' dir='ltr'><strong>meai,</strong></span> 
     </span>
    </p>
   </div>
   <div class='ocr_carea' id='block_1_52' title="bbox 1836 2471 3424 2544">
    <p class='ocr_par' dir='ltr' id='par_1_52' title="bbox 1836 2471 3424 2544">
     <span class='ocr_line' id='line_1_52' title="bbox 1836 2471 3424 2544; baseline 0.01 -24"><span class='ocrx_word' id='word_1_369' title='bbox 1836 2484 2128 2536; x_wconf 85' lang='lat' dir='ltr'><strong>nunquam</strong></span> <span class='ocrx_word' id='word_1_370' title='bbox 2159 2471 2221 2521; x_wconf 86' lang='lat' dir='ltr'><strong>in</strong></span> <span class='ocrx_word' id='word_1_371' title='bbox 2244 2472 2439 2536; x_wconf 87' lang='lat' dir='ltr'><strong>paucis</strong></span> <span class='ocrx_word' id='word_1_372' title='bbox 2467 2471 2652 2523; x_wconf 79' lang='lat' dir='ltr'><strong>diebus</strong></span> <span class='ocrx_word' id='word_1_373' title='bbox 2682 2486 2798 2524; x_wconf 83' lang='lat' dir='ltr'><strong>rem</strong></span> <span class='ocrx_word' id='word_1_374' title='bbox 2831 2488 3116 2528; x_wconf 85' lang='lat' dir='ltr'><strong>annorum</strong></span> <span class='ocrx_word' id='word_1_375' title='bbox 3145 2484 3365 2544; x_wconf 84' lang='lat' dir='ltr'><strong>peteres.</strong></span> <span class='ocrx_word' id='word_1_376' title='bbox 3398 2503 3424 2535; x_wconf 70' lang='grc' dir='ltr'><strong><em>ι</em></strong></span> 
     </span>
    </p>
   </div>
   <div class='ocr_carea' id='block_1_53' title="bbox 1834 2556 3428 2639">
    <p class='ocr_par' dir='ltr' id='par_1_53' title="bbox 1834 2556 3428 2639">
     <span class='ocr_line' id='line_1_53' title="bbox 1834 2556 3428 2639; baseline 0.009 -30"><span class='ocrx_word' id='word_1_377' title='bbox 1834 2557 1970 2610; x_wconf 90' lang='lat' dir='ltr'><strong>Ecce</strong></span> <span class='ocrx_word' id='word_1_378' title='bbox 1993 2556 2306 2628; x_wconf 69' lang='lat' dir='ltr'><strong>praecipuus</strong></span> <span class='ocrx_word' id='word_1_379' title='bbox 2326 2557 2574 2611; x_wconf 90' lang='lat' dir='ltr'><strong>virorum</strong></span> <span class='ocrx_word' id='word_1_380' title='bbox 2597 2565 2872 2628; x_wconf 88' lang='lat' dir='ltr'><strong>quantum</strong></span> <span class='ocrx_word' id='word_1_381' title='bbox 2890 2561 3057 2632; x_wconf 88' lang='lat' dir='ltr'><strong>hujus</strong></span> <span class='ocrx_word' id='word_1_382' title='bbox 3073 2567 3257 2635; x_wconf 89' lang='lat' dir='ltr'><strong>operis</strong></span> <span class='ocrx_word' id='word_1_383' title='bbox 3279 2570 3428 2639; x_wconf 83' lang='lat' dir='ltr'><strong>judi-</strong></span> 
     </span>
    </p>
   </div>
   <div class='ocr_carea' id='block_1_54' title="bbox 1831 2644 3426 2727">
    <p class='ocr_par' dir='ltr' id='par_1_54' title="bbox 1831 2644 3426 2727">
     <span class='ocr_line' id='line_1_54' title="bbox 1831 2644 3426 2727; baseline 0.009 -29"><span class='ocrx_word' id='word_1_384' title='bbox 1831 2645 2040 2698; x_wconf 90' lang='lat' dir='ltr'><strong>caverit</strong></span> <span class='ocrx_word' id='word_1_385' title='bbox 2058 2644 2365 2713; x_wconf 87' lang='lat' dir='ltr'><strong>negotium.</strong></span> <span class='ocrx_word' id='word_1_386' title='bbox 2388 2645 2494 2698; x_wconf 89' lang='lat' dir='ltr'><strong>Sed</strong></span> <span class='ocrx_word' id='word_1_387' title='bbox 2509 2646 2762 2715; x_wconf 90' lang='lat' dir='ltr'><strong>nunquid</strong></span> <span class='ocrx_word' id='word_1_388' title='bbox 2781 2653 2963 2717; x_wconf 89' lang='lat' dir='ltr'><strong>putas,</strong></span> <span class='ocrx_word' id='word_1_389' title='bbox 2997 2650 3250 2722; x_wconf 90' lang='lat' dir='ltr'><strong>inquam,</strong></span> <span class='ocrx_word' id='word_1_390' title='bbox 3278 2658 3426 2727; x_wconf 91' lang='lat' dir='ltr'><strong>quod</strong></span> 
     </span>
    </p>
   </div>
   <div class='ocr_carea' id='block_1_55' title="bbox 1833 2732 3420 2814">
    <p class='ocr_par' dir='ltr' id='par_1_55' title="bbox 1833 2732 3420 2814">
     <span class='ocr_line' id='line_1_55' title="bbox 1833 2732 3420 2814; baseline 0.009 -27"><span class='ocrx_word' id='word_1_391' title='bbox 1833 2734 1894 2787; x_wconf 90' lang='lat' dir='ltr'><strong>in</strong></span> <span class='ocrx_word' id='word_1_392' title='bbox 1921 2733 2155 2798; x_wconf 89' lang='lat' dir='ltr'><strong>duabus,</strong></span> <span class='ocrx_word' id='word_1_393' title='bbox 2186 2732 2516 2786; x_wconf 88' lang='lat' dir='ltr'><strong>imminente</strong></span> <span class='ocrx_word' id='word_1_394' title='bbox 2541 2734 2661 2802; x_wconf 86' lang='lat' dir='ltr'><strong>jam</strong></span> <span class='ocrx_word' id='word_1_395' title='bbox 2691 2734 2922 2796; x_wconf 83' lang='lat' dir='ltr'><strong>Pascha.</strong></span> <span class='ocrx_word' id='word_1_396' title='bbox 2956 2738 3420 2814; x_wconf 90' lang='lat' dir='ltr'><strong>hebdomadibus,</strong></span> 
     </span>
    </p>
   </div>
   <div class='ocr_carea' id='block_1_56' title="bbox 1834 2821 3426 2896">
    <p class='ocr_par' dir='ltr' id='par_1_56' title="bbox 1834 2821 3426 2896">
     <span class='ocr_line' id='line_1_56' title="bbox 1834 2821 3426 2896; baseline 0.008 -20"><span class='ocrx_word' id='word_1_397' title='bbox 1834 2821 2080 2893; x_wconf 91' lang='lat' dir='ltr'><strong>potuerit</strong></span> <span class='ocrx_word' id='word_1_398' title='bbox 2107 2838 2312 2875; x_wconf 87' lang='lat' dir='ltr'><strong>arcana</strong></span> <span class='ocrx_word' id='word_1_399' title='bbox 2335 2821 2525 2874; x_wconf 90' lang='lat' dir='ltr'><strong>omnia</strong></span> <span class='ocrx_word' id='word_1_400' title='bbox 2542 2821 2708 2876; x_wconf 84' lang='lat' dir='ltr'><strong>istius</strong></span> <span class='ocrx_word' id='word_1_401' title='bbox 2730 2824 3016 2896; x_wconf 85' lang='lat' dir='ltr'><strong>Evangelii</strong></span> <span class='ocrx_word' id='word_1_402' title='bbox 3032 2828 3245 2896; x_wconf 87' lang='lat' dir='ltr'><strong>rimari,</strong></span> <span class='ocrx_word' id='word_1_403' title='bbox 3281 2838 3338 2888; x_wconf 94' lang='lat' dir='ltr'><strong>et</strong></span> <span class='ocrx_word' id='word_1_404' title='bbox 3348 2835 3426 2888; x_wconf 89' lang='lat' dir='ltr'><strong>of-</strong></span> 
     </span>
    </p>
   </div>
   <div class='ocr_carea' id='block_1_57' title="bbox 1833 2910 3426 2990">
    <p class='ocr_par' dir='ltr' id='par_1_57' title="bbox 1833 2910 3426 2990">
     <span class='ocr_line' id='line_1_57' title="bbox 1833 2910 3426 2990; baseline 0.004 -26"><span class='ocrx_word' id='word_1_405' title='bbox 1833 2911 1958 2965; x_wconf 86' lang='lat' dir='ltr'><strong>ﬁcio</strong></span> <span class='ocrx_word' id='word_1_406' title='bbox 1988 2910 2275 2981; x_wconf 88' lang='lat' dir='ltr'><strong>scriptoris</strong></span> <span class='ocrx_word' id='word_1_407' title='bbox 2303 2915 2499 2964; x_wconf 83' lang='lat' dir='ltr'><strong>cuncta</strong></span> <span class='ocrx_word' id='word_1_408' title='bbox 2549 2910 2806 2982; x_wconf 86' lang='lat' dir='ltr'><strong>diligenti</strong></span> <span class='ocrx_word' id='word_1_409' title='bbox 2848 2915 3033 2970; x_wconf 91' lang='lat' dir='ltr'><strong>studio</strong></span> <span class='ocrx_word' id='word_1_410' title='bbox 3083 2920 3426 2990; x_wconf 81' lang='lat' dir='ltr'><strong>explanare?</strong></span> 
     </span>
    </p>
   </div>
   <div class='ocr_carea' id='block_1_58' title="bbox 1833 2998 3425 3072">
    <p class='ocr_par' dir='ltr' id='par_1_58' title="bbox 1833 2998 3425 3072">
     <span class='ocr_line' id='line_1_58' title="bbox 1833 2998 3425 3072; baseline 0.009 -20"><span class='ocrx_word' id='word_1_411' title='bbox 1833 2999 2049 3070; x_wconf 85' lang='lat' dir='ltr'><strong>Quippe</strong></span> <span class='ocrx_word' id='word_1_412' title='bbox 2080 2998 2228 3069; x_wconf 90' lang='lat' dir='ltr'><strong>quod</strong></span> <span class='ocrx_word' id='word_1_413' title='bbox 2264 2998 2414 3052; x_wconf 89' lang='lat' dir='ltr'><strong>idem</strong></span> <span class='ocrx_word' id='word_1_414' title='bbox 2464 3000 2656 3054; x_wconf 88' lang='lat' dir='ltr'><strong>multis</strong></span> <span class='ocrx_word' id='word_1_415' title='bbox 2694 3002 2969 3072; x_wconf 90' lang='lat' dir='ltr'><strong>approbat</strong></span> <span class='ocrx_word' id='word_1_416' title='bbox 3004 3004 3225 3061; x_wconf 90' lang='lat' dir='ltr'><strong>indiciis</strong></span> <span class='ocrx_word' id='word_1_417' title='bbox 3253 3009 3425 3067; x_wconf 86' lang='lat' dir='ltr'><strong>fuisse</strong></span> 
     </span>
    </p>
   </div>
   <div class='ocr_carea' id='block_1_59' title="bbox 1832 3087 3426 3166">
    <p class='ocr_par' dir='ltr' id='par_1_59' title="bbox 1832 3087 3426 3166">
     <span class='ocr_line' id='line_1_59' title="bbox 1832 3087 3426 3166; baseline 0.009 -25"><span class='ocrx_word' id='word_1_418' title='bbox 1832 3087 2414 3159; x_wconf 90' lang='lat' dir='ltr'><strong>impossibile.Idcirco</strong></span> <span class='ocrx_word' id='word_1_419' title='bbox 2430 3089 2774 3159; x_wconf 90' lang='lat' dir='ltr'><strong>repromittit</strong></span> <span class='ocrx_word' id='word_1_420' title='bbox 2787 3107 2846 3144; x_wconf 90' lang='lat' dir='ltr'><strong>se</strong></span> <span class='ocrx_word' id='word_1_421' title='bbox 2861 3093 3011 3161; x_wconf 91' lang='lat' dir='ltr'><strong>quod</strong></span> <span class='ocrx_word' id='word_1_422' title='bbox 3033 3095 3313 3166; x_wconf 87' lang='lat' dir='ltr'><strong>reliquum</strong></span> <span class='ocrx_word' id='word_1_423' title='bbox 3338 3107 3426 3156; x_wconf 89' lang='lat' dir='ltr'><strong>est</strong></span> 
     </span>
    </p>
   </div>
   <div class='ocr_carea' id='block_1_60' title="bbox 159 3175 3423 3257">
    <p class='ocr_par' dir='ltr' id='par_1_60' title="bbox 159 3175 3423 3257">
     <span class='ocr_line' id='line_1_60' title="bbox 159 3175 3423 3257; baseline -0.002 -17"><span class='ocrx_word' id='word_1_424' title='bbox 159 3187 469 3257; x_wconf 83' lang='lat' dir='ltr'><strong>linguarum</strong></span> <span class='ocrx_word' id='word_1_425' title='bbox 497 3186 764 3237; x_wconf 89' lang='lat' dir='ltr'><strong>monstra</strong></span> <span class='ocrx_word' id='word_1_426' title='bbox 799 3179 1095 3250; x_wconf 85' lang='lat' dir='ltr'><strong>pertulisse</strong></span> <span class='ocrx_word' id='word_1_427' title='bbox 1132 3178 1462 3232; x_wconf 80' lang='lat' dir='ltr'><strong>docuerunt.</strong></span> <span class='ocrx_word' id='word_1_428' title='bbox 1486 3177 1646 3231; x_wconf 91' lang='lat' dir='ltr'><strong>Unde</strong></span> <span class='ocrx_word' id='word_1_429' title='bbox 1666 3177 1746 3230; x_wconf 92' lang='lat' dir='ltr'><strong>vi-</strong></span> <span class='ocrx_word' id='word_1_430' title='bbox 1763 3177 1806 3236; x_wconf 91' lang='lat' dir='ltr'>C</span> <span class='ocrx_word' id='word_1_431' title='bbox 1827 3175 2190 3247; x_wconf 89' lang='lat' dir='ltr'><strong>impleturum</strong></span> <span class='ocrx_word' id='word_1_432' title='bbox 2225 3193 2236 3227; x_wconf 93' lang='lat'>:</span> <span class='ocrx_word' id='word_1_433' title='bbox 2284 3180 2348 3229; x_wconf 91' lang='lat' dir='ltr'><strong>ut</strong></span> <span class='ocrx_word' id='word_1_434' title='bbox 2375 3175 2503 3229; x_wconf 87' lang='lat' dir='ltr'><strong>sciri</strong></span> <span class='ocrx_word' id='word_1_435' title='bbox 2525 3183 2711 3246; x_wconf 90' lang='lat' dir='ltr'><strong>queat,</strong></span> <span class='ocrx_word' id='word_1_436' title='bbox 2731 3178 3008 3251; x_wconf 82' lang='lat' dir='ltr'><strong>sicutipse</strong></span> <span class='ocrx_word' id='word_1_437' title='bbox 3024 3183 3121 3249; x_wconf 91' lang='lat' dir='ltr'><strong>ait,</strong></span> <span class='ocrx_word' id='word_1_438' title='bbox 3148 3192 3423 3255; x_wconf 84' lang='lat' dir='ltr'><strong>quantum</strong></span> 
     </span>
    </p>
   </div>
   <div class='ocr_carea' id='block_1_61' title="bbox 161 3265 1750 3345">
    <p class='ocr_par' dir='ltr' id='par_1_61' title="bbox 161 3265 1750 3345">
     <span class='ocr_line' id='line_1_61' title="bbox 161 3265 1750 3345; baseline -0.004 -19"><span class='ocrx_word' id='word_1_439' title='bbox 161 3276 306 3329; x_wconf 84' lang='lat' dir='ltr'><strong>deant</strong></span> <span class='ocrx_word' id='word_1_440' title='bbox 331 3271 548 3345; x_wconf 90' lang='lat' dir='ltr'><strong>quibus</strong></span> <span class='ocrx_word' id='word_1_441' title='bbox 571 3287 698 3341; x_wconf 83' lang='lat' dir='ltr'><strong>quae</strong></span> <span class='ocrx_word' id='word_1_442' title='bbox 717 3268 1000 3323; x_wconf 74' lang='lat' dir='ltr'><strong>oﬁ&#39;erimus</strong></span> <span class='ocrx_word' id='word_1_443' title='bbox 1012 3283 1124 3322; x_wconf 91' lang='lat' dir='ltr'><strong>non</strong></span> <span class='ocrx_word' id='word_1_444' title='bbox 1142 3265 1555 3321; x_wconf 88' lang='lat' dir='ltr'><strong>fastidientibus</strong></span> <span class='ocrx_word' id='word_1_445' title='bbox 1573 3266 1619 3320; x_wconf 91' lang='lat' dir='ltr'><strong>si</strong></span> <span class='ocrx_word' id='word_1_446' title='bbox 1640 3267 1750 3320; x_wconf 89' lang='lat' dir='ltr'><strong>dis-</strong></span> 
     </span>
    </p>
   </div>
   <div class='ocr_carea' id='block_1_62' title="bbox 160 3354 1748 3433">
    <p class='ocr_par' dir='ltr' id='par_1_62' title="bbox 160 3354 1748 3433">
     <span class='ocr_line' id='line_1_62' title="bbox 160 3354 1748 3433; baseline -0.006 -15"><span class='ocrx_word' id='word_1_447' title='bbox 160 3365 399 3433; x_wconf 79' lang='lat' dir='ltr'><strong>pliceant,</strong></span> <span class='ocrx_word' id='word_1_448' title='bbox 427 3366 740 3432; x_wconf 87' lang='lat' dir='ltr'><strong>propterea</strong></span> <span class='ocrx_word' id='word_1_449' title='bbox 767 3374 869 3412; x_wconf 91' lang='lat' dir='ltr'><strong>nos</strong></span> <span class='ocrx_word' id='word_1_450' title='bbox 910 3363 1095 3411; x_wconf 88' lang='lat' dir='ltr'><strong>tacere</strong></span> <span class='ocrx_word' id='word_1_451' title='bbox 1125 3373 1236 3410; x_wconf 90' lang='lat' dir='ltr'><strong>non</strong></span> <span class='ocrx_word' id='word_1_452' title='bbox 1281 3354 1536 3410; x_wconf 89' lang='lat' dir='ltr'><strong>debuisse</strong></span> <span class='ocrx_word' id='word_1_453' title='bbox 1563 3374 1576 3422; x_wconf 90' lang='lat'><strong>;</strong></span> <span class='ocrx_word' id='word_1_454' title='bbox 1621 3372 1748 3410; x_wconf 91' lang='lat' dir='ltr'><strong>cum</strong></span> 
     </span>
    </p>
   </div>
   <div class='ocr_carea' id='block_1_63' title="bbox 159 3445 1749 3516">
    <p class='ocr_par' dir='ltr' id='par_1_63' title="bbox 159 3445 1749 3516">
     <span class='ocr_line' id='line_1_63' title="bbox 159 3445 1749 3516; baseline -0.004 -11"><span class='ocrx_word' id='word_1_455' title='bbox 159 3465 395 3507; x_wconf 78' lang='lat' dir='ltr'><strong>auctores</strong></span> <span class='ocrx_word' id='word_1_456' title='bbox 421 3448 816 3504; x_wconf 88' lang='lat' dir='ltr'><strong>Ecclesiarum</strong></span> <span class='ocrx_word' id='word_1_457' title='bbox 861 3463 1089 3500; x_wconf 89' lang='lat' dir='ltr'><strong>suarum</strong></span> <span class='ocrx_word' id='word_1_458' title='bbox 1130 3445 1190 3498; x_wconf 92' lang='lat' dir='ltr'><strong>in</strong></span> <span class='ocrx_word' id='word_1_459' title='bbox 1236 3445 1596 3516; x_wconf 85' lang='lat' dir='ltr'><strong>responsione</strong></span> <span class='ocrx_word' id='word_1_460' title='bbox 1626 3445 1749 3499; x_wconf 91' lang='lat' dir='ltr'><strong>luce</strong></span> 
     </span>
    </p>
   </div>
   <div class='ocr_carea' id='block_1_64' title="bbox 160 3533 1751 3605">
    <p class='ocr_par' dir='ltr' id='par_1_64' title="bbox 160 3533 1751 3605">
     <span class='ocr_line' id='line_1_64' title="bbox 160 3533 1751 3605; baseline -0.004 -12"><span class='ocrx_word' id='word_1_461' title='bbox 160 3543 344 3595; x_wconf 80' lang='lat' dir='ltr'><strong>clarius</strong></span> <span class='ocrx_word' id='word_1_462' title='bbox 363 3535 914 3600; x_wconf 82' lang='lat' dir='ltr'><strong>demonstraverint,</strong></span> <span class='ocrx_word' id='word_1_463' title='bbox 938 3535 1076 3588; x_wconf 90' lang='lat' dir='ltr'><strong>utile</strong></span> <span class='ocrx_word' id='word_1_464' title='bbox 1102 3533 1327 3604; x_wconf 89' lang='lat' dir='ltr'><strong>quidem</strong></span> <span class='ocrx_word' id='word_1_465' title='bbox 1357 3535 1699 3605; x_wconf 90' lang='lat' dir='ltr'><strong>esse,plures</strong></span> <span class='ocrx_word' id='word_1_466' title='bbox 1715 3550 1751 3587; x_wconf 89' lang='lat' dir='ltr'><strong>a</strong></span> 
     </span>
    </p>
   </div>
   <div class='ocr_carea' id='block_1_65' title="bbox 157 3623 1748 3700">
    <p class='ocr_par' dir='ltr' id='par_1_65' title="bbox 157 3623 1748 3700">
     <span class='ocr_line' id='line_1_65' title="bbox 157 3623 1748 3700; baseline -0.005 -16"><span class='ocrx_word' id='word_1_467' title='bbox 157 3631 390 3700; x_wconf 86' lang='lat' dir='ltr'><strong>pluribus</strong></span> <span class='ocrx_word' id='word_1_468' title='bbox 422 3627 555 3683; x_wconf 85' lang='lat' dir='ltr'><strong>ﬁeri</strong></span> <span class='ocrx_word' id='word_1_469' title='bbox 585 3625 781 3688; x_wconf 90' lang='lat' dir='ltr'><strong>libros,</strong></span> <span class='ocrx_word' id='word_1_470' title='bbox 814 3623 1031 3678; x_wconf 90' lang='lat' dir='ltr'><strong>diverso</strong></span> <span class='ocrx_word' id='word_1_471' title='bbox 1053 3623 1279 3693; x_wconf 89' lang='lat' dir='ltr'><strong>quidem</strong></span> <span class='ocrx_word' id='word_1_472' title='bbox 1309 3623 1474 3689; x_wconf 73' lang='lat' dir='ltr'><strong>stylo,</strong></span> <span class='ocrx_word' id='word_1_473' title='bbox 1515 3623 1613 3676; x_wconf 90' lang='lat' dir='ltr'><strong>sed</strong></span> <span class='ocrx_word' id='word_1_474' title='bbox 1636 3639 1748 3677; x_wconf 92' lang='lat' dir='ltr'><strong>non</strong></span> 
     </span>
    </p>
   </div>
   <div class='ocr_carea' id='block_1_66' title="bbox 157 3711 1749 3786">
    <p class='ocr_par' dir='ltr' id='par_1_66' title="bbox 157 3711 1749 3786">
     <span class='ocr_line' id='line_1_66' title="bbox 157 3711 1749 3786; baseline -0.004 -14"><span class='ocrx_word' id='word_1_475' title='bbox 157 3721 355 3774; x_wconf 76' lang='lat' dir='ltr'><strong>diversa</strong></span> <span class='ocrx_word' id='word_1_476' title='bbox 375 3718 527 3786; x_wconf 77' lang='lat' dir='ltr'><strong>fide;</strong></span> <span class='ocrx_word' id='word_1_477' title='bbox 552 3721 622 3770; x_wconf 89' lang='lat' dir='ltr'><strong>ut</strong></span> <span class='ocrx_word' id='word_1_478' title='bbox 642 3714 714 3768; x_wconf 91' lang='lat' dir='ltr'><strong>ad</strong></span> <span class='ocrx_word' id='word_1_479' title='bbox 735 3712 1006 3784; x_wconf 89' lang='lat' dir='ltr'><strong>plurimos</strong></span> <span class='ocrx_word' id='word_1_480' title='bbox 1030 3728 1143 3766; x_wconf 90' lang='lat' dir='ltr'><strong>una</strong></span> <span class='ocrx_word' id='word_1_481' title='bbox 1163 3711 1470 3782; x_wconf 85' lang='lat' dir='ltr'><strong>eademque</strong></span> <span class='ocrx_word' id='word_1_482' title='bbox 1493 3711 1749 3766; x_wconf 87' lang='lat' dir='ltr'><strong>doctrina</strong></span> 
     </span>
    </p>
   </div>
   <div class='ocr_carea' id='block_1_67' title="bbox 157 3801 1742 3878">
    <p class='ocr_par' dir='ltr' id='par_1_67' title="bbox 157 3801 1742 3878">
     <span class='ocr_line' id='line_1_67' title="bbox 157 3801 1742 3878; baseline -0.006 -15"><span class='ocrx_word' id='word_1_483' title='bbox 157 3810 314 3862; x_wconf 73' lang='lat' dir='ltr'><strong>sancti</strong></span> <span class='ocrx_word' id='word_1_484' title='bbox 345 3807 604 3878; x_wconf 88' lang='lat' dir='ltr'><strong>Spiritus</strong></span> <span class='ocrx_word' id='word_1_485' title='bbox 633 3801 993 3873; x_wconf 85' lang='lat' dir='ltr'><strong>promulgata</strong></span> <span class='ocrx_word' id='word_1_486' title='bbox 1021 3801 1327 3872; x_wconf 88' lang='lat' dir='ltr'><strong>perveniat,</strong></span> <span class='ocrx_word' id='word_1_487' title='bbox 1362 3801 1433 3854; x_wconf 88' lang='lat' dir='ltr'><strong>ad</strong></span> <span class='ocrx_word' id='word_1_488' title='bbox 1478 3801 1616 3854; x_wconf 88' lang='lat' dir='ltr'><strong>alios</strong></span> <span class='ocrx_word' id='word_1_489' title='bbox 1643 3801 1742 3867; x_wconf 90' lang='lat' dir='ltr'><strong>sic,</strong></span> 
     </span>
    </p>
   </div>
   <div class='ocr_carea' id='block_1_68' title="bbox 155 3889 1746 3961">
    <p class='ocr_par' dir='ltr' id='par_1_68' title="bbox 155 3889 1746 3961">
     <span class='ocr_line' id='line_1_68' title="bbox 155 3889 1746 3961; baseline -0.006 -9"><span class='ocrx_word' id='word_1_490' title='bbox 155 3899 213 3951; x_wconf 78' lang='lat' dir='ltr'><strong>ad</strong></span> <span class='ocrx_word' id='word_1_491' title='bbox 240 3898 380 3951; x_wconf 86' lang='lat' dir='ltr'><strong>alios</strong></span> <span class='ocrx_word' id='word_1_492' title='bbox 409 3901 609 3949; x_wconf 85' lang='lat' dir='ltr'><strong>autem</strong></span> <span class='ocrx_word' id='word_1_493' title='bbox 635 3892 733 3946; x_wconf 92' lang='lat' dir='ltr'><strong>sic.</strong></span> <span class='ocrx_word' id='word_1_494' title='bbox 767 3892 962 3961; x_wconf 89' lang='lat' dir='ltr'><strong>Neque</strong></span> <span class='ocrx_word' id='word_1_495' title='bbox 983 3890 1133 3944; x_wconf 91' lang='lat' dir='ltr'><strong>enim</strong></span> <span class='ocrx_word' id='word_1_496' title='bbox 1154 3889 1464 3960; x_wconf 89' lang='lat' dir='ltr'><strong>putandum</strong></span> <span class='ocrx_word' id='word_1_497' title='bbox 1485 3893 1590 3954; x_wconf 90' lang='lat' dir='ltr'><strong>est,</strong></span> <span class='ocrx_word' id='word_1_498' title='bbox 1607 3890 1746 3944; x_wconf 91' lang='lat' dir='ltr'><strong>nulli</strong></span> 
     </span>
    </p>
   </div>
   <div class='ocr_carea' id='block_1_69' title="bbox 157 3977 1749 4054">
    <p class='ocr_par' dir='ltr' id='par_1_69' title="bbox 157 3977 1749 4054">
     <span class='ocr_line' id='line_1_69' title="bbox 157 3977 1749 4054; baseline -0.004 -16"><span class='ocrx_word' id='word_1_499' title='bbox 157 4003 285 4040; x_wconf 81' lang='lat' dir='ltr'><strong>nunc</strong></span> <span class='ocrx_word' id='word_1_500' title='bbox 297 3982 586 4054; x_wconf 87' lang='lat' dir='ltr'><strong>temporis</strong></span> <span class='ocrx_word' id='word_1_501' title='bbox 604 3980 851 4051; x_wconf 85' lang='lat' dir='ltr'><strong>gratiam</strong></span> <span class='ocrx_word' id='word_1_502' title='bbox 871 3978 1250 4048; x_wconf 69' lang='lat' dir='ltr'><strong>intelligentiae</strong></span> <span class='ocrx_word' id='word_1_503' title='bbox 1266 3977 1478 4047; x_wconf 89' lang='lat' dir='ltr'><strong>largiri,</strong></span> <span class='ocrx_word' id='word_1_504' title='bbox 1499 3994 1626 4032; x_wconf 89' lang='lat' dir='ltr'><strong>cum</strong></span> <span class='ocrx_word' id='word_1_505' title='bbox 1654 3995 1749 4049; x_wconf 90' lang='lat' dir='ltr'><strong>pa-</strong></span> 
     </span>
    </p>
   </div>
   <div class='ocr_carea' id='block_1_70' title="bbox 157 4068 1746 4143">
    <p class='ocr_par' dir='ltr' id='par_1_70' title="bbox 157 4068 1746 4143">
     <span class='ocr_line' id='line_1_70' title="bbox 157 4068 1746 4143; baseline -0.006 -14"><span class='ocrx_word' id='word_1_506' title='bbox 157 4080 249 4128; x_wconf 71' lang='lat' dir='ltr'><strong>teat</strong></span> <span class='ocrx_word' id='word_1_507' title='bbox 259 4073 400 4128; x_wconf 87' lang='lat' dir='ltr'><strong>illud</strong></span> <span class='ocrx_word' id='word_1_508' title='bbox 413 4068 836 4143; x_wconf 84' lang='lat' dir='ltr'><strong>propheticum;</strong></span> <span class='ocrx_word' id='word_1_509' title='bbox 846 4069 1267 4121; x_wconf 78' lang='lat' dir='ltr'><strong>Pertransibuut</strong></span> <span class='ocrx_word' id='word_1_510' title='bbox 1275 4069 1490 4135; x_wconf 83' lang='lat' dir='ltr'><strong>plurim</strong></span> <span class='ocrx_word' id='word_1_511' title='bbox 1498 4069 1592 4133; x_wconf 87' lang='lat' dir='ltr'><strong>i,et</strong></span> <span class='ocrx_word' id='word_1_512' title='bbox 1604 4071 1746 4121; x_wconf 86' lang='lat' dir='ltr'><strong>mul-</strong></span> 
     </span>
    </p>
   </div>
   <div class='ocr_carea' id='block_1_71' title="bbox 158 4154 1746 4230">
    <p class='ocr_par' dir='ltr' id='par_1_71' title="bbox 158 4154 1746 4230">
     <span class='ocr_line' id='line_1_71' title="bbox 158 4154 1746 4230; baseline -0.003 -17"><span class='ocrx_word' id='word_1_513' title='bbox 158 4166 302 4230; x_wconf 69' lang='lat' dir='ltr'><strong>iika</strong></span> <span class='ocrx_word' id='word_1_514' title='bbox 330 4165 444 4216; x_wconf 80' lang='lat' dir='ltr'><strong>erit</strong></span> <span class='ocrx_word' id='word_1_515' title='bbox 477 4160 716 4213; x_wconf 80' lang='lat' dir='ltr'><strong>scientia</strong></span> <span class='ocrx_word' id='word_1_516' title='bbox 751 4157 914 4224; x_wconf 85' lang='lat' dir='ltr'><strong>(Dan.</strong></span> <span class='ocrx_word' id='word_1_517' title='bbox 945 4169 1039 4221; x_wconf 83' lang='lat' dir='ltr'><strong>xu,</strong></span> <span class='ocrx_word' id='word_1_518' title='bbox 1064 4155 1138 4223; x_wconf 81' lang='grc'><strong>4).</strong></span> <span class='ocrx_word' id='word_1_519' title='bbox 1176 4154 1286 4209; x_wconf 94' lang='lat' dir='ltr'><strong>Sed</strong></span> <span class='ocrx_word' id='word_1_520' title='bbox 1319 4159 1375 4209; x_wconf 91' lang='lat' dir='ltr'><strong>et</strong></span> <span class='ocrx_word' id='word_1_521' title='bbox 1403 4154 1746 4225; x_wconf 70' lang='lat' dir='ltr'><strong>philOSOphis</strong></span> 
     </span>
    </p>
   </div>
   <div class='ocr_carea' id='block_1_72' title="bbox 157 4243 1745 4316">
    <p class='ocr_par' dir='ltr' id='par_1_72' title="bbox 157 4243 1745 4316">
     <span class='ocr_line' id='line_1_72' title="bbox 157 4243 1745 4316; baseline -0.004 -11"><span class='ocrx_word' id='word_1_522' title='bbox 346 4250 466 4303; x_wconf 77' lang='lat' dir='ltr'><strong>tale</strong></span> <span class='ocrx_word' id='word_1_523' title='bbox 498 4245 737 4316; x_wconf 89' lang='lat' dir='ltr'><strong>aliquid,</strong></span> <span class='ocrx_word' id='word_1_524' title='bbox 761 4250 888 4316; x_wconf 90' lang='lat' dir='ltr'><strong>post</strong></span> <span class='ocrx_word' id='word_1_525' title='bbox 916 4243 1166 4315; x_wconf 89' lang='lat' dir='ltr'><strong>priorum</strong></span> <span class='ocrx_word' id='word_1_526' title='bbox 1196 4244 1399 4309; x_wconf 89' lang='lat' dir='ltr'><strong>studia,</strong></span> <span class='ocrx_word' id='word_1_527' title='bbox 1427 4243 1643 4298; x_wconf 89' lang='lat' dir='ltr'><strong>ratione</strong></span> <span class='ocrx_word' id='word_1_528' title='bbox 1663 4245 1745 4298; x_wconf 90' lang='lat' dir='ltr'><strong>vi-</strong></span> 
     </span>
    </p>
   </div>
   <div class='ocr_carea' id='block_1_73' title="bbox 154 4332 1745 4410">
    <p class='ocr_par' dir='ltr' id='par_1_73' title="bbox 154 4332 1745 4410">
     <span class='ocr_line' id='line_1_73' title="bbox 154 4332 1745 4410; baseline -0.004 -16"><span class='ocrx_word' id='word_1_529' title='bbox 154 4349 297 4407; x_wconf 74' lang='lat' dir='ltr'><strong>gente</strong></span> <span class='ocrx_word' id='word_1_530' title='bbox 319 4337 608 4410; x_wconf 88' lang='lat' dir='ltr'><strong>probatur</strong></span> <span class='ocrx_word' id='word_1_531' title='bbox 626 4343 953 4388; x_wconf 85' lang='lat' dir='ltr'><strong>concessum</strong></span> <span class='ocrx_word' id='word_1_532' title='bbox 981 4351 992 4386; x_wconf 94' lang='lat'>:</span> <span class='ocrx_word' id='word_1_533' title='bbox 1012 4349 1247 4403; x_wconf 90' lang='lat' dir='ltr'><strong>quorum</strong></span> <span class='ocrx_word' id='word_1_534' title='bbox 1268 4332 1523 4387; x_wconf 89' lang='lat' dir='ltr'><strong>doctores</strong></span> <span class='ocrx_word' id='word_1_535' title='bbox 1536 4339 1745 4403; x_wconf 89' lang='lat' dir='ltr'><strong>quanto</strong></span> 
     </span>
    </p>
   </div>
   <div class='ocr_carea' id='block_1_74' title="bbox 152 4422 1744 4494">
    <p class='ocr_par' dir='ltr' id='par_1_74' title="bbox 152 4422 1744 4494">
     <span class='ocr_line' id='line_1_74' title="bbox 152 4422 1744 4494; baseline -0.005 -10"><span class='ocrx_word' id='word_1_536' title='bbox 152 4430 385 4494; x_wconf 60' lang='lat' dir='ltr'><strong>jtmioras</strong></span> <span class='ocrx_word' id='word_1_537' title='bbox 417 4429 607 4490; x_wconf 85' lang='lat' dir='ltr'><strong>fuere,</strong></span> <span class='ocrx_word' id='word_1_538' title='bbox 638 4428 798 4476; x_wconf 90' lang='lat' dir='ltr'><strong>tanto</strong></span> <span class='ocrx_word' id='word_1_539' title='bbox 827 4422 1022 4493; x_wconf 89' lang='lat' dir='ltr'><strong>utique</strong></span> <span class='ocrx_word' id='word_1_540' title='bbox 1041 4422 1491 4493; x_wconf 87' lang='lat' dir='ltr'><strong>perspicaciores.</strong></span> <span class='ocrx_word' id='word_1_541' title='bbox 1509 4423 1744 4477; x_wconf 86' lang='lat' dir='ltr'><strong>Verum-</strong></span> 
     </span>
    </p>
   </div>
   <div class='ocr_carea' id='block_1_75' title="bbox 1830 3263 3423 3332">
    <p class='ocr_par' dir='ltr' id='par_1_75' title="bbox 1830 3263 3423 3332">
     <span class='ocr_line' id='line_1_75' title="bbox 1830 3263 3423 3332; baseline 0.008 -14"><span class='ocrx_word' id='word_1_542' title='bbox 1830 3265 1899 3318; x_wconf 87' lang='lat' dir='ltr'><strong>sit</strong></span> <span class='ocrx_word' id='word_1_543' title='bbox 1928 3265 2077 3318; x_wconf 90' lang='lat' dir='ltr'><strong>inter</strong></span> <span class='ocrx_word' id='word_1_544' title='bbox 2096 3263 2383 3318; x_wconf 77' lang='lat' dir='ltr'><strong>subulcam</strong></span> <span class='ocrx_word' id='word_1_545' title='bbox 2417 3264 2663 3319; x_wconf 87' lang='lat' dir='ltr'><strong>dictandi</strong></span> <span class='ocrx_word' id='word_1_546' title='bbox 2706 3268 3018 3331; x_wconf 90' lang='lat' dir='ltr'><strong>audaciam,</strong></span> <span class='ocrx_word' id='word_1_547' title='bbox 3050 3277 3108 3326; x_wconf 90' lang='lat' dir='ltr'><strong>et</strong></span> <span class='ocrx_word' id='word_1_548' title='bbox 3132 3274 3423 3332; x_wconf 88' lang='lat' dir='ltr'><strong>elucubra-</strong></span> 
     </span>
    </p>
   </div>
   <div class='ocr_carea' id='block_1_76' title="bbox 1828 3353 3425 3436">
    <p class='ocr_par' dir='ltr' id='par_1_76' title="bbox 1828 3353 3425 3436">
     <span class='ocr_line' id='line_1_76' title="bbox 1828 3353 3425 3436; baseline 0.006 -28"><span class='ocrx_word' id='word_1_549' title='bbox 1828 3360 1945 3408; x_wconf 88' lang='lat' dir='ltr'><strong>tam</strong></span> <span class='ocrx_word' id='word_1_550' title='bbox 1967 3353 2626 3422; x_wconf 88' lang='lat' dir='ltr'><strong>scribendidiligentiam.</strong></span> <span class='ocrx_word' id='word_1_551' title='bbox 2660 3355 2740 3408; x_wconf 92' lang='lat' dir='ltr'><strong>De</strong></span> <span class='ocrx_word' id='word_1_552' title='bbox 2768 3363 2968 3412; x_wconf 69' lang='lat' dir='ltr'><strong>caatero</strong></span> <span class='ocrx_word' id='word_1_553' title='bbox 2994 3360 3160 3414; x_wconf 88' lang='lat' dir='ltr'><strong>velim</strong></span> <span class='ocrx_word' id='word_1_554' title='bbox 3188 3380 3425 3436; x_wconf 84' lang='lat' dir='ltr'><strong>perpen-</strong></span> 
     </span>
    </p>
   </div>
   <div class='ocr_carea' id='block_1_77' title="bbox 1829 3441 3421 3514">
    <p class='ocr_par' dir='ltr' id='par_1_77' title="bbox 1829 3441 3421 3514">
     <span class='ocr_line' id='line_1_77' title="bbox 1829 3441 3421 3514; baseline 0.009 -17"><span class='ocrx_word' id='word_1_555' title='bbox 1829 3443 1967 3498; x_wconf 89' lang='lat' dir='ltr'><strong>dant</strong></span> <span class='ocrx_word' id='word_1_556' title='bbox 1985 3441 2182 3507; x_wconf 91' lang='lat' dir='ltr'><strong>nostri,</strong></span> <span class='ocrx_word' id='word_1_557' title='bbox 2195 3447 2434 3512; x_wconf 90' lang='lat' dir='ltr'><strong>quantos</strong></span> <span class='ocrx_word' id='word_1_558' title='bbox 2445 3449 2501 3496; x_wconf 91' lang='lat' dir='ltr'><strong>et</strong></span> <span class='ocrx_word' id='word_1_559' title='bbox 2521 3444 2714 3514; x_wconf 91' lang='lat' dir='ltr'><strong>quales</strong></span> <span class='ocrx_word' id='word_1_560' title='bbox 2744 3447 3065 3502; x_wconf 71' lang='lat' dir='ltr'><strong>Graecorum</strong></span> <span class='ocrx_word' id='word_1_561' title='bbox 3080 3449 3341 3508; x_wconf 87' lang='lat' dir='ltr'><strong>facundia</strong></span> <span class='ocrx_word' id='word_1_562' title='bbox 3359 3455 3421 3511; x_wconf 91' lang='lat' dir='ltr'><strong>in</strong></span> 
     </span>
    </p>
   </div>
   <div class='ocr_carea' id='block_1_78' title="bbox 1830 3530 3423 3613">
    <p class='ocr_par' dir='ltr' id='par_1_78' title="bbox 1830 3530 3423 3613">
     <span class='ocr_line' id='line_1_78' title="bbox 1830 3530 3423 3613; baseline 0.01 -30"><span class='ocrx_word' id='word_1_563' title='bbox 1830 3531 1934 3584; x_wconf 92' lang='lat' dir='ltr'><strong>hoc</strong></span> <span class='ocrx_word' id='word_1_564' title='bbox 1961 3531 2155 3585; x_wconf 92' lang='lat' dir='ltr'><strong>eodem</strong></span> <span class='ocrx_word' id='word_1_565' title='bbox 2186 3547 2352 3602; x_wconf 88' lang='lat' dir='ltr'><strong>opere</strong></span> <span class='ocrx_word' id='word_1_566' title='bbox 2374 3530 2578 3586; x_wconf 89' lang='lat' dir='ltr'><strong>habeat</strong></span> <span class='ocrx_word' id='word_1_567' title='bbox 2607 3537 2964 3604; x_wconf 85' lang='lat' dir='ltr'><strong>tractatores;</strong></span> <span class='ocrx_word' id='word_1_568' title='bbox 2991 3543 3048 3591; x_wconf 93' lang='lat' dir='ltr'><strong>et</strong></span> <span class='ocrx_word' id='word_1_569' title='bbox 3073 3544 3206 3595; x_wconf 90' lang='lat' dir='ltr'><strong>tunc</strong></span> <span class='ocrx_word' id='word_1_570' title='bbox 3230 3549 3423 3613; x_wconf 84' lang='lat' dir='ltr'><strong>potue-</strong></span> 
     </span>
    </p>
   </div>
   <div class='ocr_carea' id='block_1_79' title="bbox 1830 3619 3422 3699">
    <p class='ocr_par' dir='ltr' id='par_1_79' title="bbox 1830 3619 3422 3699">
     <span class='ocr_line' id='line_1_79' title="bbox 1830 3619 3422 3699; baseline 0.01 -27"><span class='ocrx_word' id='word_1_571' title='bbox 1830 3619 1946 3673; x_wconf 91' lang='lat' dir='ltr'><strong>rint</strong></span> <span class='ocrx_word' id='word_1_572' title='bbox 1962 3619 2514 3691; x_wconf 89' lang='lat' dir='ltr'><strong>dignoscere,quibus</strong></span> <span class='ocrx_word' id='word_1_573' title='bbox 2534 3621 2734 3676; x_wconf 88' lang='lat' dir='ltr'><strong>Latina</strong></span> <span class='ocrx_word' id='word_1_574' title='bbox 2753 3633 3053 3696; x_wconf 89' lang='lat' dir='ltr'><strong>paupertas</strong></span> <span class='ocrx_word' id='word_1_575' title='bbox 3072 3636 3236 3699; x_wconf 88' lang='lat' dir='ltr'><strong>egeat</strong></span> <span class='ocrx_word' id='word_1_576' title='bbox 3255 3632 3422 3689; x_wconf 91' lang='lat' dir='ltr'><strong>docu-</strong></span> 
     </span>
    </p>
   </div>
   <div class='ocr_carea' id='block_1_80' title="bbox 1829 3709 3423 3792">
    <p class='ocr_par' dir='ltr' id='par_1_80' title="bbox 1829 3709 3423 3792">
     <span class='ocr_line' id='line_1_80' title="bbox 1829 3709 3423 3792; baseline 0.011 -30"><span class='ocrx_word' id='word_1_577' title='bbox 1829 3709 2052 3772; x_wconf 88' lang='lat' dir='ltr'><strong>mentis,</strong></span> <span class='ocrx_word' id='word_1_578' title='bbox 2076 3709 2205 3779; x_wconf 88' lang='lat' dir='ltr'><strong>quia</strong></span> <span class='ocrx_word' id='word_1_579' title='bbox 2225 3709 2469 3780; x_wconf 89' lang='lat' dir='ltr'><strong>profecto</strong></span> <span class='ocrx_word' id='word_1_580' title='bbox 2489 3709 2545 3762; x_wconf 92' lang='lat' dir='ltr'><strong>in</strong></span> <span class='ocrx_word' id='word_1_581' title='bbox 2568 3728 2767 3766; x_wconf 89' lang='lat' dir='ltr'><strong>manus</strong></span> <span class='ocrx_word' id='word_1_582' title='bbox 2797 3720 3018 3770; x_wconf 89' lang='lat' dir='ltr'><strong>nostras</strong></span> <span class='ocrx_word' id='word_1_583' title='bbox 3035 3717 3121 3770; x_wconf 88' lang='lat' dir='ltr'><strong>vix</strong></span> <span class='ocrx_word' id='word_1_584' title='bbox 3140 3736 3423 3792; x_wconf 83' lang='lat' dir='ltr'><strong>perpauca</strong></span> 
     </span>
    </p>
   </div>
   <div class='ocr_carea' id='block_1_81' title="bbox 1828 3797 3420 3868">
    <p class='ocr_par' dir='ltr' id='par_1_81' title="bbox 1828 3797 3420 3868">
     <span class='ocr_line' id='line_1_81' title="bbox 1828 3797 3420 3868; baseline 0.01 -18"><span class='ocrx_word' id='word_1_585' title='bbox 1828 3797 2080 3868; x_wconf 89' lang='lat' dir='ltr'><strong>priorum</strong></span> <span class='ocrx_word' id='word_1_586' title='bbox 2113 3803 2386 3852; x_wconf 90' lang='lat' dir='ltr'><strong>venerunt</strong></span> <span class='ocrx_word' id='word_1_587' title='bbox 2413 3805 2751 3853; x_wconf 87' lang='lat' dir='ltr'><strong>commenta.</strong></span> <span class='ocrx_word' id='word_1_588' title='bbox 2772 3801 2927 3855; x_wconf 90' lang='lat' dir='ltr'><strong>Licet</strong></span> <span class='ocrx_word' id='word_1_589' title='bbox 2952 3804 3420 3866; x_wconf 87' lang='lat' dir='ltr'><strong>Fortunatianum</strong></span> 
     </span>
    </p>
   </div>
   <div class='ocr_carea' id='block_1_82' title="bbox 1829 3885 3420 3969">
    <p class='ocr_par' dir='ltr' id='par_1_82' title="bbox 1829 3885 3420 3969">
     <span class='ocr_line' id='line_1_82' title="bbox 1829 3885 3420 3969; baseline 0.011 -31"><span class='ocrx_word' id='word_1_590' title='bbox 1829 3885 2246 3940; x_wconf 85' lang='lat' dir='ltr'><strong>etVictorinum</strong></span> <span class='ocrx_word' id='word_1_591' title='bbox 2275 3887 2334 3940; x_wconf 92' lang='lat' dir='ltr'><strong>in</strong></span> <span class='ocrx_word' id='word_1_592' title='bbox 2365 3903 2430 3940; x_wconf 92' lang='lat' dir='ltr'><strong>eo</strong></span> <span class='ocrx_word' id='word_1_593' title='bbox 2459 3888 2727 3957; x_wconf 90' lang='lat' dir='ltr'><strong>opuscula</strong></span> <span class='ocrx_word' id='word_1_594' title='bbox 2755 3889 2996 3945; x_wconf 89' lang='lat' dir='ltr'><strong>edidisse</strong></span> <span class='ocrx_word' id='word_1_595' title='bbox 3019 3893 3256 3961; x_wconf 89' lang='lat' dir='ltr'><strong>dicatur,</strong></span> <span class='ocrx_word' id='word_1_596' title='bbox 3279 3915 3420 3969; x_wconf 88' lang='lat' dir='ltr'><strong>quos</strong></span> 
     </span>
    </p>
   </div>
   <div class='ocr_carea' id='block_1_83' title="bbox 1828 3975 3422 4058">
    <p class='ocr_par' dir='ltr' id='par_1_83' title="bbox 1828 3975 3422 4058">
     <span class='ocr_line' id='line_1_83' title="bbox 1828 3975 3422 4058; baseline 0.009 -30"><span class='ocrx_word' id='word_1_597' title='bbox 1828 3975 2064 4029; x_wconf 90' lang='lat' dir='ltr'><strong>necdum</strong></span> <span class='ocrx_word' id='word_1_598' title='bbox 2077 3975 2328 4029; x_wconf 90' lang='lat' dir='ltr'><strong>invenire</strong></span> <span class='ocrx_word' id='word_1_599' title='bbox 2347 3976 2651 4046; x_wconf 89' lang='lat' dir='ltr'><strong>potuimus.</strong></span> <span class='ocrx_word' id='word_1_600' title='bbox 2677 3977 2887 4033; x_wconf 87' lang='lat' dir='ltr'><strong>Idcirco</strong></span> <span class='ocrx_word' id='word_1_601' title='bbox 2908 3980 3112 4036; x_wconf 90' lang='lat' dir='ltr'><strong>talibus</strong></span> <span class='ocrx_word' id='word_1_602' title='bbox 3144 3989 3202 4038; x_wconf 89' lang='lat' dir='ltr'><strong>et</strong></span> <span class='ocrx_word' id='word_1_603' title='bbox 3225 3986 3320 4058; x_wconf 89' lang='lat' dir='ltr'><strong>huj</strong></span> <span class='ocrx_word' id='word_1_604' title='bbox 3330 4004 3422 4042; x_wconf 79' lang='lat' dir='ltr'><strong>us-</strong></span> 
     </span>
    </p>
   </div>
   <div class='ocr_carea' id='block_1_84' title="bbox 1828 4063 3417 4145">
    <p class='ocr_par' dir='ltr' id='par_1_84' title="bbox 1828 4063 3417 4145">
     <span class='ocr_line' id='line_1_84' title="bbox 1828 4063 3417 4145; baseline 0.009 -27"><span class='ocrx_word' id='word_1_605' title='bbox 1828 4063 2045 4118; x_wconf 89' lang='lat' dir='ltr'><strong>cemodi</strong></span> <span class='ocrx_word' id='word_1_606' title='bbox 2091 4064 2272 4118; x_wconf 90' lang='lat' dir='ltr'><strong>causis</strong></span> <span class='ocrx_word' id='word_1_607' title='bbox 2299 4065 2371 4118; x_wconf 90' lang='lat' dir='ltr'><strong>ad</strong></span> <span class='ocrx_word' id='word_1_608' title='bbox 2398 4064 2515 4119; x_wconf 77' lang='lat' dir='ltr'><strong>haec</strong></span> <span class='ocrx_word' id='word_1_609' title='bbox 2542 4066 2828 4137; x_wconf 89' lang='lat' dir='ltr'><strong>appulsus,</strong></span> <span class='ocrx_word' id='word_1_610' title='bbox 2880 4067 2984 4123; x_wconf 87' lang='lat' dir='ltr'><strong>feci</strong></span> <span class='ocrx_word' id='word_1_611' title='bbox 3038 4087 3148 4126; x_wconf 91' lang='lat' dir='ltr'><strong>non</strong></span> <span class='ocrx_word' id='word_1_612' title='bbox 3187 4074 3417 4145; x_wconf 88' lang='lat' dir='ltr'><strong>invitus,</strong></span> 
     </span>
    </p>
   </div>
   <div class='ocr_carea' id='block_1_85' title="bbox 1829 4153 3417 4234">
    <p class='ocr_par' dir='ltr' id='par_1_85' title="bbox 1829 4153 3417 4234">
     <span class='ocr_line' id='line_1_85' title="bbox 1829 4153 3417 4234; baseline 0.009 -27"><span class='ocrx_word' id='word_1_613' title='bbox 1829 4169 2102 4208; x_wconf 89' lang='lat' dir='ltr'><strong>consensu</strong></span> <span class='ocrx_word' id='word_1_614' title='bbox 2128 4153 2331 4220; x_wconf 88' lang='lat' dir='ltr'><strong>Patris,</strong></span> <span class='ocrx_word' id='word_1_615' title='bbox 2351 4159 2415 4207; x_wconf 90' lang='lat' dir='ltr'><strong>ut</strong></span> <span class='ocrx_word' id='word_1_616' title='bbox 2440 4154 2766 4224; x_wconf 86' lang='lat' dir='ltr'><strong>prodessem</strong></span> <span class='ocrx_word' id='word_1_617' title='bbox 2793 4157 3001 4224; x_wconf 90' lang='lat' dir='ltr'><strong>multis,</strong></span> <span class='ocrx_word' id='word_1_618' title='bbox 3032 4165 3090 4214; x_wconf 90' lang='lat' dir='ltr'><strong>et</strong></span> <span class='ocrx_word' id='word_1_619' title='bbox 3109 4164 3417 4234; x_wconf 88' lang='lat' dir='ltr'><strong>seniorum,</strong></span> 
     </span>
    </p>
   </div>
   <div class='ocr_carea' id='block_1_86' title="bbox 1827 4241 3419 4323">
    <p class='ocr_par' dir='ltr' id='par_1_86' title="bbox 1827 4241 3419 4323">
     <span class='ocr_line' id='line_1_86' title="bbox 1827 4241 3419 4323; baseline 0.01 -29"><span class='ocrx_word' id='word_1_620' title='bbox 1827 4248 1892 4296; x_wconf 90' lang='lat' dir='ltr'><strong>ut</strong></span> <span class='ocrx_word' id='word_1_621' title='bbox 1936 4241 2199 4313; x_wconf 73' lang='lat' dir='ltr'><strong>praemisi,</strong></span> <span class='ocrx_word' id='word_1_622' title='bbox 2261 4243 2613 4298; x_wconf 89' lang='lat' dir='ltr'><strong>suasionibus</strong></span> <span class='ocrx_word' id='word_1_623' title='bbox 2660 4245 2952 4314; x_wconf 89' lang='lat' dir='ltr'><strong>excitatus,</strong></span> <span class='ocrx_word' id='word_1_624' title='bbox 2986 4249 3085 4303; x_wconf 90' lang='lat' dir='ltr'><strong>sed</strong></span> <span class='ocrx_word' id='word_1_625' title='bbox 3115 4257 3173 4305; x_wconf 89' lang='lat' dir='ltr'><strong>et</strong></span> <span class='ocrx_word' id='word_1_626' title='bbox 3201 4255 3419 4323; x_wconf 70' lang='lat' dir='ltr'><strong>praefati</strong></span> 
     </span>
    </p>
   </div>
   <div class='ocr_carea' id='block_1_87' title="bbox 1827 4331 3419 4407">
    <p class='ocr_par' dir='ltr' id='par_1_87' title="bbox 1827 4331 3419 4407">
     <span class='ocr_line' id='line_1_87' title="bbox 1827 4331 3419 4407; baseline 0.009 -21"><span class='ocrx_word' id='word_1_627' title='bbox 1827 4331 2070 4386; x_wconf 92' lang='lat' dir='ltr'><strong>doctoris</strong></span> <span class='ocrx_word' id='word_1_628' title='bbox 2101 4332 2426 4403; x_wconf 88' lang='lat' dir='ltr'><strong>Hieronymi</strong></span> <span class='ocrx_word' id='word_1_629' title='bbox 2452 4337 2577 4387; x_wconf 88' lang='lat' dir='ltr'><strong>voto</strong></span> <span class='ocrx_word' id='word_1_630' title='bbox 2599 4335 2828 4405; x_wconf 90' lang='lat' dir='ltr'><strong>majoris</strong></span> <span class='ocrx_word' id='word_1_631' title='bbox 2851 4336 3325 4407; x_wconf 88' lang='lat' dir='ltr'><strong>disputationibus</strong></span> <span class='ocrx_word' id='word_1_632' title='bbox 3346 4345 3419 4400; x_wconf 88' lang='lat' dir='ltr'><strong>ad</strong></span> 
     </span>
    </p>
   </div>
   <div class='ocr_carea' id='block_1_88' title="bbox 1830 4420 3418 4504">
    <p class='ocr_par' dir='ltr' id='par_1_88' title="bbox 1830 4420 3418 4504">
     <span class='ocr_line' id='line_1_88' title="bbox 1830 4420 3418 4504; baseline 0.009 -31"><span class='ocrx_word' id='word_1_633' title='bbox 1830 4420 2131 4492; x_wconf 88' lang='lat' dir='ltr'><strong>prolixiora</strong></span> <span class='ocrx_word' id='word_1_634' title='bbox 2158 4420 2435 4487; x_wconf 91' lang='lat' dir='ltr'><strong>inductus,</strong></span> <span class='ocrx_word' id='word_1_635' title='bbox 2486 4423 2640 4492; x_wconf 89' lang='lat' dir='ltr'><strong>parvi</strong></span> <span class='ocrx_word' id='word_1_636' title='bbox 2678 4424 3016 4493; x_wconf 83' lang='lat' dir='ltr'><strong>petentibus,</strong></span> <span class='ocrx_word' id='word_1_637' title='bbox 3067 4429 3256 4486; x_wconf 90' lang='lat' dir='ltr'><strong>volens</strong></span> <span class='ocrx_word' id='word_1_638' title='bbox 3294 4434 3418 4504; x_wconf 89' lang='lat' dir='ltr'><strong>ejus</strong></span> 
     </span>
    </p>
   </div>
   <div class='ocr_carea' id='block_1_89' title="bbox 157 4491 3421 4590">
    <p class='ocr_par' dir='ltr' id='par_1_89' title="bbox 157 4491 3421 4590">
     <span class='ocr_line' id='line_1_89' title="bbox 157 4491 3421 4590; baseline -0 -18"><span class='ocrx_word' id='word_1_639' title='bbox 157 4491 344 4582; x_wconf 70' lang='lat' dir='ltr'><strong>tamen,</strong></span> <span class='ocrx_word' id='word_1_640' title='bbox 375 4516 492 4572; x_wconf 88' lang='lat' dir='ltr'><strong>etsi</strong></span> <span class='ocrx_word' id='word_1_641' title='bbox 522 4515 610 4568; x_wconf 84' lang='lat' dir='ltr'><strong>ita</strong></span> <span class='ocrx_word' id='word_1_642' title='bbox 638 4514 854 4582; x_wconf 90' lang='lat' dir='ltr'><strong>loquar,</strong></span> <span class='ocrx_word' id='word_1_643' title='bbox 889 4491 1001 4564; x_wconf 79' lang='lat' dir='ltr'><strong>non</strong></span> <span class='ocrx_word' id='word_1_644' title='bbox 1041 4491 1189 4564; x_wconf 79' lang='lat' dir='ltr'><strong>adeo</strong></span> <span class='ocrx_word' id='word_1_645' title='bbox 1228 4511 1433 4565; x_wconf 88' lang='lat' dir='ltr'><strong>fastum</strong></span> <span class='ocrx_word' id='word_1_646' title='bbox 1461 4491 1810 4581; x_wconf 67' lang='lat' dir='ltr'><strong>jactantiaeD</strong></span> <span class='ocrx_word' id='word_1_647' title='bbox 1832 4491 2012 4562; x_wconf 79' lang='lat' dir='ltr'><strong>officio</strong></span> <span class='ocrx_word' id='word_1_648' title='bbox 2041 4508 2316 4579; x_wconf 88' lang='lat' dir='ltr'><strong>promissa</strong></span> <span class='ocrx_word' id='word_1_649' title='bbox 2341 4491 2568 4580; x_wconf 86' lang='lat' dir='ltr'><strong>pietatis</strong></span> <span class='ocrx_word' id='word_1_650' title='bbox 2596 4491 2858 4581; x_wconf 80' lang='lat' dir='ltr'><strong>implere;</strong></span> <span class='ocrx_word' id='word_1_651' title='bbox 2892 4518 2974 4580; x_wconf 93' lang='lat' dir='ltr'><strong>ut,</strong></span> <span class='ocrx_word' id='word_1_652' title='bbox 3003 4491 3148 4570; x_wconf 84' lang='lat' dir='ltr'><strong>sicut</strong></span> <span class='ocrx_word' id='word_1_653' title='bbox 3177 4518 3272 4574; x_wconf 92' lang='lat' dir='ltr'><strong>ille</strong></span> <span class='ocrx_word' id='word_1_654' title='bbox 3297 4491 3421 4590; x_wconf 69' lang='lat' dir='ltr'><strong>jam</strong></span> 
     </span>
    </p>
   </div>
   <div class='ocr_carea' id='block_1_90' title="bbox 159 4596 3422 4677">
    <p class='ocr_par' dir='ltr' id='par_1_90' title="bbox 159 4596 3422 4677">
     <span class='ocr_line' id='line_1_90' title="bbox 159 4596 3422 4677; baseline 0.001 -16"><span class='ocrx_word' id='word_1_655' title='bbox 159 4606 323 4677; x_wconf 69' lang='lat' dir='ltr'><strong>dﬂigo,</strong></span> <span class='ocrx_word' id='word_1_656' title='bbox 352 4614 421 4661; x_wconf 90' lang='lat' dir='ltr'><strong>ut</strong></span> <span class='ocrx_word' id='word_1_657' title='bbox 456 4621 553 4658; x_wconf 90' lang='lat' dir='ltr'><strong>me</strong></span> <span class='ocrx_word' id='word_1_658' title='bbox 587 4601 658 4656; x_wconf 87' lang='lat' dir='ltr'><strong>ad</strong></span> <span class='ocrx_word' id='word_1_659' title='bbox 692 4616 885 4655; x_wconf 91' lang='lat' dir='ltr'><strong>eorum</strong></span> <span class='ocrx_word' id='word_1_660' title='bbox 934 4599 1226 4653; x_wconf 89' lang='lat' dir='ltr'><strong>scientiam</strong></span> <span class='ocrx_word' id='word_1_661' title='bbox 1257 4604 1358 4654; x_wconf 88' lang='lat' dir='ltr'><strong>aut</strong></span> <span class='ocrx_word' id='word_1_662' title='bbox 1380 4600 1582 4654; x_wconf 85' lang='lat' dir='ltr'><strong>merita</strong></span> <span class='ocrx_word' id='word_1_663' title='bbox 1612 4601 1746 4654; x_wconf 90' lang='lat' dir='ltr'><strong>atti-</strong></span> <span class='ocrx_word' id='word_1_664' title='bbox 1829 4601 2225 4651; x_wconf 90' lang='lat' dir='ltr'><strong>remuneratur</strong></span> <span class='ocrx_word' id='word_1_665' title='bbox 2240 4603 2498 4651; x_wconf 90' lang='lat' dir='ltr'><strong>votorum</strong></span> <span class='ocrx_word' id='word_1_666' title='bbox 2519 4596 2819 4669; x_wconf 90' lang='lat' dir='ltr'><strong>obsequiis,</strong></span> <span class='ocrx_word' id='word_1_667' title='bbox 2838 4601 2919 4655; x_wconf 86' lang='lat' dir='ltr'><strong>ita</strong></span> <span class='ocrx_word' id='word_1_668' title='bbox 2933 4603 3160 4660; x_wconf 91' lang='lat' dir='ltr'><strong>demum</strong></span> <span class='ocrx_word' id='word_1_669' title='bbox 3183 4625 3284 4677; x_wconf 86' lang='lat' dir='ltr'><strong>ego</strong></span> <span class='ocrx_word' id='word_1_670' title='bbox 3304 4609 3422 4664; x_wconf 89' lang='lat' dir='ltr'><strong>suis</strong></span> 
     </span>
    </p>
   </div>
   <div class='ocr_carea' id='block_1_91' title="bbox 155 4685 3426 4767">
    <p class='ocr_par' dir='ltr' id='par_1_91' title="bbox 155 4685 3426 4767">
     <span class='ocr_line' id='line_1_91' title="bbox 155 4685 3426 4767; baseline 0.005 -31"><span class='ocrx_word' id='word_1_671' title='bbox 301 4696 624 4767; x_wconf 71' lang='lat' dir='ltr'><strong>pollicear;</strong></span> <span class='ocrx_word' id='word_1_672' title='bbox 657 4690 755 4744; x_wconf 90' lang='lat' dir='ltr'><strong>sed</strong></span> <span class='ocrx_word' id='word_1_673' title='bbox 786 4689 933 4760; x_wconf 90' lang='lat' dir='ltr'><strong>quod</strong></span> <span class='ocrx_word' id='word_1_674' title='bbox 961 4689 1151 4754; x_wconf 78' lang='lat' dir='ltr'><strong>fidem,</strong></span> <span class='ocrx_word' id='word_1_675' title='bbox 1183 4705 1352 4760; x_wconf 88' lang='lat' dir='ltr'><strong>quam</strong></span> <span class='ocrx_word' id='word_1_676' title='bbox 1404 4689 1510 4759; x_wconf 79' lang='lat' dir='ltr'><strong>ipsi</strong></span> <span class='ocrx_word' id='word_1_677' title='bbox 1550 4689 1748 4744; x_wconf 85' lang='lat' dir='ltr'><strong>docue-</strong></span> <span class='ocrx_word' id='word_1_678' title='bbox 1828 4685 2319 4740; x_wconf 88' lang='lat' dir='ltr'><strong>intercessionibus</strong></span> <span class='ocrx_word' id='word_1_679' title='bbox 2331 4703 2549 4740; x_wconf 89' lang='lat' dir='ltr'><strong>merear</strong></span> <span class='ocrx_word' id='word_1_680' title='bbox 2561 4687 3040 4759; x_wconf 90' lang='lat' dir='ltr'><strong>indulgentiarum</strong></span> <span class='ocrx_word' id='word_1_681' title='bbox 3052 4693 3321 4751; x_wconf 85' lang='lat' dir='ltr'><strong>beneﬁcio</strong></span> <span class='ocrx_word' id='word_1_682' title='bbox 3341 4715 3426 4754; x_wconf 83' lang='lat' dir='ltr'><strong>re-</strong></span> 
     </span>
    </p>
   </div>
   <div class='ocr_carea' id='block_1_92' title="bbox 155 4777 1748 4850">
    <p class='ocr_par' dir='ltr' id='par_1_92' title="bbox 155 4777 1748 4850">
     <span class='ocr_line' id='line_1_92' title="bbox 155 4777 1748 4850; baseline -0.005 -10"><span class='ocrx_word' id='word_1_683' title='bbox 155 4795 286 4850; x_wconf 77' lang='lat' dir='ltr'><strong>rum,</strong></span> <span class='ocrx_word' id='word_1_684' title='bbox 305 4793 364 4839; x_wconf 86' lang='lat' dir='ltr'><strong>et</strong></span> <span class='ocrx_word' id='word_1_685' title='bbox 392 4783 705 4837; x_wconf 80' lang='lat' dir='ltr'><strong>veritatem</strong></span> <span class='ocrx_word' id='word_1_686' title='bbox 733 4777 1187 4848; x_wconf 87' lang='lat' dir='ltr'><strong>apprehendisse,</strong></span> <span class='ocrx_word' id='word_1_687' title='bbox 1214 4777 1464 4848; x_wconf 90' lang='lat' dir='ltr'><strong>ipsorum</strong></span> <span class='ocrx_word' id='word_1_688' title='bbox 1494 4777 1748 4832; x_wconf 87' lang='lat' dir='ltr'><strong>doctrina</strong></span> 
     </span>
    </p>
   </div>
   <div class='ocr_carea' id='block_1_93' title="bbox 155 4865 1749 4938">
    <p class='ocr_par' dir='ltr' id='par_1_93' title="bbox 155 4865 1749 4938">
     <span class='ocr_line' id='line_1_93' title="bbox 155 4865 1749 4938; baseline -0.003 -13"><span class='ocrx_word' id='word_1_689' title='bbox 155 4875 452 4928; x_wconf 71' lang='lat' dir='ltr'><strong>enutritum</strong></span> <span class='ocrx_word' id='word_1_690' title='bbox 485 4887 582 4924; x_wconf 89' lang='lat' dir='ltr'><strong>me</strong></span> <span class='ocrx_word' id='word_1_691' title='bbox 614 4883 736 4922; x_wconf 88' lang='lat' dir='ltr'><strong>esse</strong></span> <span class='ocrx_word' id='word_1_692' title='bbox 765 4867 1002 4938; x_wconf 89' lang='lat' dir='ltr'><strong>gaudeo.</strong></span> <span class='ocrx_word' id='word_1_693' title='bbox 1020 4866 1178 4920; x_wconf 91' lang='lat' dir='ltr'><strong>Unde</strong></span> <span class='ocrx_word' id='word_1_694' title='bbox 1206 4871 1262 4919; x_wconf 94' lang='lat' dir='ltr'><strong>et</strong></span> <span class='ocrx_word' id='word_1_695' title='bbox 1284 4883 1348 4920; x_wconf 88' lang='lat' dir='ltr'><strong>ex</strong></span> <span class='ocrx_word' id='word_1_696' title='bbox 1379 4882 1572 4920; x_wconf 91' lang='lat' dir='ltr'><strong>eorum</strong></span> <span class='ocrx_word' id='word_1_697' title='bbox 1592 4865 1749 4920; x_wconf 89' lang='lat' dir='ltr'><strong>libris</strong></span> 
     </span>
    </p>
   </div>
   <div class='ocr_carea' id='block_1_94' title="bbox 153 4955 1749 5032">
    <p class='ocr_par' dir='ltr' id='par_1_94' title="bbox 153 4955 1749 5032">
     <span class='ocr_line' id='line_1_94' title="bbox 153 4955 1749 5032; baseline -0.006 -15"><span class='ocrx_word' id='word_1_698' title='bbox 407 4961 586 5032; x_wconf 87' lang='lat' dir='ltr'><strong>plura</strong></span> <span class='ocrx_word' id='word_1_699' title='bbox 618 4956 904 5026; x_wconf 87' lang='lat' dir='ltr'><strong>colligens,</strong></span> <span class='ocrx_word' id='word_1_700' title='bbox 939 4955 1042 5008; x_wconf 90' lang='lat' dir='ltr'><strong>hoc</strong></span> <span class='ocrx_word' id='word_1_701' title='bbox 1067 4971 1207 5025; x_wconf 90' lang='lat' dir='ltr'><strong>opus</strong></span> <span class='ocrx_word' id='word_1_702' title='bbox 1235 4955 1430 5009; x_wconf 91' lang='lat' dir='ltr'><strong>devote</strong></span> <span class='ocrx_word' id='word_1_703' title='bbox 1458 4955 1529 5008; x_wconf 90' lang='lat' dir='ltr'><strong>ad</strong></span> <span class='ocrx_word' id='word_1_704' title='bbox 1559 4955 1749 5025; x_wconf 85' lang='lat' dir='ltr'><strong>legen-</strong></span> 
     </span>
    </p>
   </div>
   <div class='ocr_carea' id='block_1_95' title="bbox 152 5043 1750 5114">
    <p class='ocr_par' dir='ltr' id='par_1_95' title="bbox 152 5043 1750 5114">
     <span class='ocr_line' id='line_1_95' title="bbox 152 5043 1750 5114; baseline -0.003 -14"><span class='ocrx_word' id='word_1_705' title='bbox 152 5048 270 5104; x_wconf 81' lang='lat' dir='ltr'><strong>dum</strong></span> <span class='ocrx_word' id='word_1_706' title='bbox 300 5048 582 5104; x_wconf 72' lang='lat' dir='ltr'><strong>fratribus</strong></span> <span class='ocrx_word' id='word_1_707' title='bbox 622 5043 875 5112; x_wconf 86' lang='lat' dir='ltr'><strong>confeci;</strong></span> <span class='ocrx_word' id='word_1_708' title='bbox 924 5043 1124 5096; x_wconf 88' lang='lat' dir='ltr'><strong>saltem</strong></span> <span class='ocrx_word' id='word_1_709' title='bbox 1160 5048 1225 5097; x_wconf 91' lang='lat' dir='ltr'><strong>ut</strong></span> <span class='ocrx_word' id='word_1_710' title='bbox 1264 5043 1443 5114; x_wconf 91' lang='lat' dir='ltr'><strong>pueri,</strong></span> <span class='ocrx_word' id='word_1_711' title='bbox 1493 5060 1632 5114; x_wconf 88' lang='lat' dir='ltr'><strong>quos</strong></span> <span class='ocrx_word' id='word_1_712' title='bbox 1679 5043 1750 5097; x_wconf 91' lang='lat' dir='ltr'><strong>ab</strong></span> 
     </span>
    </p>
   </div>
   <div class='ocr_carea' id='block_1_96' title="bbox 150 5131 1753 5194">
    <p class='ocr_par' dir='ltr' id='par_1_96' title="bbox 150 5131 1753 5194">
     <span class='ocr_line' id='line_1_96' title="bbox 150 5131 1753 5194; baseline -0.004 -2"><span class='ocrx_word' id='word_1_713' title='bbox 150 5137 359 5194; x_wconf 70' lang='lat' dir='ltr'><strong>ineunte</strong></span> <span class='ocrx_word' id='word_1_714' title='bbox 379 5142 556 5194; x_wconf 58' lang='lat' dir='ltr'><strong>etate</strong></span> <span class='ocrx_word' id='word_1_715' title='bbox 577 5131 905 5188; x_wconf 87' lang='lat' dir='ltr'><strong>liberalibus</strong></span> <span class='ocrx_word' id='word_1_716' title='bbox 924 5132 1204 5186; x_wconf 68' lang='lat' dir='ltr'><strong>saecularis</strong></span> <span class='ocrx_word' id='word_1_717' title='bbox 1221 5149 1455 5186; x_wconf 88' lang='lat' dir='ltr'><strong>censura</strong></span> <span class='ocrx_word' id='word_1_718' title='bbox 1469 5132 1753 5186; x_wconf 90' lang='lat' dir='ltr'><strong>erudierat</strong></span> 
     </span>
    </p>
   </div>
   <div class='ocr_carea' id='block_1_97' title="bbox 151 5221 1750 5301">
    <p class='ocr_par' dir='ltr' id='par_1_97' title="bbox 151 5221 1750 5301">
     <span class='ocr_line' id='line_1_97' title="bbox 151 5221 1750 5301; baseline -0.004 -19"><span class='ocrx_word' id='word_1_719' title='bbox 151 5226 468 5301; x_wconf 74' lang='lat' dir='ltr'><strong>disciplinis,</strong></span> <span class='ocrx_word' id='word_1_720' title='bbox 500 5225 760 5281; x_wconf 85' lang='lat' dir='ltr'><strong>habeant</strong></span> <span class='ocrx_word' id='word_1_721' title='bbox 788 5221 950 5292; x_wconf 90' lang='lat' dir='ltr'><strong>quasi</strong></span> <span class='ocrx_word' id='word_1_722' title='bbox 977 5221 1242 5287; x_wconf 84' lang='lat' dir='ltr'><strong>recentia,</strong></span> <span class='ocrx_word' id='word_1_723' title='bbox 1280 5239 1518 5292; x_wconf 89' lang='lat' dir='ltr'><strong>quorum</strong></span> <span class='ocrx_word' id='word_1_724' title='bbox 1548 5222 1750 5276; x_wconf 89' lang='lat' dir='ltr'><strong>incita-</strong></span> 
     </span>
    </p>
   </div>
   <div class='ocr_carea' id='block_1_98' title="bbox 1829 4774 3421 4845">
    <p class='ocr_par' dir='ltr' id='par_1_98' title="bbox 1829 4774 3421 4845">
     <span class='ocr_line' id='line_1_98' title="bbox 1829 4774 3421 4845; baseline 0.008 -17"><span class='ocrx_word' id='word_1_725' title='bbox 1829 4774 2000 4828; x_wconf 85' lang='lat' dir='ltr'><strong>foveri</strong></span> <span class='ocrx_word' id='word_1_726' title='bbox 2026 4793 2038 4828; x_wconf 89' lang='lat'><strong>:</strong></span> <span class='ocrx_word' id='word_1_727' title='bbox 2063 4791 2278 4828; x_wconf 91' lang='lat' dir='ltr'><strong>necnon</strong></span> <span class='ocrx_word' id='word_1_728' title='bbox 2300 4774 2628 4845; x_wconf 89' lang='lat' dir='ltr'><strong>publicanus</strong></span> <span class='ocrx_word' id='word_1_729' title='bbox 2657 4793 2785 4831; x_wconf 90' lang='lat' dir='ltr'><strong>cum</strong></span> <span class='ocrx_word' id='word_1_730' title='bbox 2826 4779 3065 4836; x_wconf 91' lang='lat' dir='ltr'><strong>Domino</strong></span> <span class='ocrx_word' id='word_1_731' title='bbox 3080 4783 3139 4836; x_wconf 90' lang='lat' dir='ltr'><strong>in</strong></span> <span class='ocrx_word' id='word_1_732' title='bbox 3167 4785 3272 4838; x_wconf 92' lang='lat' dir='ltr'><strong>hoc</strong></span> <span class='ocrx_word' id='word_1_733' title='bbox 3287 4802 3421 4841; x_wconf 89' lang='lat' dir='ltr'><strong>con-</strong></span> 
     </span>
    </p>
   </div>
   <div class='ocr_carea' id='block_1_99' title="bbox 1829 4861 3426 4939">
    <p class='ocr_par' dir='ltr' id='par_1_99' title="bbox 1829 4861 3426 4939">
     <span class='ocr_line' id='line_1_99' title="bbox 1829 4861 3426 4939; baseline 0.009 -24"><span class='ocrx_word' id='word_1_734' title='bbox 1829 4863 1972 4917; x_wconf 84' lang='lat' dir='ltr'><strong>vivio</strong></span> <span class='ocrx_word' id='word_1_735' title='bbox 1984 4861 2132 4916; x_wconf 91' lang='lat' dir='ltr'><strong>beati</strong></span> <span class='ocrx_word' id='word_1_736' title='bbox 2146 4863 2394 4918; x_wconf 80' lang='lat' dir='ltr'><strong>Matthaei</strong></span> <span class='ocrx_word' id='word_1_737' title='bbox 2414 4864 2614 4918; x_wconf 90' lang='lat' dir='ltr'><strong>saltem</strong></span> <span class='ocrx_word' id='word_1_738' title='bbox 2642 4865 2876 4922; x_wconf 89' lang='lat' dir='ltr'><strong>ultimus</strong></span> <span class='ocrx_word' id='word_1_739' title='bbox 2894 4870 3130 4939; x_wconf 89' lang='lat' dir='ltr'><strong>epulari,</strong></span> <span class='ocrx_word' id='word_1_740' title='bbox 3151 4878 3208 4926; x_wconf 92' lang='lat' dir='ltr'><strong>et</strong></span> <span class='ocrx_word' id='word_1_741' title='bbox 3226 4880 3426 4930; x_wconf 87' lang='lat' dir='ltr'><strong>contra</strong></span> 
     </span>
    </p>
   </div>
   <div class='ocr_carea' id='block_1_100' title="bbox 1832 4952 3422 5035">
    <p class='ocr_par' dir='ltr' id='par_1_100' title="bbox 1832 4952 3422 5035">
     <span class='ocr_line' id='line_1_100' title="bbox 1832 4952 3422 5035; baseline 0.009 -30"><span class='ocrx_word' id='word_1_742' title='bbox 1832 4968 2082 5023; x_wconf 88' lang='lat' dir='ltr'><strong>quosque</strong></span> <span class='ocrx_word' id='word_1_743' title='bbox 2111 4953 2235 5022; x_wconf 91' lang='lat' dir='ltr'><strong>ejus</strong></span> <span class='ocrx_word' id='word_1_744' title='bbox 2265 4952 2480 5006; x_wconf 84' lang='lat' dir='ltr'><strong>meritis</strong></span> <span class='ocrx_word' id='word_1_745' title='bbox 2510 4953 2808 5009; x_wconf 89' lang='lat' dir='ltr'><strong>defensari.</strong></span> <span class='ocrx_word' id='word_1_746' title='bbox 2843 4957 3127 5013; x_wconf 89' lang='lat' dir='ltr'><strong>Nimirum</strong></span> <span class='ocrx_word' id='word_1_747' title='bbox 3169 4962 3283 5033; x_wconf 90' lang='lat' dir='ltr'><strong>qui,</strong></span> <span class='ocrx_word' id='word_1_748' title='bbox 3316 4981 3422 5035; x_wconf 89' lang='lat' dir='ltr'><strong>pro</strong></span> 
     </span>
    </p>
   </div>
   <div class='ocr_carea' id='block_1_101' title="bbox 1832 5039 3422 5110">
    <p class='ocr_par' dir='ltr' id='par_1_101' title="bbox 1832 5039 3422 5110">
     <span class='ocr_line' id='line_1_101' title="bbox 1832 5039 3422 5110; baseline 0.008 -17"><span class='ocrx_word' id='word_1_749' title='bbox 1832 5039 2064 5093; x_wconf 90' lang='lat' dir='ltr'><strong>subulca</strong></span> <span class='ocrx_word' id='word_1_750' title='bbox 2089 5039 2232 5093; x_wconf 89' lang='lat' dir='ltr'><strong>tanti</strong></span> <span class='ocrx_word' id='word_1_751' title='bbox 2253 5039 2357 5093; x_wconf 81' lang='lat' dir='ltr'><strong>viri</strong></span> <span class='ocrx_word' id='word_1_752' title='bbox 2377 5040 2623 5095; x_wconf 87' lang='lat' dir='ltr'><strong>dictandi</strong></span> <span class='ocrx_word' id='word_1_753' title='bbox 2649 5043 2901 5110; x_wconf 88' lang='lat' dir='ltr'><strong>audacia,</strong></span> <span class='ocrx_word' id='word_1_754' title='bbox 2945 5047 3093 5101; x_wconf 89' lang='lat' dir='ltr'><strong>volui</strong></span> <span class='ocrx_word' id='word_1_755' title='bbox 3126 5049 3422 5106; x_wconf 78' lang='lat' dir='ltr'><strong>elucubra-</strong></span> 
     </span>
    </p>
   </div>
   <div class='ocr_carea' id='block_1_102' title="bbox 1833 5129 3425 5211">
    <p class='ocr_par' dir='ltr' id='par_1_102' title="bbox 1833 5129 3425 5211">
     <span class='ocr_line' id='line_1_102' title="bbox 1833 5129 3425 5211; baseline 0.009 -30"><span class='ocrx_word' id='word_1_756' title='bbox 1833 5133 1970 5194; x_wconf 89' lang='lat' dir='ltr'><strong>tam,</strong></span> <span class='ocrx_word' id='word_1_757' title='bbox 2019 5145 2186 5199; x_wconf 90' lang='lat' dir='ltr'><strong>quam</strong></span> <span class='ocrx_word' id='word_1_758' title='bbox 2217 5129 2569 5199; x_wconf 88' lang='lat' dir='ltr'><strong>promiserat,</strong></span> <span class='ocrx_word' id='word_1_759' title='bbox 2599 5133 2797 5186; x_wconf 89' lang='lat' dir='ltr'><strong>saltem</strong></span> <span class='ocrx_word' id='word_1_760' title='bbox 2837 5133 3057 5190; x_wconf 86' lang='lat' dir='ltr'><strong>furtivis</strong></span> <span class='ocrx_word' id='word_1_761' title='bbox 3087 5137 3257 5204; x_wconf 90' lang='lat' dir='ltr'><strong>horis,</strong></span> <span class='ocrx_word' id='word_1_762' title='bbox 3293 5141 3425 5211; x_wconf 90' lang='lat' dir='ltr'><strong>quia</strong></span> 
     </span>
    </p>
   </div>
   <div class='ocr_carea' id='block_1_103' title="bbox 1833 5217 3425 5300">
    <p class='ocr_par' dir='ltr' id='par_1_103' title="bbox 1833 5217 3425 5300">
     <span class='ocr_line' id='line_1_103' title="bbox 1833 5217 3425 5300; baseline 0.008 -28"><span class='ocrx_word' id='word_1_763' title='bbox 1833 5217 1936 5272; x_wconf 90' lang='lat' dir='ltr'><strong>sub</strong></span> <span class='ocrx_word' id='word_1_764' title='bbox 1958 5217 2064 5271; x_wconf 89' lang='lat' dir='ltr'><strong>hac</strong></span> <span class='ocrx_word' id='word_1_765' title='bbox 2092 5217 2386 5288; x_wconf 90' lang='lat' dir='ltr'><strong>disciplina</strong></span> <span class='ocrx_word' id='word_1_766' title='bbox 2413 5219 2578 5273; x_wconf 91' lang='lat' dir='ltr'><strong>aliter</strong></span> <span class='ocrx_word' id='word_1_767' title='bbox 2595 5237 2708 5275; x_wconf 92' lang='lat' dir='ltr'><strong>non</strong></span> <span class='ocrx_word' id='word_1_768' title='bbox 2725 5229 2901 5290; x_wconf 89' lang='lat' dir='ltr'><strong>vacat,</strong></span> <span class='ocrx_word' id='word_1_769' title='bbox 2920 5229 2988 5289; x_wconf 71' lang='grc' dir='ltr'><strong>σ</strong></span> <span class='ocrx_word' id='word_1_770' title='bbox 3003 5227 3280 5282; x_wconf 88' lang='lat' dir='ltr'><strong>scribendi</strong></span> <span class='ocrx_word' id='word_1_771' title='bbox 3299 5245 3425 5300; x_wconf 90' lang='lat' dir='ltr'><strong>per-</strong></span> 
     </span>
    </p>
   </div>
   <div class='ocr_carea' id='block_1_104' title="bbox 150 5310 1749 5381">
    <p class='ocr_par' dir='ltr' id='par_1_104' title="bbox 150 5310 1749 5381">
     <span class='ocr_line' id='line_1_104' title="bbox 150 5310 1749 5381; baseline -0.002 -13"><span class='ocrx_word' id='word_1_772' title='bbox 150 5320 339 5372; x_wconf 76' lang='lat' dir='ltr'><strong>meatis</strong></span> <span class='ocrx_word' id='word_1_773' title='bbox 366 5318 678 5373; x_wconf 83' lang='lat' dir='ltr'><strong>addiscant</strong></span> <span class='ocrx_word' id='word_1_774' title='bbox 706 5310 1000 5366; x_wconf 86' lang='lat' dir='ltr'><strong>sollicitius</strong></span> <span class='ocrx_word' id='word_1_775' title='bbox 1020 5311 1078 5365; x_wconf 91' lang='lat' dir='ltr'><strong>in</strong></span> <span class='ocrx_word' id='word_1_776' title='bbox 1104 5327 1302 5381; x_wconf 88' lang='lat' dir='ltr'><strong>campo</strong></span> <span class='ocrx_word' id='word_1_777' title='bbox 1334 5311 1749 5381; x_wconf 87' lang='lat' dir='ltr'><strong>Scripturarum</strong></span> 
     </span>
    </p>
   </div>
   <div class='ocr_carea' id='block_1_105' title="bbox 151 5399 1742 5471">
    <p class='ocr_par' dir='ltr' id='par_1_105' title="bbox 151 5399 1742 5471">
     <span class='ocr_line' id='line_1_105' title="bbox 151 5399 1742 5471; baseline -0.004 -13"><span class='ocrx_word' id='word_1_778' title='bbox 151 5414 460 5462; x_wconf 65' lang='lat' dir='ltr'><strong>sanctarum</strong></span> <span class='ocrx_word' id='word_1_779' title='bbox 482 5405 918 5471; x_wconf 87' lang='lat' dir='ltr'><strong>currere,atque</strong></span> <span class='ocrx_word' id='word_1_780' title='bbox 935 5399 994 5452; x_wconf 92' lang='lat' dir='ltr'><strong>in</strong></span> <span class='ocrx_word' id='word_1_781' title='bbox 1017 5399 1104 5452; x_wconf 91' lang='lat' dir='ltr'><strong>his</strong></span> <span class='ocrx_word' id='word_1_782' title='bbox 1127 5399 1415 5471; x_wconf 89' lang='lat' dir='ltr'><strong>operosius</strong></span> <span class='ocrx_word' id='word_1_783' title='bbox 1439 5400 1742 5454; x_wconf 88' lang='lat' dir='ltr'><strong>desudare:</strong></span> 
     </span>
    </p>
   </div>
   <div class='ocr_carea' id='block_1_106' title="bbox 1833 5306 3424 5389">
    <p class='ocr_par' dir='ltr' id='par_1_106' title="bbox 1833 5306 3424 5389">
     <span class='ocr_line' id='line_1_106' title="bbox 1833 5306 3424 5389; baseline 0.008 -28"><span class='ocrx_word' id='word_1_784' title='bbox 1833 5307 2045 5361; x_wconf 86' lang='lat' dir='ltr'><strong>solvere</strong></span> <span class='ocrx_word' id='word_1_785' title='bbox 2056 5306 2555 5378; x_wconf 85' lang='lat' dir='ltr'><strong>diligentiam.Non</strong></span> <span class='ocrx_word' id='word_1_786' title='bbox 2578 5311 2725 5380; x_wconf 90' lang='lat' dir='ltr'><strong>quod</strong></span> <span class='ocrx_word' id='word_1_787' title='bbox 2740 5312 2974 5368; x_wconf 91' lang='lat' dir='ltr'><strong>idoneus</strong></span> <span class='ocrx_word' id='word_1_788' title='bbox 2989 5315 3094 5369; x_wconf 88' lang='lat' dir='ltr'><strong>sim</strong></span> <span class='ocrx_word' id='word_1_789' title='bbox 3107 5316 3424 5389; x_wconf 86' lang='lat' dir='ltr'><strong>forte,quod</strong></span> 
     </span>
    </p>
   </div>
   <div class='ocr_carea' id='block_1_107' title="bbox 1829 5395 3425 5467">
    <p class='ocr_par' dir='ltr' id='par_1_107' title="bbox 1829 5395 3425 5467">
     <span class='ocr_line' id='line_1_107' title="bbox 1829 5395 3425 5467; baseline 0.008 -16"><span class='ocrx_word' id='word_1_790' title='bbox 1829 5396 1923 5451; x_wconf 92' lang='lat' dir='ltr'><strong>ille</strong></span> <span class='ocrx_word' id='word_1_791' title='bbox 1945 5395 2368 5467; x_wconf 89' lang='lat' dir='ltr'><strong>incomparabili</strong></span> <span class='ocrx_word' id='word_1_792' title='bbox 2389 5397 2703 5453; x_wconf 87' lang='lat' dir='ltr'><strong>divinarum</strong></span> <span class='ocrx_word' id='word_1_793' title='bbox 2731 5401 3049 5458; x_wconf 90' lang='lat' dir='ltr'><strong>litterarum</strong></span> <span class='ocrx_word' id='word_1_794' title='bbox 3070 5405 3304 5462; x_wconf 85' lang='lat' dir='ltr'><strong>scientia</strong></span> <span class='ocrx_word' id='word_1_795' title='bbox 3320 5424 3425 5462; x_wconf 93' lang='lat' dir='ltr'><strong>suo</strong></span> 
     </span>
    </p>
   </div>
   <div class='ocr_carea' id='block_1_108' title="bbox 152 5479 3426 5568">
    <p class='ocr_par' dir='ltr' id='par_1_108' title="bbox 152 5479 3426 5568">
     <span class='ocr_line' id='line_1_108' title="bbox 152 5479 3426 5568; baseline -0.001 -17"><span class='ocrx_word' id='word_1_796' title='bbox 152 5498 288 5562; x_wconf 60' lang='lat' dir='ltr'><strong>parvi</strong></span> <span class='ocrx_word' id='word_1_797' title='bbox 313 5513 542 5568; x_wconf 88' lang='lat' dir='ltr'><strong>quoque</strong></span> <span class='ocrx_word' id='word_1_798' title='bbox 569 5491 788 5548; x_wconf 80' lang='lat' dir='ltr'><strong>fomitis</strong></span> <span class='ocrx_word' id='word_1_799' title='bbox 813 5487 1243 5553; x_wconf 89' lang='lat' dir='ltr'><strong>nutrimentum,</strong></span> <span class='ocrx_word' id='word_1_800' title='bbox 1270 5489 1418 5560; x_wconf 90' lang='lat' dir='ltr'><strong>quod</strong></span> <span class='ocrx_word' id='word_1_801' title='bbox 1450 5506 1517 5544; x_wconf 86' lang='lat' dir='ltr'><strong>ex</strong></span> <span class='ocrx_word' id='word_1_802' title='bbox 1537 5506 1626 5544; x_wconf 91' lang='lat' dir='ltr'><strong>me</strong></span> <span class='ocrx_word' id='word_1_803' title='bbox 1656 5506 1750 5561; x_wconf 86' lang='lat' dir='ltr'><strong>po-</strong></span> <span class='ocrx_word' id='word_1_804' title='bbox 1832 5485 2034 5540; x_wconf 87' lang='lat' dir='ltr'><strong>sudore</strong></span> <span class='ocrx_word' id='word_1_805' title='bbox 2063 5486 2411 5557; x_wconf 89' lang='lat' dir='ltr'><strong>complesset,</strong></span> <span class='ocrx_word' id='word_1_806' title='bbox 2427 5492 2491 5541; x_wconf 92' lang='lat' dir='ltr'><strong>ut</strong></span> <span class='ocrx_word' id='word_1_807' title='bbox 2511 5479 2881 5559; x_wconf 90' lang='lat' dir='ltr'><strong>promiserat:</strong></span> <span class='ocrx_word' id='word_1_808' title='bbox 2907 5493 3004 5548; x_wconf 90' lang='lat' dir='ltr'><strong>sed</strong></span> <span class='ocrx_word' id='word_1_809' title='bbox 3031 5493 3175 5563; x_wconf 86' lang='lat' dir='ltr'><strong>elegi</strong></span> <span class='ocrx_word' id='word_1_810' title='bbox 3207 5513 3271 5550; x_wconf 86' lang='lat' dir='ltr'><strong>ex</strong></span> <span class='ocrx_word' id='word_1_811' title='bbox 3302 5512 3426 5550; x_wconf 84' lang='lat' dir='ltr'><strong>om-</strong></span> 
     </span>
    </p>
   </div>
   <div class='ocr_carea' id='block_1_109' title="bbox 151 5575 3426 5651">
    <p class='ocr_par' dir='ltr' id='par_1_109' title="bbox 151 5575 3426 5651">
     <span class='ocr_line' id='line_1_109' title="bbox 151 5575 3426 5651; baseline 0 -15"><span class='ocrx_word' id='word_1_812' title='bbox 151 5585 488 5650; x_wconf 68' lang='lat' dir='ltr'><strong>uzitadoriri,</strong></span> <span class='ocrx_word' id='word_1_813' title='bbox 511 5584 691 5639; x_wconf 86' lang='lat' dir='ltr'><strong>latius</strong></span> <span class='ocrx_word' id='word_1_814' title='bbox 708 5585 766 5634; x_wconf 91' lang='lat' dir='ltr'><strong>et</strong></span> <span class='ocrx_word' id='word_1_815' title='bbox 780 5577 1014 5633; x_wconf 88' lang='lat' dir='ltr'><strong>uberius</strong></span> <span class='ocrx_word' id='word_1_816' title='bbox 1042 5578 1330 5650; x_wconf 89' lang='lat' dir='ltr'><strong>ampliare.</strong></span> <span class='ocrx_word' id='word_1_817' title='bbox 1350 5578 1590 5632; x_wconf 87' lang='lat' dir='ltr'><strong>Maxime</strong></span> <span class='ocrx_word' id='word_1_818' title='bbox 1620 5578 1752 5648; x_wconf 90' lang='lat' dir='ltr'><strong>quia</strong></span> <span class='ocrx_word' id='word_1_819' title='bbox 1834 5575 2018 5638; x_wconf 90' lang='lat' dir='ltr'><strong>nibus,</strong></span> <span class='ocrx_word' id='word_1_820' title='bbox 2049 5575 2198 5629; x_wconf 91' lang='lat' dir='ltr'><strong>unde</strong></span> <span class='ocrx_word' id='word_1_821' title='bbox 2223 5575 2372 5629; x_wconf 90' lang='lat' dir='ltr'><strong>illius</strong></span> <span class='ocrx_word' id='word_1_822' title='bbox 2388 5581 2520 5630; x_wconf 88' lang='lat' dir='ltr'><strong>vota</strong></span> <span class='ocrx_word' id='word_1_823' title='bbox 2538 5594 2779 5648; x_wconf 82' lang='lat' dir='ltr'><strong>sequens</strong></span> <span class='ocrx_word' id='word_1_824' title='bbox 2800 5597 2938 5651; x_wconf 90' lang='lat' dir='ltr'><strong>opus</strong></span> <span class='ocrx_word' id='word_1_825' title='bbox 2961 5581 3280 5640; x_wconf 88' lang='lat' dir='ltr'><strong>formarem.</strong></span> <span class='ocrx_word' id='word_1_826' title='bbox 3309 5584 3426 5638; x_wconf 91' lang='lat' dir='ltr'><strong>Nec</strong></span> 
     </span>
    </p>
   </div>
   <div class='ocr_carea' id='block_1_110' title="bbox 155 5661 3424 5747">
    <p class='ocr_par' dir='ltr' id='par_1_110' title="bbox 155 5661 3424 5747">
     <span class='ocr_line' id='line_1_110' title="bbox 155 5661 3424 5747; baseline 0 -25"><span class='ocrx_word' id='word_1_827' title='bbox 155 5683 200 5724; x_wconf 69' lang='lat' dir='ltr'><strong>et</strong></span> <span class='ocrx_word' id='word_1_828' title='bbox 221 5675 357 5747; x_wconf 81' lang='lat' dir='ltr'><strong>ipse,</strong></span> <span class='ocrx_word' id='word_1_829' title='bbox 388 5677 466 5732; x_wconf 83' lang='lat' dir='ltr'><strong>ad</strong></span> <span class='ocrx_word' id='word_1_830' title='bbox 507 5675 615 5730; x_wconf 87' lang='lat' dir='ltr'><strong>hoc</strong></span> <span class='ocrx_word' id='word_1_831' title='bbox 645 5670 1013 5744; x_wconf 86' lang='lat' dir='ltr'><strong>provocatus,</strong></span> <span class='ocrx_word' id='word_1_832' title='bbox 1043 5667 1286 5722; x_wconf 88' lang='lat' dir='ltr'><strong>multum</strong></span> <span class='ocrx_word' id='word_1_833' title='bbox 1309 5683 1399 5722; x_wconf 89' lang='lat' dir='ltr'><strong>me</strong></span> <span class='ocrx_word' id='word_1_834' title='bbox 1428 5666 1747 5738; x_wconf 82' lang='lat' dir='ltr'><strong>profecisse,</strong></span> <span class='ocrx_word' id='word_1_835' title='bbox 1834 5662 1961 5719; x_wconf 90' lang='lat' dir='ltr'><strong>ideo</strong></span> <span class='ocrx_word' id='word_1_836' title='bbox 1981 5661 2567 5735; x_wconf 83' lang='lat' dir='ltr'><strong>profectocompilator</strong></span> <span class='ocrx_word' id='word_1_837' title='bbox 2581 5670 2833 5724; x_wconf 89' lang='lat' dir='ltr'><strong>veterum</strong></span> <span class='ocrx_word' id='word_1_838' title='bbox 2847 5668 3231 5741; x_wconf 86' lang='lat' dir='ltr'><strong>appellandus,</strong></span> <span class='ocrx_word' id='word_1_839' title='bbox 3261 5683 3424 5742; x_wconf 89' lang='lat' dir='ltr'><strong>quan-</strong></span> 
     </span>
    </p>
   </div>
  </div>
