  <div class='ocr_page' id='page_1' title='image "/cluster/home/n/w/nwhite01/storage/ocr_20150623/120/hvd.32044054759824/025.png"; bbox 0 0 3966 6206; ppageno 0'>
   <div class='ocr_carea' id='block_1_1' title="bbox 1181 331 2935 397">
    <p class='ocr_par' dir='ltr' id='par_1_1' title="bbox 1181 331 2935 397">
     <span class='ocr_line' id='line_1_1' title="bbox 1181 331 2935 397; baseline 0.002 -7"><span class='ocrx_word' id='word_1_1' title='bbox 1181 335 1242 393; x_wconf 93' lang='lat' dir='ltr'><strong>S.</strong></span> <span class='ocrx_word' id='word_1_2' title='bbox 1280 333 1659 391; x_wconf 85' lang='lat' dir='ltr'><strong>PASCHASII</strong></span> <span class='ocrx_word' id='word_1_3' title='bbox 1696 331 2065 389; x_wconf 85' lang='lat' dir='ltr'><strong>RADBERTI</strong></span> <span class='ocrx_word' id='word_1_4' title='bbox 2100 332 2405 393; x_wconf 80' lang='lat' dir='ltr'><strong>ABBATIS</strong></span> <span class='ocrx_word' id='word_1_5' title='bbox 2442 336 2935 397; x_wconf 86' lang='lat' dir='ltr'><strong>CORBEIENSIS.</strong></span> 
     </span>
    </p>
   </div>
   <div class='ocr_carea' id='block_1_2' title="bbox 3613 341 3714 401">
    <p class='ocr_par' dir='ltr' id='par_1_2' title="bbox 3613 341 3714 401">
     <span class='ocr_line' id='line_1_2' title="bbox 3613 341 3714 401; baseline 0 -34"><span class='ocrx_word' id='word_1_6' title='bbox 3613 341 3686 401; x_wconf 56' lang='grc' dir='ltr'><strong><em>η</em></strong></span> <span class='ocrx_word' id='word_1_7' title='bbox 3711 364 3714 367; x_wconf 33' lang='grc' dir='ltr'>λ</span> 
     </span>
    </p>
   </div>
   <div class='ocr_carea' id='block_1_3' title="bbox 417 457 3685 534">
    <p class='ocr_par' dir='ltr' id='par_1_3' title="bbox 417 457 3685 534">
     <span class='ocr_line' id='line_1_3' title="bbox 417 457 3685 534; baseline 0.002 -18"><span class='ocrx_word' id='word_1_8' title='bbox 417 458 782 531; x_wconf 85' lang='lat' dir='ltr'><strong>Evangelium</strong></span> <span class='ocrx_word' id='word_1_9' title='bbox 790 460 942 514; x_wconf 89' lang='lat' dir='ltr'><strong>recte</strong></span> <span class='ocrx_word' id='word_1_10' title='bbox 956 457 1561 533; x_wconf 73' lang='lat' dir='ltr'><strong>dicatm.Evangelium</strong></span> <span class='ocrx_word' id='word_1_11' title='bbox 1573 461 1779 532; x_wconf 87' lang='lat' dir='ltr'><strong>quippe</strong></span> <span class='ocrx_word' id='word_1_12' title='bbox 1793 464 2009 531; x_wconf 84' lang='lat' dir='ltr'><strong>septem</strong></span> <span class='ocrx_word' id='word_1_13' title='bbox 2019 461 2073 521; x_wconf 85' lang='lat' dir='ltr'><strong>A</strong></span> <span class='ocrx_word' id='word_1_14' title='bbox 2086 459 2313 530; x_wconf 86' lang='lat' dir='ltr'><strong>fuerat),</strong></span> <span class='ocrx_word' id='word_1_15' title='bbox 2332 463 2481 534; x_wconf 88' lang='lat' dir='ltr'><strong>quod</strong></span> <span class='ocrx_word' id='word_1_16' title='bbox 2508 463 2659 519; x_wconf 91' lang='lat' dir='ltr'><strong>Deus</strong></span> <span class='ocrx_word' id='word_1_17' title='bbox 2671 462 2917 519; x_wconf 86' lang='lat' dir='ltr'><strong>Trinitas</strong></span> <span class='ocrx_word' id='word_1_18' title='bbox 2945 464 3111 527; x_wconf 85' lang='lat' dir='ltr'><strong>esset,</strong></span> <span class='ocrx_word' id='word_1_19' title='bbox 3133 461 3257 517; x_wconf 88' lang='lat' dir='ltr'><strong>luce</strong></span> <span class='ocrx_word' id='word_1_20' title='bbox 3293 461 3500 519; x_wconf 87' lang='lat' dir='ltr'><strong>clarius</strong></span> <span class='ocrx_word' id='word_1_21' title='bbox 3532 465 3685 522; x_wconf 85' lang='lat' dir='ltr'><strong>desi-</strong></span> 
     </span>
    </p>
   </div>
   <div class='ocr_carea' id='block_1_4' title="bbox 418 548 2012 622">
    <p class='ocr_par' dir='ltr' id='par_1_4' title="bbox 418 548 2012 622">
     <span class='ocr_line' id='line_1_4' title="bbox 418 548 2012 622; baseline -0.002 -17"><span class='ocrx_word' id='word_1_22' title='bbox 418 548 806 622; x_wconf 89' lang='lat' dir='ltr'><strong>principaliter</strong></span> <span class='ocrx_word' id='word_1_23' title='bbox 832 549 1014 604; x_wconf 88' lang='lat' dir='ltr'><strong>modis</strong></span> <span class='ocrx_word' id='word_1_24' title='bbox 1071 549 1295 617; x_wconf 87' lang='lat' dir='ltr'><strong>dicitur,</strong></span> <span class='ocrx_word' id='word_1_25' title='bbox 1327 550 1460 622; x_wconf 84' lang='lat' dir='ltr'><strong>quia</strong></span> <span class='ocrx_word' id='word_1_26' title='bbox 1478 550 1548 604; x_wconf 92' lang='lat' dir='ltr'><strong>de</strong></span> <span class='ocrx_word' id='word_1_27' title='bbox 1578 550 1799 605; x_wconf 86' lang='lat' dir='ltr'><strong>Christo</strong></span> <span class='ocrx_word' id='word_1_28' title='bbox 1852 548 2012 602; x_wconf 88' lang='lat' dir='ltr'><strong>nobis</strong></span> 
     </span>
    </p>
   </div>
   <div class='ocr_carea' id='block_1_5' title="bbox 417 637 2013 711">
    <p class='ocr_par' dir='ltr' id='par_1_5' title="bbox 417 637 2013 711">
     <span class='ocr_line' id='line_1_5' title="bbox 417 637 2013 711; baseline -0.001 -18"><span class='ocrx_word' id='word_1_29' title='bbox 417 638 668 711; x_wconf 87' lang='lat' dir='ltr'><strong>primum</strong></span> <span class='ocrx_word' id='word_1_30' title='bbox 693 638 903 693; x_wconf 86' lang='lat' dir='ltr'><strong>bonum</strong></span> <span class='ocrx_word' id='word_1_31' title='bbox 931 638 1374 694; x_wconf 89' lang='lat' dir='ltr'><strong>incarnationem</strong></span> <span class='ocrx_word' id='word_1_32' title='bbox 1403 638 1652 695; x_wconf 88' lang='lat' dir='ltr'><strong>nuntiat.</strong></span> <span class='ocrx_word' id='word_1_33' title='bbox 1693 637 2013 692; x_wconf 90' lang='lat' dir='ltr'><strong>Secundum</strong></span> 
     </span>
    </p>
   </div>
   <div class='ocr_carea' id='block_1_6' title="bbox 416 725 2014 799">
    <p class='ocr_par' dir='ltr' id='par_1_6' title="bbox 416 725 2014 799">
     <span class='ocr_line' id='line_1_6' title="bbox 416 725 2014 799; baseline -0.002 -17"><span class='ocrx_word' id='word_1_34' title='bbox 416 732 631 793; x_wconf 91' lang='lat' dir='ltr'><strong>autem,</strong></span> <span class='ocrx_word' id='word_1_35' title='bbox 653 727 801 799; x_wconf 92' lang='lat' dir='ltr'><strong>quod</strong></span> <span class='ocrx_word' id='word_1_36' title='bbox 814 727 1019 799; x_wconf 90' lang='lat' dir='ltr'><strong>ipsum,</strong></span> <span class='ocrx_word' id='word_1_37' title='bbox 1049 732 1114 782; x_wconf 91' lang='lat' dir='ltr'><strong>ut</strong></span> <span class='ocrx_word' id='word_1_38' title='bbox 1140 734 1393 782; x_wconf 91' lang='lat' dir='ltr'><strong>nostrum</strong></span> <span class='ocrx_word' id='word_1_39' title='bbox 1426 726 1801 780; x_wconf 85' lang='lat' dir='ltr'><strong>sanctiﬁcaret</strong></span> <span class='ocrx_word' id='word_1_40' title='bbox 1827 725 2014 797; x_wconf 88' lang='lat' dir='ltr'><strong>bapti-</strong></span> 
     </span>
    </p>
   </div>
   <div class='ocr_carea' id='block_1_7' title="bbox 419 814 2013 888">
    <p class='ocr_par' dir='ltr' id='par_1_7' title="bbox 419 814 2013 888">
     <span class='ocr_line' id='line_1_7' title="bbox 419 814 2013 888; baseline -0.001 -18"><span class='ocrx_word' id='word_1_41' title='bbox 419 833 563 881; x_wconf 90' lang='lat' dir='ltr'><strong>sma,</strong></span> <span class='ocrx_word' id='word_1_42' title='bbox 595 815 942 888; x_wconf 86' lang='lat' dir='ltr'><strong>baptizatum</strong></span> <span class='ocrx_word' id='word_1_43' title='bbox 968 820 1264 871; x_wconf 84' lang='lat' dir='ltr'><strong>monstrat.</strong></span> <span class='ocrx_word' id='word_1_44' title='bbox 1287 814 1539 870; x_wconf 89' lang='lat' dir='ltr'><strong>Tertium</strong></span> <span class='ocrx_word' id='word_1_45' title='bbox 1577 831 1728 878; x_wconf 88' lang='lat' dir='ltr'><strong>vero,</strong></span> <span class='ocrx_word' id='word_1_46' title='bbox 1761 831 1892 870; x_wconf 90' lang='lat' dir='ltr'><strong>eum</strong></span> <span class='ocrx_word' id='word_1_47' title='bbox 1911 830 2013 886; x_wconf 91' lang='lat' dir='ltr'><strong>pro</strong></span> 
     </span>
    </p>
   </div>
   <div class='ocr_carea' id='block_1_8' title="bbox 418 903 2013 977">
    <p class='ocr_par' dir='ltr' id='par_1_8' title="bbox 418 903 2013 977">
     <span class='ocr_line' id='line_1_8' title="bbox 418 903 2013 977; baseline -0.002 -17"><span class='ocrx_word' id='word_1_48' title='bbox 418 905 579 960; x_wconf 88' lang='lat' dir='ltr'><strong>nobis</strong></span> <span class='ocrx_word' id='word_1_49' title='bbox 599 921 828 977; x_wconf 88' lang='lat' dir='ltr'><strong>passum</strong></span> <span class='ocrx_word' id='word_1_50' title='bbox 881 904 1176 958; x_wconf 86' lang='lat' dir='ltr'><strong>manifeste</strong></span> <span class='ocrx_word' id='word_1_51' title='bbox 1217 904 1484 960; x_wconf 85' lang='lat' dir='ltr'><strong>declarat.</strong></span> <span class='ocrx_word' id='word_1_52' title='bbox 1525 904 1821 968; x_wconf 89' lang='lat' dir='ltr'><strong>Quartum,</strong></span> <span class='ocrx_word' id='word_1_53' title='bbox 1865 903 2013 974; x_wconf 89' lang='lat' dir='ltr'><strong>quod</strong></span> 
     </span>
    </p>
   </div>
   <div class='ocr_carea' id='block_1_9' title="bbox 417 991 2012 1067">
    <p class='ocr_par' dir='ltr' id='par_1_9' title="bbox 417 991 2012 1067">
     <span class='ocr_line' id='line_1_9' title="bbox 417 991 2012 1067; baseline -0.003 -17"><span class='ocrx_word' id='word_1_54' title='bbox 417 994 672 1067; x_wconf 90' lang='lat' dir='ltr'><strong>sepultus</strong></span> <span class='ocrx_word' id='word_1_55' title='bbox 693 993 784 1059; x_wconf 88' lang='lat' dir='ltr'><strong>sit,</strong></span> <span class='ocrx_word' id='word_1_56' title='bbox 812 992 1093 1047; x_wconf 90' lang='lat' dir='ltr'><strong>infernum</strong></span> <span class='ocrx_word' id='word_1_57' title='bbox 1122 992 1318 1047; x_wconf 90' lang='lat' dir='ltr'><strong>adiens</strong></span> <span class='ocrx_word' id='word_1_58' title='bbox 1351 994 1485 1063; x_wconf 87' lang='lat' dir='ltr'><strong>jura</strong></span> <span class='ocrx_word' id='word_1_59' title='bbox 1538 992 1877 1063; x_wconf 84' lang='lat' dir='ltr'><strong>confregerit</strong></span> <span class='ocrx_word' id='word_1_60' title='bbox 1902 991 2012 1045; x_wconf 90' lang='lat' dir='ltr'><strong>ini-</strong></span> 
     </span>
    </p>
   </div>
   <div class='ocr_carea' id='block_1_10' title="bbox 418 1080 2014 1152">
    <p class='ocr_par' dir='ltr' id='par_1_10' title="bbox 418 1080 2014 1152">
     <span class='ocr_line' id='line_1_10' title="bbox 418 1080 2014 1152; baseline -0.003 -14"><span class='ocrx_word' id='word_1_61' title='bbox 418 1083 569 1138; x_wconf 89' lang='lat' dir='ltr'><strong>mici.</strong></span> <span class='ocrx_word' id='word_1_62' title='bbox 602 1083 777 1137; x_wconf 91' lang='lat' dir='ltr'><strong>Porro</strong></span> <span class='ocrx_word' id='word_1_63' title='bbox 809 1080 1068 1151; x_wconf 90' lang='lat' dir='ltr'><strong>quintum</strong></span> <span class='ocrx_word' id='word_1_64' title='bbox 1098 1080 1260 1135; x_wconf 89' lang='lat' dir='ltr'><strong>nobis</strong></span> <span class='ocrx_word' id='word_1_65' title='bbox 1287 1080 1497 1135; x_wconf 90' lang='lat' dir='ltr'><strong>bonum</strong></span> <span class='ocrx_word' id='word_1_66' title='bbox 1548 1081 1833 1152; x_wconf 71' lang='lat' dir='ltr'><strong>praedicat,</strong></span> <span class='ocrx_word' id='word_1_67' title='bbox 1865 1080 2014 1152; x_wconf 90' lang='lat' dir='ltr'><strong>quod</strong></span> 
     </span>
    </p>
   </div>
   <div class='ocr_carea' id='block_1_11' title="bbox 416 1169 2010 1237">
    <p class='ocr_par' dir='ltr' id='par_1_11' title="bbox 416 1169 2010 1237">
     <span class='ocr_line' id='line_1_11' title="bbox 416 1169 2010 1237; baseline -0.003 -10"><span class='ocrx_word' id='word_1_68' title='bbox 416 1172 587 1227; x_wconf 88' lang='lat' dir='ltr'><strong>tertia</strong></span> <span class='ocrx_word' id='word_1_69' title='bbox 602 1171 694 1224; x_wconf 91' lang='lat' dir='ltr'><strong>die</strong></span> <span class='ocrx_word' id='word_1_70' title='bbox 716 1169 787 1223; x_wconf 90' lang='lat' dir='ltr'><strong>ab</strong></span> <span class='ocrx_word' id='word_1_71' title='bbox 819 1176 859 1235; x_wconf 83' lang='grc' dir='ltr'><strong>ι</strong></span> <span class='ocrx_word' id='word_1_72' title='bbox 882 1176 920 1235; x_wconf 80' lang='grc' dir='ltr'><strong>ι</strong></span> <span class='ocrx_word' id='word_1_73' title='bbox 961 1169 1155 1224; x_wconf 88' lang='lat' dir='ltr'><strong>inferis</strong></span> <span class='ocrx_word' id='word_1_74' title='bbox 1185 1170 1365 1224; x_wconf 89' lang='lat' dir='ltr'><strong>victor</strong></span> <span class='ocrx_word' id='word_1_75' title='bbox 1392 1170 1670 1237; x_wconf 87' lang='lat' dir='ltr'><strong>ascendit;</strong></span> <span class='ocrx_word' id='word_1_76' title='bbox 1703 1186 1768 1225; x_wconf 91' lang='lat' dir='ltr'><strong>ac</strong></span> <span class='ocrx_word' id='word_1_77' title='bbox 1788 1169 2010 1236; x_wconf 90' lang='lat' dir='ltr'><strong>deinde,</strong></span> 
     </span>
    </p>
   </div>
   <div class='ocr_carea' id='block_1_12' title="bbox 421 1258 2016 1329">
    <p class='ocr_par' dir='ltr' id='par_1_12' title="bbox 421 1258 2016 1329">
     <span class='ocr_line' id='line_1_12' title="bbox 421 1258 2016 1329; baseline -0.003 -13"><span class='ocrx_word' id='word_1_78' title='bbox 421 1261 493 1316; x_wconf 87' lang='lat' dir='ltr'><strong>ad</strong></span> <span class='ocrx_word' id='word_1_79' title='bbox 516 1258 959 1315; x_wconf 84' lang='lat' dir='ltr'><strong>conﬁrmandam</strong></span> <span class='ocrx_word' id='word_1_80' title='bbox 979 1258 1148 1313; x_wconf 85' lang='lat' dir='ltr'><strong>ﬁdem</strong></span> <span class='ocrx_word' id='word_1_81' title='bbox 1177 1259 1580 1329; x_wconf 86' lang='lat' dir='ltr'><strong>apostolorum,</strong></span> <span class='ocrx_word' id='word_1_82' title='bbox 1627 1275 1730 1329; x_wconf 92' lang='lat' dir='ltr'><strong>per</strong></span> <span class='ocrx_word' id='word_1_83' title='bbox 1771 1258 2016 1329; x_wconf 88' lang='lat' dir='ltr'><strong>quadra-</strong></span> 
     </span>
    </p>
   </div>
   <div class='ocr_carea' id='block_1_13' title="bbox 416 1346 2016 1420">
    <p class='ocr_par' dir='ltr' id='par_1_13' title="bbox 416 1346 2016 1420">
     <span class='ocr_line' id='line_1_13' title="bbox 416 1346 2016 1420; baseline -0.001 -18"><span class='ocrx_word' id='word_1_84' title='bbox 416 1349 577 1420; x_wconf 87' lang='lat' dir='ltr'><strong>ginta</strong></span> <span class='ocrx_word' id='word_1_85' title='bbox 604 1348 724 1403; x_wconf 91' lang='lat' dir='ltr'><strong>dies</strong></span> <span class='ocrx_word' id='word_1_86' title='bbox 751 1348 811 1402; x_wconf 90' lang='lat' dir='ltr'><strong>in</strong></span> <span class='ocrx_word' id='word_1_87' title='bbox 830 1352 984 1401; x_wconf 87' lang='lat' dir='ltr'><strong>terra</strong></span> <span class='ocrx_word' id='word_1_88' title='bbox 1013 1352 1372 1403; x_wconf 84' lang='lat' dir='ltr'><strong>conversatus</strong></span> <span class='ocrx_word' id='word_1_89' title='bbox 1409 1346 1743 1402; x_wconf 87' lang='lat' dir='ltr'><strong>ostenditur.</strong></span> <span class='ocrx_word' id='word_1_90' title='bbox 1786 1348 2016 1401; x_wconf 86' lang='lat' dir='ltr'><strong>Sextum</strong></span> 
     </span>
    </p>
   </div>
   <div class='ocr_carea' id='block_1_14' title="bbox 419 1434 2016 1509">
    <p class='ocr_par' dir='ltr' id='par_1_14' title="bbox 419 1434 2016 1509">
     <span class='ocr_line' id='line_1_14' title="bbox 419 1434 2016 1509; baseline -0.002 -17"><span class='ocrx_word' id='word_1_91' title='bbox 419 1453 685 1509; x_wconf 85' lang='lat' dir='ltr'><strong>namque,</strong></span> <span class='ocrx_word' id='word_1_92' title='bbox 719 1436 868 1507; x_wconf 89' lang='lat' dir='ltr'><strong>quod</strong></span> <span class='ocrx_word' id='word_1_93' title='bbox 898 1436 1328 1507; x_wconf 84' lang='lat' dir='ltr'><strong>quadragesimo</strong></span> <span class='ocrx_word' id='word_1_94' title='bbox 1349 1436 1440 1490; x_wconf 86' lang='lat' dir='ltr'><strong>die</strong></span> <span class='ocrx_word' id='word_1_95' title='bbox 1483 1452 1672 1490; x_wconf 88' lang='lat' dir='ltr'><strong>coram</strong></span> <span class='ocrx_word' id='word_1_96' title='bbox 1729 1434 2016 1506; x_wconf 89' lang='lat' dir='ltr'><strong>discipulis</strong></span> 
     </span>
    </p>
   </div>
   <div class='ocr_carea' id='block_1_15' title="bbox 421 1524 2017 1597">
    <p class='ocr_par' dir='ltr' id='par_1_15' title="bbox 421 1524 2017 1597">
     <span class='ocr_line' id='line_1_15' title="bbox 421 1524 2017 1597; baseline -0.002 -15"><span class='ocrx_word' id='word_1_97' title='bbox 421 1527 732 1582; x_wconf 90' lang='lat' dir='ltr'><strong>secundum</strong></span> <span class='ocrx_word' id='word_1_98' title='bbox 778 1541 1007 1579; x_wconf 88' lang='lat' dir='ltr'><strong>carnem</strong></span> <span class='ocrx_word' id='word_1_99' title='bbox 1061 1525 1226 1580; x_wconf 74' lang='lat' dir='ltr'><strong>caelos</strong></span> <span class='ocrx_word' id='word_1_100' title='bbox 1253 1525 1436 1597; x_wconf 90' lang='lat' dir='ltr'><strong>petiit,</strong></span> <span class='ocrx_word' id='word_1_101' title='bbox 1472 1529 1530 1580; x_wconf 91' lang='lat' dir='ltr'><strong>et</strong></span> <span class='ocrx_word' id='word_1_102' title='bbox 1554 1524 2017 1595; x_wconf 89' lang='lat' dir='ltr'><strong>quinquagesimo</strong></span> 
     </span>
    </p>
   </div>
   <div class='ocr_carea' id='block_1_16' title="bbox 421 1605 2020 1686">
    <p class='ocr_par' dir='ltr' id='par_1_16' title="bbox 421 1605 2020 1686">
     <span class='ocr_line' id='line_1_16' title="bbox 421 1605 2020 1686; baseline -0.002 -17"><span class='ocrx_word' id='word_1_103' title='bbox 421 1620 553 1686; x_wconf 89' lang='lat' dir='ltr'><strong>post</strong></span> <span class='ocrx_word' id='word_1_104' title='bbox 597 1614 1068 1668; x_wconf 85' lang='lat' dir='ltr'><strong>resurrectionem</strong></span> <span class='ocrx_word' id='word_1_105' title='bbox 1124 1613 1393 1685; x_wconf 88' lang='lat' dir='ltr'><strong>Spiritum</strong></span> <span class='ocrx_word' id='word_1_106' title='bbox 1436 1618 1694 1668; x_wconf 87' lang='lat' dir='ltr'><strong>sanctum</strong></span> <span class='ocrx_word' id='word_1_107' title='bbox 1748 1612 1818 1666; x_wconf 93' lang='lat' dir='ltr'><strong>de</strong></span> <span class='ocrx_word' id='word_1_108' title='bbox 1866 1605 2020 1666; x_wconf 65' lang='lat' dir='ltr'><strong>caelis</strong></span> 
     </span>
    </p>
   </div>
   <div class='ocr_carea' id='block_1_17' title="bbox 424 1701 2019 1775">
    <p class='ocr_par' dir='ltr' id='par_1_17' title="bbox 424 1701 2019 1775">
     <span class='ocr_line' id='line_1_17' title="bbox 424 1701 2019 1775; baseline -0.004 -16"><span class='ocrx_word' id='word_1_109' title='bbox 424 1709 555 1759; x_wconf 88' lang='lat' dir='ltr'><strong>ante</strong></span> <span class='ocrx_word' id='word_1_110' title='bbox 580 1703 923 1775; x_wconf 90' lang='lat' dir='ltr'><strong>promissum</strong></span> <span class='ocrx_word' id='word_1_111' title='bbox 951 1703 1259 1757; x_wconf 89' lang='lat' dir='ltr'><strong>clementer</strong></span> <span class='ocrx_word' id='word_1_112' title='bbox 1297 1702 1512 1757; x_wconf 75' lang='lat' dir='ltr'><strong>effudit.</strong></span> <span class='ocrx_word' id='word_1_113' title='bbox 1548 1701 1858 1773; x_wconf 90' lang='lat' dir='ltr'><strong>Septimum</strong></span> <span class='ocrx_word' id='word_1_114' title='bbox 1889 1717 2019 1754; x_wconf 86' lang='lat' dir='ltr'><strong>vero</strong></span> 
     </span>
    </p>
   </div>
   <div class='ocr_carea' id='block_1_18' title="bbox 2092 551 3686 626">
    <p class='ocr_par' dir='ltr' id='par_1_18' title="bbox 2092 551 3686 626">
     <span class='ocr_line' id='line_1_18' title="bbox 2092 551 3686 626; baseline 0.003 -20"><span class='ocrx_word' id='word_1_115' title='bbox 2092 551 2287 623; x_wconf 89' lang='lat' dir='ltr'><strong>gnavit</strong></span> <span class='ocrx_word' id='word_1_116' title='bbox 2317 572 2331 620; x_wconf 90' lang='lat'><strong>;</strong></span> <span class='ocrx_word' id='word_1_117' title='bbox 2373 570 2438 607; x_wconf 88' lang='lat' dir='ltr'><strong>ex</strong></span> <span class='ocrx_word' id='word_1_118' title='bbox 2482 569 2592 625; x_wconf 91' lang='lat' dir='ltr'><strong>quo</strong></span> <span class='ocrx_word' id='word_1_119' title='bbox 2637 553 2883 624; x_wconf 89' lang='lat' dir='ltr'><strong>profecto</strong></span> <span class='ocrx_word' id='word_1_120' title='bbox 2939 551 3308 623; x_wconf 83' lang='lat' dir='ltr'><strong>intelligimus</strong></span> <span class='ocrx_word' id='word_1_121' title='bbox 3351 555 3686 626; x_wconf 86' lang='lat' dir='ltr'><strong>mysterium</strong></span> 
     </span>
    </p>
   </div>
   <div class='ocr_carea' id='block_1_19' title="bbox 2096 639 3686 712">
    <p class='ocr_par' dir='ltr' id='par_1_19' title="bbox 2096 639 3686 712">
     <span class='ocr_line' id='line_1_19' title="bbox 2096 639 3686 712; baseline 0.003 -18"><span class='ocrx_word' id='word_1_122' title='bbox 2096 640 2245 711; x_wconf 91' lang='lat' dir='ltr'><strong>quod</strong></span> <span class='ocrx_word' id='word_1_123' title='bbox 2269 640 2485 695; x_wconf 82' lang='lat' dir='ltr'><strong>saeculis</strong></span> <span class='ocrx_word' id='word_1_124' title='bbox 2507 646 2564 695; x_wconf 91' lang='lat' dir='ltr'><strong>et</strong></span> <span class='ocrx_word' id='word_1_125' title='bbox 2588 639 3046 712; x_wconf 84' lang='lat' dir='ltr'><strong>generationibus</strong></span> <span class='ocrx_word' id='word_1_126' title='bbox 3069 641 3309 695; x_wconf 87' lang='lat' dir='ltr'><strong>necdum</strong></span> <span class='ocrx_word' id='word_1_127' title='bbox 3348 641 3535 698; x_wconf 84' lang='lat' dir='ltr'><strong>fuerat</strong></span> <span class='ocrx_word' id='word_1_128' title='bbox 3585 645 3686 699; x_wconf 92' lang='lat' dir='ltr'><strong>de-</strong></span> 
     </span>
    </p>
   </div>
   <div class='ocr_carea' id='block_1_20' title="bbox 2096 728 3690 803">
    <p class='ocr_par' dir='ltr' id='par_1_20' title="bbox 2096 728 3690 803">
     <span class='ocr_line' id='line_1_20' title="bbox 2096 728 3690 803; baseline 0.003 -20"><span class='ocrx_word' id='word_1_129' title='bbox 2096 729 2390 785; x_wconf 88' lang='lat' dir='ltr'><strong>claratum.</strong></span> <span class='ocrx_word' id='word_1_130' title='bbox 2416 728 2683 801; x_wconf 90' lang='lat' dir='ltr'><strong>Sequitur</strong></span> <span class='ocrx_word' id='word_1_131' title='bbox 2727 729 2946 783; x_wconf 90' lang='lat' dir='ltr'><strong>interea</strong></span> <span class='ocrx_word' id='word_1_132' title='bbox 2998 728 3184 800; x_wconf 86' lang='lat' dir='ltr'><strong>passio</strong></span> <span class='ocrx_word' id='word_1_133' title='bbox 3236 730 3559 798; x_wconf 86' lang='lat' dir='ltr'><strong>Salvatoris,</strong></span> <span class='ocrx_word' id='word_1_134' title='bbox 3587 748 3690 803; x_wconf 90' lang='lat' dir='ltr'><strong>per</strong></span> 
     </span>
    </p>
   </div>
   <div class='ocr_carea' id='block_1_21' title="bbox 2096 816 3688 892">
    <p class='ocr_par' dir='ltr' id='par_1_21' title="bbox 2096 816 3688 892">
     <span class='ocr_line' id='line_1_21' title="bbox 2096 816 3688 892; baseline 0.003 -21"><span class='ocrx_word' id='word_1_135' title='bbox 2096 832 2267 888; x_wconf 89' lang='lat' dir='ltr'><strong>quam</strong></span> <span class='ocrx_word' id='word_1_136' title='bbox 2295 818 2640 889; x_wconf 84' lang='lat' dir='ltr'><strong>patefactum</strong></span> <span class='ocrx_word' id='word_1_137' title='bbox 2665 822 2752 871; x_wconf 91' lang='lat' dir='ltr'><strong>est</strong></span> <span class='ocrx_word' id='word_1_138' title='bbox 2787 816 3081 872; x_wconf 88' lang='lat' dir='ltr'><strong>consilium</strong></span> <span class='ocrx_word' id='word_1_139' title='bbox 3134 818 3282 888; x_wconf 91' lang='lat' dir='ltr'><strong>quod</strong></span> <span class='ocrx_word' id='word_1_140' title='bbox 3325 836 3428 875; x_wconf 91' lang='lat' dir='ltr'><strong>nec</strong></span> <span class='ocrx_word' id='word_1_141' title='bbox 3473 820 3688 892; x_wconf 86' lang='lat' dir='ltr'><strong>angelis</strong></span> 
     </span>
    </p>
   </div>
   <div class='ocr_carea' id='block_1_22' title="bbox 2095 904 3686 977">
    <p class='ocr_par' dir='ltr' id='par_1_22' title="bbox 2095 904 3686 977">
     <span class='ocr_line' id='line_1_22' title="bbox 2095 904 3686 977; baseline 0.003 -18"><span class='ocrx_word' id='word_1_142' title='bbox 2095 910 2218 959; x_wconf 87' lang='lat' dir='ltr'><strong>erat</strong></span> <span class='ocrx_word' id='word_1_143' title='bbox 2235 906 2530 971; x_wconf 91' lang='lat' dir='ltr'><strong>creditum,</strong></span> <span class='ocrx_word' id='word_1_144' title='bbox 2564 922 2667 960; x_wconf 90' lang='lat' dir='ltr'><strong>nec</strong></span> <span class='ocrx_word' id='word_1_145' title='bbox 2691 905 2751 959; x_wconf 91' lang='lat' dir='ltr'><strong>in</strong></span> <span class='ocrx_word' id='word_1_146' title='bbox 2770 905 2936 959; x_wconf 92' lang='lat' dir='ltr'><strong>terris</strong></span> <span class='ocrx_word' id='word_1_147' title='bbox 2964 904 3188 977; x_wconf 89' lang='lat' dir='ltr'><strong>penitus</strong></span> <span class='ocrx_word' id='word_1_148' title='bbox 3215 906 3686 964; x_wconf 88' lang='lat' dir='ltr'><strong>demonstratum.</strong></span> 
     </span>
    </p>
   </div>
   <div class='ocr_carea' id='block_1_23' title="bbox 2097 993 3693 1069">
    <p class='ocr_par' dir='ltr' id='par_1_23' title="bbox 2097 993 3693 1069">
     <span class='ocr_line' id='line_1_23' title="bbox 2097 993 3693 1069; baseline 0.003 -21"><span class='ocrx_word' id='word_1_149' title='bbox 2097 994 2251 1060; x_wconf 76' lang='lat' dir='ltr'><strong>Quod</strong></span> <span class='ocrx_word' id='word_1_150' title='bbox 2277 997 2329 1048; x_wconf 91' lang='lat' dir='ltr'><strong>si</strong></span> <span class='ocrx_word' id='word_1_151' title='bbox 2338 997 2726 1062; x_wconf 81' lang='lat' dir='ltr'><strong>cognouissent,</strong></span> <span class='ocrx_word' id='word_1_152' title='bbox 2740 993 2924 1069; x_wconf 88' lang='lat' dir='ltr'><strong>inquit</strong></span> <span class='ocrx_word' id='word_1_153' title='bbox 2940 995 3261 1065; x_wconf 81' lang='lat' dir='ltr'><strong>Apostolus,</strong></span> <span class='ocrx_word' id='word_1_154' title='bbox 3281 1012 3574 1066; x_wconf 85' lang='lat' dir='ltr'><strong>nunquam</strong></span> <span class='ocrx_word' id='word_1_155' title='bbox 3590 1000 3693 1053; x_wconf 88' lang='lat' dir='ltr'><strong>Do-</strong></span> 
     </span>
    </p>
   </div>
   <div class='ocr_carea' id='block_1_24' title="bbox 2094 1080 3693 1153">
    <p class='ocr_par' dir='ltr' id='par_1_24' title="bbox 2094 1080 3693 1153">
     <span class='ocr_line' id='line_1_24' title="bbox 2094 1080 3693 1153; baseline 0.003 -18"><span class='ocrx_word' id='word_1_156' title='bbox 2094 1085 2319 1136; x_wconf 88' lang='lat' dir='ltr'><strong>minum</strong></span> <span class='ocrx_word' id='word_1_157' title='bbox 2349 1086 2540 1150; x_wconf 70' lang='lat' dir='ltr'><strong>gloriae</strong></span> <span class='ocrx_word' id='word_1_158' title='bbox 2562 1084 2969 1150; x_wconf 64' lang='lat' dir='ltr'><strong>cruciﬁxissent</strong></span> <span class='ocrx_word' id='word_1_159' title='bbox 3011 1085 3072 1153; x_wconf 92' lang='grc' dir='ltr'><strong>(Ι</strong></span> <span class='ocrx_word' id='word_1_160' title='bbox 3088 1083 3209 1138; x_wconf 73' lang='lat' dir='ltr'><strong>Cor.</strong></span> <span class='ocrx_word' id='word_1_161' title='bbox 3242 1097 3302 1150; x_wconf 86' lang='lat' dir='ltr'><strong>n,</strong></span> <span class='ocrx_word' id='word_1_162' title='bbox 3332 1080 3410 1153; x_wconf 93' lang='lat'><strong>8).</strong></span> <span class='ocrx_word' id='word_1_163' title='bbox 3443 1085 3604 1140; x_wconf 89' lang='lat' dir='ltr'><strong>Unde</strong></span> <span class='ocrx_word' id='word_1_164' title='bbox 3634 1091 3693 1140; x_wconf 92' lang='lat' dir='ltr'><strong>et</strong></span> 
     </span>
    </p>
   </div>
   <div class='ocr_carea' id='block_1_25' title="bbox 2094 1170 3687 1245">
    <p class='ocr_par' dir='ltr' id='par_1_25' title="bbox 2094 1170 3687 1245">
     <span class='ocr_line' id='line_1_25' title="bbox 2094 1170 3687 1245; baseline 0.002 -20"><span class='ocrx_word' id='word_1_165' title='bbox 2094 1186 2197 1242; x_wconf 91' lang='lat' dir='ltr'><strong>per</strong></span> <span class='ocrx_word' id='word_1_166' title='bbox 2208 1170 2411 1225; x_wconf 88' lang='lat' dir='ltr'><strong>Isaiam</strong></span> <span class='ocrx_word' id='word_1_167' title='bbox 2421 1215 2434 1237; x_wconf 91' lang='lat'><strong>,</strong></span> <span class='ocrx_word' id='word_1_168' title='bbox 2466 1170 2615 1225; x_wconf 90' lang='lat' dir='ltr'><strong>idem</strong></span> <span class='ocrx_word' id='word_1_169' title='bbox 2625 1171 2816 1242; x_wconf 83' lang='lat' dir='ltr'><strong>magni</strong></span> <span class='ocrx_word' id='word_1_170' title='bbox 2832 1170 3051 1227; x_wconf 88' lang='lat' dir='ltr'><strong>consilii</strong></span> <span class='ocrx_word' id='word_1_171' title='bbox 3066 1172 3300 1243; x_wconf 85' lang='lat' dir='ltr'><strong>angelus</strong></span> <span class='ocrx_word' id='word_1_172' title='bbox 3310 1179 3687 1245; x_wconf 90' lang='lat' dir='ltr'><strong>nuncupatur.</strong></span> 
     </span>
    </p>
   </div>
   <div class='ocr_carea' id='block_1_26' title="bbox 2098 1259 3690 1331">
    <p class='ocr_par' dir='ltr' id='par_1_26' title="bbox 2098 1259 3690 1331">
     <span class='ocr_line' id='line_1_26' title="bbox 2098 1259 3690 1331; baseline 0.002 -17"><span class='ocrx_word' id='word_1_173' title='bbox 2098 1259 2220 1323; x_wconf 89' lang='lat' dir='ltr'><strong>Quo</strong></span> <span class='ocrx_word' id='word_1_174' title='bbox 2250 1259 2497 1331; x_wconf 84' lang='lat' dir='ltr'><strong>profecto</strong></span> <span class='ocrx_word' id='word_1_175' title='bbox 2544 1260 2741 1330; x_wconf 88' lang='lat' dir='ltr'><strong>liquet,</strong></span> <span class='ocrx_word' id='word_1_176' title='bbox 2772 1259 2831 1314; x_wconf 93' lang='lat' dir='ltr'><strong>in</strong></span> <span class='ocrx_word' id='word_1_177' title='bbox 2883 1265 3093 1315; x_wconf 68' lang='lat' dir='ltr'><strong>aeterno</strong></span> <span class='ocrx_word' id='word_1_178' title='bbox 3151 1277 3254 1315; x_wconf 90' lang='lat' dir='ltr'><strong>suo</strong></span> <span class='ocrx_word' id='word_1_179' title='bbox 3306 1262 3541 1317; x_wconf 87' lang='lat' dir='ltr'><strong>consilio</strong></span> <span class='ocrx_word' id='word_1_180' title='bbox 3583 1263 3690 1317; x_wconf 91' lang='lat' dir='ltr'><strong>hoc</strong></span> 
     </span>
    </p>
   </div>
   <div class='ocr_carea' id='block_1_27' title="bbox 2097 1348 3688 1420">
    <p class='ocr_par' dir='ltr' id='par_1_27' title="bbox 2097 1348 3688 1420">
     <span class='ocr_line' id='line_1_27' title="bbox 2097 1348 3688 1420; baseline 0.003 -18"><span class='ocrx_word' id='word_1_181' title='bbox 2097 1348 2353 1419; x_wconf 86' lang='lat' dir='ltr'><strong>mysterii</strong></span> <span class='ocrx_word' id='word_1_182' title='bbox 2381 1350 2795 1404; x_wconf 88' lang='lat' dir='ltr'><strong>sacramentum</strong></span> <span class='ocrx_word' id='word_1_183' title='bbox 2825 1364 3048 1420; x_wconf 90' lang='lat' dir='ltr'><strong>semper</strong></span> <span class='ocrx_word' id='word_1_184' title='bbox 3073 1348 3248 1404; x_wconf 88' lang='lat' dir='ltr'><strong>fuisse</strong></span> <span class='ocrx_word' id='word_1_185' title='bbox 3279 1349 3688 1417; x_wconf 89' lang='lat' dir='ltr'><strong>absconditum,</strong></span> 
     </span>
    </p>
   </div>
   <div class='ocr_carea' id='block_1_28' title="bbox 2100 1436 3692 1509">
    <p class='ocr_par' dir='ltr' id='par_1_28' title="bbox 2100 1436 3692 1509">
     <span class='ocr_line' id='line_1_28' title="bbox 2100 1436 3692 1509; baseline 0.003 -19"><span class='ocrx_word' id='word_1_186' title='bbox 2100 1436 2250 1507; x_wconf 93' lang='lat' dir='ltr'><strong>quod</strong></span> <span class='ocrx_word' id='word_1_187' title='bbox 2285 1436 2600 1491; x_wconf 81' lang='lat' dir='ltr'><strong>novissimis</strong></span> <span class='ocrx_word' id='word_1_188' title='bbox 2647 1437 2994 1509; x_wconf 88' lang='lat' dir='ltr'><strong>temporibus</strong></span> <span class='ocrx_word' id='word_1_189' title='bbox 3042 1437 3304 1493; x_wconf 89' lang='lat' dir='ltr'><strong>omnibus</strong></span> <span class='ocrx_word' id='word_1_190' title='bbox 3332 1444 3418 1493; x_wconf 91' lang='lat' dir='ltr'><strong>est</strong></span> <span class='ocrx_word' id='word_1_191' title='bbox 3446 1439 3692 1495; x_wconf 80' lang='lat' dir='ltr'><strong>declam-</strong></span> 
     </span>
    </p>
   </div>
   <div class='ocr_carea' id='block_1_29' title="bbox 2097 1525 3693 1600">
    <p class='ocr_par' dir='ltr' id='par_1_29' title="bbox 2097 1525 3693 1600">
     <span class='ocr_line' id='line_1_29' title="bbox 2097 1525 3693 1600; baseline 0.002 -20"><span class='ocrx_word' id='word_1_192' title='bbox 2097 1529 2247 1579; x_wconf 70' lang='lat' dir='ltr'><strong>tum.</strong></span> <span class='ocrx_word' id='word_1_193' title='bbox 2261 1526 2538 1581; x_wconf 86' lang='lat' dir='ltr'><strong>Caeterum</strong></span> <span class='ocrx_word' id='word_1_194' title='bbox 2555 1525 2773 1580; x_wconf 90' lang='lat' dir='ltr'><strong>consilii</strong></span> <span class='ocrx_word' id='word_1_195' title='bbox 2799 1526 2977 1580; x_wconf 90' lang='lat' dir='ltr'><strong>nostri</strong></span> <span class='ocrx_word' id='word_1_196' title='bbox 3015 1543 3237 1581; x_wconf 90' lang='lat' dir='ltr'><strong>summa</strong></span> <span class='ocrx_word' id='word_1_197' title='bbox 3260 1544 3326 1582; x_wconf 87' lang='lat' dir='ltr'><strong>ex</strong></span> <span class='ocrx_word' id='word_1_198' title='bbox 3351 1527 3456 1582; x_wconf 92' lang='lat' dir='ltr'><strong>hoc</strong></span> <span class='ocrx_word' id='word_1_199' title='bbox 3473 1528 3693 1600; x_wconf 90' lang='lat' dir='ltr'><strong>colligi-</strong></span> 
     </span>
    </p>
   </div>
   <div class='ocr_carea' id='block_1_30' title="bbox 2099 1610 3703 1688">
    <p class='ocr_par' dir='ltr' id='par_1_30' title="bbox 2099 1610 3703 1688">
     <span class='ocr_line' id='line_1_30' title="bbox 2099 1610 3703 1688; baseline 0.003 -21"><span class='ocrx_word' id='word_1_200' title='bbox 2099 1619 2293 1678; x_wconf 90' lang='lat' dir='ltr'><strong>tur,ut</strong></span> <span class='ocrx_word' id='word_1_201' title='bbox 2310 1615 2520 1669; x_wconf 91' lang='lat' dir='ltr'><strong>mortui</strong></span> <span class='ocrx_word' id='word_1_202' title='bbox 2536 1614 2736 1670; x_wconf 77' lang='lat' dir='ltr'><strong>saeculo</strong></span> <span class='ocrx_word' id='word_1_203' title='bbox 2766 1615 3204 1670; x_wconf 88' lang='lat' dir='ltr'><strong>commoriamur</strong></span> <span class='ocrx_word' id='word_1_204' title='bbox 3231 1616 3473 1683; x_wconf 87' lang='lat' dir='ltr'><strong>Christo,</strong></span> <span class='ocrx_word' id='word_1_205' title='bbox 3499 1616 3547 1671; x_wconf 94' lang='lat' dir='ltr'><strong>si</strong></span> <span class='ocrx_word' id='word_1_206' title='bbox 3575 1610 3703 1688; x_wconf 7' lang='lat' dir='ltr'><strong>quoi</strong></span> 
     </span>
    </p>
   </div>
   <div class='ocr_carea' id='block_1_31' title="bbox 2099 1702 3691 1774">
    <p class='ocr_par' dir='ltr' id='par_1_31' title="bbox 2099 1702 3691 1774">
     <span class='ocr_line' id='line_1_31' title="bbox 2099 1702 3691 1774; baseline 0.002 -18"><span class='ocrx_word' id='word_1_207' title='bbox 2099 1702 2265 1757; x_wconf 91' lang='lat' dir='ltr'><strong>modo</strong></span> <span class='ocrx_word' id='word_1_208' title='bbox 2294 1703 2347 1757; x_wconf 90' lang='lat' dir='ltr'><strong>ei</strong></span> <span class='ocrx_word' id='word_1_209' title='bbox 2371 1703 2659 1758; x_wconf 88' lang='lat' dir='ltr'><strong>convivere</strong></span> <span class='ocrx_word' id='word_1_210' title='bbox 2686 1702 2964 1774; x_wconf 91' lang='lat' dir='ltr'><strong>possimus</strong></span> <span class='ocrx_word' id='word_1_211' title='bbox 2992 1703 3089 1774; x_wconf 89' lang='lat' dir='ltr'><strong>qui</strong></span> <span class='ocrx_word' id='word_1_212' title='bbox 3115 1720 3184 1758; x_wconf 85' lang='lat' dir='ltr'><strong>ex</strong></span> <span class='ocrx_word' id='word_1_213' title='bbox 3229 1705 3468 1759; x_wconf 86' lang='lat' dir='ltr'><strong>mortuis</strong></span> <span class='ocrx_word' id='word_1_214' title='bbox 3496 1721 3691 1761; x_wconf 90' lang='lat' dir='ltr'><strong>resur-</strong></span> 
     </span>
    </p>
   </div>
   <div class='ocr_carea' id='block_1_32' title="bbox 424 1772 3689 1863">
    <p class='ocr_par' dir='ltr' id='par_1_32' title="bbox 424 1772 3689 1863">
     <span class='ocr_line' id='line_1_32' title="bbox 424 1772 3689 1863; baseline 0.001 -17"><span class='ocrx_word' id='word_1_215' title='bbox 424 1772 822 1848; x_wconf 59' lang='lat' dir='ltr'><strong>nobisbonum</strong></span> <span class='ocrx_word' id='word_1_216' title='bbox 861 1792 1043 1846; x_wconf 89' lang='lat' dir='ltr'><strong>adhuc</strong></span> <span class='ocrx_word' id='word_1_217' title='bbox 1088 1792 1387 1846; x_wconf 89' lang='lat' dir='ltr'><strong>denuntiat</strong></span> <span class='ocrx_word' id='word_1_218' title='bbox 1435 1796 1494 1845; x_wconf 90' lang='lat' dir='ltr'><strong>et</strong></span> <span class='ocrx_word' id='word_1_219' title='bbox 1545 1772 1843 1862; x_wconf 88' lang='lat' dir='ltr'><strong>promittit,</strong></span> <span class='ocrx_word' id='word_1_220' title='bbox 1876 1789 2014 1845; x_wconf 90' lang='lat' dir='ltr'><strong>illud</strong></span> <span class='ocrx_word' id='word_1_221' title='bbox 2033 1772 2080 1832; x_wconf 80' lang='grc' dir='ltr'>Β</span> <span class='ocrx_word' id='word_1_222' title='bbox 2097 1790 2258 1845; x_wconf 85' lang='lat' dir='ltr'><strong>rexit.</strong></span> <span class='ocrx_word' id='word_1_223' title='bbox 2285 1793 2360 1845; x_wconf 89' lang='lat' dir='ltr'><strong>At</strong></span> <span class='ocrx_word' id='word_1_224' title='bbox 2385 1808 2518 1846; x_wconf 89' lang='lat' dir='ltr'><strong>vero</strong></span> <span class='ocrx_word' id='word_1_225' title='bbox 2547 1772 2705 1863; x_wconf 83' lang='lat' dir='ltr'><strong>quod</strong></span> <span class='ocrx_word' id='word_1_226' title='bbox 2724 1792 2976 1863; x_wconf 90' lang='lat' dir='ltr'><strong>sepultus</strong></span> <span class='ocrx_word' id='word_1_227' title='bbox 3004 1772 3077 1845; x_wconf 77' lang='lat' dir='ltr'><strong>ad</strong></span> <span class='ocrx_word' id='word_1_228' title='bbox 3103 1791 3352 1848; x_wconf 88' lang='lat' dir='ltr'><strong>infernos</strong></span> <span class='ocrx_word' id='word_1_229' title='bbox 3381 1793 3689 1860; x_wconf 79' lang='lat' dir='ltr'><strong>descendit,</strong></span> 
     </span>
    </p>
   </div>
   <div class='ocr_carea' id='block_1_33' title="bbox 422 1868 2016 1951">
    <p class='ocr_par' dir='ltr' id='par_1_33' title="bbox 422 1868 2016 1951">
     <span class='ocr_line' id='line_1_33' title="bbox 422 1868 2016 1951; baseline -0.003 -16"><span class='ocrx_word' id='word_1_230' title='bbox 422 1881 652 1948; x_wconf 88' lang='lat' dir='ltr'><strong>scilicet,</strong></span> <span class='ocrx_word' id='word_1_231' title='bbox 684 1880 908 1951; x_wconf 89' lang='lat' dir='ltr'><strong>quando</strong></span> <span class='ocrx_word' id='word_1_232' title='bbox 947 1885 1217 1934; x_wconf 88' lang='lat' dir='ltr'><strong>venturus</strong></span> <span class='ocrx_word' id='word_1_233' title='bbox 1248 1868 1323 1934; x_wconf 76' lang='lat' dir='ltr'><strong>ad</strong></span> <span class='ocrx_word' id='word_1_234' title='bbox 1367 1878 1643 1949; x_wconf 89' lang='lat' dir='ltr'><strong>judicium</strong></span> <span class='ocrx_word' id='word_1_235' title='bbox 1692 1878 2016 1932; x_wconf 89' lang='lat' dir='ltr'><strong>redditurus</strong></span> 
     </span>
    </p>
   </div>
   <div class='ocr_carea' id='block_1_34' title="bbox 430 1966 2013 2040">
    <p class='ocr_par' dir='ltr' id='par_1_34' title="bbox 430 1966 2013 2040">
     <span class='ocr_line' id='line_1_34' title="bbox 430 1966 2013 2040; baseline -0.004 -15"><span class='ocrx_word' id='word_1_236' title='bbox 430 1975 517 2025; x_wconf 89' lang='lat' dir='ltr'><strong>est</strong></span> <span class='ocrx_word' id='word_1_237' title='bbox 543 1969 845 2040; x_wconf 89' lang='lat' dir='ltr'><strong>unicuique</strong></span> <span class='ocrx_word' id='word_1_238' title='bbox 870 1974 1038 2040; x_wconf 90' lang='lat' dir='ltr'><strong>prout</strong></span> <span class='ocrx_word' id='word_1_239' title='bbox 1063 1969 1255 2039; x_wconf 87' lang='lat' dir='ltr'><strong>gessit.</strong></span> <span class='ocrx_word' id='word_1_240' title='bbox 1302 1967 1566 2022; x_wconf 91' lang='lat' dir='ltr'><strong>Dicturus</strong></span> <span class='ocrx_word' id='word_1_241' title='bbox 1596 1971 1682 2021; x_wconf 87' lang='lat' dir='ltr'><strong>est</strong></span> <span class='ocrx_word' id='word_1_242' title='bbox 1702 1966 1852 2020; x_wconf 90' lang='lat' dir='ltr'><strong>enim</strong></span> <span class='ocrx_word' id='word_1_243' title='bbox 1882 1982 2013 2020; x_wconf 89' lang='lat' dir='ltr'><strong>san-</strong></span> 
     </span>
    </p>
   </div>
   <div class='ocr_carea' id='block_1_35' title="bbox 2097 1879 3693 1953">
    <p class='ocr_par' dir='ltr' id='par_1_35' title="bbox 2097 1879 3693 1953">
     <span class='ocr_line' id='line_1_35' title="bbox 2097 1879 3693 1953; baseline 0.002 -20"><span class='ocrx_word' id='word_1_244' title='bbox 2097 1879 2233 1950; x_wconf 90' lang='lat' dir='ltr'><strong>quid</strong></span> <span class='ocrx_word' id='word_1_245' title='bbox 2271 1880 2424 1934; x_wconf 89' lang='lat' dir='ltr'><strong>aliud</strong></span> <span class='ocrx_word' id='word_1_246' title='bbox 2465 1897 2633 1951; x_wconf 91' lang='lat' dir='ltr'><strong>quam</strong></span> <span class='ocrx_word' id='word_1_247' title='bbox 2680 1880 2856 1934; x_wconf 87' lang='lat' dir='ltr'><strong>virtus</strong></span> <span class='ocrx_word' id='word_1_248' title='bbox 2883 1879 3228 1936; x_wconf 84' lang='lat' dir='ltr'><strong>fortitudinis</strong></span> <span class='ocrx_word' id='word_1_249' title='bbox 3254 1881 3411 1936; x_wconf 85' lang='lat' dir='ltr'><strong>fuit?</strong></span> <span class='ocrx_word' id='word_1_250' title='bbox 3449 1881 3536 1936; x_wconf 92' lang='lat' dir='ltr'><strong>De</strong></span> <span class='ocrx_word' id='word_1_251' title='bbox 3583 1899 3693 1953; x_wconf 89' lang='lat' dir='ltr'><strong>quo</strong></span> 
     </span>
    </p>
   </div>
   <div class='ocr_carea' id='block_1_36' title="bbox 2097 1966 3695 2041">
    <p class='ocr_par' dir='ltr' id='par_1_36' title="bbox 2097 1966 3695 2041">
     <span class='ocr_line' id='line_1_36' title="bbox 2097 1966 3695 2041; baseline 0.002 -20"><span class='ocrx_word' id='word_1_252' title='bbox 2097 1966 2398 2022; x_wconf 90' lang='lat' dir='ltr'><strong>Psalmista</strong></span> <span class='ocrx_word' id='word_1_253' title='bbox 2425 1968 2586 2040; x_wconf 88' lang='lat' dir='ltr'><strong>quasi</strong></span> <span class='ocrx_word' id='word_1_254' title='bbox 2615 1986 2680 2023; x_wconf 89' lang='lat' dir='ltr'><strong>ex</strong></span> <span class='ocrx_word' id='word_1_255' title='bbox 2705 1968 2982 2040; x_wconf 68' lang='lat' dir='ltr'><strong>praeconio</strong></span> <span class='ocrx_word' id='word_1_256' title='bbox 3011 1969 3320 2025; x_wconf 82' lang='lat' dir='ltr'><strong>caelestium</strong></span> <span class='ocrx_word' id='word_1_257' title='bbox 3360 1971 3695 2041; x_wconf 87' lang='lat' dir='ltr'><strong>angelorum</strong></span> 
     </span>
    </p>
   </div>
   <div class='ocr_carea' id='block_1_37' title="bbox 420 2056 3694 2128">
    <p class='ocr_par' dir='ltr' id='par_1_37' title="bbox 420 2056 3694 2128">
     <span class='ocr_line' id='line_1_37' title="bbox 420 2056 3694 2128; baseline -0.001 -14"><span class='ocrx_word' id='word_1_258' title='bbox 420 2060 526 2114; x_wconf 91' lang='lat' dir='ltr'><strong>ctis</strong></span> <span class='ocrx_word' id='word_1_259' title='bbox 558 2076 569 2112; x_wconf 91' lang='lat'><strong>:</strong></span> <span class='ocrx_word' id='word_1_260' title='bbox 614 2060 813 2125; x_wconf 81' lang='lat' dir='ltr'><strong>Venite,</strong></span> <span class='ocrx_word' id='word_1_261' title='bbox 845 2059 1109 2113; x_wconf 73' lang='lat' dir='ltr'><strong>benedicti</strong></span> <span class='ocrx_word' id='word_1_262' title='bbox 1126 2059 1311 2111; x_wconf 78' lang='lat' dir='ltr'><strong>Patris</strong></span> <span class='ocrx_word' id='word_1_263' title='bbox 1343 2060 1468 2122; x_wconf 86' lang='lat' dir='ltr'><strong>mei,</strong></span> <span class='ocrx_word' id='word_1_264' title='bbox 1488 2058 1753 2125; x_wconf 83' lang='lat' dir='ltr'><strong>percipite</strong></span> <span class='ocrx_word' id='word_1_265' title='bbox 1781 2070 2017 2122; x_wconf 79' lang='lat' dir='ltr'><strong>regnum</strong></span> <span class='ocrx_word' id='word_1_266' title='bbox 2098 2056 2252 2111; x_wconf 89' lang='lat' dir='ltr'><strong>canit</strong></span> <span class='ocrx_word' id='word_1_267' title='bbox 2282 2075 2293 2110; x_wconf 91' lang='lat'>:</span> <span class='ocrx_word' id='word_1_268' title='bbox 2327 2058 2534 2123; x_wconf 81' lang='lat' dir='ltr'><strong>Tollite,</strong></span> <span class='ocrx_word' id='word_1_269' title='bbox 2591 2057 2793 2128; x_wconf 92' lang='lat' dir='ltr'><strong>inquit,</strong></span> <span class='ocrx_word' id='word_1_270' title='bbox 2820 2062 3011 2127; x_wconf 83' lang='lat' dir='ltr'><strong>portas</strong></span> <span class='ocrx_word' id='word_1_271' title='bbox 3055 2061 3332 2128; x_wconf 76' lang='lat' dir='ltr'><strong>principes</strong></span> <span class='ocrx_word' id='word_1_272' title='bbox 3380 2064 3603 2125; x_wconf 84' lang='lat' dir='ltr'><strong>vestras,</strong></span> <span class='ocrx_word' id='word_1_273' title='bbox 3644 2064 3694 2113; x_wconf 88' lang='lat' dir='ltr'><strong>et</strong></span> 
     </span>
    </p>
   </div>
   <div class='ocr_carea' id='block_1_38' title="bbox 419 2143 3693 2216">
    <p class='ocr_par' dir='ltr' id='par_1_38' title="bbox 419 2143 3693 2216">
     <span class='ocr_line' id='line_1_38' title="bbox 419 2143 3693 2216; baseline 0 -14"><span class='ocrx_word' id='word_1_274' title='bbox 419 2149 564 2216; x_wconf 85' lang='lat' dir='ltr'><strong>quod</strong></span> <span class='ocrx_word' id='word_1_275' title='bbox 590 2149 736 2211; x_wconf 80' lang='lat' dir='ltr'><strong>vobis</strong></span> <span class='ocrx_word' id='word_1_276' title='bbox 779 2152 1048 2216; x_wconf 88' lang='lat' dir='ltr'><strong>paratum</strong></span> <span class='ocrx_word' id='word_1_277' title='bbox 1084 2150 1158 2199; x_wconf 84' lang='lat' dir='ltr'><strong>est</strong></span> <span class='ocrx_word' id='word_1_278' title='bbox 1195 2147 1265 2199; x_wconf 90' lang='lat' dir='ltr'><strong>ab</strong></span> <span class='ocrx_word' id='word_1_279' title='bbox 1294 2147 1510 2213; x_wconf 81' lang='lat' dir='ltr'><strong>origine</strong></span> <span class='ocrx_word' id='word_1_280' title='bbox 1546 2145 1750 2199; x_wconf 88' lang='lat' dir='ltr'><strong>mundi</strong></span> <span class='ocrx_word' id='word_1_281' title='bbox 1801 2143 2015 2211; x_wconf 78' lang='lat' dir='ltr'><strong>(Matth.</strong></span> <span class='ocrx_word' id='word_1_282' title='bbox 2100 2148 2584 2214; x_wconf 62' lang='lat' dir='ltr'><strong>etevaminiportz</strong></span> <span class='ocrx_word' id='word_1_283' title='bbox 2627 2150 2929 2213; x_wconf 61' lang='lat' dir='ltr'><strong>aternales,</strong></span> <span class='ocrx_word' id='word_1_284' title='bbox 2963 2152 3014 2201; x_wconf 88' lang='lat' dir='ltr'><strong>et</strong></span> <span class='ocrx_word' id='word_1_285' title='bbox 3037 2148 3291 2201; x_wconf 81' lang='lat' dir='ltr'><strong>introibit</strong></span> <span class='ocrx_word' id='word_1_286' title='bbox 3340 2149 3450 2203; x_wconf 80' lang='lat' dir='ltr'><strong>Rea:</strong></span> <span class='ocrx_word' id='word_1_287' title='bbox 3502 2149 3693 2215; x_wconf 68' lang='lat' dir='ltr'><strong>glorias</strong></span> 
     </span>
    </p>
   </div>
   <div class='ocr_carea' id='block_1_39' title="bbox 419 2231 3693 2305">
    <p class='ocr_par' dir='ltr' id='par_1_39' title="bbox 419 2231 3693 2305">
     <span class='ocr_line' id='line_1_39' title="bbox 419 2231 3693 2305; baseline -0 -14"><span class='ocrx_word' id='word_1_288' title='bbox 419 2251 547 2303; x_wconf 83' lang='lat' dir='ltr'><strong>xxv,</strong></span> <span class='ocrx_word' id='word_1_289' title='bbox 578 2234 689 2305; x_wconf 79' lang='grc'><strong>34).</strong></span> <span class='ocrx_word' id='word_1_290' title='bbox 722 2236 802 2290; x_wconf 87' lang='lat' dir='ltr'><strong>Ex</strong></span> <span class='ocrx_word' id='word_1_291' title='bbox 836 2235 924 2290; x_wconf 91' lang='lat' dir='ltr'><strong>his</strong></span> <span class='ocrx_word' id='word_1_292' title='bbox 980 2251 1113 2305; x_wconf 91' lang='lat' dir='ltr'><strong>ergo</strong></span> <span class='ocrx_word' id='word_1_293' title='bbox 1166 2232 1497 2304; x_wconf 91' lang='lat' dir='ltr'><strong>conjicimus</strong></span> <span class='ocrx_word' id='word_1_294' title='bbox 1540 2233 1690 2304; x_wconf 91' lang='lat' dir='ltr'><strong>quod</strong></span> <span class='ocrx_word' id='word_1_295' title='bbox 1719 2233 1841 2286; x_wconf 57' lang='lat' dir='ltr'><strong>hac</strong></span> <span class='ocrx_word' id='word_1_296' title='bbox 1884 2236 2019 2285; x_wconf 89' lang='lat' dir='ltr'><strong>sunt</strong></span> <span class='ocrx_word' id='word_1_297' title='bbox 2100 2232 2265 2303; x_wconf 89' lang='lat' dir='ltr'><strong>(Psat.</strong></span> <span class='ocrx_word' id='word_1_298' title='bbox 2315 2246 2467 2299; x_wconf 87' lang='lat' dir='ltr'><strong>xxm,</strong></span> <span class='ocrx_word' id='word_1_299' title='bbox 2529 2234 2603 2301; x_wconf 94' lang='grc'><strong>7).</strong></span> <span class='ocrx_word' id='word_1_300' title='bbox 2637 2231 2852 2294; x_wconf 89' lang='lat' dir='ltr'><strong>Quibus</strong></span> <span class='ocrx_word' id='word_1_301' title='bbox 2903 2234 3308 2304; x_wconf 88' lang='lat' dir='ltr'><strong>respondentes</strong></span> <span class='ocrx_word' id='word_1_302' title='bbox 3363 2234 3693 2290; x_wconf 85' lang='lat' dir='ltr'><strong>adversariae</strong></span> 
     </span>
    </p>
   </div>
   <div class='ocr_carea' id='block_1_40' title="bbox 420 2319 3693 2397">
    <p class='ocr_par' dir='ltr' id='par_1_40' title="bbox 420 2319 3693 2397">
     <span class='ocr_line' id='line_1_40' title="bbox 420 2319 3693 2397; baseline -0.001 -17"><span class='ocrx_word' id='word_1_303' title='bbox 420 2330 639 2397; x_wconf 88' lang='lat' dir='ltr'><strong>septem</strong></span> <span class='ocrx_word' id='word_1_304' title='bbox 662 2325 760 2379; x_wconf 88' lang='lat' dir='ltr'><strong>illa</strong></span> <span class='ocrx_word' id='word_1_305' title='bbox 780 2324 983 2394; x_wconf 89' lang='lat' dir='ltr'><strong>sigilla,</strong></span> <span class='ocrx_word' id='word_1_306' title='bbox 1008 2322 1209 2394; x_wconf 89' lang='lat' dir='ltr'><strong>quibus</strong></span> <span class='ocrx_word' id='word_1_307' title='bbox 1231 2323 1289 2377; x_wconf 92' lang='lat' dir='ltr'><strong>in</strong></span> <span class='ocrx_word' id='word_1_308' title='bbox 1313 2321 1649 2393; x_wconf 80' lang='lat' dir='ltr'><strong>Apocalypsi</strong></span> <span class='ocrx_word' id='word_1_309' title='bbox 1672 2319 1815 2374; x_wconf 87' lang='lat' dir='ltr'><strong>liber</strong></span> <span class='ocrx_word' id='word_1_310' title='bbox 1832 2320 2020 2390; x_wconf 87' lang='lat' dir='ltr'><strong>signa-</strong></span> <span class='ocrx_word' id='word_1_311' title='bbox 2099 2324 2426 2391; x_wconf 80' lang='lat' dir='ltr'><strong>potestates,</strong></span> <span class='ocrx_word' id='word_1_312' title='bbox 2442 2319 2734 2374; x_wconf 88' lang='lat' dir='ltr'><strong>dixerunt:</strong></span> <span class='ocrx_word' id='word_1_313' title='bbox 2754 2321 2821 2375; x_wconf 84' lang='lat' dir='ltr'><strong>Et</strong></span> <span class='ocrx_word' id='word_1_314' title='bbox 2837 2323 2959 2389; x_wconf 87' lang='lat' dir='ltr'><strong>quis</strong></span> <span class='ocrx_word' id='word_1_315' title='bbox 2975 2326 3051 2375; x_wconf 85' lang='lat' dir='ltr'><strong>est</strong></span> <span class='ocrx_word' id='word_1_316' title='bbox 3072 2324 3170 2376; x_wconf 87' lang='lat' dir='ltr'><strong>iste</strong></span> <span class='ocrx_word' id='word_1_317' title='bbox 3189 2323 3297 2377; x_wconf 72' lang='lat' dir='ltr'><strong>Res:</strong></span> <span class='ocrx_word' id='word_1_318' title='bbox 3308 2325 3498 2391; x_wconf 60' lang='lat' dir='ltr'><strong>gloria;</strong></span> <span class='ocrx_word' id='word_1_319' title='bbox 3515 2323 3693 2378; x_wconf 84' lang='lat' dir='ltr'><strong>?Tum</strong></span> 
     </span>
    </p>
   </div>
   <div class='ocr_carea' id='block_1_41' title="bbox 417 2407 3696 2481">
    <p class='ocr_par' dir='ltr' id='par_1_41' title="bbox 417 2407 3696 2481">
     <span class='ocr_line' id='line_1_41' title="bbox 417 2407 3696 2481; baseline -0.001 -12"><span class='ocrx_word' id='word_1_320' title='bbox 417 2418 512 2469; x_wconf 92' lang='lat' dir='ltr'><strong>tus</strong></span> <span class='ocrx_word' id='word_1_321' title='bbox 540 2417 890 2469; x_wconf 88' lang='lat' dir='ltr'><strong>monstratur</strong></span> <span class='ocrx_word' id='word_1_322' title='bbox 915 2414 1094 2481; x_wconf 84' lang='lat' dir='ltr'><strong>(Apoc.</strong></span> <span class='ocrx_word' id='word_1_323' title='bbox 1126 2428 1177 2477; x_wconf 91' lang='lat' dir='ltr'><strong>v,</strong></span> <span class='ocrx_word' id='word_1_324' title='bbox 1216 2409 1260 2469; x_wconf 81' lang='lat' dir='ltr'><strong>ll</strong></span> <span class='ocrx_word' id='word_1_325' title='bbox 1293 2411 1378 2478; x_wconf 93' lang='lat' dir='ltr'><strong>;in</strong></span> <span class='ocrx_word' id='word_1_326' title='bbox 1410 2427 1519 2481; x_wconf 94' lang='lat' dir='ltr'><strong>quo</strong></span> <span class='ocrx_word' id='word_1_327' title='bbox 1572 2409 1819 2480; x_wconf 88' lang='lat' dir='ltr'><strong>profecto</strong></span> <span class='ocrx_word' id='word_1_328' title='bbox 1873 2408 2017 2461; x_wconf 93' lang='lat' dir='ltr'><strong>libro</strong></span> <span class='ocrx_word' id='word_1_329' title='bbox 2099 2408 2279 2463; x_wconf 91' lang='lat' dir='ltr'><strong>sancti</strong></span> <span class='ocrx_word' id='word_1_330' title='bbox 2298 2407 2814 2479; x_wconf 73' lang='lat' dir='ltr'><strong>angelizbominus,</strong></span> <span class='ocrx_word' id='word_1_331' title='bbox 2830 2407 3111 2479; x_wconf 87' lang='lat' dir='ltr'><strong>inquiunt,</strong></span> <span class='ocrx_word' id='word_1_332' title='bbox 3136 2409 3299 2477; x_wconf 83' lang='lat' dir='ltr'><strong>fortis</strong></span> <span class='ocrx_word' id='word_1_333' title='bbox 3318 2416 3366 2464; x_wconf 90' lang='lat' dir='ltr'><strong>et</strong></span> <span class='ocrx_word' id='word_1_334' title='bbox 3374 2416 3581 2480; x_wconf 87' lang='lat' dir='ltr'><strong>potens,</strong></span> <span class='ocrx_word' id='word_1_335' title='bbox 3597 2412 3696 2466; x_wconf 88' lang='lat' dir='ltr'><strong>Do-</strong></span> 
     </span>
    </p>
   </div>
   <div class='ocr_carea' id='block_1_42' title="bbox 419 2496 3692 2575">
    <p class='ocr_par' dir='ltr' id='par_1_42' title="bbox 419 2496 3692 2575">
     <span class='ocr_line' id='line_1_42' title="bbox 419 2496 3692 2575; baseline -0.001 -17"><span class='ocrx_word' id='word_1_336' title='bbox 419 2518 764 2575; x_wconf 65' lang='lat' dir='ltr'><strong>quaecunque</strong></span> <span class='ocrx_word' id='word_1_337' title='bbox 775 2505 910 2556; x_wconf 92' lang='lat' dir='ltr'><strong>sunt</strong></span> <span class='ocrx_word' id='word_1_338' title='bbox 937 2500 1169 2571; x_wconf 89' lang='lat' dir='ltr'><strong>impleta</strong></span> <span class='ocrx_word' id='word_1_339' title='bbox 1196 2498 1254 2552; x_wconf 93' lang='lat' dir='ltr'><strong>in</strong></span> <span class='ocrx_word' id='word_1_340' title='bbox 1287 2498 1530 2561; x_wconf 90' lang='lat' dir='ltr'><strong>Christo,</strong></span> <span class='ocrx_word' id='word_1_341' title='bbox 1550 2498 1785 2569; x_wconf 89' lang='lat' dir='ltr'><strong>mystice</strong></span> <span class='ocrx_word' id='word_1_342' title='bbox 1813 2496 2020 2567; x_wconf 87' lang='lat' dir='ltr'><strong>scripta</strong></span> <span class='ocrx_word' id='word_1_343' title='bbox 2101 2500 2291 2551; x_wconf 89' lang='lat' dir='ltr'><strong>minus</strong></span> <span class='ocrx_word' id='word_1_344' title='bbox 2295 2502 2483 2565; x_wconf 89' lang='lat' dir='ltr'><strong>potens</strong></span> <span class='ocrx_word' id='word_1_345' title='bbox 2496 2499 2560 2550; x_wconf 90' lang='lat' dir='ltr'><strong>in</strong></span> <span class='ocrx_word' id='word_1_346' title='bbox 2565 2499 2778 2565; x_wconf 65' lang='lat' dir='ltr'><strong>praelia.</strong></span> <span class='ocrx_word' id='word_1_347' title='bbox 2796 2497 3005 2551; x_wconf 80' lang='lat' dir='ltr'><strong>Verum</strong></span> <span class='ocrx_word' id='word_1_348' title='bbox 3015 2498 3183 2568; x_wconf 89' lang='lat' dir='ltr'><strong>,quod</strong></span> <span class='ocrx_word' id='word_1_349' title='bbox 3196 2498 3302 2553; x_wconf 89' lang='lat' dir='ltr'><strong>nisi</strong></span> <span class='ocrx_word' id='word_1_350' title='bbox 3315 2499 3561 2570; x_wconf 88' lang='lat' dir='ltr'><strong>primum</strong></span> <span class='ocrx_word' id='word_1_351' title='bbox 3571 2499 3692 2554; x_wconf 90' lang='lat' dir='ltr'><strong>alli-</strong></span> 
     </span>
    </p>
   </div>
   <div class='ocr_carea' id='block_1_43' title="bbox 417 2584 3693 2662">
    <p class='ocr_par' dir='ltr' id='par_1_43' title="bbox 417 2584 3693 2662">
     <span class='ocr_line' id='line_1_43' title="bbox 417 2584 3693 2662; baseline -0.001 -16"><span class='ocrx_word' id='word_1_352' title='bbox 417 2591 591 2646; x_wconf 83' lang='lat' dir='ltr'><strong>fuisse</strong></span> <span class='ocrx_word' id='word_1_353' title='bbox 617 2590 936 2662; x_wconf 88' lang='lat' dir='ltr'><strong>probamus.</strong></span> <span class='ocrx_word' id='word_1_354' title='bbox 962 2588 1122 2643; x_wconf 87' lang='lat' dir='ltr'><strong>Unde</strong></span> <span class='ocrx_word' id='word_1_355' title='bbox 1144 2586 1363 2641; x_wconf 90' lang='lat' dir='ltr'><strong>duobus</strong></span> <span class='ocrx_word' id='word_1_356' title='bbox 1378 2587 1437 2641; x_wconf 94' lang='lat' dir='ltr'><strong>in</strong></span> <span class='ocrx_word' id='word_1_357' title='bbox 1462 2587 1554 2640; x_wconf 90' lang='lat' dir='ltr'><strong>via</strong></span> <span class='ocrx_word' id='word_1_358' title='bbox 1563 2586 1633 2640; x_wconf 93' lang='lat' dir='ltr'><strong>de</strong></span> <span class='ocrx_word' id='word_1_359' title='bbox 1658 2602 1718 2639; x_wconf 93' lang='lat' dir='ltr'><strong>se</strong></span> <span class='ocrx_word' id='word_1_360' title='bbox 1743 2585 2020 2655; x_wconf 86' lang='lat' dir='ltr'><strong>loquenti-</strong></span> <span class='ocrx_word' id='word_1_361' title='bbox 2098 2590 2289 2657; x_wconf 88' lang='lat' dir='ltr'><strong>gasset</strong></span> <span class='ocrx_word' id='word_1_362' title='bbox 2302 2584 2527 2651; x_wconf 87' lang='lat' dir='ltr'><strong>fortem,</strong></span> <span class='ocrx_word' id='word_1_363' title='bbox 2546 2589 2771 2639; x_wconf 88' lang='lat' dir='ltr'><strong>etarma</strong></span> <span class='ocrx_word' id='word_1_364' title='bbox 2789 2585 2965 2656; x_wconf 89' lang='lat' dir='ltr'><strong>ipsius</strong></span> <span class='ocrx_word' id='word_1_365' title='bbox 2984 2586 3245 2653; x_wconf 86' lang='lat' dir='ltr'><strong>auferret,</strong></span> <span class='ocrx_word' id='word_1_366' title='bbox 3260 2603 3550 2659; x_wconf 88' lang='lat' dir='ltr'><strong>nunquam</strong></span> <span class='ocrx_word' id='word_1_367' title='bbox 3568 2605 3693 2660; x_wconf 87' lang='lat' dir='ltr'><strong>spo-</strong></span> 
     </span>
    </p>
   </div>
   <div class='ocr_carea' id='block_1_44' title="bbox 418 2673 3695 2752">
    <p class='ocr_par' dir='ltr' id='par_1_44' title="bbox 418 2673 3695 2752">
     <span class='ocr_line' id='line_1_44' title="bbox 418 2673 3695 2752; baseline -0.002 -16"><span class='ocrx_word' id='word_1_368' title='bbox 418 2680 528 2736; x_wconf 90' lang='lat' dir='ltr'><strong>bus</strong></span> <span class='ocrx_word' id='word_1_369' title='bbox 558 2679 859 2752; x_wconf 84' lang='lat' dir='ltr'><strong>exprobrat</strong></span> <span class='ocrx_word' id='word_1_370' title='bbox 884 2679 1074 2733; x_wconf 89' lang='lat' dir='ltr'><strong>dicens</strong></span> <span class='ocrx_word' id='word_1_371' title='bbox 1109 2695 1121 2730; x_wconf 90' lang='lat'><strong>:</strong></span> <span class='ocrx_word' id='word_1_372' title='bbox 1150 2678 1191 2732; x_wconf 94' lang='lat'><em>0</em></span> <span class='ocrx_word' id='word_1_373' title='bbox 1220 2678 1373 2731; x_wconf 88' lang='lat' dir='ltr'><strong>tardi</strong></span> <span class='ocrx_word' id='word_1_374' title='bbox 1393 2677 1553 2729; x_wconf 89' lang='lat' dir='ltr'><strong>corde</strong></span> <span class='ocrx_word' id='word_1_375' title='bbox 1580 2676 1654 2728; x_wconf 88' lang='lat' dir='ltr'><strong>ad</strong></span> <span class='ocrx_word' id='word_1_376' title='bbox 1682 2675 2015 2728; x_wconf 83' lang='lat' dir='ltr'><strong>credendum</strong></span> <span class='ocrx_word' id='word_1_377' title='bbox 2099 2674 2178 2728; x_wconf 89' lang='lat' dir='ltr'><strong>lia</strong></span> <span class='ocrx_word' id='word_1_378' title='bbox 2199 2675 2323 2745; x_wconf 88' lang='lat' dir='ltr'><strong>ejus</strong></span> <span class='ocrx_word' id='word_1_379' title='bbox 2352 2689 2454 2728; x_wconf 91' lang='lat' dir='ltr'><strong>suo</strong></span> <span class='ocrx_word' id='word_1_380' title='bbox 2477 2673 2954 2744; x_wconf 88' lang='lat' dir='ltr'><strong>juredistribuens</strong></span> <span class='ocrx_word' id='word_1_381' title='bbox 2982 2675 3235 2730; x_wconf 70' lang='lat' dir='ltr'><strong>Ecclesia:</strong></span> <span class='ocrx_word' id='word_1_382' title='bbox 3256 2681 3518 2747; x_wconf 89' lang='lat' dir='ltr'><strong>potenter</strong></span> <span class='ocrx_word' id='word_1_383' title='bbox 3546 2676 3695 2752; x_wconf 85' lang='lat' dir='ltr'><strong>dice-</strong></span> 
     </span>
    </p>
   </div>
   <div class='ocr_carea' id='block_1_45' title="bbox 418 2748 3692 2837">
    <p class='ocr_par' dir='ltr' id='par_1_45' title="bbox 418 2748 3692 2837">
     <span class='ocr_line' id='line_1_45' title="bbox 418 2748 3692 2837; baseline -0.002 -12"><span class='ocrx_word' id='word_1_384' title='bbox 418 2773 483 2825; x_wconf 88' lang='lat' dir='ltr'><strong>in</strong></span> <span class='ocrx_word' id='word_1_385' title='bbox 511 2748 769 2824; x_wconf 78' lang='lat' dir='ltr'><strong>omnibus</strong></span> <span class='ocrx_word' id='word_1_386' title='bbox 791 2772 1114 2837; x_wconf 63' lang='lat' dir='ltr'><strong>qualocuta:</strong></span> <span class='ocrx_word' id='word_1_387' title='bbox 1140 2771 1271 2820; x_wconf 88' lang='lat' dir='ltr'><strong>sunt</strong></span> <span class='ocrx_word' id='word_1_388' title='bbox 1300 2765 1604 2833; x_wconf 59' lang='lat' dir='ltr'><strong>Scriptura.v</strong></span> <span class='ocrx_word' id='word_1_389' title='bbox 1626 2768 1645 2816; x_wconf 81' lang='grc' dir='ltr'><em>Ι</em></span> <span class='ocrx_word' id='word_1_390' title='bbox 1654 2764 1721 2818; x_wconf 88' lang='lat' dir='ltr'><strong>Et</strong></span> <span class='ocrx_word' id='word_1_391' title='bbox 1741 2765 2014 2831; x_wconf 75' lang='lat' dir='ltr'><strong>incipiens</strong></span> <span class='ocrx_word' id='word_1_392' title='bbox 2094 2762 2356 2834; x_wconf 91' lang='lat' dir='ltr'><strong>ret,quod</strong></span> <span class='ocrx_word' id='word_1_393' title='bbox 2376 2767 2551 2833; x_wconf 73' lang='lat' dir='ltr'><strong>portae</strong></span> <span class='ocrx_word' id='word_1_394' title='bbox 2568 2761 2771 2816; x_wconf 89' lang='lat' dir='ltr'><strong>inferni</strong></span> <span class='ocrx_word' id='word_1_395' title='bbox 2785 2762 3053 2818; x_wconf 87' lang='lat' dir='ltr'><strong>adversus</strong></span> <span class='ocrx_word' id='word_1_396' title='bbox 3069 2780 3191 2818; x_wconf 90' lang='lat' dir='ltr'><strong>eam</strong></span> <span class='ocrx_word' id='word_1_397' title='bbox 3213 2781 3324 2818; x_wconf 93' lang='lat' dir='ltr'><strong>non</strong></span> <span class='ocrx_word' id='word_1_398' title='bbox 3350 2748 3692 2836; x_wconf 60' lang='lat' dir='ltr'><strong>praevaleant</strong></span> 
     </span>
    </p>
   </div>
   <div class='ocr_carea' id='block_1_46' title="bbox 418 2848 3762 2927">
    <p class='ocr_par' dir='ltr' id='par_1_46' title="bbox 418 2848 3762 2927">
     <span class='ocr_line' id='line_1_46' title="bbox 418 2848 3762 2927; baseline -0.002 -13"><span class='ocrx_word' id='word_1_399' title='bbox 418 2876 454 2914; x_wconf 90' lang='lat' dir='ltr'><strong>a</strong></span> <span class='ocrx_word' id='word_1_400' title='bbox 482 2861 661 2927; x_wconf 82' lang='lat' dir='ltr'><strong>Moyse</strong></span> <span class='ocrx_word' id='word_1_401' title='bbox 689 2862 737 2912; x_wconf 87' lang='lat' dir='ltr'><strong>et</strong></span> <span class='ocrx_word' id='word_1_402' title='bbox 752 2858 1049 2926; x_wconf 86' lang='lat' dir='ltr'><strong>prophetis,</strong></span> <span class='ocrx_word' id='word_1_403' title='bbox 1082 2854 1555 2923; x_wconf 82' lang='lat' dir='ltr'><strong>interpretabatur</strong></span> <span class='ocrx_word' id='word_1_404' title='bbox 1583 2855 1701 2907; x_wconf 85' lang='lat' dir='ltr'><strong>itlis</strong></span> <span class='ocrx_word' id='word_1_405' title='bbox 1730 2853 1919 2905; x_wconf 88' lang='lat' dir='ltr'><strong>omnia</strong></span> <span class='ocrx_word' id='word_1_406' title='bbox 1947 2853 2012 2905; x_wconf 88' lang='lat' dir='ltr'><strong>in</strong></span> <span class='ocrx_word' id='word_1_407' title='bbox 2097 2853 2308 2924; x_wconf 80' lang='lat' dir='ltr'><strong>(Matth.</strong></span> <span class='ocrx_word' id='word_1_408' title='bbox 2339 2868 2444 2917; x_wconf 80' lang='lat' dir='ltr'><strong>va,</strong></span> <span class='ocrx_word' id='word_1_409' title='bbox 2470 2848 2578 2920; x_wconf 84' lang='lat'><strong>73).</strong></span> <span class='ocrx_word' id='word_1_410' title='bbox 2601 2850 2760 2906; x_wconf 91' lang='lat' dir='ltr'><strong>Unde</strong></span> <span class='ocrx_word' id='word_1_411' title='bbox 2781 2851 2898 2906; x_wconf 89' lang='lat' dir='ltr'><strong>suis</strong></span> <span class='ocrx_word' id='word_1_412' title='bbox 2930 2852 3203 2907; x_wconf 90' lang='lat' dir='ltr'><strong>militibus</strong></span> <span class='ocrx_word' id='word_1_413' title='bbox 3229 2852 3411 2908; x_wconf 88' lang='lat' dir='ltr'><strong>adhuc</strong></span> <span class='ocrx_word' id='word_1_414' title='bbox 3439 2854 3509 2908; x_wconf 91' lang='lat' dir='ltr'><strong>de</strong></span> <span class='ocrx_word' id='word_1_415' title='bbox 3551 2854 3689 2909; x_wconf 65' lang='lat' dir='ltr'><strong>coelo</strong></span> <span class='ocrx_word' id='word_1_416' title='bbox 3759 2918 3762 2921; x_wconf 17' lang='grc' dir='ltr'><strong>Α</strong></span> 
     </span>
    </p>
   </div>
   <div class='ocr_carea' id='block_1_47' title="bbox 418 2939 3685 3014">
    <p class='ocr_par' dir='ltr' id='par_1_47' title="bbox 418 2939 3685 3014">
     <span class='ocr_line' id='line_1_47' title="bbox 418 2939 3685 3014; baseline -0.002 -11"><span class='ocrx_word' id='word_1_417' title='bbox 418 2948 676 3003; x_wconf 87' lang='lat' dir='ltr'><strong>omnibus</strong></span> <span class='ocrx_word' id='word_1_418' title='bbox 691 2946 1001 3014; x_wconf 86' lang='lat' dir='ltr'><strong>Scripturis</strong></span> <span class='ocrx_word' id='word_1_419' title='bbox 1016 2945 1348 3013; x_wconf 54' lang='lat' dir='ltr'><strong>quascripta</strong></span> <span class='ocrx_word' id='word_1_420' title='bbox 1366 2946 1526 2995; x_wconf 89' lang='lat' dir='ltr'><strong>erant</strong></span> <span class='ocrx_word' id='word_1_421' title='bbox 1538 2942 1601 2994; x_wconf 89' lang='lat' dir='ltr'><strong>de</strong></span> <span class='ocrx_word' id='word_1_422' title='bbox 1621 2956 1678 2993; x_wconf 90' lang='lat' dir='ltr'><strong>eo</strong></span> <span class='ocrx_word' id='word_1_423' title='bbox 1694 2941 1843 3007; x_wconf 89' lang='lat' dir='ltr'><strong>(Luc.</strong></span> <span class='ocrx_word' id='word_1_424' title='bbox 1861 2955 2008 3007; x_wconf 74' lang='lat' dir='ltr'><strong>xxxv,</strong></span> <span class='ocrx_word' id='word_1_425' title='bbox 2093 2941 2302 2996; x_wconf 88' lang='lat' dir='ltr'><strong>clamat</strong></span> <span class='ocrx_word' id='word_1_426' title='bbox 2314 2940 2505 2995; x_wconf 90' lang='lat' dir='ltr'><strong>dicens</strong></span> <span class='ocrx_word' id='word_1_427' title='bbox 2526 2939 2834 3007; x_wconf 80' lang='lat' dir='ltr'><strong>:(Jonﬁdite,</strong></span> <span class='ocrx_word' id='word_1_428' title='bbox 2862 2956 2953 3009; x_wconf 88' lang='lat' dir='ltr'><strong>ego</strong></span> <span class='ocrx_word' id='word_1_429' title='bbox 2972 2943 3083 2995; x_wconf 80' lang='lat' dir='ltr'><strong>vici</strong></span> <span class='ocrx_word' id='word_1_430' title='bbox 3093 2944 3365 2996; x_wconf 84' lang='lat' dir='ltr'><strong>mundum</strong></span> <span class='ocrx_word' id='word_1_431' title='bbox 3390 2942 3685 3012; x_wconf 80' lang='lat' dir='ltr'><strong>(Joan.xv1,</strong></span> 
     </span>
    </p>
   </div>
   <div class='ocr_carea' id='block_1_48' title="bbox 416 3028 3691 3104">
    <p class='ocr_par' dir='ltr' id='par_1_48' title="bbox 416 3028 3691 3104">
     <span class='ocr_line' id='line_1_48' title="bbox 416 3028 3691 3104; baseline -0.002 -13"><span class='ocrx_word' id='word_1_432' title='bbox 416 3034 528 3102; x_wconf 79' lang='lat'><strong>25).</strong></span> <span class='ocrx_word' id='word_1_433' title='bbox 553 3032 1037 3104; x_wconf 88' lang='lat' dir='ltr'><strong>Interpretabatur</strong></span> <span class='ocrx_word' id='word_1_434' title='bbox 1051 3036 1242 3086; x_wconf 90' lang='lat' dir='ltr'><strong>autem</strong></span> <span class='ocrx_word' id='word_1_435' title='bbox 1271 3047 1384 3085; x_wconf 93' lang='lat' dir='ltr'><strong>non</strong></span> <span class='ocrx_word' id='word_1_436' title='bbox 1395 3029 1548 3084; x_wconf 87' lang='lat' dir='ltr'><strong>aliud</strong></span> <span class='ocrx_word' id='word_1_437' title='bbox 1568 3044 1738 3099; x_wconf 91' lang='lat' dir='ltr'><strong>quam</strong></span> <span class='ocrx_word' id='word_1_438' title='bbox 1769 3029 2015 3098; x_wconf 86' lang='lat' dir='ltr'><strong>Evange-</strong></span> <span class='ocrx_word' id='word_1_439' title='bbox 2094 3029 2204 3099; x_wconf 85' lang='lat'><strong>33).</strong></span> <span class='ocrx_word' id='word_1_440' title='bbox 2217 3031 2298 3084; x_wconf 86' lang='lat' dir='ltr'><strong>Ac</strong></span> <span class='ocrx_word' id='word_1_441' title='bbox 2316 3028 2364 3083; x_wconf 91' lang='lat' dir='ltr'><strong>si</strong></span> <span class='ocrx_word' id='word_1_442' title='bbox 2378 3028 2554 3083; x_wconf 89' lang='lat' dir='ltr'><strong>dicat:</strong></span> <span class='ocrx_word' id='word_1_443' title='bbox 2575 3028 2773 3083; x_wconf 83' lang='lat' dir='ltr'><strong>Fortes</strong></span> <span class='ocrx_word' id='word_1_444' title='bbox 2788 3033 2966 3083; x_wconf 82' lang='lat' dir='ltr'><strong>estote</strong></span> <span class='ocrx_word' id='word_1_445' title='bbox 2977 3035 3174 3084; x_wconf 88' lang='lat' dir='ltr'><strong>contra</strong></span> <span class='ocrx_word' id='word_1_446' title='bbox 3191 3030 3381 3084; x_wconf 89' lang='lat' dir='ltr'><strong>omnia</strong></span> <span class='ocrx_word' id='word_1_447' title='bbox 3393 3031 3691 3086; x_wconf 87' lang='lat' dir='ltr'><strong>adversan-</strong></span> 
     </span>
    </p>
   </div>
   <div class='ocr_carea' id='block_1_49' title="bbox 419 3116 3687 3192">
    <p class='ocr_par' dir='ltr' id='par_1_49' title="bbox 419 3116 3687 3192">
     <span class='ocr_line' id='line_1_49' title="bbox 419 3116 3687 3192; baseline -0.001 -15"><span class='ocrx_word' id='word_1_448' title='bbox 419 3123 579 3188; x_wconf 91' lang='lat' dir='ltr'><strong>lium,</strong></span> <span class='ocrx_word' id='word_1_449' title='bbox 604 3122 662 3176; x_wconf 89' lang='lat' dir='ltr'><strong>id</strong></span> <span class='ocrx_word' id='word_1_450' title='bbox 680 3126 785 3184; x_wconf 89' lang='lat' dir='ltr'><strong>est,</strong></span> <span class='ocrx_word' id='word_1_451' title='bbox 807 3121 1054 3192; x_wconf 90' lang='lat' dir='ltr'><strong>seipsum</strong></span> <span class='ocrx_word' id='word_1_452' title='bbox 1076 3136 1243 3190; x_wconf 91' lang='lat' dir='ltr'><strong>quem</strong></span> <span class='ocrx_word' id='word_1_453' title='bbox 1258 3117 1569 3190; x_wconf 88' lang='lat' dir='ltr'><strong>exponebat</strong></span> <span class='ocrx_word' id='word_1_454' title='bbox 1588 3136 1599 3185; x_wconf 86' lang='lat'><strong>;</strong></span> <span class='ocrx_word' id='word_1_455' title='bbox 1618 3117 1766 3187; x_wconf 92' lang='lat' dir='ltr'><strong>quod</strong></span> <span class='ocrx_word' id='word_1_456' title='bbox 1783 3116 2011 3186; x_wconf 89' lang='lat' dir='ltr'><strong>quidem</strong></span> <span class='ocrx_word' id='word_1_457' title='bbox 2027 3120 2072 3182; x_wconf 77' lang='grc' dir='ltr'>Ο</span> <span class='ocrx_word' id='word_1_458' title='bbox 2092 3118 2333 3190; x_wconf 88' lang='lat' dir='ltr'><strong>tia,quia</strong></span> <span class='ocrx_word' id='word_1_459' title='bbox 2351 3118 2410 3172; x_wconf 87' lang='lat' dir='ltr'><strong>in</strong></span> <span class='ocrx_word' id='word_1_460' title='bbox 2425 3134 2552 3171; x_wconf 90' lang='lat' dir='ltr'><strong>mea</strong></span> <span class='ocrx_word' id='word_1_461' title='bbox 2560 3117 2887 3172; x_wconf 76' lang='lat' dir='ltr'><strong>fortitudine</strong></span> <span class='ocrx_word' id='word_1_462' title='bbox 2902 3124 3088 3173; x_wconf 88' lang='lat' dir='ltr'><strong>vestra</strong></span> <span class='ocrx_word' id='word_1_463' title='bbox 3096 3119 3342 3189; x_wconf 89' lang='lat' dir='ltr'><strong>profecto</strong></span> <span class='ocrx_word' id='word_1_464' title='bbox 3372 3119 3480 3173; x_wconf 90' lang='lat' dir='ltr'><strong>erit</strong></span> <span class='ocrx_word' id='word_1_465' title='bbox 3518 3119 3687 3174; x_wconf 88' lang='lat' dir='ltr'><strong>victo-</strong></span> 
     </span>
    </p>
   </div>
   <div class='ocr_carea' id='block_1_50' title="bbox 413 3205 3685 3282">
    <p class='ocr_par' dir='ltr' id='par_1_50' title="bbox 413 3205 3685 3282">
     <span class='ocr_line' id='line_1_50' title="bbox 413 3205 3685 3282; baseline -0.001 -17"><span class='ocrx_word' id='word_1_466' title='bbox 413 3212 534 3282; x_wconf 88' lang='lat' dir='ltr'><strong>jam</strong></span> <span class='ocrx_word' id='word_1_467' title='bbox 584 3210 717 3265; x_wconf 91' lang='lat' dir='ltr'><strong>olim</strong></span> <span class='ocrx_word' id='word_1_468' title='bbox 772 3211 922 3265; x_wconf 90' lang='lat' dir='ltr'><strong>Deus</strong></span> <span class='ocrx_word' id='word_1_469' title='bbox 949 3209 1284 3280; x_wconf 89' lang='lat' dir='ltr'><strong>promiserat</strong></span> <span class='ocrx_word' id='word_1_470' title='bbox 1309 3208 1367 3261; x_wconf 90' lang='lat' dir='ltr'><strong>in</strong></span> <span class='ocrx_word' id='word_1_471' title='bbox 1387 3205 1688 3277; x_wconf 89' lang='lat' dir='ltr'><strong>Scripturis</strong></span> <span class='ocrx_word' id='word_1_472' title='bbox 1718 3205 1926 3260; x_wconf 89' lang='lat' dir='ltr'><strong>sanctis</strong></span> <span class='ocrx_word' id='word_1_473' title='bbox 1943 3205 2013 3259; x_wconf 91' lang='lat' dir='ltr'><strong>de</strong></span> <span class='ocrx_word' id='word_1_474' title='bbox 2093 3209 2198 3263; x_wconf 89' lang='lat' dir='ltr'><strong>ria.</strong></span> <span class='ocrx_word' id='word_1_475' title='bbox 2215 3206 2487 3278; x_wconf 89' lang='lat' dir='ltr'><strong>Spiritum</strong></span> <span class='ocrx_word' id='word_1_476' title='bbox 2499 3222 2632 3277; x_wconf 90' lang='lat' dir='ltr'><strong>ergo</strong></span> <span class='ocrx_word' id='word_1_477' title='bbox 2646 3205 2805 3260; x_wconf 90' lang='lat' dir='ltr'><strong>nobis</strong></span> <span class='ocrx_word' id='word_1_478' title='bbox 2829 3206 3075 3261; x_wconf 67' lang='lat' dir='ltr'><strong>scientiae</strong></span> <span class='ocrx_word' id='word_1_479' title='bbox 3095 3207 3153 3260; x_wconf 91' lang='lat' dir='ltr'><strong>in</strong></span> <span class='ocrx_word' id='word_1_480' title='bbox 3173 3207 3367 3278; x_wconf 91' lang='lat' dir='ltr'><strong>quinto</strong></span> <span class='ocrx_word' id='word_1_481' title='bbox 3383 3223 3497 3262; x_wconf 68' lang='lat' dir='ltr'><strong>sua:</strong></span> <span class='ocrx_word' id='word_1_482' title='bbox 3524 3225 3685 3263; x_wconf 87' lang='lat' dir='ltr'><strong>reve-</strong></span> 
     </span>
    </p>
   </div>
   <div class='ocr_carea' id='block_1_51' title="bbox 419 3284 3687 3370">
    <p class='ocr_par' dir='ltr' id='par_1_51' title="bbox 419 3284 3687 3370">
     <span class='ocr_line' id='line_1_51' title="bbox 419 3284 3687 3370; baseline -0.001 -15"><span class='ocrx_word' id='word_1_483' title='bbox 419 3300 562 3356; x_wconf 91' lang='lat' dir='ltr'><strong>Filio</strong></span> <span class='ocrx_word' id='word_1_484' title='bbox 583 3316 704 3365; x_wconf 88' lang='lat' dir='ltr'><strong>suo,</strong></span> <span class='ocrx_word' id='word_1_485' title='bbox 734 3298 830 3370; x_wconf 91' lang='lat' dir='ltr'><strong>qui</strong></span> <span class='ocrx_word' id='word_1_486' title='bbox 859 3299 1041 3353; x_wconf 84' lang='lat' dir='ltr'><strong>tactus</strong></span> <span class='ocrx_word' id='word_1_487' title='bbox 1072 3302 1159 3351; x_wconf 89' lang='lat' dir='ltr'><strong>est</strong></span> <span class='ocrx_word' id='word_1_488' title='bbox 1172 3314 1238 3352; x_wconf 89' lang='lat' dir='ltr'><strong>ex</strong></span> <span class='ocrx_word' id='word_1_489' title='bbox 1257 3296 1471 3352; x_wconf 91' lang='lat' dir='ltr'><strong>semine</strong></span> <span class='ocrx_word' id='word_1_490' title='bbox 1500 3295 1676 3350; x_wconf 87' lang='lat' dir='ltr'><strong>David</strong></span> <span class='ocrx_word' id='word_1_491' title='bbox 1703 3294 2012 3349; x_wconf 87' lang='lat' dir='ltr'><strong>secundum</strong></span> <span class='ocrx_word' id='word_1_492' title='bbox 2092 3296 2321 3358; x_wconf 82' lang='lat' dir='ltr'><strong>lationis</strong></span> <span class='ocrx_word' id='word_1_493' title='bbox 2332 3295 2515 3366; x_wconf 88' lang='lat' dir='ltr'><strong>sigillo</strong></span> <span class='ocrx_word' id='word_1_494' title='bbox 2529 3295 2795 3349; x_wconf 90' lang='lat' dir='ltr'><strong>nimirum</strong></span> <span class='ocrx_word' id='word_1_495' title='bbox 2807 3284 2941 3350; x_wconf 86' lang='lat' dir='ltr'><strong>tunc</strong></span> <span class='ocrx_word' id='word_1_496' title='bbox 2954 3295 3329 3366; x_wconf 90' lang='lat' dir='ltr'><strong>aperuit,cum</strong></span> <span class='ocrx_word' id='word_1_497' title='bbox 3345 3295 3495 3350; x_wconf 90' lang='lat' dir='ltr'><strong>idem</strong></span> <span class='ocrx_word' id='word_1_498' title='bbox 3508 3296 3687 3351; x_wconf 90' lang='lat' dir='ltr'><strong>victor</strong></span> 
     </span>
    </p>
   </div>
   <div class='ocr_carea' id='block_1_52' title="bbox 417 3382 2008 3457">
    <p class='ocr_par' dir='ltr' id='par_1_52' title="bbox 417 3382 2008 3457">
     <span class='ocr_line' id='line_1_52' title="bbox 417 3382 2008 3457; baseline -0.006 -12"><span class='ocrx_word' id='word_1_499' title='bbox 417 3405 663 3445; x_wconf 90' lang='lat' dir='ltr'><strong>carnem.</strong></span> <span class='ocrx_word' id='word_1_500' title='bbox 683 3389 860 3443; x_wconf 91' lang='lat' dir='ltr'><strong>Nemo</strong></span> <span class='ocrx_word' id='word_1_501' title='bbox 882 3386 1056 3457; x_wconf 87' lang='lat' dir='ltr'><strong>igitur</strong></span> <span class='ocrx_word' id='word_1_502' title='bbox 1079 3389 1230 3441; x_wconf 87' lang='lat' dir='ltr'><strong>recte</strong></span> <span class='ocrx_word' id='word_1_503' title='bbox 1248 3389 1433 3456; x_wconf 89' lang='lat' dir='ltr'><strong>potest</strong></span> <span class='ocrx_word' id='word_1_504' title='bbox 1450 3382 1753 3455; x_wconf 83' lang='lat' dir='ltr'><strong>ambigere,</strong></span> <span class='ocrx_word' id='word_1_505' title='bbox 1776 3383 1836 3437; x_wconf 91' lang='lat' dir='ltr'><strong>in</strong></span> <span class='ocrx_word' id='word_1_506' title='bbox 1853 3382 2008 3437; x_wconf 88' lang='lat' dir='ltr'><strong>Chri-</strong></span> 
     </span>
    </p>
   </div>
   <div class='ocr_carea' id='block_1_53' title="bbox 417 3471 2006 3550">
    <p class='ocr_par' dir='ltr' id='par_1_53' title="bbox 417 3471 2006 3550">
     <span class='ocr_line' id='line_1_53' title="bbox 417 3471 2006 3550; baseline -0.005 -16"><span class='ocrx_word' id='word_1_507' title='bbox 417 3482 505 3534; x_wconf 88' lang='lat' dir='ltr'><strong>sto</strong></span> <span class='ocrx_word' id='word_1_508' title='bbox 525 3482 738 3550; x_wconf 91' lang='lat' dir='ltr'><strong>septem</strong></span> <span class='ocrx_word' id='word_1_509' title='bbox 765 3477 863 3530; x_wconf 91' lang='lat' dir='ltr'><strong>illa</strong></span> <span class='ocrx_word' id='word_1_510' title='bbox 877 3475 1063 3546; x_wconf 84' lang='lat' dir='ltr'><strong>sigilla</strong></span> <span class='ocrx_word' id='word_1_511' title='bbox 1086 3491 1208 3530; x_wconf 90' lang='lat' dir='ltr'><strong>esse</strong></span> <span class='ocrx_word' id='word_1_512' title='bbox 1228 3474 1431 3539; x_wconf 88' lang='lat' dir='ltr'><strong>soluta,</strong></span> <span class='ocrx_word' id='word_1_513' title='bbox 1451 3472 1715 3545; x_wconf 87' lang='lat' dir='ltr'><strong>quoniam</strong></span> <span class='ocrx_word' id='word_1_514' title='bbox 1741 3471 2006 3526; x_wconf 90' lang='lat' dir='ltr'><strong>divinitus</strong></span> 
     </span>
    </p>
   </div>
   <div class='ocr_carea' id='block_1_54' title="bbox 416 3562 2008 3639">
    <p class='ocr_par' dir='ltr' id='par_1_54' title="bbox 416 3562 2008 3639">
     <span class='ocr_line' id='line_1_54' title="bbox 416 3562 2008 3639; baseline -0.004 -17"><span class='ocrx_word' id='word_1_515' title='bbox 416 3582 749 3639; x_wconf 86' lang='lat' dir='ltr'><strong>responsum</strong></span> <span class='ocrx_word' id='word_1_516' title='bbox 777 3570 899 3620; x_wconf 90' lang='lat' dir='ltr'><strong>est:</strong></span> <span class='ocrx_word' id='word_1_517' title='bbox 932 3565 1060 3619; x_wconf 87' lang='lat' dir='ltr'><strong>Ecce</strong></span> <span class='ocrx_word' id='word_1_518' title='bbox 1090 3567 1167 3618; x_wconf 90' lang='lat' dir='ltr'><strong>leo</strong></span> <span class='ocrx_word' id='word_1_519' title='bbox 1186 3565 1250 3618; x_wconf 87' lang='lat' dir='ltr'><strong>de</strong></span> <span class='ocrx_word' id='word_1_520' title='bbox 1280 3564 1431 3617; x_wconf 87' lang='lat' dir='ltr'><strong>tribu</strong></span> <span class='ocrx_word' id='word_1_521' title='bbox 1448 3564 1614 3629; x_wconf 82' lang='lat' dir='ltr'><strong>Juda,</strong></span> <span class='ocrx_word' id='word_1_522' title='bbox 1642 3564 1813 3617; x_wconf 75' lang='lat' dir='ltr'><strong>radix</strong></span> <span class='ocrx_word' id='word_1_523' title='bbox 1831 3562 2008 3616; x_wconf 80' lang='lat' dir='ltr'><strong>David</strong></span> 
     </span>
    </p>
   </div>
   <div class='ocr_carea' id='block_1_55' title="bbox 416 3651 2002 3726">
    <p class='ocr_par' dir='ltr' id='par_1_55' title="bbox 416 3651 2002 3726">
     <span class='ocr_line' id='line_1_55' title="bbox 416 3651 2002 3726; baseline -0.004 -16"><span class='ocrx_word' id='word_1_524' title='bbox 416 3658 635 3726; x_wconf 88' lang='lat' dir='ltr'><strong>aperire</strong></span> <span class='ocrx_word' id='word_1_525' title='bbox 661 3657 948 3720; x_wconf 85' lang='lat' dir='ltr'><strong>librum,et</strong></span> <span class='ocrx_word' id='word_1_526' title='bbox 963 3656 1165 3708; x_wconf 79' lang='lat' dir='ltr'><strong>solvere</strong></span> <span class='ocrx_word' id='word_1_527' title='bbox 1175 3657 1370 3721; x_wconf 84' lang='lat' dir='ltr'><strong>septem</strong></span> <span class='ocrx_word' id='word_1_528' title='bbox 1382 3654 1674 3720; x_wconf 89' lang='lat' dir='ltr'><strong>signacula</strong></span> <span class='ocrx_word' id='word_1_529' title='bbox 1689 3654 1803 3720; x_wconf 83' lang='lat' dir='ltr'><strong>ejus</strong></span> <span class='ocrx_word' id='word_1_530' title='bbox 1825 3651 2002 3719; x_wconf 80' lang='lat' dir='ltr'><strong>(Apoc.</strong></span> 
     </span>
    </p>
   </div>
   <div class='ocr_carea' id='block_1_56' title="bbox 418 3738 2008 3814">
    <p class='ocr_par' dir='ltr' id='par_1_56' title="bbox 418 3738 2008 3814">
     <span class='ocr_line' id='line_1_56' title="bbox 418 3738 2008 3814; baseline -0.003 -16"><span class='ocrx_word' id='word_1_531' title='bbox 418 3761 472 3810; x_wconf 89' lang='lat' dir='ltr'><strong>v,</strong></span> <span class='ocrx_word' id='word_1_532' title='bbox 507 3742 586 3811; x_wconf 86' lang='lat'><strong>5.)</strong></span> <span class='ocrx_word' id='word_1_533' title='bbox 615 3744 750 3808; x_wconf 75' lang='lat' dir='ltr'><strong>Quae</strong></span> <span class='ocrx_word' id='word_1_534' title='bbox 790 3742 1079 3814; x_wconf 86' lang='lat' dir='ltr'><strong>signacula</strong></span> <span class='ocrx_word' id='word_1_535' title='bbox 1105 3740 1401 3796; x_wconf 76' lang='lat' dir='ltr'><strong>manifeste</strong></span> <span class='ocrx_word' id='word_1_536' title='bbox 1431 3745 1566 3795; x_wconf 90' lang='lat' dir='ltr'><strong>tunc</strong></span> <span class='ocrx_word' id='word_1_537' title='bbox 1593 3740 1776 3795; x_wconf 88' lang='lat' dir='ltr'><strong>soluta</strong></span> <span class='ocrx_word' id='word_1_538' title='bbox 1828 3738 2008 3793; x_wconf 88' lang='lat' dir='ltr'><strong>fuisse</strong></span> 
     </span>
    </p>
   </div>
   <div class='ocr_carea' id='block_1_57' title="bbox 414 3828 2009 3906">
    <p class='ocr_par' dir='ltr' id='par_1_57' title="bbox 414 3828 2009 3906">
     <span class='ocr_line' id='line_1_57' title="bbox 414 3828 2009 3906; baseline -0.004 -18"><span class='ocrx_word' id='word_1_539' title='bbox 414 3833 745 3906; x_wconf 78' lang='lat' dir='ltr'><strong>probantur,</strong></span> <span class='ocrx_word' id='word_1_540' title='bbox 765 3846 895 3888; x_wconf 91' lang='lat' dir='ltr'><strong>cum</strong></span> <span class='ocrx_word' id='word_1_541' title='bbox 924 3830 1114 3886; x_wconf 91' lang='lat' dir='ltr'><strong>omnia</strong></span> <span class='ocrx_word' id='word_1_542' title='bbox 1130 3830 1249 3885; x_wconf 80' lang='lat' dir='ltr'><strong>haec</strong></span> <span class='ocrx_word' id='word_1_543' title='bbox 1269 3829 1538 3902; x_wconf 79' lang='lat' dir='ltr'><strong>mysteria</strong></span> <span class='ocrx_word' id='word_1_544' title='bbox 1551 3829 1611 3884; x_wconf 91' lang='lat' dir='ltr'><strong>in</strong></span> <span class='ocrx_word' id='word_1_545' title='bbox 1631 3828 1854 3884; x_wconf 87' lang='lat' dir='ltr'><strong>Christo</strong></span> <span class='ocrx_word' id='word_1_546' title='bbox 1875 3832 2009 3882; x_wconf 89' lang='lat' dir='ltr'><strong>sunt</strong></span> 
     </span>
    </p>
   </div>
   <div class='ocr_carea' id='block_1_58' title="bbox 413 3917 2008 3994">
    <p class='ocr_par' dir='ltr' id='par_1_58' title="bbox 413 3917 2008 3994">
     <span class='ocr_line' id='line_1_58' title="bbox 413 3917 2008 3994; baseline -0.005 -16"><span class='ocrx_word' id='word_1_547' title='bbox 413 3922 740 3994; x_wconf 89' lang='lat' dir='ltr'><strong>adimpleta.</strong></span> <span class='ocrx_word' id='word_1_548' title='bbox 758 3920 975 3993; x_wconf 89' lang='lat' dir='ltr'><strong>Quippe</strong></span> <span class='ocrx_word' id='word_1_549' title='bbox 995 3926 1054 3975; x_wconf 90' lang='lat' dir='ltr'><strong>et</strong></span> <span class='ocrx_word' id='word_1_550' title='bbox 1080 3920 1140 3974; x_wconf 90' lang='lat' dir='ltr'><strong>in</strong></span> <span class='ocrx_word' id='word_1_551' title='bbox 1167 3919 1378 3975; x_wconf 90' lang='lat' dir='ltr'><strong>eisdem</strong></span> <span class='ocrx_word' id='word_1_552' title='bbox 1389 3918 1587 3990; x_wconf 89' lang='lat' dir='ltr'><strong>sigillis</strong></span> <span class='ocrx_word' id='word_1_553' title='bbox 1614 3922 1827 3989; x_wconf 89' lang='lat' dir='ltr'><strong>septem</strong></span> <span class='ocrx_word' id='word_1_554' title='bbox 1858 3917 2008 3971; x_wconf 87' lang='lat' dir='ltr'><strong>dona</strong></span> 
     </span>
    </p>
   </div>
   <div class='ocr_carea' id='block_1_59' title="bbox 413 4005 2006 4082">
    <p class='ocr_par' dir='ltr' id='par_1_59' title="bbox 413 4005 2006 4082">
     <span class='ocr_line' id='line_1_59' title="bbox 413 4005 2006 4082; baseline -0.006 -15"><span class='ocrx_word' id='word_1_555' title='bbox 413 4011 595 4066; x_wconf 85' lang='lat' dir='ltr'><strong>sancti</strong></span> <span class='ocrx_word' id='word_1_556' title='bbox 631 4010 877 4082; x_wconf 90' lang='lat' dir='ltr'><strong>Spiritus</strong></span> <span class='ocrx_word' id='word_1_557' title='bbox 905 4008 1163 4063; x_wconf 89' lang='lat' dir='ltr'><strong>omnibus</strong></span> <span class='ocrx_word' id='word_1_558' title='bbox 1202 4012 1336 4062; x_wconf 90' lang='lat' dir='ltr'><strong>sunt</strong></span> <span class='ocrx_word' id='word_1_559' title='bbox 1360 4007 1624 4061; x_wconf 89' lang='lat' dir='ltr'><strong>revelata.</strong></span> <span class='ocrx_word' id='word_1_560' title='bbox 1673 4006 1818 4059; x_wconf 87' lang='lat' dir='ltr'><strong>Nam</strong></span> <span class='ocrx_word' id='word_1_561' title='bbox 1849 4005 1910 4059; x_wconf 91' lang='lat' dir='ltr'><strong>in</strong></span> <span class='ocrx_word' id='word_1_562' title='bbox 1939 4021 2006 4058; x_wconf 93' lang='lat' dir='ltr'><strong>eo</strong></span> 
     </span>
    </p>
   </div>
   <div class='ocr_carea' id='block_1_60' title="bbox 415 4093 2007 4170">
    <p class='ocr_par' dir='ltr' id='par_1_60' title="bbox 415 4093 2007 4170">
     <span class='ocr_line' id='line_1_60' title="bbox 415 4093 2007 4170; baseline -0.004 -16"><span class='ocrx_word' id='word_1_563' title='bbox 415 4099 564 4170; x_wconf 89' lang='lat' dir='ltr'><strong>quod</strong></span> <span class='ocrx_word' id='word_1_564' title='bbox 583 4098 738 4153; x_wconf 85' lang='lat' dir='ltr'><strong>nasci</strong></span> <span class='ocrx_word' id='word_1_565' title='bbox 753 4097 1060 4153; x_wconf 91' lang='lat' dir='ltr'><strong>secundum</strong></span> <span class='ocrx_word' id='word_1_566' title='bbox 1072 4111 1297 4150; x_wconf 91' lang='lat' dir='ltr'><strong>carnem</strong></span> <span class='ocrx_word' id='word_1_567' title='bbox 1307 4094 1499 4160; x_wconf 90' lang='lat' dir='ltr'><strong>voluit,</strong></span> <span class='ocrx_word' id='word_1_568' title='bbox 1519 4094 1654 4165; x_wconf 91' lang='lat' dir='ltr'><strong>quid</strong></span> <span class='ocrx_word' id='word_1_569' title='bbox 1667 4093 1820 4147; x_wconf 90' lang='lat' dir='ltr'><strong>aliud</strong></span> <span class='ocrx_word' id='word_1_570' title='bbox 1837 4109 2007 4164; x_wconf 87' lang='lat' dir='ltr'><strong>quam</strong></span> 
     </span>
    </p>
   </div>
   <div class='ocr_carea' id='block_1_61' title="bbox 416 4182 2008 4257">
    <p class='ocr_par' dir='ltr' id='par_1_61' title="bbox 416 4182 2008 4257">
     <span class='ocr_line' id='line_1_61' title="bbox 416 4182 2008 4257; baseline -0.003 -16"><span class='ocrx_word' id='word_1_571' title='bbox 416 4185 697 4257; x_wconf 84' lang='lat' dir='ltr'><strong>sapientia</strong></span> <span class='ocrx_word' id='word_1_572' title='bbox 721 4185 823 4240; x_wconf 93' lang='lat' dir='ltr'><strong>Dei</strong></span> <span class='ocrx_word' id='word_1_573' title='bbox 844 4184 1027 4239; x_wconf 87' lang='lat' dir='ltr'><strong>Patris</strong></span> <span class='ocrx_word' id='word_1_574' title='bbox 1055 4189 1189 4238; x_wconf 91' lang='lat' dir='ltr'><strong>tunc</strong></span> <span class='ocrx_word' id='word_1_575' title='bbox 1213 4183 1459 4254; x_wconf 90' lang='lat' dir='ltr'><strong>primum</strong></span> <span class='ocrx_word' id='word_1_576' title='bbox 1488 4182 1547 4237; x_wconf 92' lang='lat' dir='ltr'><strong>in</strong></span> <span class='ocrx_word' id='word_1_577' title='bbox 1566 4182 1735 4237; x_wconf 88' lang='lat' dir='ltr'><strong>terris</strong></span> <span class='ocrx_word' id='word_1_578' title='bbox 1762 4199 1822 4237; x_wconf 90' lang='lat' dir='ltr'><strong>se</strong></span> <span class='ocrx_word' id='word_1_579' title='bbox 1850 4182 2008 4236; x_wconf 87' lang='lat' dir='ltr'><strong>inno-</strong></span> 
     </span>
    </p>
   </div>
   <div class='ocr_carea' id='block_1_62' title="bbox 414 4270 2006 4343">
    <p class='ocr_par' dir='ltr' id='par_1_62' title="bbox 414 4270 2006 4343">
     <span class='ocr_line' id='line_1_62' title="bbox 414 4270 2006 4343; baseline -0.002 -15"><span class='ocrx_word' id='word_1_580' title='bbox 414 4274 529 4329; x_wconf 89' lang='lat' dir='ltr'><strong>tuit</strong></span> <span class='ocrx_word' id='word_1_581' title='bbox 550 4273 575 4327; x_wconf 80' lang='lat' dir='ltr'><strong>&#39;l</strong></span> <span class='ocrx_word' id='word_1_582' title='bbox 596 4274 781 4328; x_wconf 86' lang='lat' dir='ltr'><strong>Antea</strong></span> <span class='ocrx_word' id='word_1_583' title='bbox 829 4288 959 4327; x_wconf 85' lang='lat' dir='ltr'><strong>vero</strong></span> <span class='ocrx_word' id='word_1_584' title='bbox 979 4287 1202 4343; x_wconf 88' lang='lat' dir='ltr'><strong>semper</strong></span> <span class='ocrx_word' id='word_1_585' title='bbox 1236 4271 1595 4326; x_wconf 86' lang='lat' dir='ltr'><strong>absconditus</strong></span> <span class='ocrx_word' id='word_1_586' title='bbox 1623 4270 1745 4338; x_wconf 83' lang='lat' dir='ltr'><strong>fuit,</strong></span> <span class='ocrx_word' id='word_1_587' title='bbox 1781 4271 1851 4325; x_wconf 92' lang='lat' dir='ltr'><strong>de</strong></span> <span class='ocrx_word' id='word_1_588' title='bbox 1896 4287 2006 4342; x_wconf 92' lang='lat' dir='ltr'><strong>quo</strong></span> 
     </span>
    </p>
   </div>
   <div class='ocr_carea' id='block_1_63' title="bbox 413 4360 2007 4435">
    <p class='ocr_par' dir='ltr' id='par_1_63' title="bbox 413 4360 2007 4435">
     <span class='ocr_line' id='line_1_63' title="bbox 413 4360 2007 4435; baseline -0.001 -19"><span class='ocrx_word' id='word_1_589' title='bbox 413 4361 695 4435; x_wconf 89' lang='lat' dir='ltr'><strong>propheta</strong></span> <span class='ocrx_word' id='word_1_590' title='bbox 713 4360 884 4415; x_wconf 90' lang='lat' dir='ltr'><strong>dicit:</strong></span> <span class='ocrx_word' id='word_1_591' title='bbox 925 4361 1006 4415; x_wconf 90' lang='lat' dir='ltr'><strong>Tu</strong></span> <span class='ocrx_word' id='word_1_592' title='bbox 1027 4377 1077 4414; x_wconf 90' lang='lat' dir='ltr'><strong>es</strong></span> <span class='ocrx_word' id='word_1_593' title='bbox 1100 4362 1241 4415; x_wconf 86' lang='lat' dir='ltr'><strong>Deus</strong></span> <span class='ocrx_word' id='word_1_594' title='bbox 1266 4362 1631 4425; x_wconf 83' lang='lat' dir='ltr'><strong>absconditus,</strong></span> <span class='ocrx_word' id='word_1_595' title='bbox 1665 4364 1714 4413; x_wconf 87' lang='lat' dir='ltr'><strong>et</strong></span> <span class='ocrx_word' id='word_1_596' title='bbox 1742 4362 2007 4414; x_wconf 86' lang='lat' dir='ltr'><strong>nescieba-</strong></span> 
     </span>
    </p>
   </div>
   <div class='ocr_carea' id='block_1_64' title="bbox 2094 3382 3684 3456">
    <p class='ocr_par' dir='ltr' id='par_1_64' title="bbox 2094 3382 3684 3456">
     <span class='ocr_line' id='line_1_64' title="bbox 2094 3382 3684 3456; baseline -0.001 -16"><span class='ocrx_word' id='word_1_597' title='bbox 2094 3386 2164 3441; x_wconf 90' lang='lat' dir='ltr'><strong>ab</strong></span> <span class='ocrx_word' id='word_1_598' title='bbox 2193 3385 2385 3440; x_wconf 76' lang='lat' dir='ltr'><strong>inferis</strong></span> <span class='ocrx_word' id='word_1_599' title='bbox 2421 3400 2738 3456; x_wconf 86' lang='lat' dir='ltr'><strong>resurgens,</strong></span> <span class='ocrx_word' id='word_1_600' title='bbox 2772 3389 2831 3439; x_wconf 90' lang='lat' dir='ltr'><strong>et</strong></span> <span class='ocrx_word' id='word_1_601' title='bbox 2855 3401 3011 3455; x_wconf 92' lang='lat' dir='ltr'><strong>spem</strong></span> <span class='ocrx_word' id='word_1_602' title='bbox 3042 3382 3200 3438; x_wconf 88' lang='lat' dir='ltr'><strong>nobis</strong></span> <span class='ocrx_word' id='word_1_603' title='bbox 3228 3384 3557 3455; x_wconf 88' lang='lat' dir='ltr'><strong>resurgendi</strong></span> <span class='ocrx_word' id='word_1_604' title='bbox 3589 3402 3684 3440; x_wconf 91' lang='lat' dir='ltr'><strong>so-</strong></span> 
     </span>
    </p>
   </div>
   <div class='ocr_carea' id='block_1_65' title="bbox 2088 3472 3682 3545">
    <p class='ocr_par' dir='ltr' id='par_1_65' title="bbox 2088 3472 3682 3545">
     <span class='ocr_line' id='line_1_65' title="bbox 2088 3472 3682 3545; baseline -0.001 -15"><span class='ocrx_word' id='word_1_605' title='bbox 2088 3474 2257 3530; x_wconf 91' lang='lat' dir='ltr'><strong>lidius</strong></span> <span class='ocrx_word' id='word_1_606' title='bbox 2285 3473 2636 3528; x_wconf 84' lang='lat' dir='ltr'><strong>conﬂrmavit</strong></span> <span class='ocrx_word' id='word_1_607' title='bbox 2668 3489 2683 3541; x_wconf 92' lang='lat'><strong>;</strong></span> <span class='ocrx_word' id='word_1_608' title='bbox 2712 3489 2813 3544; x_wconf 90' lang='lat' dir='ltr'><strong>pro</strong></span> <span class='ocrx_word' id='word_1_609' title='bbox 2843 3489 2954 3544; x_wconf 90' lang='lat' dir='ltr'><strong>quo</strong></span> <span class='ocrx_word' id='word_1_610' title='bbox 2980 3472 3280 3545; x_wconf 86' lang='lat' dir='ltr'><strong>Apostolus</strong></span> <span class='ocrx_word' id='word_1_611' title='bbox 3324 3472 3524 3528; x_wconf 89' lang='lat' dir='ltr'><strong>dilecto</strong></span> <span class='ocrx_word' id='word_1_612' title='bbox 3564 3473 3682 3528; x_wconf 82' lang='lat' dir='ltr'><strong>ﬁlio</strong></span> 
     </span>
    </p>
   </div>
   <div class='ocr_carea' id='block_1_66' title="bbox 2088 3562 3684 3619">
    <p class='ocr_par' dir='ltr' id='par_1_66' title="bbox 2088 3562 3684 3619">
     <span class='ocr_line' id='line_1_66' title="bbox 2088 3562 3684 3619; baseline -0.003 1"><span class='ocrx_word' id='word_1_613' title='bbox 2088 3580 2324 3619; x_wconf 89' lang='lat' dir='ltr'><strong>monens</strong></span> <span class='ocrx_word' id='word_1_614' title='bbox 2353 3563 2433 3617; x_wconf 89' lang='lat' dir='ltr'><strong>ait</strong></span> <span class='ocrx_word' id='word_1_615' title='bbox 2455 3580 2467 3615; x_wconf 89' lang='lat'><strong>:</strong></span> <span class='ocrx_word' id='word_1_616' title='bbox 2490 3563 2754 3616; x_wconf 81' lang='lat' dir='ltr'><strong>Memento</strong></span> <span class='ocrx_word' id='word_1_617' title='bbox 2767 3564 2954 3616; x_wconf 87' lang='lat' dir='ltr'><strong>Jesum</strong></span> <span class='ocrx_word' id='word_1_618' title='bbox 2967 3562 3249 3617; x_wconf 77' lang='lat' dir='ltr'><strong>Christum</strong></span> <span class='ocrx_word' id='word_1_619' title='bbox 3276 3578 3313 3616; x_wconf 91' lang='lat' dir='ltr'><strong>a</strong></span> <span class='ocrx_word' id='word_1_620' title='bbox 3341 3564 3581 3617; x_wconf 87' lang='lat' dir='ltr'><strong>mortuis</strong></span> <span class='ocrx_word' id='word_1_621' title='bbox 3597 3577 3684 3616; x_wconf 87' lang='lat' dir='ltr'><strong>re-</strong></span> 
     </span>
    </p>
   </div>
   <div class='ocr_carea' id='block_1_67' title="bbox 2087 3651 3682 3720">
    <p class='ocr_par' dir='ltr' id='par_1_67' title="bbox 2087 3651 3682 3720">
     <span class='ocr_line' id='line_1_67' title="bbox 2087 3651 3682 3720; baseline -0.003 -12"><span class='ocrx_word' id='word_1_622' title='bbox 2087 3654 2389 3708; x_wconf 67' lang='lat' dir='ltr'><strong>surrexisse</strong></span> <span class='ocrx_word' id='word_1_623' title='bbox 2416 3668 2480 3706; x_wconf 76' lang='lat' dir='ltr'><strong>ea:</strong></span> <span class='ocrx_word' id='word_1_624' title='bbox 2504 3653 2711 3705; x_wconf 87' lang='lat' dir='ltr'><strong>semine</strong></span> <span class='ocrx_word' id='word_1_625' title='bbox 2738 3652 2935 3717; x_wconf 82' lang='lat' dir='ltr'><strong>David,</strong></span> <span class='ocrx_word' id='word_1_626' title='bbox 2965 3652 3268 3705; x_wconf 86' lang='lat' dir='ltr'><strong>secundum</strong></span> <span class='ocrx_word' id='word_1_627' title='bbox 3315 3651 3682 3720; x_wconf 81' lang='lat' dir='ltr'><strong>Evangelium</strong></span> 
     </span>
    </p>
   </div>
   <div class='ocr_carea' id='block_1_68' title="bbox 2088 3738 3684 3813">
    <p class='ocr_par' dir='ltr' id='par_1_68' title="bbox 2088 3738 3684 3813">
     <span class='ocr_line' id='line_1_68' title="bbox 2088 3738 3684 3813; baseline -0.001 -16"><span class='ocrx_word' id='word_1_628' title='bbox 2088 3757 2273 3797; x_wconf 88' lang='lat' dir='ltr'><strong>meum</strong></span> <span class='ocrx_word' id='word_1_629' title='bbox 2303 3740 2381 3813; x_wconf 88' lang='lat' dir='ltr'><strong>(II</strong></span> <span class='ocrx_word' id='word_1_630' title='bbox 2411 3743 2552 3795; x_wconf 88' lang='lat' dir='ltr'><strong>Tim.</strong></span> <span class='ocrx_word' id='word_1_631' title='bbox 2588 3754 2648 3807; x_wconf 82' lang='grc' dir='ltr'><strong>ιι,</strong></span> <span class='ocrx_word' id='word_1_632' title='bbox 2675 3738 2750 3807; x_wconf 93' lang='lat'><strong>8).</strong></span> <span class='ocrx_word' id='word_1_633' title='bbox 2782 3738 3233 3810; x_wconf 86' lang='lat' dir='ltr'><strong>Magnumigitur</strong></span> <span class='ocrx_word' id='word_1_634' title='bbox 3246 3739 3485 3794; x_wconf 91' lang='lat' dir='ltr'><strong>estscire</strong></span> <span class='ocrx_word' id='word_1_635' title='bbox 3500 3755 3684 3795; x_wconf 89' lang='lat' dir='ltr'><strong>sacra-</strong></span> 
     </span>
    </p>
   </div>
   <div class='ocr_carea' id='block_1_69' title="bbox 2088 3827 3683 3897">
    <p class='ocr_par' dir='ltr' id='par_1_69' title="bbox 2088 3827 3683 3897">
     <span class='ocr_line' id='line_1_69' title="bbox 2088 3827 3683 3897; baseline -0.003 -11"><span class='ocrx_word' id='word_1_636' title='bbox 2088 3836 2345 3886; x_wconf 86' lang='lat' dir='ltr'><strong>mentum</strong></span> <span class='ocrx_word' id='word_1_637' title='bbox 2366 3827 2808 3895; x_wconf 88' lang='lat' dir='ltr'><strong>resurrectionis,</strong></span> <span class='ocrx_word' id='word_1_638' title='bbox 2834 3828 2894 3881; x_wconf 91' lang='lat' dir='ltr'><strong>in</strong></span> <span class='ocrx_word' id='word_1_639' title='bbox 2914 3843 3029 3897; x_wconf 89' lang='lat' dir='ltr'><strong>qua</strong></span> <span class='ocrx_word' id='word_1_640' title='bbox 3046 3827 3256 3882; x_wconf 86' lang='lat' dir='ltr'><strong>Christi</strong></span> <span class='ocrx_word' id='word_1_641' title='bbox 3286 3828 3346 3882; x_wconf 91' lang='lat' dir='ltr'><strong>in</strong></span> <span class='ocrx_word' id='word_1_642' title='bbox 3362 3827 3527 3884; x_wconf 88' lang='lat' dir='ltr'><strong>nobis</strong></span> <span class='ocrx_word' id='word_1_643' title='bbox 3553 3828 3683 3883; x_wconf 85' lang='lat' dir='ltr'><strong>cha-</strong></span> 
     </span>
    </p>
   </div>
   <div class='ocr_carea' id='block_1_70' title="bbox 2088 3915 3680 3988">
    <p class='ocr_par' dir='ltr' id='par_1_70' title="bbox 2088 3915 3680 3988">
     <span class='ocr_line' id='line_1_70' title="bbox 2088 3915 3680 3988; baseline -0.001 -14"><span class='ocrx_word' id='word_1_644' title='bbox 2088 3920 2226 3974; x_wconf 89' lang='lat' dir='ltr'><strong>ritas</strong></span> <span class='ocrx_word' id='word_1_645' title='bbox 2254 3918 2639 3972; x_wconf 77' lang='lat' dir='ltr'><strong>confirmatur.</strong></span> <span class='ocrx_word' id='word_1_646' title='bbox 2680 3915 2841 3971; x_wconf 92' lang='lat' dir='ltr'><strong>Unde</strong></span> <span class='ocrx_word' id='word_1_647' title='bbox 2870 3915 3020 3970; x_wconf 91' lang='lat' dir='ltr'><strong>idem</strong></span> <span class='ocrx_word' id='word_1_648' title='bbox 3048 3916 3350 3988; x_wconf 87' lang='lat' dir='ltr'><strong>Apostolus</strong></span> <span class='ocrx_word' id='word_1_649' title='bbox 3407 3917 3548 3972; x_wconf 90' lang='lat' dir='ltr'><strong>scire</strong></span> <span class='ocrx_word' id='word_1_650' title='bbox 3577 3932 3680 3972; x_wconf 88' lang='lat' dir='ltr'><strong>nos</strong></span> 
     </span>
    </p>
   </div>
   <div class='ocr_carea' id='block_1_71' title="bbox 2086 4004 3676 4077">
    <p class='ocr_par' dir='ltr' id='par_1_71' title="bbox 2086 4004 3676 4077">
     <span class='ocr_line' id='line_1_71' title="bbox 2086 4004 3676 4077; baseline -0.003 -14"><span class='ocrx_word' id='word_1_651' title='bbox 2086 4007 2372 4064; x_wconf 89' lang='lat' dir='ltr'><strong>desiderat</strong></span> <span class='ocrx_word' id='word_1_652' title='bbox 2380 4004 2893 4077; x_wconf 89' lang='lat' dir='ltr'><strong>supereminentem</strong></span> <span class='ocrx_word' id='word_1_653' title='bbox 2902 4004 3235 4059; x_wconf 87' lang='lat' dir='ltr'><strong>charitatem</strong></span> <span class='ocrx_word' id='word_1_654' title='bbox 3247 4005 3453 4060; x_wconf 90' lang='lat' dir='ltr'><strong>Christi</strong></span> <span class='ocrx_word' id='word_1_655' title='bbox 3467 4004 3676 4075; x_wconf 85' lang='lat' dir='ltr'><strong>(Ephes.</strong></span> 
     </span>
    </p>
   </div>
   <div class='ocr_carea' id='block_1_72' title="bbox 2086 4093 3681 4166">
    <p class='ocr_par' dir='ltr' id='par_1_72' title="bbox 2086 4093 3681 4166">
     <span class='ocr_line' id='line_1_72' title="bbox 2086 4093 3681 4166; baseline -0.001 -16"><span class='ocrx_word' id='word_1_656' title='bbox 2086 4111 2168 4163; x_wconf 79' lang='lat' dir='ltr'><strong>n1,</strong></span> <span class='ocrx_word' id='word_1_657' title='bbox 2188 4093 2300 4166; x_wconf 83' lang='lat'><strong>‘19).</strong></span> <span class='ocrx_word' id='word_1_658' title='bbox 2321 4096 2464 4166; x_wconf 89' lang='lat' dir='ltr'><strong>Ergo</strong></span> <span class='ocrx_word' id='word_1_659' title='bbox 2485 4098 2543 4149; x_wconf 94' lang='lat' dir='ltr'><strong>et</strong></span> <span class='ocrx_word' id='word_1_660' title='bbox 2559 4110 2686 4149; x_wconf 90' lang='lat' dir='ltr'><strong>cum</strong></span> <span class='ocrx_word' id='word_1_661' title='bbox 2703 4099 2920 4149; x_wconf 82' lang='lat' dir='ltr'><strong>sextum</strong></span> <span class='ocrx_word' id='word_1_662' title='bbox 2935 4093 3203 4165; x_wconf 89' lang='lat' dir='ltr'><strong>sigillum,</strong></span> <span class='ocrx_word' id='word_1_663' title='bbox 3221 4094 3480 4149; x_wconf 87' lang='lat' dir='ltr'><strong>videlicet</strong></span> <span class='ocrx_word' id='word_1_664' title='bbox 3489 4110 3681 4150; x_wconf 87' lang='lat' dir='ltr'><strong>ascen-</strong></span> 
     </span>
    </p>
   </div>
   <div class='ocr_carea' id='block_1_73' title="bbox 2087 4181 3683 4254">
    <p class='ocr_par' dir='ltr' id='par_1_73' title="bbox 2087 4181 3683 4254">
     <span class='ocr_line' id='line_1_73' title="bbox 2087 4181 3683 4254; baseline -0.001 -14"><span class='ocrx_word' id='word_1_665' title='bbox 2087 4185 2304 4240; x_wconf 88' lang='lat' dir='ltr'><strong>sionem</strong></span> <span class='ocrx_word' id='word_1_666' title='bbox 2333 4200 2514 4251; x_wconf 91' lang='lat' dir='ltr'><strong>suam,</strong></span> <span class='ocrx_word' id='word_1_667' title='bbox 2536 4182 2697 4237; x_wconf 89' lang='lat' dir='ltr'><strong>nobis</strong></span> <span class='ocrx_word' id='word_1_668' title='bbox 2716 4183 2777 4237; x_wconf 89' lang='lat' dir='ltr'><strong>in</strong></span> <span class='ocrx_word' id='word_1_669' title='bbox 2803 4199 2971 4238; x_wconf 90' lang='lat' dir='ltr'><strong>carne</strong></span> <span class='ocrx_word' id='word_1_670' title='bbox 2995 4182 3262 4248; x_wconf 84' lang='lat' dir='ltr'><strong>exhibuit,</strong></span> <span class='ocrx_word' id='word_1_671' title='bbox 3295 4181 3683 4254; x_wconf 83' lang='lat' dir='ltr'><strong>liquidojuxta</strong></span> 
     </span>
    </p>
   </div>
   <div class='ocr_carea' id='block_1_74' title="bbox 2097 4269 3680 4346">
    <p class='ocr_par' dir='ltr' id='par_1_74' title="bbox 2097 4269 3680 4346">
     <span class='ocr_line' id='line_1_74' title="bbox 2097 4269 3680 4346; baseline -0.001 -17"><span class='ocrx_word' id='word_1_672' title='bbox 2097 4274 2329 4346; x_wconf 88' lang='lat' dir='ltr'><strong>pietatis</strong></span> <span class='ocrx_word' id='word_1_673' title='bbox 2341 4290 2455 4329; x_wconf 79' lang='lat' dir='ltr'><strong>suae</strong></span> <span class='ocrx_word' id='word_1_674' title='bbox 2474 4271 2824 4344; x_wconf 86' lang='lat' dir='ltr'><strong>mysterium,</strong></span> <span class='ocrx_word' id='word_1_675' title='bbox 2848 4276 2983 4327; x_wconf 91' lang='lat' dir='ltr'><strong>tunc</strong></span> <span class='ocrx_word' id='word_1_676' title='bbox 3006 4272 3154 4326; x_wconf 88' lang='lat' dir='ltr'><strong>viam</strong></span> <span class='ocrx_word' id='word_1_677' title='bbox 3194 4269 3353 4325; x_wconf 92' lang='lat' dir='ltr'><strong>nobis</strong></span> <span class='ocrx_word' id='word_1_678' title='bbox 3391 4271 3680 4327; x_wconf 61' lang='lat' dir='ltr'><strong>caelestem</strong></span> 
     </span>
    </p>
   </div>
   <div class='ocr_carea' id='block_1_75' title="bbox 2088 4359 3681 4434">
    <p class='ocr_par' dir='ltr' id='par_1_75' title="bbox 2088 4359 3681 4434">
     <span class='ocr_line' id='line_1_75' title="bbox 2088 4359 3681 4434; baseline -0.001 -17"><span class='ocrx_word' id='word_1_679' title='bbox 2088 4361 2368 4434; x_wconf 88' lang='lat' dir='ltr'><strong>patefecit,</strong></span> <span class='ocrx_word' id='word_1_680' title='bbox 2385 4366 2444 4416; x_wconf 93' lang='lat' dir='ltr'><strong>et</strong></span> <span class='ocrx_word' id='word_1_681' title='bbox 2459 4377 2732 4431; x_wconf 89' lang='lat' dir='ltr'><strong>magnum</strong></span> <span class='ocrx_word' id='word_1_682' title='bbox 2765 4365 3177 4415; x_wconf 88' lang='lat' dir='ltr'><strong>sacramentum</strong></span> <span class='ocrx_word' id='word_1_683' title='bbox 3204 4359 3681 4415; x_wconf 87' lang='lat' dir='ltr'><strong>reconciliationis</strong></span> 
     </span>
    </p>
   </div>
   <div class='ocr_carea' id='block_1_76' title="bbox 412 4435 3681 4523">
    <p class='ocr_par' dir='ltr' id='par_1_76' title="bbox 412 4435 3681 4523">
     <span class='ocr_line' id='line_1_76' title="bbox 412 4435 3681 4523; baseline -0 -20"><span class='ocrx_word' id='word_1_684' title='bbox 412 4467 538 4504; x_wconf 89' lang='lat' dir='ltr'><strong>mus</strong></span> <span class='ocrx_word' id='word_1_685' title='bbox 578 4454 626 4503; x_wconf 89' lang='lat' dir='ltr'><strong>te</strong></span> <span class='ocrx_word' id='word_1_686' title='bbox 651 4450 786 4523; x_wconf 83' lang='lat' dir='ltr'><strong>(Isa.</strong></span> <span class='ocrx_word' id='word_1_687' title='bbox 820 4466 939 4515; x_wconf 82' lang='lat' dir='ltr'><strong>va,</strong></span> <span class='ocrx_word' id='word_1_688' title='bbox 969 4448 1079 4511; x_wconf 85' lang='grc'><strong>15).</strong></span> <span class='ocrx_word' id='word_1_689' title='bbox 1112 4449 1290 4515; x_wconf 91' lang='lat' dir='ltr'><strong>Unde,</strong></span> <span class='ocrx_word' id='word_1_690' title='bbox 1323 4465 1451 4504; x_wconf 92' lang='lat' dir='ltr'><strong>cum</strong></span> <span class='ocrx_word' id='word_1_691' title='bbox 1475 4466 1534 4504; x_wconf 92' lang='lat' dir='ltr'><strong>se</strong></span> <span class='ocrx_word' id='word_1_692' title='bbox 1562 4449 1840 4503; x_wconf 90' lang='lat' dir='ltr'><strong>nascendo</strong></span> <span class='ocrx_word' id='word_1_693' title='bbox 1879 4465 2004 4503; x_wconf 78' lang='lat' dir='ltr'><strong>ma-</strong></span> <span class='ocrx_word' id='word_1_694' title='bbox 2022 4435 2332 4507; x_wconf 83' lang='lat' dir='ltr'><strong>Dostendit</strong></span> <span class='ocrx_word' id='word_1_695' title='bbox 2351 4454 2460 4517; x_wconf 92' lang='lat' dir='ltr'><strong>:ut,</strong></span> <span class='ocrx_word' id='word_1_696' title='bbox 2477 4448 3194 4522; x_wconf 87' lang='lat' dir='ltr'><strong>quidigniinfraterrenum</strong></span> <span class='ocrx_word' id='word_1_697' title='bbox 3211 4447 3534 4519; x_wconf 88' lang='lat' dir='ltr'><strong>paradisum</strong></span> <span class='ocrx_word' id='word_1_698' title='bbox 3562 4453 3681 4515; x_wconf 73' lang='lat' dir='ltr'><strong>la</strong></span> 
     </span>
    </p>
   </div>
   <div class='ocr_carea' id='block_1_77' title="bbox 413 4537 2004 4610">
    <p class='ocr_par' dir='ltr' id='par_1_77' title="bbox 413 4537 2004 4610">
     <span class='ocr_line' id='line_1_77' title="bbox 413 4537 2004 4610; baseline -0.001 -17"><span class='ocrx_word' id='word_1_699' title='bbox 413 4538 671 4594; x_wconf 90' lang='lat' dir='ltr'><strong>nifestius</strong></span> <span class='ocrx_word' id='word_1_700' title='bbox 691 4539 900 4593; x_wconf 91' lang='lat' dir='ltr'><strong>mundo</strong></span> <span class='ocrx_word' id='word_1_701' title='bbox 919 4537 1153 4601; x_wconf 90' lang='lat' dir='ltr'><strong>infulsit,</strong></span> <span class='ocrx_word' id='word_1_702' title='bbox 1186 4537 1318 4609; x_wconf 90' lang='lat' dir='ltr'><strong>quid</strong></span> <span class='ocrx_word' id='word_1_703' title='bbox 1348 4537 1500 4593; x_wconf 89' lang='lat' dir='ltr'><strong>aliud</strong></span> <span class='ocrx_word' id='word_1_704' title='bbox 1528 4554 1695 4610; x_wconf 88' lang='lat' dir='ltr'><strong>quam</strong></span> <span class='ocrx_word' id='word_1_705' title='bbox 1724 4542 1859 4593; x_wconf 89' lang='lat' dir='ltr'><strong>tunc</strong></span> <span class='ocrx_word' id='word_1_706' title='bbox 1886 4538 2004 4610; x_wconf 89' lang='lat' dir='ltr'><strong>pri-</strong></span> 
     </span>
    </p>
   </div>
   <div class='ocr_carea' id='block_1_78' title="bbox 412 4626 2002 4698">
    <p class='ocr_par' dir='ltr' id='par_1_78' title="bbox 412 4626 2002 4698">
     <span class='ocr_line' id='line_1_78' title="bbox 412 4626 2002 4698; baseline -0.001 -14"><span class='ocrx_word' id='word_1_707' title='bbox 412 4644 571 4684; x_wconf 89' lang='lat' dir='ltr'><strong>mum</strong></span> <span class='ocrx_word' id='word_1_708' title='bbox 590 4628 837 4698; x_wconf 86' lang='lat' dir='ltr'><strong>sigillum</strong></span> <span class='ocrx_word' id='word_1_709' title='bbox 855 4626 1056 4682; x_wconf 83' lang='lat' dir='ltr'><strong>solvit?</strong></span> <span class='ocrx_word' id='word_1_710' title='bbox 1082 4627 1162 4681; x_wconf 91' lang='lat' dir='ltr'><strong>Ac</strong></span> <span class='ocrx_word' id='word_1_711' title='bbox 1182 4626 1413 4697; x_wconf 89' lang='lat' dir='ltr'><strong>perinde</strong></span> <span class='ocrx_word' id='word_1_712' title='bbox 1439 4628 1586 4698; x_wconf 92' lang='lat' dir='ltr'><strong>quod</strong></span> <span class='ocrx_word' id='word_1_713' title='bbox 1615 4627 1828 4682; x_wconf 90' lang='lat' dir='ltr'><strong>dudum</strong></span> <span class='ocrx_word' id='word_1_714' title='bbox 1842 4644 2002 4683; x_wconf 86' lang='lat' dir='ltr'><strong>mun-</strong></span> 
     </span>
    </p>
   </div>
   <div class='ocr_carea' id='block_1_79' title="bbox 412 4716 1997 4790">
    <p class='ocr_par' dir='ltr' id='par_1_79' title="bbox 412 4716 1997 4790">
     <span class='ocr_line' id='line_1_79' title="bbox 412 4716 1997 4790; baseline -0.002 -16"><span class='ocrx_word' id='word_1_715' title='bbox 412 4720 519 4774; x_wconf 90' lang='lat' dir='ltr'><strong>dus</strong></span> <span class='ocrx_word' id='word_1_716' title='bbox 548 4717 798 4785; x_wconf 90' lang='lat' dir='ltr'><strong>nescivit,</strong></span> <span class='ocrx_word' id='word_1_717' title='bbox 849 4717 1059 4771; x_wconf 90' lang='lat' dir='ltr'><strong>donum</strong></span> <span class='ocrx_word' id='word_1_718' title='bbox 1087 4716 1376 4788; x_wconf 69' lang='lat' dir='ltr'><strong>sapientiae</strong></span> <span class='ocrx_word' id='word_1_719' title='bbox 1405 4716 1681 4771; x_wconf 88' lang='lat' dir='ltr'><strong>credendo</strong></span> <span class='ocrx_word' id='word_1_720' title='bbox 1732 4717 1997 4790; x_wconf 89' lang='lat' dir='ltr'><strong>percepit.</strong></span> 
     </span>
    </p>
   </div>
   <div class='ocr_carea' id='block_1_80' title="bbox 412 4804 2005 4878">
    <p class='ocr_par' dir='ltr' id='par_1_80' title="bbox 412 4804 2005 4878">
     <span class='ocr_line' id='line_1_80' title="bbox 412 4804 2005 4878; baseline -0.002 -14"><span class='ocrx_word' id='word_1_721' title='bbox 412 4809 553 4864; x_wconf 89' lang='lat' dir='ltr'><strong>Cum</strong></span> <span class='ocrx_word' id='word_1_722' title='bbox 588 4812 776 4863; x_wconf 89' lang='lat' dir='ltr'><strong>autem</strong></span> <span class='ocrx_word' id='word_1_723' title='bbox 814 4811 1145 4878; x_wconf 73' lang='lat' dir='ltr'><strong>perventum</strong></span> <span class='ocrx_word' id='word_1_724' title='bbox 1175 4810 1262 4861; x_wconf 92' lang='lat' dir='ltr'><strong>est</strong></span> <span class='ocrx_word' id='word_1_725' title='bbox 1289 4806 1361 4860; x_wconf 88' lang='lat' dir='ltr'><strong>ad</strong></span> <span class='ocrx_word' id='word_1_726' title='bbox 1388 4804 1685 4877; x_wconf 79' lang='lat' dir='ltr'><strong>baptisma,</strong></span> <span class='ocrx_word' id='word_1_727' title='bbox 1719 4807 1879 4877; x_wconf 88' lang='lat' dir='ltr'><strong>quasi</strong></span> <span class='ocrx_word' id='word_1_728' title='bbox 1922 4823 2005 4861; x_wconf 91' lang='lat' dir='ltr'><strong>se-</strong></span> 
     </span>
    </p>
   </div>
   <div class='ocr_carea' id='block_1_81' title="bbox 415 4894 2005 4967">
    <p class='ocr_par' dir='ltr' id='par_1_81' title="bbox 415 4894 2005 4967">
     <span class='ocr_line' id='line_1_81' title="bbox 415 4894 2005 4967; baseline -0.001 -15"><span class='ocrx_word' id='word_1_729' title='bbox 415 4898 659 4952; x_wconf 90' lang='lat' dir='ltr'><strong>cundum</strong></span> <span class='ocrx_word' id='word_1_730' title='bbox 676 4896 872 4951; x_wconf 87' lang='lat' dir='ltr'><strong>salutis</strong></span> <span class='ocrx_word' id='word_1_731' title='bbox 896 4900 1101 4950; x_wconf 68' lang='lat' dir='ltr'><strong>nostrae</strong></span> <span class='ocrx_word' id='word_1_732' title='bbox 1119 4894 1362 4965; x_wconf 89' lang='lat' dir='ltr'><strong>sigillum</strong></span> <span class='ocrx_word' id='word_1_733' title='bbox 1388 4894 1587 4963; x_wconf 88' lang='lat' dir='ltr'><strong>solvit;</strong></span> <span class='ocrx_word' id='word_1_734' title='bbox 1619 4895 1677 4949; x_wconf 92' lang='lat' dir='ltr'><strong>in</strong></span> <span class='ocrx_word' id='word_1_735' title='bbox 1707 4912 1817 4967; x_wconf 92' lang='lat' dir='ltr'><strong>quo</strong></span> <span class='ocrx_word' id='word_1_736' title='bbox 1841 4894 2005 4951; x_wconf 89' lang='lat' dir='ltr'><strong>nobis</strong></span> 
     </span>
    </p>
   </div>
   <div class='ocr_carea' id='block_1_82' title="bbox 411 4983 2006 5057">
    <p class='ocr_par' dir='ltr' id='par_1_82' title="bbox 411 4983 2006 5057">
     <span class='ocr_line' id='line_1_82' title="bbox 411 4983 2006 5057; baseline -0.001 -16"><span class='ocrx_word' id='word_1_737' title='bbox 411 4986 673 5057; x_wconf 75' lang='lat' dir='ltr'><strong>spiritum</strong></span> <span class='ocrx_word' id='word_1_738' title='bbox 697 4984 1100 5056; x_wconf 66' lang='lat' dir='ltr'><strong>intelligentiae,</strong></span> <span class='ocrx_word' id='word_1_739' title='bbox 1131 4983 1304 5039; x_wconf 68' lang='lat' dir='ltr'><strong>caelos</strong></span> <span class='ocrx_word' id='word_1_740' title='bbox 1344 4985 1664 5051; x_wconf 85' lang='lat' dir='ltr'><strong>reserando,</strong></span> <span class='ocrx_word' id='word_1_741' title='bbox 1706 4985 2006 5056; x_wconf 88' lang='lat' dir='ltr'><strong>dignanter</strong></span> 
     </span>
    </p>
   </div>
   <div class='ocr_carea' id='block_1_83' title="bbox 410 5072 2002 5146">
    <p class='ocr_par' dir='ltr' id='par_1_83' title="bbox 410 5072 2002 5146">
     <span class='ocr_line' id='line_1_83' title="bbox 410 5072 2002 5146; baseline -0.001 -17"><span class='ocrx_word' id='word_1_742' title='bbox 410 5075 689 5146; x_wconf 85' lang='lat' dir='ltr'><strong>patefecit.</strong></span> <span class='ocrx_word' id='word_1_743' title='bbox 712 5074 856 5138; x_wconf 87' lang='lat' dir='ltr'><strong>Quia</strong></span> <span class='ocrx_word' id='word_1_744' title='bbox 877 5073 1215 5128; x_wconf 87' lang='lat' dir='ltr'><strong>altissimum</strong></span> <span class='ocrx_word' id='word_1_745' title='bbox 1244 5077 1330 5128; x_wconf 86' lang='lat' dir='ltr'><strong>est</strong></span> <span class='ocrx_word' id='word_1_746' title='bbox 1356 5072 1671 5144; x_wconf 90' lang='lat' dir='ltr'><strong>intelligere</strong></span> <span class='ocrx_word' id='word_1_747' title='bbox 1699 5074 1848 5145; x_wconf 91' lang='lat' dir='ltr'><strong>quod</strong></span> <span class='ocrx_word' id='word_1_748' title='bbox 1892 5073 2002 5128; x_wconf 90' lang='lat' dir='ltr'><strong>fui-</strong></span> 
     </span>
    </p>
   </div>
   <div class='ocr_carea' id='block_1_84' title="bbox 410 5161 2001 5234">
    <p class='ocr_par' dir='ltr' id='par_1_84' title="bbox 410 5161 2001 5234">
     <span class='ocr_line' id='line_1_84' title="bbox 410 5161 2001 5234; baseline 0 -15"><span class='ocrx_word' id='word_1_749' title='bbox 410 5180 558 5230; x_wconf 89' lang='lat' dir='ltr'><strong>mus,</strong></span> <span class='ocrx_word' id='word_1_750' title='bbox 581 5168 638 5219; x_wconf 91' lang='lat' dir='ltr'><strong>et</strong></span> <span class='ocrx_word' id='word_1_751' title='bbox 657 5163 822 5218; x_wconf 90' lang='lat' dir='ltr'><strong>modo</strong></span> <span class='ocrx_word' id='word_1_752' title='bbox 847 5162 1034 5234; x_wconf 87' lang='lat' dir='ltr'><strong>gratia</strong></span> <span class='ocrx_word' id='word_1_753' title='bbox 1051 5161 1442 5233; x_wconf 89' lang='lat' dir='ltr'><strong>Redemptoris</strong></span> <span class='ocrx_word' id='word_1_754' title='bbox 1465 5161 1614 5232; x_wconf 91' lang='lat' dir='ltr'><strong>quod</strong></span> <span class='ocrx_word' id='word_1_755' title='bbox 1628 5161 1759 5217; x_wconf 89' lang='lat' dir='ltr'><strong>facti</strong></span> <span class='ocrx_word' id='word_1_756' title='bbox 1783 5178 2001 5219; x_wconf 87' lang='lat' dir='ltr'><strong>sumus.</strong></span> 
     </span>
    </p>
   </div>
   <div class='ocr_carea' id='block_1_85' title="bbox 409 5250 2000 5323">
    <p class='ocr_par' dir='ltr' id='par_1_85' title="bbox 409 5250 2000 5323">
     <span class='ocr_line' id='line_1_85' title="bbox 409 5250 2000 5323; baseline -0.002 -15"><span class='ocrx_word' id='word_1_757' title='bbox 409 5253 639 5308; x_wconf 88' lang='lat' dir='ltr'><strong>Necnon</strong></span> <span class='ocrx_word' id='word_1_758' title='bbox 662 5257 721 5307; x_wconf 91' lang='lat' dir='ltr'><strong>et</strong></span> <span class='ocrx_word' id='word_1_759' title='bbox 744 5252 902 5319; x_wconf 91' lang='lat' dir='ltr'><strong>illud,</strong></span> <span class='ocrx_word' id='word_1_760' title='bbox 935 5250 1085 5323; x_wconf 92' lang='lat' dir='ltr'><strong>quod</strong></span> <span class='ocrx_word' id='word_1_761' title='bbox 1106 5267 1210 5305; x_wconf 87' lang='lat' dir='ltr'><strong>vox</strong></span> <span class='ocrx_word' id='word_1_762' title='bbox 1236 5250 1422 5305; x_wconf 88' lang='lat' dir='ltr'><strong>Patris</strong></span> <span class='ocrx_word' id='word_1_763' title='bbox 1468 5250 1876 5305; x_wconf 90' lang='lat' dir='ltr'><strong>manifestando</strong></span> <span class='ocrx_word' id='word_1_764' title='bbox 1907 5251 2000 5305; x_wconf 89' lang='lat' dir='ltr'><strong>Fi-</strong></span> 
     </span>
    </p>
   </div>
   <div class='ocr_carea' id='block_1_86' title="bbox 409 5340 2002 5412">
    <p class='ocr_par' dir='ltr' id='par_1_86' title="bbox 409 5340 2002 5412">
     <span class='ocr_line' id='line_1_86' title="bbox 409 5340 2002 5412; baseline -0.001 -16"><span class='ocrx_word' id='word_1_765' title='bbox 409 5341 552 5396; x_wconf 89' lang='lat' dir='ltr'><strong>lium</strong></span> <span class='ocrx_word' id='word_1_766' title='bbox 563 5341 632 5395; x_wconf 91' lang='lat' dir='ltr'><strong>de</strong></span> <span class='ocrx_word' id='word_1_767' title='bbox 646 5357 815 5412; x_wconf 87' lang='lat' dir='ltr'><strong>super</strong></span> <span class='ocrx_word' id='word_1_768' title='bbox 828 5340 1075 5395; x_wconf 91' lang='lat' dir='ltr'><strong>intonuit</strong></span> <span class='ocrx_word' id='word_1_769' title='bbox 1090 5358 1101 5392; x_wconf 91' lang='lat'>:</span> <span class='ocrx_word' id='word_1_770' title='bbox 1118 5341 1259 5408; x_wconf 78' lang='lat' dir='ltr'><strong>Quia</strong></span> <span class='ocrx_word' id='word_1_771' title='bbox 1278 5340 1369 5394; x_wconf 85' lang='lat' dir='ltr'><strong>hic</strong></span> <span class='ocrx_word' id='word_1_772' title='bbox 1378 5344 1455 5393; x_wconf 89' lang='lat' dir='ltr'><strong>est</strong></span> <span class='ocrx_word' id='word_1_773' title='bbox 1474 5340 1649 5395; x_wconf 81' lang='lat' dir='ltr'><strong>Filius</strong></span> <span class='ocrx_word' id='word_1_774' title='bbox 1666 5356 1818 5394; x_wconf 87' lang='lat' dir='ltr'><strong>meus</strong></span> <span class='ocrx_word' id='word_1_775' title='bbox 1842 5341 2002 5395; x_wconf 85' lang='lat' dir='ltr'><strong>dilec-</strong></span> 
     </span>
    </p>
   </div>
   <div class='ocr_carea' id='block_1_87' title="bbox 412 5429 1997 5499">
    <p class='ocr_par' dir='ltr' id='par_1_87' title="bbox 412 5429 1997 5499">
     <span class='ocr_line' id='line_1_87' title="bbox 412 5429 1997 5499; baseline -0.003 -13"><span class='ocrx_word' id='word_1_776' title='bbox 412 5437 519 5496; x_wconf 84' lang='lat' dir='ltr'><strong>tus,</strong></span> <span class='ocrx_word' id='word_1_777' title='bbox 534 5432 599 5484; x_wconf 89' lang='lat' dir='ltr'><strong>in</strong></span> <span class='ocrx_word' id='word_1_778' title='bbox 610 5446 715 5499; x_wconf 90' lang='lat' dir='ltr'><strong>quo</strong></span> <span class='ocrx_word' id='word_1_779' title='bbox 734 5430 878 5483; x_wconf 87' lang='lat' dir='ltr'><strong>mihi</strong></span> <span class='ocrx_word' id='word_1_780' title='bbox 908 5436 946 5494; x_wconf 86' lang='grc' dir='ltr'>ι</span> <span class='ocrx_word' id='word_1_781' title='bbox 960 5433 1020 5492; x_wconf 59' lang='grc' dir='ltr'>π</span> <span class='ocrx_word' id='word_1_782' title='bbox 1037 5430 1346 5496; x_wconf 85' lang='lat' dir='ltr'><strong>complacui</strong></span> <span class='ocrx_word' id='word_1_783' title='bbox 1359 5447 1374 5482; x_wconf 93' lang='lat'><em>:</em></span> <span class='ocrx_word' id='word_1_784' title='bbox 1388 5430 1569 5497; x_wconf 84' lang='lat' dir='ltr'><strong>ipsum</strong></span> <span class='ocrx_word' id='word_1_785' title='bbox 1582 5429 1770 5482; x_wconf 89' lang='lat' dir='ltr'><strong>audite</strong></span> <span class='ocrx_word' id='word_1_786' title='bbox 1780 5429 1997 5493; x_wconf 78' lang='lat' dir='ltr'><strong>(Matth.</strong></span> 
     </span>
    </p>
   </div>
   <div class='ocr_carea' id='block_1_88' title="bbox 410 5513 2001 5587">
    <p class='ocr_par' dir='ltr' id='par_1_88' title="bbox 410 5513 2001 5587">
     <span class='ocr_line' id='line_1_88' title="bbox 410 5513 2001 5587; baseline -0.002 -14"><span class='ocrx_word' id='word_1_787' title='bbox 410 5533 489 5585; x_wconf 82' lang='lat' dir='ltr'><strong>In,</strong></span> <span class='ocrx_word' id='word_1_788' title='bbox 522 5516 606 5583; x_wconf 85' lang='lat' dir='ltr'><strong>l7,</strong></span> <span class='ocrx_word' id='word_1_789' title='bbox 637 5521 695 5571; x_wconf 92' lang='lat' dir='ltr'><strong>et</strong></span> <span class='ocrx_word' id='word_1_790' title='bbox 713 5529 867 5582; x_wconf 84' lang='lat' dir='ltr'><strong>xvm,</strong></span> <span class='ocrx_word' id='word_1_791' title='bbox 895 5515 973 5585; x_wconf 88' lang='lat'><strong>5).</strong></span> <span class='ocrx_word' id='word_1_792' title='bbox 995 5514 1103 5571; x_wconf 90' lang='lat' dir='ltr'><strong>Sed</strong></span> <span class='ocrx_word' id='word_1_793' title='bbox 1132 5519 1192 5569; x_wconf 92' lang='lat' dir='ltr'><strong>et</strong></span> <span class='ocrx_word' id='word_1_794' title='bbox 1219 5513 1461 5586; x_wconf 89' lang='lat' dir='ltr'><strong>Spiritus</strong></span> <span class='ocrx_word' id='word_1_795' title='bbox 1489 5519 1715 5569; x_wconf 87' lang='lat' dir='ltr'><strong>sanctus</strong></span> <span class='ocrx_word' id='word_1_796' title='bbox 1745 5515 1805 5570; x_wconf 91' lang='lat' dir='ltr'><strong>in</strong></span> <span class='ocrx_word' id='word_1_797' title='bbox 1818 5516 2001 5587; x_wconf 90' lang='lat' dir='ltr'><strong>specie</strong></span> 
     </span>
    </p>
   </div>
   <div class='ocr_carea' id='block_1_89' title="bbox 411 5602 2002 5676">
    <p class='ocr_par' dir='ltr' id='par_1_89' title="bbox 411 5602 2002 5676">
     <span class='ocr_line' id='line_1_89' title="bbox 411 5602 2002 5676; baseline -0.001 -14"><span class='ocrx_word' id='word_1_798' title='bbox 411 5604 699 5674; x_wconf 70' lang='lat' dir='ltr'><strong>columbae,</strong></span> <span class='ocrx_word' id='word_1_799' title='bbox 722 5604 862 5660; x_wconf 92' lang='lat' dir='ltr'><strong>inibi</strong></span> <span class='ocrx_word' id='word_1_800' title='bbox 896 5604 1065 5676; x_wconf 91' lang='lat' dir='ltr'><strong>(quod</strong></span> <span class='ocrx_word' id='word_1_801' title='bbox 1094 5602 1347 5658; x_wconf 89' lang='lat' dir='ltr'><strong>nondum</strong></span> <span class='ocrx_word' id='word_1_802' title='bbox 1391 5608 1584 5675; x_wconf 85' lang='lat' dir='ltr'><strong>aperte</strong></span> <span class='ocrx_word' id='word_1_803' title='bbox 1635 5604 2002 5675; x_wconf 70' lang='lat' dir='ltr'><strong>praedicatum</strong></span> 
     </span>
    </p>
   </div>
   <div class='ocr_carea' id='block_1_90' title="bbox 2085 4536 3680 4609">
    <p class='ocr_par' dir='ltr' id='par_1_90' title="bbox 2085 4536 3680 4609">
     <span class='ocr_line' id='line_1_90' title="bbox 2085 4536 3680 4609; baseline -0.003 -13"><span class='ocrx_word' id='word_1_804' title='bbox 2085 4557 2199 4596; x_wconf 92' lang='lat' dir='ltr'><strong>non</strong></span> <span class='ocrx_word' id='word_1_805' title='bbox 2222 4540 2432 4595; x_wconf 90' lang='lat' dir='ltr'><strong>fuimus</strong></span> <span class='ocrx_word' id='word_1_806' title='bbox 2458 4538 2670 4594; x_wconf 88' lang='lat' dir='ltr'><strong>diutius</strong></span> <span class='ocrx_word' id='word_1_807' title='bbox 2686 4553 3037 4609; x_wconf 88' lang='lat' dir='ltr'><strong>permanere,</strong></span> <span class='ocrx_word' id='word_1_808' title='bbox 3059 4536 3205 4592; x_wconf 90' lang='lat' dir='ltr'><strong>uniti</strong></span> <span class='ocrx_word' id='word_1_809' title='bbox 3228 4536 3287 4592; x_wconf 92' lang='lat' dir='ltr'><strong>in</strong></span> <span class='ocrx_word' id='word_1_810' title='bbox 3309 4553 3541 4608; x_wconf 89' lang='lat' dir='ltr'><strong>corpore</strong></span> <span class='ocrx_word' id='word_1_811' title='bbox 3556 4537 3680 4607; x_wconf 87' lang='lat' dir='ltr'><strong>ejus</strong></span> 
     </span>
    </p>
   </div>
   <div class='ocr_carea' id='block_1_91' title="bbox 2081 4626 3679 4685">
    <p class='ocr_par' dir='ltr' id='par_1_91' title="bbox 2081 4626 3679 4685">
     <span class='ocr_line' id='line_1_91' title="bbox 2081 4626 3679 4685; baseline -0.003 0"><span class='ocrx_word' id='word_1_812' title='bbox 2081 4629 2154 4685; x_wconf 90' lang='lat' dir='ltr'><strong>ad</strong></span> <span class='ocrx_word' id='word_1_813' title='bbox 2179 4628 2429 4685; x_wconf 67' lang='lat' dir='ltr'><strong>caelestia</strong></span> <span class='ocrx_word' id='word_1_814' title='bbox 2455 4627 2512 4683; x_wconf 91' lang='lat' dir='ltr'><strong>in</strong></span> <span class='ocrx_word' id='word_1_815' title='bbox 2539 4627 2741 4683; x_wconf 83' lang='lat' dir='ltr'><strong>melius</strong></span> <span class='ocrx_word' id='word_1_816' title='bbox 2775 4626 3062 4681; x_wconf 89' lang='lat' dir='ltr'><strong>reformati</strong></span> <span class='ocrx_word' id='word_1_817' title='bbox 3113 4626 3533 4683; x_wconf 78' lang='lat' dir='ltr'><strong>transferamus.</strong></span> <span class='ocrx_word' id='word_1_818' title='bbox 3592 4626 3679 4681; x_wconf 85' lang='lat' dir='ltr'><strong>Ad</strong></span> 
     </span>
    </p>
   </div>
   <div class='ocr_carea' id='block_1_92' title="bbox 2085 4713 3680 4787">
    <p class='ocr_par' dir='ltr' id='par_1_92' title="bbox 2085 4713 3680 4787">
     <span class='ocr_line' id='line_1_92' title="bbox 2085 4713 3680 4787; baseline -0.003 -14"><span class='ocrx_word' id='word_1_819' title='bbox 2085 4718 2348 4774; x_wconf 90' lang='lat' dir='ltr'><strong>ultimum</strong></span> <span class='ocrx_word' id='word_1_820' title='bbox 2366 4732 2496 4771; x_wconf 91' lang='lat' dir='ltr'><strong>vero</strong></span> <span class='ocrx_word' id='word_1_821' title='bbox 2523 4716 2764 4787; x_wconf 89' lang='lat' dir='ltr'><strong>Spiritus</strong></span> <span class='ocrx_word' id='word_1_822' title='bbox 2780 4714 2998 4769; x_wconf 86' lang='lat' dir='ltr'><strong>timoris</strong></span> <span class='ocrx_word' id='word_1_823' title='bbox 3024 4713 3434 4782; x_wconf 88' lang='lat' dir='ltr'><strong>manifestatur,</strong></span> <span class='ocrx_word' id='word_1_824' title='bbox 3456 4714 3680 4785; x_wconf 91' lang='lat' dir='ltr'><strong>quando</strong></span> 
     </span>
    </p>
   </div>
   <div class='ocr_carea' id='block_1_93' title="bbox 2085 4802 3679 4878">
    <p class='ocr_par' dir='ltr' id='par_1_93' title="bbox 2085 4802 3679 4878">
     <span class='ocr_line' id='line_1_93' title="bbox 2085 4802 3679 4878; baseline -0.003 -16"><span class='ocrx_word' id='word_1_825' title='bbox 2085 4808 2157 4862; x_wconf 90' lang='lat' dir='ltr'><strong>ad</strong></span> <span class='ocrx_word' id='word_1_826' title='bbox 2181 4806 2738 4878; x_wconf 91' lang='lat' dir='ltr'><strong>judiciumventurus</strong></span> <span class='ocrx_word' id='word_1_827' title='bbox 2759 4802 3189 4875; x_wconf 88' lang='lat' dir='ltr'><strong>repromittitur.</strong></span> <span class='ocrx_word' id='word_1_828' title='bbox 3209 4803 3279 4857; x_wconf 90' lang='lat' dir='ltr'><strong>Et</strong></span> <span class='ocrx_word' id='word_1_829' title='bbox 3297 4802 3422 4858; x_wconf 90' lang='lat' dir='ltr'><strong>ideo</strong></span> <span class='ocrx_word' id='word_1_830' title='bbox 3440 4803 3679 4870; x_wconf 88' lang='lat' dir='ltr'><strong>interea,</strong></span> 
     </span>
    </p>
   </div>
   <div class='ocr_carea' id='block_1_94' title="bbox 2086 4891 3681 4962">
    <p class='ocr_par' dir='ltr' id='par_1_94' title="bbox 2086 4891 3681 4962">
     <span class='ocr_line' id='line_1_94' title="bbox 2086 4891 3681 4962; baseline -0.002 -12"><span class='ocrx_word' id='word_1_831' title='bbox 2086 4898 2222 4951; x_wconf 92' lang='lat' dir='ltr'><strong>dum</strong></span> <span class='ocrx_word' id='word_1_832' title='bbox 2250 4894 2505 4962; x_wconf 89' lang='lat' dir='ltr'><strong>vivimus,</strong></span> <span class='ocrx_word' id='word_1_833' title='bbox 2526 4893 2630 4949; x_wconf 91' lang='lat' dir='ltr'><strong>sub</strong></span> <span class='ocrx_word' id='word_1_834' title='bbox 2659 4897 2814 4948; x_wconf 92' lang='lat' dir='ltr'><strong>metu</strong></span> <span class='ocrx_word' id='word_1_835' title='bbox 2834 4908 2898 4946; x_wconf 88' lang='lat' dir='ltr'><strong>ac</strong></span> <span class='ocrx_word' id='word_1_836' title='bbox 2924 4896 3172 4945; x_wconf 90' lang='lat' dir='ltr'><strong>tremore</strong></span> <span class='ocrx_word' id='word_1_837' title='bbox 3187 4907 3495 4945; x_wconf 88' lang='lat' dir='ltr'><strong>versemur.</strong></span> <span class='ocrx_word' id='word_1_838' title='bbox 3517 4891 3681 4947; x_wconf 91' lang='lat' dir='ltr'><strong>Unde</strong></span> 
     </span>
    </p>
   </div>
   <div class='ocr_carea' id='block_1_95' title="bbox 2086 4979 3682 5047">
    <p class='ocr_par' dir='ltr' id='par_1_95' title="bbox 2086 4979 3682 5047">
     <span class='ocr_line' id='line_1_95' title="bbox 2086 4979 3682 5047; baseline -0.003 -7"><span class='ocrx_word' id='word_1_839' title='bbox 2086 4985 2352 5041; x_wconf 87' lang='lat' dir='ltr'><strong>Salomon</strong></span> <span class='ocrx_word' id='word_1_840' title='bbox 2381 4983 2443 5038; x_wconf 92' lang='lat' dir='ltr'><strong>in</strong></span> <span class='ocrx_word' id='word_1_841' title='bbox 2472 4984 2584 5038; x_wconf 82' lang='lat' dir='ltr'><strong>fine</strong></span> <span class='ocrx_word' id='word_1_842' title='bbox 2603 4981 2732 5036; x_wconf 90' lang='lat' dir='ltr'><strong>libri</strong></span> <span class='ocrx_word' id='word_1_843' title='bbox 2752 4981 2840 5036; x_wconf 88' lang='lat' dir='ltr'><strong>sui</strong></span> <span class='ocrx_word' id='word_1_844' title='bbox 2868 4980 2967 5046; x_wconf 90' lang='lat' dir='ltr'><strong>ait,</strong></span> <span class='ocrx_word' id='word_1_845' title='bbox 2984 4979 3173 5033; x_wconf 90' lang='lat' dir='ltr'><strong>dicens</strong></span> <span class='ocrx_word' id='word_1_846' title='bbox 3196 4996 3208 5032; x_wconf 90' lang='lat'><strong>:</strong></span> <span class='ocrx_word' id='word_1_847' title='bbox 3243 4981 3418 5034; x_wconf 83' lang='lat' dir='ltr'><strong>Deum</strong></span> <span class='ocrx_word' id='word_1_848' title='bbox 3448 4983 3599 5047; x_wconf 84' lang='lat' dir='ltr'><strong>time,</strong></span> <span class='ocrx_word' id='word_1_849' title='bbox 3631 4987 3682 5036; x_wconf 88' lang='lat' dir='ltr'><strong>et</strong></span> 
     </span>
    </p>
   </div>
   <div class='ocr_carea' id='block_1_96' title="bbox 2084 5066 3681 5142">
    <p class='ocr_par' dir='ltr' id='par_1_96' title="bbox 2084 5066 3681 5142">
     <span class='ocr_line' id='line_1_96' title="bbox 2084 5066 3681 5142; baseline -0.004 -13"><span class='ocrx_word' id='word_1_850' title='bbox 2084 5075 2352 5129; x_wconf 80' lang='lat' dir='ltr'><strong>mandata</strong></span> <span class='ocrx_word' id='word_1_851' title='bbox 2380 5076 2496 5142; x_wconf 86' lang='lat' dir='ltr'><strong>ejus</strong></span> <span class='ocrx_word' id='word_1_852' title='bbox 2525 5074 2744 5126; x_wconf 82' lang='lat' dir='ltr'><strong>observa</strong></span> <span class='ocrx_word' id='word_1_853' title='bbox 2768 5089 2786 5137; x_wconf 88' lang='lat'><strong><em>;</em></strong></span> <span class='ocrx_word' id='word_1_854' title='bbox 2816 5070 2913 5123; x_wconf 85' lang='lat' dir='ltr'><strong>hoc</strong></span> <span class='ocrx_word' id='word_1_855' title='bbox 2934 5072 3029 5135; x_wconf 91' lang='lat' dir='ltr'><strong>est,</strong></span> <span class='ocrx_word' id='word_1_856' title='bbox 3061 5066 3265 5138; x_wconf 89' lang='lat' dir='ltr'><strong>inquit,</strong></span> <span class='ocrx_word' id='word_1_857' title='bbox 3291 5071 3473 5123; x_wconf 83' lang='lat' dir='ltr'><strong>omnis</strong></span> <span class='ocrx_word' id='word_1_858' title='bbox 3521 5070 3681 5123; x_wconf 87' lang='lat' dir='ltr'><strong>homo</strong></span> 
     </span>
    </p>
   </div>
   <div class='ocr_carea' id='block_1_97' title="bbox 2089 5155 3682 5234">
    <p class='ocr_par' dir='ltr' id='par_1_97' title="bbox 2089 5155 3682 5234">
     <span class='ocr_line' id='line_1_97' title="bbox 2089 5155 3682 5234; baseline -0.004 -17"><span class='ocrx_word' id='word_1_859' title='bbox 2089 5163 2279 5234; x_wconf 82' lang='lat' dir='ltr'><strong>(Eccle.</strong></span> <span class='ocrx_word' id='word_1_860' title='bbox 2311 5175 2410 5228; x_wconf 80' lang='lat' dir='ltr'><strong>x11,</strong></span> <span class='ocrx_word' id='word_1_861' title='bbox 2443 5159 2560 5231; x_wconf 82' lang='grc'><strong>13).</strong></span> <span class='ocrx_word' id='word_1_862' title='bbox 2618 5159 2762 5214; x_wconf 88' lang='lat' dir='ltr'><strong>Hinc</strong></span> <span class='ocrx_word' id='word_1_863' title='bbox 2809 5155 2992 5212; x_wconf 90' lang='lat' dir='ltr'><strong>David</strong></span> <span class='ocrx_word' id='word_1_864' title='bbox 3036 5155 3161 5210; x_wconf 87' lang='lat' dir='ltr'><strong>ait:</strong></span> <span class='ocrx_word' id='word_1_865' title='bbox 3217 5157 3408 5211; x_wconf 90' lang='lat' dir='ltr'><strong>Timor</strong></span> <span class='ocrx_word' id='word_1_866' title='bbox 3451 5158 3682 5213; x_wconf 87' lang='lat' dir='ltr'><strong>Domini</strong></span> 
     </span>
    </p>
   </div>
   <div class='ocr_carea' id='block_1_98' title="bbox 2082 5242 3683 5321">
    <p class='ocr_par' dir='ltr' id='par_1_98' title="bbox 2082 5242 3683 5321">
     <span class='ocr_line' id='line_1_98' title="bbox 2082 5242 3683 5321; baseline -0.001 -16"><span class='ocrx_word' id='word_1_867' title='bbox 2082 5256 2661 5321; x_wconf 86' lang='lat' dir='ltr'><strong>sanctus.permanens</strong></span> <span class='ocrx_word' id='word_1_868' title='bbox 2688 5251 2753 5302; x_wconf 91' lang='lat' dir='ltr'><strong>in</strong></span> <span class='ocrx_word' id='word_1_869' title='bbox 2780 5248 3043 5301; x_wconf 59' lang='lat' dir='ltr'><strong>saeculum</strong></span> <span class='ocrx_word' id='word_1_870' title='bbox 3078 5248 3266 5300; x_wconf 72' lang='lat' dir='ltr'><strong>saeculi</strong></span> <span class='ocrx_word' id='word_1_871' title='bbox 3294 5246 3554 5315; x_wconf 86' lang='lat' dir='ltr'><strong>(Ps.xvm,</strong></span> <span class='ocrx_word' id='word_1_872' title='bbox 3567 5242 3683 5317; x_wconf 86' lang='grc'><strong>10).</strong></span> 
     </span>
    </p>
   </div>
   <div class='ocr_carea' id='block_1_99' title="bbox 2084 5333 3683 5411">
    <p class='ocr_par' dir='ltr' id='par_1_99' title="bbox 2084 5333 3683 5411">
     <span class='ocr_line' id='line_1_99' title="bbox 2084 5333 3683 5411; baseline -0.003 -17"><span class='ocrx_word' id='word_1_873' title='bbox 2084 5340 2185 5394; x_wconf 81' lang='lat' dir='ltr'><strong>His</strong></span> <span class='ocrx_word' id='word_1_874' title='bbox 2205 5356 2338 5411; x_wconf 89' lang='lat' dir='ltr'><strong>ergo</strong></span> <span class='ocrx_word' id='word_1_875' title='bbox 2356 5344 2571 5410; x_wconf 88' lang='lat' dir='ltr'><strong>septem</strong></span> <span class='ocrx_word' id='word_1_876' title='bbox 2591 5337 2650 5391; x_wconf 92' lang='lat' dir='ltr'><strong>in</strong></span> <span class='ocrx_word' id='word_1_877' title='bbox 2664 5335 2885 5391; x_wconf 87' lang='lat' dir='ltr'><strong>Christo</strong></span> <span class='ocrx_word' id='word_1_878' title='bbox 2897 5333 3478 5389; x_wconf 88' lang='lat' dir='ltr'><strong>reseratiscoelestium</strong></span> <span class='ocrx_word' id='word_1_879' title='bbox 3495 5348 3683 5389; x_wconf 87' lang='lat' dir='ltr'><strong>sacra-</strong></span> 
     </span>
    </p>
   </div>
   <div class='ocr_carea' id='block_1_100' title="bbox 2083 5420 3678 5498">
    <p class='ocr_par' dir='ltr' id='par_1_100' title="bbox 2083 5420 3678 5498">
     <span class='ocr_line' id='line_1_100' title="bbox 2083 5420 3678 5498; baseline -0.004 -15"><span class='ocrx_word' id='word_1_880' title='bbox 2083 5433 2405 5484; x_wconf 91' lang='lat' dir='ltr'><strong>mentorum</strong></span> <span class='ocrx_word' id='word_1_881' title='bbox 2452 5424 2751 5498; x_wconf 85' lang='lat' dir='ltr'><strong>mysteriis,</strong></span> <span class='ocrx_word' id='word_1_882' title='bbox 2786 5424 2923 5479; x_wconf 91' lang='lat' dir='ltr'><strong>illud</strong></span> <span class='ocrx_word' id='word_1_883' title='bbox 2950 5423 3109 5479; x_wconf 62' lang='lat' dir='ltr'><strong>Isaiae</strong></span> <span class='ocrx_word' id='word_1_884' title='bbox 3134 5420 3462 5475; x_wconf 86' lang='lat' dir='ltr'><strong>vaticinium</strong></span> <span class='ocrx_word' id='word_1_885' title='bbox 3491 5421 3678 5477; x_wconf 88' lang='lat' dir='ltr'><strong>adim-</strong></span> 
     </span>
    </p>
   </div>
   <div class='ocr_carea' id='block_1_101' title="bbox 2082 5509 3678 5589">
    <p class='ocr_par' dir='ltr' id='par_1_101' title="bbox 2082 5509 3678 5589">
     <span class='ocr_line' id='line_1_101' title="bbox 2082 5509 3678 5589; baseline -0.004 -17"><span class='ocrx_word' id='word_1_886' title='bbox 2082 5518 2289 5589; x_wconf 89' lang='lat' dir='ltr'><strong>pletur,</strong></span> <span class='ocrx_word' id='word_1_887' title='bbox 2306 5516 2404 5571; x_wconf 91' lang='lat' dir='ltr'><strong>ubi</strong></span> <span class='ocrx_word' id='word_1_888' title='bbox 2433 5515 2516 5569; x_wconf 89' lang='lat' dir='ltr'><strong>ait</strong></span> <span class='ocrx_word' id='word_1_889' title='bbox 2536 5533 2548 5568; x_wconf 90' lang='lat'><strong>:</strong></span> <span class='ocrx_word' id='word_1_890' title='bbox 2569 5515 2636 5568; x_wconf 85' lang='lat' dir='ltr'><strong>Et</strong></span> <span class='ocrx_word' id='word_1_891' title='bbox 2648 5516 2940 5582; x_wconf 87' lang='lat' dir='ltr'><strong>requiescet</strong></span> <span class='ocrx_word' id='word_1_892' title='bbox 2956 5527 3122 5583; x_wconf 83' lang='lat' dir='ltr'><strong>super</strong></span> <span class='ocrx_word' id='word_1_893' title='bbox 3142 5525 3271 5565; x_wconf 87' lang='lat' dir='ltr'><strong>eum</strong></span> <span class='ocrx_word' id='word_1_894' title='bbox 3300 5509 3549 5577; x_wconf 84' lang='lat' dir='ltr'><strong>Spiritus</strong></span> <span class='ocrx_word' id='word_1_895' title='bbox 3566 5513 3678 5566; x_wconf 86' lang='lat' dir='ltr'><strong>Do-</strong></span> 
     </span>
    </p>
   </div>
   <div class='ocr_carea' id='block_1_102' title="bbox 2082 5599 3677 5677">
    <p class='ocr_par' dir='ltr' id='par_1_102' title="bbox 2082 5599 3677 5677">
     <span class='ocr_line' id='line_1_102' title="bbox 2082 5599 3677 5677; baseline -0.006 -15"><span class='ocrx_word' id='word_1_896' title='bbox 2082 5608 2233 5662; x_wconf 85' lang='lat' dir='ltr'><strong>mini</strong></span> <span class='ocrx_word' id='word_1_897' title='bbox 2233 5607 2506 5677; x_wconf 79' lang='lat' dir='ltr'><strong>,spiritus,</strong></span> <span class='ocrx_word' id='word_1_898' title='bbox 2522 5602 2725 5674; x_wconf 90' lang='lat' dir='ltr'><strong>inquit,</strong></span> <span class='ocrx_word' id='word_1_899' title='bbox 2739 5603 3020 5673; x_wconf 59' lang='lat' dir='ltr'><strong>sapientia</strong></span> <span class='ocrx_word' id='word_1_900' title='bbox 3031 5599 3417 5665; x_wconf 81' lang='lat' dir='ltr'><strong>etintetlectus,</strong></span> <span class='ocrx_word' id='word_1_901' title='bbox 3439 5600 3677 5667; x_wconf 77' lang='lat' dir='ltr'><strong>spiritus</strong></span> 
     </span>
    </p>
   </div>
  </div>
