3966 6206
235 243 293 300 41
1107 245 1487 302 EXPOSITIO
1526 248 1604 302 IN
1641 244 2082 300 MA'I'I‘HEUM.
2123 275 2190 287 —
2226 246 2622 303 PREFATIO.
2985 203 2990 208 ν
3419 253 3491 310 42

236 369 453 421 consilii
477 373 530 420 et
556 370 934 434 fortitudinis,
955 371 1188 438 spiritus
1203 373 1442 424 scientias
1456 376 1506 423 et
1521 372 1743 438 pietatis
1769 369 2126 440 etAmystice
2175 371 2516 440 praesignati,
2567 373 2689 441 ejus
2729 372 2944 426 scilicet
2987 373 3102 443 qui,
3153 390 3254 445 pro
3324 374 3490 430 nobis

233 456 449 522 replebit
465 471 596 508 eum
614 457 863 524 Spiritus
885 460 1101 511 timoris
1122 460 1347 512 Domini
1359 460 1488 525 (Isa.
1513 473 1587 523 x1,
1613 458 1686 527 '2).
1707 459 1820 512 Cur

231 559 376 612 ergo,
409 543 666 613 inquam,
700 561 844 598 unus
863 546 1104 616 Spiritus
1150 563 1319 616 super
1334 563 1463 600 eum
1480 547 1820 617 requievisse

230 631 448 697 dicitur,
495 649 626 686 cum
674 633 734 687 in
791 641 1005 704 septem
1047 635 1335 705 spiritibus
1381 635 1646 688 continuo
1686 634 1819 688 sub-

229 719 634 790 distinguitur?
659 721 769 775 nisi
789 729 854 776 ut
870 723 1190 778 ostenderet
1205 723 1466 793 gratiam,
1501 740 1622 793 qua:
1653 722 1820 776 simul

230 809 280 861 ei
304 809 504 874 inerat,
538 809 730 864 omnia
759 811 1134 882 adimplendo,
1178 811 1338 866 nobis
1383 829 1484 882 per
1525 811 1822 864 intervalla

231 896 621 952 distribuisse?
648 899 809 954 Unde
849 905 907 954 et
950 901 1194 955 Joannes
1240 901 1298 954 in
1345 899 1678 970 Apocalypsi
1719 915 1823 952 sua

235 986 435 1053 (Apum.
469 1001 523 1052 v,
556 984 611 1051 6)
641 988 947 1042 introducit
991 991 1216 1058 Agnum
1263 993 1505 1042 stantem
1551 994 1818 1057 tanquam

232 1075 490 1140 occisum,
519 1075 822 1129 habentem
849 1093 1060 1131 cornua
1084 1083 1318 1147 septem,
1351 1077 1410 1130 in
1439 1075 1641 1146 quibus
1679 1091 1824 1128 mor-

235 1169 343 1216 tem
365 1163 594 1228 devicit,
631 1170 688 1218 et
711 1166 900 1219 oculos
924 1171 1158 1236 septem,
1186 1165 1281 1235 qui
1310 1171 1442 1219 sunt
1467 1170 1677 1234 septem
1697 1163 1822 1234 Spi-

235 1253 369 1306 ritus
400 1253 503 1306 Dei
534 1253 693 1307 missi
723 1253 781 1307 in
812 1271 1036 1308 omnem
1065 1260 1275 1308 terram
1304 1273 1316 1307 :
1358 1253 1504 1316 Quid
1543 1253 1690 1305 enim
1740 1257 1825 1305 est

235 1344 471 1412 Agnum,
507 1342 571 1396 in
596 1343 783 1396 medio
802 1343 990 1397 throni
1011 1348 1069 1397 et
1087 1343 1418 1396 animalium
1438 1357 1502 1394 ac
1513 1341 1821 1407 seniorum,

237 1437 444 1501 septem
465 1447 681 1485 cornua
693 1437 1020 1502 septemque
1039 1431 1228 1484 oculos
1257 1430 1482 1495 habere,
1510 1429 1620 1482 nisi
1640 1433 1826 1498 septe-

237 1519 388 1572 naria
417 1519 666 1589 Spiritus
685 1521 864 1574 sancti
883 1521 1207 1590 operatione
1240 1519 1445 1588 ubique
1493 1535 1594 1588 per
1635 1516 1828 1569 orbem

1900 459 2206 512 clementer
2233 476 2447 529 passus,
2476 459 2672 513 doluit.
2706 460 2923 530 Singuli
2953 477 3085 531 ergo
3118 462 3230 528 isti,
3278 463 3338 517 in
3384 465 3485 518 do-

1901 546 2085 600 mibus
2139 547 2254 601 suis
2299 548 2605 601 secundum
2654 549 2873 603 dierum
2921 555 3306 604 transcursum
3354 567 3488 604 con-

1903 634 2045 688 vivia
2091 635 2454 700 celebrantes,
2498 637 2732 690 mittunt
2776 643 2832 692 et
2870 642 3070 691 vocant
3114 643 3232 692 tres
3271 654 3492 693 sorores

1902 738 2050 776 suas.
2084 723 2228 786 Quia
2251 725 2518 778 nimirum
2549 725 2704 790 ﬁdes,
2739 743 2864 797 spes
2891 743 2956 780 ac
2985 726 3230 781 charitas
3250 727 3309 780 in
3337 727 3493 781 nullo

1903 810 2013 863 alio
2044 819 2194 864 recte
2220 813 2520 882 epulantur
2547 813 2814 880 convivio,
2843 814 2952 868 nisi
2983 815 3078 868 ubi
3114 815 3232 870 haec
3276 820 3494 884 septem

1903 897 2052 952 dona
2073 899 2316 969 Spiritus
2342 902 2521 954 sancti
2562 901 2773 971 pariter
2802 902 2858 956 in
2901 903 3121 958 Christo
3166 903 3494 974 dignissime

1905 987 2328 1058 participantur.
2349 989 2610 1059 Alioquin
2623 1007 2796 1044 vacua
2811 996 2896 1044 est
2916 991 3052 1045 ﬁdes
3081 997 3291 1057 nostra,
3320 996 3378 1045 et
3405 1008 3496 1045 va-

1904 1091 2010 1128 cua
2034 1093 2130 1145 spe
2177 1076 2516 1141 extollimur,
2567 1077 2615 1130 si
2663 1079 2850 1132 nescio
2893 1096 2958 1132 ex
3002 1095 3112 1148 quo
3157 1079 3355 1144 altero,
3411 1079 3499 1133 vel

1907 1164 2048 1216 forte
2078 1164 2237 1233 quasi
2259 1181 2323 1217 ex
2343 1164 2503 1218 nobis
2531 1165 2772 1218 inaniter
2790 1167 3133 1235 gloriamur:
3165 1167 3299 1237 quia
3338 1165 3408 1220 de
3437 1182 3498 1221 se

1906 1251 2143 1322 quisque
2171 1253 2305 1305 dum
2334 1253 2585 1317 inflatur,
2618 1254 2803 1306 nescio
2827 1253 2959 1323 quid
2991 1254 3097 1308 sibi
3126 1254 3278 1310 aliud
3301 1271 3498 1326 repro-

1907 1339 2158 1404 mittens,
2191 1341 2408 1394 alienus
2429 1357 2460 1394 a
2480 1341 2643 1410 regni
2665 1341 2942 1396 consortio
2961 1343 3114 1396 velut
3139 1343 3300 1414 palea
3325 1343 3502 1398 venti-

1907 1429 2074 1482 latur.
2108 1429 2216 1483 Sed
2232 1429 2382 1498 quia,
2415 1429 2547 1483 dum
2581 1429 3262 1500 istaexplicarevolumus,
3293 1431 3502 1485 nostris

1909 1518 2247 1572 involvxmur
2291 1518 2492 1584 verbis,
2540 1520 2817 1589 quomodo
2858 1520 3099 1574 celatum
3149 1520 3224 1574 sit
3285 1521 3503 1576 saeculis

240 1607 293 1660 in
318 1624 416 1662 sua
449 1608 742 1662 Christum
769 1609 1030 1674 Ecclesia,
1066 1613 1248 1662 morte
1273 1607 1505 1671 devicta,
1540 1621 1779 1674 regnare
1801 1602 1828 1656 ?
1848 1674 1883 1678 _
1911 1623 1986 1676 ac.
2001 1607 2457 1676 generationibus
2473 1607 2823 1678 mysterium,
2855 1609 3002 1678 quod
3043 1607 3203 1662 nobis
3249 1625 3400 1662 nunc
3443 1608 3504 1662 in

241 1697 335 1750 His
360 1696 568 1767 quippe
592 1703 809 1768 septem
825 1697 1106 1763 cornibus,
1133 1697 1336 1750 virtute
1358 1695 1600 1766 Spiritus
1624 1692 1822 1757 sancti,
1848 1674 1893 1733 Β
1912 1674 2165 1764 tempore
2185 1696 2482 1749 revelatur.
2510 1674 2776 1766 unquid
2797 1674 2972 1766 igitur
2999 1703 3099 1750 aut
3116 1713 3372 1767 supernae
3401 1713 3506 1768 pa-

242 1785 479 1839 Ecclesia
497 1786 559 1839 in
578 1787 738 1856 regni
755 1786 1140 1840 fortitudinem
1156 1785 1478 1849 sublimata,
1497 1783 1685 1838 omnia
1707 1797 1829 1852 pec-

243 1879 488 1927 catorum
533 1891 746 1928 cornua
794 1873 1126 1944 confringit;
1169 1873 1291 1926 istis
1334 1872 1610 1944 siquidem
1657 1869 1830 1924 oculis

244 1961 572 2028 illuminata,
605 1963 782 2034 signis
809 1969 866 2017 et
908 1962 1209 2016 virtutibus
1238 1963 1573 2016 illustratur.
1606 1959 1828 2013 Eisdem

245 2067 370 2104 sane
412 2052 689 2106 columnis
716 2052 934 2114 domus,
966 2068 1135 2122 quam
1166 2049 1271 2104 sibi
1302 2050 1649 2120 Sapientiam
1694 2047 1828 2101 aedi-

245 2141 429 2194 ﬁcasse
458 2140 722 2210 legimus,
757 2141 983 2194 fulcitur
1013 2157 1078 2193 ac
1126 2141 1403 2194 firmatur.
1456 2139 1588 2202 Quae
1631 2137 1830 2190 domus

244 2234 431 2281 sancta
455 2229 558 2282 Dei
586 2228 834 2282 Ecclesia
861 2227 977 2282 fore
998 2227 1286 2299 probatur,
1319 2242 1486 2296 quam
1519 2224 1626 2278 sibi
1666 2223 1829 2277 Chri-

244 2323 374 2379 stus,
407 2317 511 2370 Dei
535 2317 733 2382 virtus,
761 2333 826 2378 ac
852 2317 953 2370 Dei
995 2315 1273 2388 sapientia
1294 2315 1496 2378 Patris,
1544 2313 1650 2366 isto
1701 2329 1829 2382 sep-

246 2405 454 2458 tenario
484 2405 757 2458 virtutum
788 2422 954 2476 opere
983 2405 1276 2459 dedicavit.
1310 2405 1425 2458 Ista
1462 2409 1595 2456 sunt
1641 2408 1832 2456 autem

244 2501 454 2563 septem
482 2495 730 2548 lucentia
757 2493 1091 2548 candelabra
1138 2510 1326 2547 coram
1366 2491 1639 2556 Domino;
1699 2490 1833 2560 quia

244 2583 508 2636 nimirum
539 2583 598 2636 in
627 2583 869 2646 Christo,
901 2583 972 2636 ad
997 2582 1467 2636 illuminationem
1515 2585 1572 2634 et
1617 2578 1832 2632 redem-

245 2672 492 2740 ptionem
509 2678 760 2725 nostram
772 2715 783 2733 ,
800 2672 1028 2724 fuerunt
1042 2671 1156 2724 haec
1169 2671 1400 2740 impleta
1415 2687 1426 2720 :
1443 2673 1501 2722 et
1519 2667 1684 2720 modo
1703 2683 1832 2720 cum

241 2761 496 2814 universo
514 2776 616 2814 suo
648 2777 817 2830 Opere
836 2759 1050 2830 jugiter
1082 2775 1270 2812 coram
1313 2759 1427 2812 Deo
1469 2757 1634 2810 Patre
1685 2756 1834 2808 idem

237 2849 564 2919 interpellat
586 2865 687 2920 pro
716 2847 895 2902 nobis.
946 2848 1104 2902 Unde
1144 2853 1200 2900 et
1238 2847 1297 2899 hi
1342 2851 1555 2916 septem
1605 2844 1836 2914 spiritus

237 2955 428 2990 coram
496 2938 861 2991 Dominatore
906 2937 1169 2991 dicuntur
1215 2935 1510 2988 assistere:
1571 2933 1834 3003 quoniam

240 3026 518 3096 quidquid
549 3032 634 3080 est
659 3027 796 3080 illud
828 3026 974 3097 quod
1011 3043 1114 3080 nos
1144 3042 1358 3087 sumus,
1407 3024 1512 3077 hoc
1557 3029 1738 3076 totum
1778 3021 1836 3074 in

237 3114 391 3168 illius
412 3116 740 3186 operatione
761 3115 1031 3180 consistit,
1052 3114 1166 3186 qui,
1191 3131 1291 3184 pro
1307 3112 1465 3166 nobis
1489 3111 1832 3176 immolatus,

237 3204 492 3273 quotidie
527 3221 716 3258 coram
761 3205 935 3258 oculis
976 3204 1174 3258 divinae
1223 3200 1538 3272 majestatis
1583 3200 1833 3253 offertur.

237 3293 301 3346 In
334 3293 441 3346 hac
468 3293 642 3362 igitur
661 3293 937 3364 sapientia
958 3293 1058 3346 Dei
1079 3291 1261 3345 Patris
1295 3289 1566 3343 mundum
1589 3304 1716 3341 cum
1736 3303 1840 3340 sua

237 3381 508 3435 discimus
519 3383 732 3435 calcare
750 3380 1042 3452 sapientia;
1061 3380 1322 3451 quoniam
1341 3385 1373 3442 Ι
1391 3377 1630 3442 4stulta
1643 3375 1838 3429 mundi

237 3471 417 3540 elegit
446 3471 615 3534 Deus,
650 3476 731 3526 ut.
765 3471 930 3524 fortia
971 3485 1205 3540 quaaque
1253 3468 1551 3531 calcantes,
1604 3481 1838 3534 agamus

237 3562 488 3631 qualiter
508 3578 696 3616 coram
719 3562 834 3615 Deo
858 3560 1138 3631 sapientes
1159 3557 1527 3612 inveniamur.
1544 3556 1718 3609 Porro
1739 3555 1839 3620 tali

233 3651 533 3704 intellectu
562 3650 608 3704 si
640 3649 772 3720 quid
802 3654 887 3702 est
915 3647 1061 3719 quod
1085 3647 1440 3717 percipimus,
1485 3643 1712 3699 omnino
1751 3642 1839 3696 in-

234 3741 331 3793 tell
345 3739 554 3808 igimus
583 3745 646 3792 ut
673 3737 854 3792 renati
878 3737 937 3790 in
957 3736 1178 3790 Christo
1197 3734 1266 3788 ad
1295 3750 1486 3788 vocem
1511 3731 1694 3786 Patris
1741 3731 1838 3784 de-

233 3844 416 3899 super
440 3828 792 3880 intonantem
831 3825 1299 3895 obtemperemus.
1352 3824 1451 3876 Hic
1497 3826 1590 3886 est,
1635 3819 1836 3889 inquit,

229 3919 310 3971 Fit
319 3920 419 3970 ius
435 3933 582 3968 meus
594 3917 824 3969 dilectus
837 3918 897 3968 in
911 3930 1014 3982 quo
1030 3915 1170 3966 mihi
1182 3915 1306 3966 bene
1318 3929 1374 3964 co
1382 3929 1431 3963 m
1434 3913 1640 3979 placui;
1659 3912 1839 3977 ipsum

231 4007 436 4074 audite
470 4004 684 4070 (Matth.
719 4017 854 4068 xvn,
887 4001 961 4073 5).
1003 3999 1422 4071 Hujuscemodi,
1455 3999 1704 4068 inquam,
1739 4012 1842 4050 vox

235 4109 531 4164 nusquam
562 4090 755 4146 audita
786 4094 889 4149 cst,
919 4089 1027 4143 nisi
1055 4106 1225 4160 super
1252 4086 1606 4157 unigenitum
1639 4085 1842 4139 Filium

235 4183 338 4236 Dei
371 4181 589 4236 idcirco
627 4180 913 4234 mandatis
955 4179 1076 4248 ejus
1120 4177 1590 4247 obtemperemus,
1643 4175 1688 4227 si
1735 4189 1844 4245 quo

233 4270 409 4324 modo
439 4268 722 4340 possimus
751 4268 936 4322 dicere
965 4283 1090 4321 cum
1134 4265 1415 4336 PrOpheta
1443 4283 1454 4316 :
1484 4266 1523 4318 A
1566 4265 1843 4316 mandatis

233 4364 347 4413 tuis
366 4361 646 4422 intellexi,
661 4362 948 4426 propterea
964 4355 1112 4409 adivi
1125 4371 1341 4408 omnem
1353 4356 1503 4406 viam
1522 4353 1843 4420 iniquitatis

233 4451 405 4512 (Psal.
473 4460 663 4509 cxvm,
706 4443 854 4510 103).
887 4445 1193 4500 Consilium
1221 4449 1410 4497 autem
1454 4447 1708 4495 nostrum
1753 4457 1843 4493 sa-

229 4537 425 4590 lutare
469 4551 532 4588 ac
561 4535 791 4588 unicum
836 4539 936 4599 est,
992 4540 1057 4587 ut
1101 4533 1324 4587 Christo
1376 4530 1839 4596 commoriamur;

230 4625 368 4693 quia
395 4623 451 4677 si
486 4622 878 4694 compatimur,
928 4626 985 4675 et
1026 4619 1510 4690 conregnabimus.
1567 4619 1842 4672 Casterum

231 4711 518 4765 fortitudo
535 4717 730 4764 nostra
745 4727 867 4780 qua:
893 4727 1010 4764 esse
1027 4709 1251 4780 poterit,
1285 4707 1391 4760 nisi
1415 4709 1534 4777 ejus
1573 4705 1800 4760 victoria
1817 4703 1844 4756 ‘.’

230 4800 550 4854 manifeste
572 4817 699 4854 cum
720 4798 1025 4870 Apostolus
1041 4797 1266 4851 clamet:
1292 4797 1442 4864 Quod
1461 4813 1628 4864 neque
1666 4795 1846 4848 volen-

233 4890 321 4950 tis,
357 4904 544 4955 neque
573 4891 873 4953 currentis,
893 4889 984 4940 sed
1006 4887 1315 4939 miserantis
1344 4887 1416 4936 sit
1445 4885 1542 4937 Dei
1572 4885 1740 4953 (Rom.
1773 4899 1843 4948 ix,

231 4974 345 5042 16).
378 4975 535 5029 Hinc
557 4981 613 5028 et
629 4975 911 5046 Propheta
927 4975 1088 5028 dicit:
1115 4974 1384 5028 Dominus
1403 4972 1847 5039 fortitudoptebis

233 5079 346 5117 suz
375 5065 495 5134 (Ps.
541 5079 708 5129 xxvu,
744 5063 855 5133 11).
909 5063 1122 5118 Deinde
1167 5076 1436 5130 magnum
1488 5064 1573 5112 est
1625 5059 1848 5129 pietatis

235 5153 496 5218 senium,
521 5153 671 5223 quod
687 5154 808 5222 jam
832 5153 996 5206 ccelos
1026 5150 1169 5205 uniti
1190 5149 1248 5203 in
1270 5148 1476 5204 Christi
1487 5165 1718 5219 corpore
1749 5165 1849 5219 pe-

238 5249 476 5296 netrare
506 5258 822 5312 speramus.
854 5242 1127 5296 Ultimum
1155 5255 1285 5292 vero
1322 5237 1540 5291 timoris
1584 5237 1847 5308 spiritum

237 5336 378 5385 tunc
409 5335 567 5384 recte
596 5330 959 5401 percipimus,
989 5330 1054 5395 si,
1084 5328 1247 5400 juxta
1272 5326 1424 5380 Petri
1460 5342 1671 5390 vocem,
1723 5341 1849 5379 cum

239 5420 457 5472 timore
485 5435 546 5472 ac
569 5425 821 5473 tremore
863 5426 1112 5472 nostram
1158 5415 1400 5485 denique
1438 5414 1676 5468 salutem
1719 5431 1852 5484 ope-

1910 1783 2032 1838 triae
2055 1784 2322 1853 angelicis
2345 1785 2652 1854 spiritibus,
2681 1791 2780 1840 aut
2799 1787 3006 1840 sanctis
3027 1786 3366 1850 hominibus,
3391 1786 3507 1840 sive

1911 1872 1970 1925 in
1999 1888 2165 1926 carne
2192 1873 2507 1926 viventibus
2535 1873 2651 1926 sive
2680 1873 2974 1940 defunctis,
3009 1881 3244 1929 ventura
3273 1875 3509 1929 Redem-

1912 1962 2088 2032 ptoris
2117 1962 2462 2031 dispensatio
2483 1961 2664 2026 latuit,
2693 1968 2756 2015 ut
2777 1979 2901 2016 eam
2917 1964 3115 2017 saltem
3144 1981 3180 2018 a
3206 1964 3371 2034 longe
3399 1963 3508 2034 spi-

1911 2049 2168 2104 ritalibus
2181 2050 2357 2104 oculis
2378 2050 2655 2120 respicere
2685 2067 2796 2105 non
2826 2053 3097 2121 possent?
3123 2052 3260 2116 Quis
3285 2053 3390 2106 hoc
3417 2052 3506 2106 di-

1911 2139 2094 2192 xerit?
2117 2155 2242 2192 cum
2264 2139 2439 2193 Isaias
2459 2133 2729 2209 tanquam
2755 2140 2814 2193 in
2835 2141 3096 2210 praesenti
3111 2140 3310 2211 posito,
3335 2140 3501 2195 dicat:

1914 2228 2095 2294 Quare
2125 2229 2440 2280 rubrumest
2465 2229 2856 2281 indumentum
2888 2234 3078 2281 tuum?
3095 2229 3228 2295 (Isa.
3252 2243 3410 2296 Lxm,
3429 2227 3514 2297 2.)

1914 2316 2000 2368 Ac
2024 2315 2070 2369 si
2101 2315 2328 2379 diceret,
2353 2315 2487 2386 quid
2513 2321 2596 2369 est
2627 2316 2774 2386 quod
2799 2316 2858 2370 in
2878 2332 3044 2370 carne
3081 2317 3225 2370 mori
3244 2316 3509 2371 voluisti?

1914 2421 2041 2458 cum
2063 2405 2281 2458 nullum
2306 2404 2375 2458 de
2395 2420 2564 2458 carne
2583 2411 2872 2475 peccatum
2894 2405 3112 2459 traxisti
3131 2405 3156 2457 ?
3180 2412 3218 2470 ι
3233 2405 3400 2469 acui
3414 2405 3510 2458 ille

1913 2493 2234 2564 respondit:
2274 2494 2539 2546 Torcular
2559 2496 2768 2546 calcavi
2787 2497 2954 2556 solus,
2972 2499 3020 2547 et
3037 2495 3100 2547 de
3124 2496 3376 2561 gentibus
3399 2509 3512 2547 non

1913 2587 1987 2634 est
2017 2584 2106 2634 vir
2138 2598 2366 2634 mecum.
2409 2581 2572 2635 Solus
2600 2582 2796 2652 utique
2833 2582 3078 2636 torcular
3107 2581 3358 2646 calcavit,
3379 2581 3514 2653 quia

1915 2670 2066 2723 solus
2095 2672 2354 2734 mortem,
2385 2685 2556 2738 quam
2601 2671 2850 2740 pertulit,
2898 2670 3199 2740 superavit.
3255 2670 3414 2726 Unde
3454 2674 3514 2724 et

1915 2759 2159 2812 Joannes
2180 2757 2443 2827 angelum
2474 2774 2531 2811 se
2571 2758 2775 2811 vidisse
2822 2763 3065 2812 testatur
3099 2758 3318 2823 fortem,
3367 2775 3513 2829 prae-

1917 2845 2196 2901 dicantem
2215 2863 2342 2900 voce
2355 2863 2558 2916 magna
2574 2865 2584 2899 :
2606 2848 2736 2913 Quis
2748 2851 2821 2899 est
2832 2848 3034 2913 dignus
3049 2849 3267 2915 aperire
3279 2848 3516 2915 librum,

1917 2940 1966 2988 et
1993 2939 2194 2990 solvere
2221 2940 2417 3003 septem
2437 2938 2728 3000 signacuIa
2747 2937 2863 3002 ejus
2884 2933 3029 2989 ?Ubi
3049 2934 3313 2989 continuo
3329 2933 3516 2990 subin-

1917 3023 2096 3077 fertur
2122 3041 2132 3075 :
2152 3024 2216 3077 Et
2246 3039 2401 3077 nemo
2417 3028 2628 3090 poterat
2647 3038 2815 3090 neque
2832 3025 2895 3076 in
2917 3026 3040 3078 cato
3059 3039 3227 3091 neque
3252 3025 3315 3077 in
3339 3028 3509 3089 terra,

1919 3128 2088 3180 neque
2108 3112 2298 3164 subtus
2320 3113 2781 3179 terram,aperire
2797 3113 3028 3176 librum,
3055 3127 3224 3180 neque
3249 3114 3511 3180 respicere

1922 3202 2272 3267 illum(Apoc.
2300 3216 2351 3264 v,
2382 3198 2439 3262 2,
2471 3197 2542 3264 3).
2575 3198 2637 3252 Id
2667 3204 2770 3263 est,
2800 3214 2963 3252 nemo
2986 3199 3044 3253 in
3059 3199 3197 3254 caelo
3217 3218 3230 3265 ;
3252 3199 3386 3270 quia
3410 3216 3514 3255 ne-

1921 3305 2029 3359 que
2057 3289 2290 3358 angelus
2321 3288 2582 3341 humanae
2607 3287 2803 3340 salutis
2857 3287 3331 3358 dispensationem
3382 3305 3512 3360 per-

1922 3379 2087 3431 ﬁcere
2117 3381 2359 3447 poterat.
2386 3375 2529 3429 Hinc
2549 3375 2722 3429 Isaias
2751 3375 2848 3441 ait,
2871 3392 2985 3430 non
3014 3377 3264 3447 angelus,
3297 3394 3410 3432 non
3439 3378 3516 3433 le-

1919 3471 2104 3534 gatus,
2137 3465 2233 3518 sed
2260 3465 2377 3534 ipse
2408 3466 2676 3518 Dominus
2702 3467 2875 3517 salvos
2897 3467 3060 3532 faciet
3099 3482 3200 3519 eos.
3233 3466 3412 3521 Nemo
3455 3465 3516 3522 in

1922 3558 2075 3606 terra
2099 3571 2110 3618 ;
2146 3553 2276 3622 quia
2296 3567 2477 3621 neque
2500 3552 2666 3605 homo
2684 3551 2872 3605 vivens
2889 3551 2947 3606 in
2968 3569 3219 3623 corpore,
3251 3571 3316 3608 eo
3366 3554 3514 3626 quod

1923 3641 2089 3694 homo
2114 3640 2471 3694 redimendus
2492 3639 2664 3694 solius
2685 3639 2784 3693 Dei
2816 3641 3086 3694 creatoris
3111 3641 3313 3712 egebat
3355 3642 3517 3697 auxi-

1922 3727 2016 3780 lio.
2042 3729 2236 3797 Neque
2257 3727 2454 3780 subtus
2475 3733 2714 3793 terram;
2741 3729 3005 3797 quoniam
3023 3745 3125 3783 nec
3144 3730 3334 3784 anima
3349 3735 3518 3784 exuta

1926 3831 2177 3886 corpore.
2211 3814 2268 3868 Si
2298 3815 2448 3868 enim
2472 3814 2638 3868 homo
2657 3814 2844 3869 vivens
2874 3815 2931 3868 in
2975 3833 3225 3886 corpore,
3269 3817 3366 3887 qui
3402 3817 3518 3872 uti-

1929 3921 2035 3975 que
2064 3908 2250 3974 potest
2275 3909 2545 3972 tanquam
2575 3902 2800 3955 victima
2821 3903 2984 3967 mori,
3003 3903 3107 3957 hoc
3140 3905 3375 3974 implere
3404 3921 3518 3960 non

1927 3998 2186 4065 poterat;
2221 3997 2430 4063 quanto
2460 3991 2646 4045 minus
2692 3990 2900 4056 anima,
2955 4008 3076 4061 quae
3123 3992 3244 4046 sine
3290 4009 3521 4064 corpore

1926 4099 2072 4136 mori
2101 4080 2475 4135 essentialiter
2510 4081 2630 4150 jam
2684 4095 2796 4133 non
2841 4078 3069 4150 potest?
3108 4081 3216 4135 Sed
3259 4083 3393 4153 quid
3435 4088 3521 4137 est

1928 4172 2075 4242 quod
2097 4170 2256 4224 dicit:
2285 4172 2425 4236 Quia
2447 4185 2605 4222 nemo
2623 4172 2836 4236 poterat
2863 4171 3124 4236 respicere
3149 4171 3520 4226 illum?Nun-

1931 4259 2064 4330 quid
2089 4274 2200 4312 non
2221 4257 2340 4328 ipse
2362 4261 2727 4325 conspexerat
2753 4254 2849 4325 qui
2876 4255 3044 4325 paulo
3065 4262 3194 4311 ante
3209 4257 3390 4313 fassus
3410 4266 3513 4327 est,

1933 4350 2073 4416 Quia
2102 4349 2220 4401 vidi
2249 4348 2457 4400 librum
2481 4347 2544 4398 in
2571 4346 2792 4397 dextera
2820 4346 3051 4398 sedentis
3072 4347 3133 4398 in
3150 4347 3366 4414 throno,
3389 4351 3524 4403 scri-

1922 4443 2084 4505 ptum
2115 4439 2270 4489 intus
2300 4440 2348 4487 et
2363 4435 2502 4500 foris
2521 4439 2544 4485 ?
2563 4431 2668 4486 Ubi
2687 4448 2872 4502 quaeso
2893 4433 3048 4486 erat?
3078 4435 3166 4487 An
3181 4434 3323 4490 forte
3339 4453 3521 4508 neque

1928 4527 1987 4580 in
2017 4525 2174 4590 coelo,
2205 4539 2385 4593 neque
2407 4521 2461 4574 in
2493 4526 2662 4585 terra,
2698 4537 2878 4591 neque
2905 4521 3103 4576 subtus
3135 4529 3344 4578 terram
3375 4531 3516 4593 erat,

1928 4614 2150 4686 quando
2171 4628 2297 4666 eum
2315 4610 2454 4664 vidit
2474 4610 2497 4662 ?
2516 4609 2673 4663 Unde
2702 4608 2946 4680 perfecto
2977 4610 3115 4664 mihi
3161 4612 3383 4667 videtur
3431 4630 3520 4668 re-

1926 4707 2126 4772 spicere
2140 4702 2243 4755 hoc
2263 4701 2380 4754 loco
2402 4714 2501 4769 pro
2523 4699 2968 4766 comprehendere
2982 4698 3203 4753 dixisse.
3224 4702 3361 4765 Quis
3371 4703 3523 4757 enim

1928 4791 2118 4862 capiat
2143 4809 2154 4856 ;
2191 4787 2469 4859 quomodo
2499 4786 2822 4840 incarnatus
2859 4787 2933 4841 sit
2959 4787 3080 4842 sine
3108 4790 3323 4844 semine
3351 4791 3522 4857 Deus,

1931 4879 2209 4952 quomodo
2239 4877 2433 4931 clauso
2458 4875 2658 4929 exierit
2690 4881 2870 4940 utero,
2920 4877 3200 4946 quomodo
3245 4879 3520 4954 Dominus

1928 4968 2118 5040 gloria;
2166 4966 2547 5035 cruciﬁgatur,
2602 4980 2728 5017 cum
2773 4964 2924 5018 solus
2979 4965 3147 5019 homo
3200 4968 3523 5023 moriatur?

1932 5060 2003 5112 Et
2032 5057 2249 5126 reliqua
2279 5053 2470 5108 omnia
2511 5069 2631 5123 quas
2669 5053 2738 5106 de
2779 5053 3002 5106 Christo
3048 5053 3352 5111 ineffabilia
3391 5075 3523 5112 nar-

1933 5146 2170 5201 rantur?
2207 5143 2349 5197 Hinc
2394 5147 2482 5196 est
2522 5141 2669 5211 quod
2719 5143 3004 5211 apostolus
3055 5143 3524 5216 incomprehensi-

1931 5235 2072 5289 biles
2103 5233 2324 5287 divitias
2374 5230 2581 5285 Christi
2627 5229 2888 5299 gentibus
2930 5231 3232 5300 praedicare
3281 5252 3342 5289 se
3389 5237 3526 5292 dicit

1938 5325 2166 5394 ((Ephes.
2205 5335 2284 5387 ιιι,
2309 5321 2382 5388 8).
2417 5320 2493 5372 Ex
2525 5335 2634 5388 quo
2655 5318 2831 5388 liquet
2850 5319 2982 5390 quia
3008 5337 3119 5375 non
3148 5323 3328 5378 solum
3359 5343 3524 5399 nemo

1937 5411 2269 5481 angelorum
2297 5409 2381 5460 vel
2410 5407 2703 5461 hominum
2733 5407 2938 5462 librum
2963 5411 3182 5480 aperire
3201 5415 3403 5483 potuit;
3432 5434 3527 5469 ve-

242 5526 469 5565 remur.
502 5510 600 5564 Isti
623 5514 762 5564 sunt
791 5508 962 5579 igitur
998 5507 1229 5581 spiritus
1256 5505 1313 5560 in
1340 5507 1553 5575 septem
1595 5504 1724 5559 ﬁliis
1751 5504 1856 5558 Job
1940 5519 2066 5558 rum
2097 5499 2265 5554 etiam
2293 5515 2394 5552 nec
2423 5495 2721 5567 respicere,
2753 5497 2898 5552 sicut
2941 5498 2998 5552 in
3038 5500 3138 5556 Dei
3188 5500 3333 5558 Filio
3376 5523 3528 5561 com-

539 5609 810 5672 ΡΛτιιοι..
841 5605 1024 5672 CXX.

3251 5606 3291 5665 2
