3966 6206
427 242 498 302 43
1182 239 1240 295 S.
1280 234 1659 293 PASCl-IASII
1698 232 2059 291 RADBERTI
2095 232 2400 289 ABBATIS
2439 232 2939 292 CORBEIENSIS.
3624 240 3695 298 44

423 365 579 437 pleta
605 367 739 420 sunt
775 362 982 419 omnia.
1032 361 1178 427 Quia
1222 359 1329 417 etsi
1374 360 1728 417 revelandam
1774 376 1809 413 a
1853 358 2016 428 longe
2035 359 2222 418 Anos.
2254 358 2388 421 Quae
2411 359 2458 413 si
2482 359 2728 429 profecto
2754 360 2996 416 Faustus
3011 358 3353 416 Manichaeus
3387 362 3529 418 scire
3563 365 3693 436 qui-

423 452 634 508 Christi
651 451 1128 523 dispensationem
1154 449 1460 523 przevidere
1477 451 1770 520 poterant;
1792 462 1904 500 non
1933 451 2016 499 ta-
2099 446 2287 514 visset,
2345 462 2699 519 nequaquam
2746 448 3147 519 Genealogiam
3200 450 3410 505 Christi
3453 452 3691 509 Genesi-

423 556 556 597 men
584 541 656 595 ad
683 541 979 613 liquidum,
1010 546 1076 595 ut
1104 545 1300 611 postea
1342 544 1475 593 sunt
1521 536 1771 607 impleta,
1822 550 2018 589 eorum
2102 536 2257 590 dium
2276 537 2628 607 appellasset,
2645 553 2828 607 neque
2839 542 3035 593 natum
3048 537 3334 594 Christum
3345 541 3575 596 omnino
3594 558 3692 597 ne—

424 630 703 703 quispiam
724 630 910 702 potuit
934 629 1162 684 intueri.
1197 628 1325 692 Sed,
1354 627 1484 697 quia
1513 626 1572 679 in
1602 624 1824 679 Christo
1844 623 2016 678 fuisse
2097 631 2303 695 gasset.
2324 625 2466 678 Hinc
2483 626 2773 692 Dominus,
2793 627 2853 681 in
2868 625 3193 697 Evangelia,
3220 628 3292 683 ad
3313 628 3541 684 Patrem
3568 631 3652 684 ait
3675 649 3688 684 :

420 720 540 774 haec
568 719 802 791 impleta
828 716 1407 781 commemoravimus,
1448 728 1617 784 super
1645 729 1813 784 quem
1856 712 2017 783 spiri-
2099 713 2366 781 Conﬁteor
2395 715 2513 779 tibi,
2557 716 2736 780 Pater,
2785 718 3016 769 Domine
3052 719 3171 772 cali
3211 733 3277 772 ac
3320 723 3497 786 terra,
3552 722 3689 789 quia

421 814 545 864 tum
575 806 865 879 sapientiae
895 813 952 861 et
998 806 1332 869 intellectus,
1386 802 1647 874 spiritum
1686 801 1901 856 consilii
1957 806 2016 855 et

420 895 786 961 fortitudinis,
818 895 1076 968 spiritum
1106 892 1351 947 scientiae
1381 897 1438 946 et
1464 890 1707 962 pietatis,
1742 906 1807 944 ac
1846 889 2011 961 spiri-

420 990 545 1040 tum
573 985 792 1040 timoris
833 982 1173 1054 requievisse
1214 980 1572 1051 cognovimus
1604 998 1615 1032 :
1666 979 1913 1050 profecto
1956 983 2013 1032 et

417 1073 479 1129 in
497 1072 759 1139 Ecclesia,
785 1071 945 1143 quasi
968 1071 1027 1125 in
1042 1086 1155 1125 uno
1180 1086 1428 1139 corpore,
1456 1066 1711 1122 videlicet
1728 1067 1785 1121 in
1806 1082 2010 1138 sponso

418 1165 706 1233 etsponsa,
720 1160 781 1215 in
790 1159 910 1214 viro
930 1164 1099 1230 atque
1108 1162 1304 1229 nupta,
1316 1156 1657 1227 requievisse
1668 1155 1898 1209 minime
1909 1156 2011 1209 du-

413 1248 678 1306 bitemus.
694 1248 805 1304 Sed
824 1246 1184 1302 excellentius
1194 1246 1254 1299 in
1263 1245 1463 1316 capite,
1479 1261 1647 1316 quam
1664 1245 1724 1298 in
1737 1243 2007 1299 membris

412 1336 681 1393 claruisse
699 1336 975 1392 novimus.
1007 1335 1149 1391 Sunt
1179 1334 1330 1388 enim
1352 1348 1453 1405 per
1484 1349 1614 1388 eum
1639 1334 1754 1388 hinc
1804 1337 1924 1399 lo
1945 1332 2005 1386 in

411 1424 573 1482 nobis
586 1425 751 1481 dona.
776 1424 885 1481 Sed
896 1423 1150 1495 nunquid
1161 1428 1279 1477 tam
1295 1422 1643 1493 amplissima
1656 1426 1720 1477 ut
1736 1421 1797 1475 in
1816 1421 2005 1475 Domi-

411 1530 485 1570 no
497 1514 1066 1587 patuerunt?Constat
1076 1511 1342 1566 nimirum
1355 1511 1489 1582 quia
1497 1527 1564 1565 ex
1574 1525 1639 1565 eo
1651 1510 2003 1581 percepimus

413 1604 614 1676 quibus
628 1602 810 1675 gratis
832 1619 897 1659 eo
933 1601 1152 1657 favente
1174 1600 1517 1672 proﬁcimus.
1550 1599 1660 1654 Sed
1703 1599 1843 1653 alias
1891 1598 2003 1652 ista

2094 803 2427 856 abscondisti
2449 819 2510 855 ea
2535 820 2571 857 a
2598 805 2937 872 sapientibus
2964 810 3014 858 et
3042 806 3431 873 prudentibus,
3462 812 3513 861 et
3534 824 3686 863 reue-

2096 893 2225 943 lasti
2253 907 2315 944 ea
2334 894 2589 960 parvulis
2614 893 2825 961 (Matth.
2872 907 2946 958 ιι,
2979 890 3092 963 25).
3134 894 3277 949 Hinc
3316 912 3514 951 rursus
3546 912 3685 968 apo-

2093 978 2251 1033 stolis
2280 979 2394 1034 ait:
2446 981 2594 1034 Vobis
2622 982 2819 1036 datum
2837 987 2913 1036 cst
2942 998 3091 1036 nosse
3106 987 3456 1051 mysterium,
3479 989 3687 1040 caeteris

2091 1071 2276 1119 autem
2307 1069 2372 1121 in
2395 1069 2675 1136 parabolis
2706 1070 2853 1137 (Luc.
2885 1084 2999 1135 vnt,
3031 1067 3143 1137 10).
3178 1070 3338 1134 Quod
3367 1072 3413 1125 si
3434 1073 3683 1143 profecto

2090 1153 2221 1209 huic
2241 1170 2403 1211 nosse
2423 1156 2619 1210 datum
2651 1161 2816 1222 esset,
2858 1174 3149 1229 nunquam
3187 1159 3269 1213 sic
3314 1159 3502 1215 ebrius
3544 1162 3687 1216 talia

2088 1243 2392 1298 vomuisset
2410 1244 2693 1299 ?Nescivit
2707 1246 2855 1300 enim
2871 1246 3059 1312 miser,
3079 1246 3212 1317 quia
3229 1263 3341 1302 non
3368 1249 3677 1305 Manichmo

2087 1331 2337 1402 praestita
2353 1337 2439 1386 est
2454 1334 2816 1404 Apocalypsis
2856 1334 3161 1404 Evangelii,
3204 1335 3303 1390 sed
3339 1337 3473 1391 Jesu
3520 1337 3679 1392 Chri-

2086 1424 2192 1485 sto,
2227 1435 2394 1491 quam
2411 1421 2566 1475 dedit
2582 1421 2664 1475 illi
2685 1422 2835 1476 Deus
2862 1424 3049 1495 palam
3076 1423 3277 1484 facere.
3304 1440 3418 1479 non
3437 1425 3681 1496 philoso-

2085 1508 2229 1578 phis,
2287 1525 2469 1579 neque
2497 1510 2756 1565 humanm
2801 1511 3089 1582 sapientiae
3127 1512 3352 1578 deditis,
3415 1529 3530 1569 non
3579 1516 3676 1569 Ju-

2084 1596 2217 1652 dmis
2235 1598 2296 1653 in
2324 1599 2446 1669 lege
2460 1599 2852 1669 gloriantibus,
2870 1617 2984 1655 non
2998 1600 3166 1655 variis
3185 1601 3568 1658 doctrinarum
3589 1620 3680 1658 oc-

410 1664 690 1768 δη)ιίωῆ
710 1691 996 1749 debemus.
1015 1664 1267 1746 Nunc-de
1285 1688 1526 1755 Christo,
1558 1688 1707 1759 quod
1718 1664 2065 1742 summumB
2084 1688 2300 1757 cupatis
2328 1664 2629 1754 erroribus,
2661 1664 2847 1760 neque
2868 1690 2955 1744 his
2984 1690 3080 1761 qui
3103 1690 3172 1744 de
3207 1696 3377 1761 gente
3421 1692 3679 1748 tenebra-

407 1781 617 1839 bonum
653 1779 932 1836 nascendo
973 1778 1248 1845 intulerit,
1301 1783 1360 1833 et
1405 1777 1623 1848 reliqua
1662 1776 2001 1847 perﬁciendo

408 1870 897 1936 consummaverit,
921 1867 1202 1940 copiosius
1218 1867 1589 1937 gratulemur.
1606 1864 1748 1919 Hinc
1756 1879 2000 1934 namque

406 1964 600 2017 sancta
625 1960 728 2015 Dei
757 1958 1001 2014 Ecclesia
1021 1957 1172 2011 hunc
1198 1954 1305 2010 sibi
1347 1954 1429 2008 ad:
1457 1953 1697 2008 salutem
1740 1953 1999 2007 sufﬁcere

2082 1791 2210 1832 rum
2239 1776 2501 1843 fuerunt;
2553 1778 2653 1832 sed
2684 1778 2856 1832 servis
2905 1778 3042 1845 suis,
3095 1779 3194 1833 sed
3234 1779 3435 1834 divinae
3478 1781 3678 1850 gratia

2081 1863 2367 1934 subjectis.
2402 1864 2543 1936 Ipsis
2597 1866 2751 1920 enim
2796 1867 3062 1921 revelatio
3105 1867 3345 1922 cmlestis
3394 1868 3679 1940 Evangelii

2081 1952 2432 2008 manifestius
2461 1954 2734 2024 aperitur.
2761 1955 3046 2010 Nimirum
3082 1960 3148 2010 ut
3171 1956 3420 2012 videntes
3459 1973 3573 2012 non
3598 1958 3678 2013 vi-

403 2049 601 2116 credit,
622 2047 730 2103 hoc
748 2062 1030 2104 summum
1051 2061 1173 2101 esse
1193 2042 1555 2114 Evangelium
1576 2046 1835 2113 patenter
1858 2056 1997 2095 cun-
2079 2040 2267 2107 deant,
2303 2047 2361 2095 et
2383 2042 2758 2113 intelligentes
2786 2060 2899 2099 non
2933 2045 3273 2115 intelligant,
3305 2049 3363 2099 et
3390 2045 3488 2115 qui
3514 2051 3680 2101 erant

400 2137 507 2194 etis
534 2136 819 2209 praedicat.
851 2136 999 2191 Nam
1028 2138 1086 2189 et
1103 2133 1357 2189 omnium
1385 2130 1836 2187 Christianorum
1866 2145 1996 2200 spes
2077 2130 2319 2185 humiles
2348 2130 2418 2185 de
2446 2131 2692 2186 tenebris
2712 2139 3001 2187 eruantur.
3021 2134 3151 2187 Haec
3172 2134 3255 2188 ita
3279 2133 3556 2189 duntaxat
3601 2135 3675 2189 ad

400 2225 463 2283 in
483 2226 572 2281 his
590 2225 800 2301 pendet
813 2222 1158 2287 muneribus,
1184 2227 1242 2277 et
1253 2220 1498 2275 Charitas
1514 2219 1785 2273 dilatatur
1803 2223 1861 2272 et
1877 2233 1993 2272 cre-
2074 2218 2179 2272 hoc
2205 2218 2487 2274 sufﬁciant
2512 2220 2681 2287 dicta,
2722 2222 2871 2293 quod
2898 2238 3028 2277 vere
3072 2222 3413 2293 Genealogia
3457 2223 3668 2279 Christi

400 2314 522 2382 scit,
546 2313 595 2369 si
626 2330 736 2387 quo
765 2312 932 2368 modo
966 2311 1266 2383 diligamus
1303 2325 1435 2365 eum
1477 2308 1573 2380 qui
1601 2307 1756 2378 prior
1798 2306 1993 2361 dilexit
2072 2306 2298 2362 initium
2326 2306 2401 2361 sit
2424 2308 2737 2379 Evangelii.

1509 2485 1918 2580 LIBER
2000 2484 2535 2583 PRIMUS.

462 2707 593 2765 CAP.
615 2707 661 2765 Ι.
686 2706 863 2771 Liber,
888 2703 1074 2777 inquit
1090 2701 1407 2768 Matthzeus,
1461 2699 1833 2769 generationis
1860 2696 1989 2752 Jesu
2071 2697 2214 2752 liber
2234 2698 2384 2772 apud
2405 2699 2625 2755 Griecos
2646 2698 2833 2755 Biblos
2856 2700 3137 2756 Geneseos
3171 2699 3375 2771 [Βίϐλος
3399 2700 3661 2775 γενέσεως]

390 2797 601 2852 Christi
612 2794 923 2864 ﬁliiDavid,
939 2794 1049 2861 ﬁlii
1059 2790 1361 2849 Abraham.
1383 2790 1497 2845 Cur
1506 2793 1697 2843 autem
1707 2786 1807 2841 tali
1820 2802 1973 2839 exor-
2002 2778 2046 2838 C
2065 2786 2228 2841 titulo
2258 2794 2621 2860 praenotatur.
2641 2788 2903 2853 Quamvis
2922 2795 2980 2845 et
2994 2790 3085 2843 hic
3105 2806 3218 2844 non
3237 2789 3521 2844 immerito
3538 2790 3663 2844 caeli

388 2883 573 2942 suasit
590 2882 881 2957 prommio,
898 2896 1012 2939 non
1024 2880 1124 2937 abs
1152 2896 1213 2934 re
1237 2879 1447 2934 factum
1473 2876 1773 2931 credimus.
1810 2874 1982 2929 Futu-
2064 2890 2129 2928 ac
2158 2880 2325 2930 terra:
2348 2877 2635 2947 generatio
2662 2877 2857 2932 inferri
2886 2878 3090 2949 possit;
3135 2877 3268 2949 quia
3315 2877 3571 2932 videlicet
3601 2878 3662 2932 in

386 2988 517 3029 rum
533 2972 685 3028 enim
701 2971 938 3028 forsitan
951 2970 1102 3025 hunc
1128 2968 1399 3023 Faustum
1412 2968 1663 3028 noverat,
1682 2963 1775 3035 qui
1790 2962 1981 3017 Testa-
2065 2961 2286 3017 Christo
2312 2981 2440 3018 cum
2464 2965 2538 3019 sit
2558 2966 2707 3020 Deus
2724 2970 2780 3020 et
2799 2965 2985 3037 homo,
3010 2973 3251 3038 utraque
3266 2972 3471 3021 natura
3494 2965 3662 3021 veris-

385 3064 643 3117 mentum
670 3060 847 3116 Vetus
861 3074 974 3113 non
998 3057 1306 3128 reciperet:
1343 3060 1400 3108 et
1418 3054 1543 3108 ideo
1582 3052 1684 3107 tali
1716 3068 1850 3106 usus
1894 3054 1980 3105 est
2061 3051 2201 3107 sime
2226 3054 2732 3126 comprehenditur.
2757 3054 2916 3112 Unde
2932 3061 2989 3110 et
3015 3056 3044 3110 J
3050 3072 3148 3111 esu
3171 3055 3379 3111 Christi
3399 3055 3503 3111 sub
3524 3056 3660 3110 duo-

385 3148 763 3222 principio,ut
780 3164 846 3204 ex
862 3163 928 3203 eo
942 3147 1092 3202 hunc
1115 3144 1379 3200 continuo
1413 3147 1454 3208 ι
1475 3147 1524 3209 τ
1546 3141 1888 3212 repercutiet
1915 3156 1979 3194 ac
2060 3140 2164 3195 bus
2195 3142 2515 3198 nominibus
2545 3148 2673 3215 apte
2703 3144 2903 3200 titulus
2932 3144 3272 3212 inscribitur,
3325 3148 3390 3199 ut
3431 3161 3534 3216 per
3570 3160 3656 3198 re-

384 3238 736 3298 condemnet.
760 3238 908 3293 Nam
936 3235 1078 3291 liber
1105 3232 1366 3307 principii
1395 3229 1608 3285 Veteris
1631 3229 1978 3285 Testamenti
2058 3229 2211 3301 giam
2245 3236 2301 3284 et
2320 3232 2721 3287 sacerdotalem
2741 3250 3058 3305 personam,
3086 3234 3188 3288 Dei
3210 3239 3266 3289 et
3287 3234 3529 3288 hominis
3559 3249 3659 3287 na-

385 3327 668 3386 Geneseos
686 3325 929 3398 denique
963 3341 1035 3380 ex
1077 3322 1237 3379 initio
1281 3320 1580 3376 voluminis
1623 3317 1974 3391 appellatur;
2059 3323 2189 3374 tura
2214 3321 2372 3391 quasi
2401 3321 2459 3375 in
2485 3322 2667 3377 fronte
2696 3323 2843 3377 illico
2891 3323 3236 3396 designetur.
3286 3324 3419 3378 Jesu
3464 3328 3655 3378 autem

385 3416 520 3491 quia
543 3416 603 3473 in
652 3432 740 3484 eo,
788 3413 1096 3471 secundum
1135 3416 1388 3466 nostram
1434 3407 1973 3481 interpretationem,
2059 3406 2163 3462 sub
2190 3409 2372 3480 ﬁgura
2400 3411 2641 3465 nominis
2666 3410 2724 3464 in
2753 3412 2863 3466 alio
2886 3413 3007 3484 jam
3036 3412 3336 3485 praecessit.
3369 3412 3477 3466 Sed
3504 3411 3654 3484 quod

382 3505 655 3578 scriptum
678 3504 954 3575 legimus:
997 3503 1100 3559 Hic
1140 3506 1214 3556 est
1264 3502 1402 3555 liber
1442 3500 1815 3568 generationis
1851 3497 1978 3552 Ade:
2057 3495 2152 3551 ille
2177 3497 2363 3569 typice
2396 3506 2622 3554 vocatus
2653 3504 2755 3568 est,
2801 3500 2891 3554 hic
2932 3501 3162 3555 tandem
3209 3501 3654 3556 substantialiter

385 3594 536 3661 (Gen.
568 3592 712 3665 v,l).
747 3592 817 3648 Et
843 3590 1001 3659 illud,
1029 3593 1149 3646 Ista
1165 3590 1541 3659 generationes
1561 3588 1678 3642 cwli
1702 3600 1766 3639 ac
1797 3590 1972 3650 terres,
2058 3585 2401 3657 designatur.
2455 3588 2731 3643 Caeterum
2770 3588 3025 3644 Christus
3080 3606 3285 3644 nomen
3334 3589 3501 3644 oﬁicii
3540 3593 3647 3655 est,

381 3684 602 3755 quando
630 3686 822 3739 creata
848 3685 979 3736 sunt
1017 3679 1167 3746 (Gen.
1223 3692 1282 3744 II,
1326 3675 1405 3748 4).
1459 3676 1539 3730 Ex
1579 3690 1691 3747 quo
1734 3679 1970 3740 constat,
2057 3691 2169 3730 non
2189 3682 2403 3732 natura;
2428 3694 2524 3746 ;eo
2541 3677 2690 3749 quod
2710 3683 2911 3733 unctus
2928 3677 3003 3732 sit
3027 3695 3139 3749 prae
3161 3678 3517 3733 consortibus
3531 3678 3650 3732 suis

380 3786 714 3844 quocunque
741 3776 933 3826 tamen
962 3767 1147 3834 modo,
1176 3783 1242 3822 ex
1270 3782 1335 3822 eo
1367 3764 1516 3838 quod
1564 3765 1624 3819 in
1662 3762 1971 3835 primordio
2056 3763 2116 3818 in
2142 3765 2535 3832 sacerdotium,
2567 3766 2637 3819 ad
2670 3766 3007 3838 expiandum
3037 3784 3137 3839 pro
3166 3767 3348 3821 nobis.
3374 3768 3436 3822 In
3459 3767 3644 3821 Veteri

379 3859 587 3918 ibidem
612 3858 903 3933 generatio
951 3856 1077 3913 coeli
1121 3872 1187 3911 ac
1231 3861 1396 3911 terra:
1433 3852 1777 3918 inscribitur,
1839 3851 1973 3922 quia
2054 3869 2275 3924 quoque
2289 3854 2665 3921 Testamento,
2690 3854 2820 3927 quia
2849 3854 2907 3909 in
2923 3873 3037 3909 una
3055 3856 3170 3910 haec
3192 3856 3388 3910 eadem
3405 3873 3646 3927 persona

377 3949 509 4008 inde
536 3948 770 4007 Genesis
799 3947 1130 4020 appellatur.
1164 3944 1234 3999 Et
1274 3944 1401 3999 ideo
1451 3942 1682 4014 dignum
1726 3940 1971 4011 profecto
2054 3941 2260 4012 expleri
2277 3959 2388 3996 non
2404 3948 2681 4015 poterant,
2700 3944 2851 3999 venit
2865 3944 3142 3999 mediator
3156 3944 3257 3998 Dei
3277 3951 3335 3999 et
3352 3945 3643 3999 hominum

376 4038 487 4097 fuit
522 4038 664 4095 Novi
703 4034 1050 4093 Testamenti
1092 4032 1338 4098 initium,
1390 4036 1663 4102 quantum
1709 4027 2221 4106 possibilenhomo
2242 4030 2495 4085 Christus
2519 4032 2669 4095 Jesu,
2688 4031 2977 4106 factusque
3014 4031 3174 4088 nobis
3194 4049 3431 4104 regnum
3474 4039 3531 4087 et
3557 4050 3646 4088 sa-

377 4088 739 4192 Quinem“
940 4088 1305 4194 praesignari;
1327 4088 1690 4189 lut‘ejusdem
1709 4088 1861 4173 ‘Novi
1907 4088 2382 4187 achcrdotium,
2417 4125 2481 4174 ut
2506 4120 2577 4174 ad
2613 4088 2826 4176 terram
2858 4088 3101 4177 multum
3146 4088 3354 4194 diuque
3390 4121 3645 4193 patribus

378 4212 597 4269 Veteris
608 4210 953 4269 Testamenti
966 4225 1139 4266 unum
1154 4208 1330 4264 Deum
1349 4213 1632 4263 auctorem
1647 4206 1834 4261 taliter
1849 4222 1974 4277 pro-
2053 4207 2451 4278 repromissam
2490 4210 2633 4265 ﬁlios
2675 4210 3075 4265 introduceret.
3132 4210 3291 4266 Unde
3339 4212 3648 4265 secundum

376 4300 683 4372 mulgando
704 4298 1059 4370 Evangelista
1092 4300 1451 4352 monstraret.
1485 4295 1802 4350 Praesertim
1844 4311 1971 4349 cum
2052 4296 2451 4367 prOprietatem
2482 4299 2725 4353 nominis
2753 4301 2904 4368 Jesu,
2936 4301 3089 4354 velut
3128 4304 3242 4366 l8
3272 4299 3420 4355 Deus
3447 4305 3647 4372 potens

375 4388 529 4447 idem
548 4390 864 4451 Matthteus,
883 4386 1115 4444 Hebraeo
1141 4400 1417 4453 sermone,
1434 4384 1646 4439 eisdem
1666 4383 1761 4455 qui
1777 4400 1847 4437 ex
1864 4384 1971 4438 He-
2052 4390 2137 4439 est
2164 4386 2376 4441 salvare
2406 4388 2695 4442 credentes
2720 4408 2732 4456 ;
2763 4389 3069 4444 secundum
3095 4405 3225 4444 vero
3258 4389 3424 4443 ofﬁcii
3467 4389 3650 4460 digni-

376 4478 542 4537 braeis
560 4478 918 4535 crediderant
934 4475 1248 4549 scripserit:
1273 4480 1339 4530 ut
1354 4473 1503 4547 quod
1521 4472 1733 4531 dudum
1764 4473 1884 4544 jam
1903 4489 1969 4527 ex
2049 4479 2223 4528 tatem
2246 4476 2493 4548 quotidie
2515 4477 2769 4532 Christus
2799 4478 3119 4548 interpellat
3146 4494 3247 4550 pro
3268 4477 3447 4531 nobis.
3466 4479 3647 4549 Igitur

376 4568 893 4640 legeperceperaut,
911 4564 1261 4623 manifestius
1276 4566 1757 4636 recognoscerent,
1774 4566 1830 4616 et
1842 4578 1968 4633 pro-
2048 4564 2328 4620 notandus
2352 4565 2520 4619 etiam
2552 4566 2655 4620 hoc
2684 4566 2742 4619 in
2761 4566 2881 4621 loco
2902 4567 3101 4621 litterae
3129 4569 3334 4635 textus,
3360 4567 3458 4639 qui
3480 4568 3645 4637 juxta

374 4657 579 4715 harent
595 4656 744 4729 quod
760 4672 888 4712 vere
904 4654 1265 4726 Evangelium
1286 4652 1493 4708 Christi
1521 4649 1903 4707 testimonium
1934 4666 1968 4704 a
2050 4653 2323 4711 usitatum
2340 4655 2597 4710 humanae
2622 4655 2918 4710 locutionis
2939 4653 3188 4723 modum,
3222 4655 3407 4709 minus
3431 4655 3641 4711 habere

375 4747 500 4819 lege
527 4744 1113 4817 habeatetprophetis,
1130 4744 1276 4799 sicut
1288 4742 1763 4814 consequenterin
1774 4742 1967 4799 multis
2049 4741 2286 4797 videtur.
2308 4743 2532 4798 Plenior
2560 4744 2711 4799 enim
2727 4760 2922 4799 sensus
2949 4743 3299 4811 redderetur,
3338 4745 3386 4797 si
3429 4760 3642 4816 praepo-

374 4835 752 4894 declarabitur
769 4834 921 4889 locis.
940 4834 1056 4889 Nec
1074 4831 1306 4888 dubium
1324 4831 1429 4886 hoc
1449 4831 1683 4887 innuere
1706 4830 1963 4898 voluisse,
2048 4829 2170 4885 sitis
2199 4830 2439 4887 duarum
2486 4834 2805 4889 orationum
2851 4832 3160 4905 particulis,
3207 4832 3263 4887 id
3309 4838 3395 4887 est
3441 4850 3643 4904 prono-

374 4942 478 4999 per
495 4922 1237 4997 quemcreataetredempta
1257 4925 1391 4974 sunt
1408 4920 1598 4975 omnia
1615 4936 1792 4976 unum
1812 4936 1966 4975 eum-
2048 4919 2216 4974 minis
2247 4938 2311 4975 ac
2337 4919 2508 4988 verbi,
2537 4923 2638 4976 Hic
2665 4928 2739 4976 est
2769 4923 2907 4976 liber
2929 4924 3302 4991 generationis
3335 4922 3635 4979 diceretur.

374 5014 614 5084 demque
642 5012 841 5079 Deum,
872 5015 1112 5081 utraque
1135 5008 1341 5079 pagina
1355 5006 1655 5079 designari.
1677 5007 1961 5079 Alioquin,
2049 5009 2158 5063 Sed
2186 5009 2669 5080 frequentissimus
2691 5010 3008 5066 divinarum
3059 5009 3477 5081 Scripturarum
3518 5028 3639 5065 mos

374 5103 626 5177 quamvis
652 5100 996 5160 consuetudo
1017 5098 1093 5154 sit
1110 5096 1473 5153 Hebraeorum
1509 5114 1573 5151 ex
1600 5096 1764 5152 initio
1809 5096 1965 5152 libris
2047 5103 2215 5153 estut
2242 5098 2302 5152 in
2350 5099 2636 5172 principiis
2677 5098 2950 5153 librorum
2994 5100 3415 5172 praenominatae
3450 5106 3641 5172 partes

372 5209 578 5251 nomen
602 5193 927 5262 imponere;
956 5188 1178 5244 videtur
1204 5185 1441 5241 nimium
1465 5202 1773 5241 consonum
1818 5202 1957 5251 esse,
2045 5187 2361 5242 orationum
2405 5205 2520 5243 non
2563 5194 2999 5260 anteponantur.
3049 5187 3210 5243 Unde
3258 5206 3360 5244 nec
3417 5190 3641 5244 Marcus

371 5289 436 5339 ut
459 5281 751 5352 utriusque
779 5277 1123 5335 Testamenti
1143 5274 1475 5347 principium
1498 5292 1608 5329 uno
1626 5280 1850 5328 vocetur
1864 5290 1961 5327 no-
2043 5274 2155 5329 ait:
2182 5278 2288 5329 [Ioc
2316 5284 2389 5331 cst
2420 5281 2651 5331 initium
2669 5278 2957 5343 Evangelii
2974 5279 3099 5331 Jesu
3123 5278 3346 5345 Christi,
3364 5279 3501 5331 Filii
3516 5281 3635 5347 Dei,
3674 5326 3691 5341 ι

368 5370 539 5426 mine.
572 5371 641 5425 Et
664 5368 972 5424 notandum
1002 5365 1170 5437 quod,
1199 5364 1345 5419 sicut
1372 5364 1507 5418 illud
1536 5363 1842 5418 secundum
1873 5363 1961 5417 lit-
2043 5365 2139 5418 sed
2173 5370 2395 5420 tantum
2422 5385 2433 5419 :
2473 5368 2709 5419 Initium
2731 5366 3021 5436 Evangelii
3082 5367 3200 5421 Hac
3230 5367 3637 5423 consuetudine

368 5469 549 5518 teram
572 5458 786 5515 carnali
813 5456 1009 5513 Israeli
1023 5453 1375 5527 proponitur,
1399 5452 1641 5508 itaistud
1659 5453 1718 5507 in
1735 5452 1957 5507 Christo
2040 5469 2174 5508 usus
2204 5461 2290 5509 est
2317 5455 2510 5523 Isaias,
2553 5471 2665 5509 non
2687 5455 2897 5510 addens
2926 5474 2937 5509 :
2972 5456 3101 5511 Haec
3143 5461 3228 5509 est
3271 5456 3405 5510 visio
3450 5456 3630 5524 Isaiae,

365 5548 608 5624 spiritali
629 5547 909 5620 copiosius
920 5544 1252 5602 destinatur.
1270 5542 1416 5597 Nam
1436 5546 1494 5597 et
1505 5547 1741 5614 uterque
1760 5558 1955 5597 eorum
2039 5541 2137 5598 sed
2176 5543 2539 5615 simpliciter:
2587 5546 2725 5601 Visio
2766 5546 2941 5617 Isaia,
2982 5548 3207 5603 tantum
3250 5542 3469 5617 incipit.
3511 5545 3632 5603 Hac
