3966 6206
301 251 371 312 45

1127 252 1507 312 exposr'rro
1546 254 1625 309 IN
1661 250 2106 311 mnuum.
2149 282 2214 294 -
2254 253 2391 311 LIB.
2432 257 2477 323 1,
2521 240 2677 317 esp.
2720 266 2765 319 ι.

3506 281 3575 340 46

305 394 439 434 usus
468 384 560 435 est
589 382 859 436 Salomon
884 381 945 435 in
971 379 1189 436 duobus
1215 380 1370 435 libris
1398 380 1532 446 suis,
1566 381 1670 435 hac
1711 377 2136 478 utiqueAsiout
2178 379 2281 435 hoc
2325 382 2385 436 in
2434 383 2554 441 loco
2580 386 2833 448 fortassis
2860 410 2927 450 ex
2958 413 3069 468 quo
3092 416 3243 459 nunc
3270 408 3477 478 agitur.
3502 411 3574 467 Et

304 469 600 536 Jeremias,
630 470 737 525 hac
762 471 935 525 etiam
964 469 1045 523 illi
1075 470 1172 541 qui
1201 470 1451 524 Psalmos
1481 469 1659 524 titulis
1689 486 1906 540 praeno-

304 562 517 615 tarunt.
553 559 669 613 Sed
697 564 756 614 et
782 560 1026 614 Joannes
1051 558 1449 629 Apocalypsim
1478 575 1641 612 suam
1664 558 1747 613 ita
1774 558 1909 612 inci-

305 645 419 716 pit:
450 650 813 716 Apocalypsis
837 650 963 702 Jesu
993 648 1284 713 Christi,et
1299 663 1413 701 non
1432 647 1648 701 addidit
1670 648 1777 700 haec
1796 652 1896 703 est.

308 734 463 798 Quod
482 735 748 791 videlicet
765 742 1137 807 agentes,non
1162 737 1343 790 solum
1365 735 1675 791 secundum
1696 735 1907 789 idioma

309 823 624 879 divinarum
637 825 1181 890 litterarum,verum
1201 825 1371 879 etiam
1379 826 1542 895 juxta
1555 823 1907 878 consuetudi-

308 927 431 965 nem
449 914 1099 979 secularium,brevitati
1120 915 1435 978 studentes,
1450 913 1904 968 subauditionem

304 1002 442 1055 tales
470 1004 789 1058 sententias
810 1004 983 1058 etiam
1007 1002 1144 1057 alibi
1163 1002 1370 1057 habere
1400 1000 1904 1057 docuerunt.Verbi

304 1090 502 1159 gratia,
538 1108 671 1145 cum
702 1092 912 1163 legitur
930 1094 1087 1147 Liber
1120 1094 1495 1160 generationis
1529 1094 1655 1145 Jesu
1676 1092 1899 1155 Christi,

305 1177 798 1250 subintelligamus
849 1181 1090 1252 plenius.
1124 1182 1226 1236 Hic
1253 1186 1328 1234 est
1369 1183 1509 1234 liber
1532 1180 1903 1247 generationis

304 1268 424 1322 Jesu
447 1267 682 1322 Christi.
707 1270 824 1324 Cur
844 1275 1033 1324 autem
1051 1268 1432 1340 generationis
1459 1267 1602 1323 liber
1630 1266 1902 1337 singulari

305 1359 529 1410 notetur
546 1373 941 1424 numero,cum
959 1358 1332 1429 quadraginta
1354 1373 1450 1428 per
1463 1357 1718 1411 ordinem
1738 1356 1904 1427 repli-

306 1449 514 1508 centur,
546 1446 693 1500 nulli
728 1447 965 1501 dubium
1004 1448 1137 1517 quia
1164 1446 1330 1501 unius
1360 1451 1582 1500 tantum
1615 1446 1903 1515 generatio

307 1533 574 1603 quaeritur
614 1535 752 1589 Jesu
794 1535 1019 1599 Christi,
1076 1541 1290 1588 caeteras
1331 1551 1461 1588 vero
1499 1539 1728 1605 propter
1759 1533 1904 1587 hanc

307 1621 704 1676 insinuandam
733 1623 806 1677 ad
832 1623 1083 1677 medium
1109 1623 1479 1678 deducuntur.
1506 1623 1575 1676 Et
1591 1638 1705 1676 non
1721 1622 1903 1676 solum

307 1710 357 1763 in
384 1710 687 1781 principio,
722 1712 823 1766 sed
853 1713 1025 1766 etiam
1055 1728 1234 1782 usque
1265 1712 1325 1765 in
1354 1712 1524 1765 ﬁnem
1564 1711 1691 1765 libri
1720 1716 1903 1765 totum

309 1798 402 1852 hoc
428 1798 627 1869 agitur
656 1801 726 1855 de
745 1801 853 1854 hac
870 1801 991 1855 sola
1015 1800 1395 1871 generatione,
1424 1806 1489 1853 ut
1514 1799 1663 1853 idem
1687 1800 1785 1871 qui
1798 1816 1901 1854 na-

306 1892 388 1941 tus
418 1894 503 1941 est
526 1904 633 1959 pro
662 1888 826 1943 nobis
854 1890 1003 1943 Deus
1032 1895 1090 1943 et
1124 1890 1292 1943 homo
1319 1888 1687 1959 intelligatur.
1713 1888 1901 1952 Quaeri

308 1976 467 2030 etiam
494 1982 705 2047 potest,
731 1983 788 2031 et
805 1977 1242 2049 profundissima
1270 1978 1504 2048 quaestio
1532 1977 1769 2043 videtur,
1801 1992 1903 2031 cur

307 2066 598 2121 Mattheus
611 2066 838 2138 publica
856 2082 986 2121 voce
998 2068 1158 2121 Liber
1171 2070 1542 2135 generationis
1553 2069 1681 2121 Jesu
1693 2066 1902 2120 Christi

306 2156 522 2221 die-erit,
584 2171 715 2209 cum
745 2156 919 2210 Isaias
947 2156 1152 2210 clamet
1178 2160 1237 2209 et
1262 2155 1431 2222 dicat,
1481 2156 1900 2211 Generationem

306 2246 409 2312 ejus
427 2247 558 2313 quis
580 2246 1058 2314 enarrabit?(1sa.
1100 2259 1214 2309 LIII,
1239 2244 1272 2299 8
1303 2252 1314 2306 ι
1347 2244 1406 2298 Si
1436 2244 1607 2311 enim,
1646 2246 1771 2313 quis
1797 2258 1901 2314 pro

304 2331 752 2402 impossibilitate
764 2332 857 2393 ibi
887 2333 1176 2404 accipitur,
1203 2333 1482 2403 quomodo
1501 2333 1592 2387 hic
1613 2332 1719 2387 iste
1733 2348 1901 2403 gone-

306 2421 579 2475 rationem
609 2423 733 2491 ejus
759 2437 993 2475 narrare
1022 2421 1129 2476 sibi
1152 2421 1416 2493 possibile
1441 2420 1753 2492 judicavit?
1780 2421 1901 2476 Nisi

306 2510 427 2580 quia
456 2510 543 2563 ibi
598 2510 671 2564 de
697 2510 1080 2581 generatione,
1116 2528 1239 2581 quae
1269 2510 1580 2565 secundum
1618 2510 1902 2565 Divinita-

303 2603 407 2653 tem
437 2603 551 2663 est,
585 2599 802 2654 dictum
830 2604 1124 2670 putamus:
1156 2599 1247 2653 hic
1273 2604 1466 2653 autem
1489 2599 1560 2652 de
1587 2599 1903 2669 generatio-

304 2703 381 2753 ne,
412 2704 594 2759 quam
642 2705 747 2759 pro
789 2688 952 2743 nobis
976 2689 1281 2743 secundum
1308 2688 1596 2742 hominem
1633 2688 1897 2758 suscepit,

304 2793 623 2848 quanquam
641 2783 702 2832 et
729 2778 842 2831 ista
869 2794 1075 2848 magna
1093 2795 1159 2832 ex
1185 2782 1345 2849 parte
1368 2776 1762 2831 inenarrabilis
1774 2792 1901 2831 esse

303 2867 580 2920 credatur.
602 2866 1011 2921 Verumtamen
1040 2867 1140 2921 illa
1177 2882 1277 2938 per
1297 2882 1467 2937 quam
1482 2866 1706 2936 genitus
1728 2871 1813 2920 est
1831 2865 1901 2919 ab

302 2960 523 3020 aeterno,
556 2960 681 3009 tota
708 2955 1010 3010 ineﬂabilis
1058 2962 1114 3009 et
1158 2954 1739 3026 incomprehensibilis
1779 2970 1901 3009 esse

1990 466 2142 569 alibi,
2174 474 2256 569 ut,
2285 473 2348 526 in
2374 474 2603 569 inferiis
2621 483 2747 547 quis
2766 466 3112 552 conﬁtebitur
3140 494 3283 547 tibi?
3304 466 3472 563 ἷρεαι.
3496 514 3571 569 π,

1988 551 2062 652 bl)
2088 556 2361 652 Caeterum
2382 560 2634 652 ubirdicit
2654 586 2666 621 :
2702 571 2834 636 Quis
2852 551 3069 643 sapiens
3080 584 3132 633 et
3142 551 3576 652 intelligitﬁhise;

1991 645 2370 740 (0se._xrv.l0.)
2389 650 2457 704 Et
2476 651 2614 708 inibi
2638 674 2650 709 :
2681 658 2813 724 Quis
2834 664 3009 728 ﬁdelis
3047 672 3122 721 est
3149 645 3494 740 dispensator
3525 682 3578 731 et

1985 736 2248 828 prudens,
2281 753 2443 805 quem
2484 748 2773 800 constituet
2802 751 3071 808 Dominus
3098 736 3262 827 super
3287 763 3577 828 familiam

1986 838 2147 877 suam
2169 831 2194 877 ?
2221 827 2371 895 (Luc.
2394 844 2490 896 xu,
2506 833 2621 903 42.)
2651 836 2769 891 Nec
2786 854 2899 894 non
2920 848 2978 896 et
2995 842 3166 900 illud:
3198 846 3262 902 Si
3289 827 3487 907 autem
3509 856 3574 909 in

2182 921 2485 1010 peccaverit
2512 921 2689 1010 homo,
2719 930 2845 994 quis
2873 933 3058 1008 orabit
3065 949 3170 1001 pro
3189 952 3248 989 eo
3273 943 3298 989 Ρ
3319 938 3369 1007 (Ι
3379 941 3571 1010 Reg.rr,

1986 998 2096 1069 25.)
2130 1001 2196 1055 In
2220 1002 2307 1057 his
2333 1004 2508 1075 igitur
2531 1009 2667 1065 locis
2693 1013 2928 1072 idoneus
2949 998 3258 1091 requiritur
3301 998 3580 1085 interme

1988 1094 2097 1153 tor,
2132 1095 2233 1185 aut
2466 1098 2722 1168 sapiens;
2751 1118 2854 1158 nec
2884 1108 3196 1165 excluditur
3221 1113 3443 1185 aliquis,
3475 1118 3578 1174 sed

1991 1178 2277 1273 quaeritur.
2308 1182 2467 1273 Unde
2506 1185 2552 1238 si
2583 1187 2686 1242 hoc
2713 1190 2852 1259 loco,
2880 1199 3004 1262 quis
3034 1199 3284 1255 raritatis
3310 1178 3477 1273 esset,
3501 1206 3580 1260 vi-

1985 1264 2216 1365 deretur
2240 1271 2651 1365 quodammodo
2680 1282 2913 1349 quaestio
2935 1301 3057 1339 esse
3084 1288 3287 1345 soluta.
3312 1264 3582 1365 Sed,quia

1987 1354 2078 1448 hic
2107 1361 2230 1425 quis
2258 1358 2725 1430 impossibilitatis
2765 1375 2869 1432 est,
2900 1377 2965 1426 ut
3000 1375 3183 1431 verius
3224 1394 3371 1448 reor,
3402 1354 3579 1439 faten-

1986 1443 2120 1498 dum
2169 1449 2317 1518 quod
2360 1450 2467 1504 dici
2516 1469 2645 1507 vere
2675 1457 2868 1526 possit,
2901 1461 3037 1531 quia
3062 1470 3149 1519 est
3175 1443 3478 1526 Filius'Dei
3507 1471 3579 1527 ab

1988 1537 2393 1627 interno‘Patre
2417 1541 2661 1610 genitus,
2703 1545 2784 1600 ita
2822 1553 3013 1604 tamen
3045 1556 3111 1606 ut
3136 1569 3427 1627 nunquam
3454 1560 3578 1615 sine

1987 1619 2108 1717 ipso
2122 1624 2311 1717 fuisse
2339 1626 2508 1717 Pater
2534 1631 2911 1704 intelligatur;
2939 1643 2998 1693 et
3023 1642 3215 1696 omnia
3241 1619 3341 1699 illa
3355 1662 3480 1717 qua
3507 1648 3580 1703 de

1924 1692 1972 1754 Β
1986 1710 2087 1764 Dei
2279 1715 2556 1771 catholica
2579 1692 3052 1792 ﬁdesvconﬁtetur,

1985 1815 2124 1893 esse.
2286 1806 2565 1873 quomodo
2594 1808 2686 1875 sit,
2699 1811 2786 1865 vel
2815 1814 3059 1883 qualiter
3083 1822 3328 1875 aeternus
3354 1801 3582 1893 genitus

1983 1887 2075 1953 sit,
2109 1890 2375 1946 nimirum
2403 1910 2573 1949 sacrae
2590 1898 2898 1955 nativitatis
2923 1918 3211 1974 arcanum,
3235 1924 3340 1963 nec
3357 1887 3582 1982 aposto-

1984 1976 2167 2031 lorum
2193 1980 2471 2072 quispiam
2487 1983 2699 2072 didicit,
2733 2004 2836 2042 nec
2856 1993 3259 2063 prophetarum
3283 1976 3575 2072 com-perit,

1983 2079 2094 2158 nec.
2113 2069 2441 2158 angelorum
2472 2071 2647 2139 scivit,
2679 2089 2860 2146 neque
2878 2085 3136 2135 creatura
3161 2084 3279 2139 ulla
3297 2069 3575 2158 cognovit.

1984 2152 2196 2208 Idcirco
2222 2155 2424 2223 videte,
2439 2159 2487 2213 si
2506 2161 2630 2229 ejus
2648 2162 2912 2220 nativitas
2926 2183 2961 2221 a
2976 2171 3251 2241 propheta
3263 2152 3581 2248 non‘potuit

1984 2247 2112 2337 πρ
2136 2246 2406 2337 enarrari,
2421 2248 2547 2317 quis
2567 2256 2717 2305 recte
2735 2254 2917 2309 valeat
2934 2259 3185 2328 proﬁteri
3202 2278 3264 2317 se
3274 2246 3437 2320 nosse
3445 2282 3582 2337 quo-

1983 2331 2150 2385 modo
2179 2335 2427 2403 potuerit
2454 2353 2489 2390 a
2514 2338 2681 2394 Patre
2709 2342 2884 2398 Filius
2918 2349 3179 2416 generari
3202 2350 3228 2404 'l
3268 2331 3579 2412 Narramus

1982 2417 2175 2491 itaque
2224 2423 2295 2477 de
2344 2440 2410 2479 eo
2453 2442 2518 2480 ac
2563 2429 2850 2486 verissime
2887 2436 3224 2492 conﬁtemur
3251 2442 3518 2511 quoniam
3545 2461 3584 2500 a

1985 2508 2154 2602 Patre
2172 2517 2259 2566 est
2277 2513 2456 2569 Filius
2469 2522 2797 2586 coaeternus,
2816 2522 2914 2576 sed
2938 2527 3220 2594 quomodo
3232 2508 3325 2596 sit,
3355 2531 3580 2602 penitus

1985 2596 2330 2667 ignoramus.
2365 2603 2508 2658 Hinc
2537 2605 2676 2660 illud
2698 2608 2758 2662 in
2784 2609 2928 2665 libro
2945 2612 3076 2672 Job:
3110 2596 3460 2685 Sapientiam
3480 2622 3582 2676 Dei

1984 2688 2171 2741 Patris
2192 2692 2339 2744 unde
2362 2693 2606 2748 invenies
2622 2701 2647 2747 ?
2664 2698 2812 2751 Latet
2831 2702 2981 2755 enim
3006 2704 3075 2755 ab
3095 2707 3268 2759 oculis
3283 2707 3579 2765 hominum

1984 2781 2033 2828 et
2069 2792 2104 2829 a
2136 2780 2454 2835 volucribus
2478 2786 2596 2837 caeli
2621 2784 2878 2840 absconsa
2906 2793 2983 2842 est
3010 2791 3128 2855 (Job
3150 2806 3341 2859 xxvm,
3373 2794 3483 2864 20),
3516 2798 3578 2853 id
3654 2841 3662 2852 .
3706 2787 3729 2810 ’

1985 2868 2089 2929 est,
2114 2865 2286 2920 etiam
2306 2868 2443 2939 ipsis
2471 2871 2686 2941 angelis
2704 2873 3085 2945 incognita.Et
3112 2880 3274 2935 alibi:
3291 2884 3471 2940 Radix
3491 2902 3579 2942 sa-

1976 2954 2204 3042 pientiae
2231 2959 2325 3009 cui
2362 2963 2601 3013 revelata
2633 2966 2748 3016 est?
2796 2964 2959 3031 (Eccl.
2992 2983 3031 3033 1,
3063 2966 3136 3038 6.)
3167 2968 3341 3042 Origo
3368 2972 3578 3032 scilicet

299 3042 587 3113 probatur.
622 3043 747 3098 Nisi
776 3043 915 3097 illud
958 3042 1195 3098 obsistat
1229 3043 1377 3114 quod
1406 3044 1650 3098 Joannes
1678 3043 1793 3097 ait:
1832 3046 1898 3098 In
1921 3039 2109 3109 CFilii
2154 3043 2274 3111 Dei,
2310 3062 2376 3100 eo
2424 3049 2573 3118 quod
2609 3066 2782 3121 super
2810 3054 3141 3124 angelorum
3173 3039 3344 3115 etiam
3373 3061 3580 3120 intelli-

298 3135 577 3201 principio
590 3137 709 3185 erat
733 3133 980 3196 Verbum,
998 3138 1037 3197 ι
1049 3137 1165 3196 θεῖ
1177 3134 1405 3185 Verbum
1424 3137 1543 3185 erat
1552 3133 1894 3200 apudDeum,

299 3224 343 3272 et
358 3221 495 3274 Deus
524 3226 651 3274 erat
684 3221 915 3274 Verbum
939 3221 1115 3291 (Joan.
1141 3222 1202 3288 1).
1228 3220 1373 3289 Ergo
1392 3220 1529 3274 dum
1553 3221 1649 3287 ait,
1665 3223 1733 3274 In
1740 3224 1901 3290 prin-

298 3311 427 3377 cipio
448 3316 581 3363 erat
610 3311 862 3375 Verbum,
894 3309 1143 3363 narravit
1171 3308 1403 3380 aliquid,
1437 3316 1494 3363 et
1521 3326 1649 3364 cum
1682 3310 1899 3364 addidit

298 3397 419 3468 quid
443 3398 558 3453 hoc
578 3396 814 3452 verbum
840 3403 1006 3463 esset,
1035 3403 1093 3453 et
1107 3399 1257 3468 quod
1274 3398 1422 3469 apud
1445 3399 1624 3453 Deum
1647 3400 1893 3465 Patrem,

297 3492 450 3553 esset,
466 3489 600 3558 jam
625 3504 740 3541 non
766 3488 946 3541 solum
969 3487 1183 3558 aliquid
1206 3488 1276 3541 de
1304 3503 1388 3553 eo,
1413 3489 1510 3541 sed
1524 3490 1703 3542 multa
1732 3489 1889 3543 dixit.

297 3574 444 3630 Unde
467 3593 593 3631 non
631 3576 1092 3630 inconvenienter
1127 3592 1262 3630 sane
1290 3570 1582 3647 quaeritur,
1614 3578 1893 3647 quomodo

294 3665 613 3732 ineﬁabilis,
634 3665 682 3719 si
711 3666 868 3720 effari
898 3665 1092 3736 possit,
1126 3671 1276 3720 recte
1305 3665 1525 3719 dicatur
1540 3666 1564 3718 ?
1580 3667 1694 3719 Aut
1713 3666 1761 3720 si
1778 3683 1893 3720 non

294 3756 480 3823 possit,
504 3754 798 3826 quomodo
819 3759 885 3808 ut
908 3754 1233 3825 probamus,
1260 3755 1547 3825 quidpiam
1576 3755 1645 3809 de
1672 3770 1738 3809 eo
1758 3771 1892 3808 nar-

293 3849 442 3898 ratur
460 3843 487 3897 ?
507 3845 667 3899 Nam
687 3849 744 3897 et
763 3847 959 3898 sancta
986 3843 1087 3897 Dei
1116 3844 1361 3897 Ecclesia
1388 3860 1454 3897 ex
1484 3843 1735 3898 omnium
1757 3844 1893 3897 divi-

294 3946 482 3987 narum
513 3932 946 4003 Scripturarum
974 3932 1308 3986 auctoritate
1336 3932 1621 4003 colligens,
1641 3933 1805 4003 plura
1825 3933 1894 3986 de

292 4018 389 4073 hac
415 4022 618 4076 divina
645 4021 940 4076 nativitate
969 4021 1241 4076 catholice
1280 4023 1598 4076 confitetur.
1630 4022 1891 4076 Forsitan

292 4124 415 4178 ergo
434 4111 673 4182 quando
692 4111 902 4165 dictum
924 4110 1447 4176 est,Generationem
1461 4114 1576 4178 ejus
1588 4114 1711 4180 quis
1732 4128 1894 4165 enar-

292 4201 429 4252 mbit
452 4207 476 4253 ?
492 4216 618 4254 non
643 4199 1173 4271 impossibilitatem,
1194 4199 1295 4253 sed
1310 4200 1601 4254 raritatem
1622 4200 1890 4255 narrandi

291 4289 547 4357 ostendit,
580 4289 725 4342 sicut
754 4294 812 4343 et
831 4289 891 4342 in
910 4288 1035 4342 aliis
1062 4289 1481 4360 Scripturarum
1506 4289 1642 4343 locis
1660 4289 1886 4360 legitur.

1978 3130 2229 3199 gentiam
2258 3138 2426 3205 amne
2446 3136 2735 3192 scientiam
2762 3144 2864 3194 est.
2889 3141 3049 3197 Unde
3064 3145 3336 3215 probatur
3348 3151 3578 3208 omnino

1980 3222 2271 3289 generatio
2298 3224 2421 3293 ejus
2447 3228 2753 3282 secundum
2782 3229 3162 3302 Divinitatem,
3196 3253 3261 3290 ex
3287 3243 3407 3294 toto
3427 3240 3579 3312 quod

1979 3308 2274 3365 ineﬁ‘abilis
2318 3316 2421 3366 est.
2473 3314 2683 3370 Idcirco
2713 3317 2783 3371 ad
2829 3335 2953 3374 eam
2986 3338 3109 3393 quas
3148 3325 3311 3395 juxta
3349 3308 3578 3386 carnem

1980 3403 2082 3489 est,
2127 3415 2462 3489 quanquam
2492 3408 2549 3458 et
2589 3404 2710 3476 ipsa
2750 3422 2818 3461 ex
2846 3414 3006 3479 parte
3052 3411 3449 3474 inenarrabilis
3476 3418 3570 3489 sit,

1978 3487 2217 3542 Domino
2234 3490 2473 3559 favente,
2493 3494 2780 3551 veniamus
2793 3540 2806 3555 .

2049 3578 2184 3631 Filii
2228 3580 2423 3647 David,
2473 3585 2583 3648 ﬁlii
2610 3583 2916 3642 Abraham.
2973 3588 3101 3645 Non
3130 3591 3230 3648 abs
3264 3610 3327 3650 re
3358 3594 3570 3653 factum

1977 3666 2225 3721 creditur
2251 3684 2369 3735 cur,
2403 3685 2468 3723 ex
2498 3673 2650 3725 omni
2683 3676 2944 3747 prosapia
2971 3677 3190 3736 Veteris
3202 3682 3568 3755 Testamenti,

1978 3752 2079 3807 hos
2089 3754 2229 3808 duos
2241 3761 2461 3811 tantum
2477 3765 2665 3828 patres
2680 3765 2950 3832 posuerit,
2975 3783 3214 3837 quorum
3226 3772 3377 3828 ﬁlius
3388 3752 3571 3830 solum

1975 3844 2282 3898 secundum
2326 3862 2552 3901 carnem
2579 3850 2835 3905 Christus
2865 3853 3099 3910 dicatur.
3130 3858 3208 3912 Ex
3249 3876 3358 3930 quo
3386 3863 3572 3933 profe-

1980 3935 2067 3984 cto
2099 3931 2276 4002 liquet
2304 3934 2454 4004 quia,
2483 3952 2609 3990 cum
2638 3937 2718 3992 eis
2748 3939 3017 3996 scriberet
3054 3945 3149 4015 qui
3172 3962 3239 4000 ex
3264 3931 3572 4019 lege—Chri-

1977 4027 2127 4075 stum
2148 4034 2420 4078 noverant
2436 4027 2858 4097 repromissum,
2883 4032 3059 4087 voluit
3081 4033 3205 4090 luce
3219 4036 3425 4093 clarius
3444 4056 3573 4112 ape-

1974 4110 2088 4164 rire
2118 4111 2264 4182 quod
2293 4112 2412 4184 ipse
2441 4121 2587 4169 esset
2614 4117 2709 4188 qui
2739 4118 2951 4175 eisdem
2969 4121 3134 4194 longe
3158 4123 3341 4181 fuerat
3365 4127 3462 4183 diu
3479 4110 3571 4185 re-

1972 4200 2302 4270 promissus.
2346 4203 2431 4257 Ad
2475 4204 2577 4259 hos
2615 4206 2827 4262 etenim
2851 4214 3074 4266 tantum
3105 4230 3174 4269 ex
3199 4215 3477 4285 omnibus,
3508 4219 3571 4275 in

1974 4289 2163 4344 Veteri
2192 4291 2548 4348 Testamento
2576 4294 2721 4350 facta
2748 4296 2956 4369 legitur
2982 4304 3362 4375 repromissio,
3386 4313 3451 4362 ut
3472 4309 3569 4381 qui

289 4373 534 4448 Denique
587 4377 764 4432 habes
809 4377 867 4431 in
907 4378 1154 4448 psalmo:
1184 4379 1431 4444 Domine,
1472 4382 1596 4446 quis
1617 4365 2045 4433 habitabz'the
2080 4378 2318 4435 istorum
2365 4383 2577 4438 semine
2603 4365 2859 4442 futurum
2896 4388 3001 4444 sibi
3038 4365 3284 4449 scierant
3313 4365 3567 4453 salvato-

289 4465 348 4516 in
369 4468 732 4521 tabernaculo
760 4472 853 4519 tuo
868 4474 892 4519 ?
910 4471 1009 4520 aut
1029 4469 1154 4535 quis
1174 4470 1545 4535 requiescetin
1557 4473 1739 4522 monte
1764 4485 1891 4523 san-

290 4558 364 4605 cto
405 4561 536 4609 tuo?
560 4558 730 4621 (Psal.
764 4569 881 4621 xrv,
918 4556 990 4620 1).
1027 4556 1153 4610 Non
1181 4556 1333 4610 enim
1358 4556 1493 4610 dicit
1523 4557 1671 4627 quod
1701 4558 1889 4613 nullus

289 4640 583 4711 habitabit,
610 4660 718 4698 nec
739 4644 862 4709 hoc,
893 4644 1041 4715 quod
1069 4661 1235 4699 nemo
1263 4645 1595 4716 requiescat,
1620 4647 1717 4700 sed
1739 4648 1889 4718 quod

292 4745 441 4786 rarus
471 4739 533 4787 et
566 4750 685 4788 non
725 4734 835 4787 nisi
867 4735 1097 4788 electus.
1129 4734 1215 4801 Et,
1252 4739 1316 4788 ut
1355 4735 1498 4789 scias
1541 4736 1645 4789 hoc
1696 4753 1890 4791 verum

291 4835 420 4885 esse,
450 4822 731 4877 continuo
754 4823 954 4877 deﬁnit
974 4823 1154 4893 qualis
1171 4823 1280 4877 loci
1300 4823 1449 4878 illius
1469 4824 1753 4881 habitator
1765 4844 1889 4881 esse

291 4908 498 4964 debeat.
537 4912 610 4966 Et
638 4912 697 4966 in
719 4912 830 4967 alio
859 4912 1075 4983 psalmo
1100 4914 1262 4979 :Quis
1290 4916 1541 4968 ascendet
1570 4918 1632 4969 in
1650 4922 1888 4971 montem

289 4998 509 5053 Domini
526 5008 553 5054 ?
580 5007 683 5054 aut
703 5004 827 5071 quis
848 5004 1011 5056 stabit
1032 5005 1096 5056 in
1124 5007 1307 5056 monte
1327 5010 1514 5057 sancto
1535 5008 1684 5073 eius?
1701 5007 1885 5075 (Psal.

291 5100 440 5154 nm,
466 5087 547 5159 3.)
576 5090 657 5144 Ut
684 5090 760 5145 sit
785 5107 1003 5157 sensus,
1034 5106 1147 5145 non
1177 5091 1495 5162 quicunque
1523 5093 1592 5147 de
1620 5095 1784 5165 vulgo
1803 5096 1889 5150 vel

289 5175 459 5243 plebe,
511 5179 621 5232 sed
674 5181 802 5235 vita
880 5180 1137 5251 egregiae,
1205 5181 1622 5253 singularisque
1679 5185 1885 5239 meriti.

290 5261 743 5340 Quotiescunque
773 5271 897 5339 quis
946 5269 1154 5324 dicitur
1192 5270 1251 5324 in
1282 5270 1482 5325 divinis
1523 5271 1747 5336 litteris,
1778 5291 1890 5329 non

291 5358 494 5421 nullus,
523 5358 633 5411 sed
662 5362 870 5428 aliquis
889 5359 1174 5414 interdum
1203 5361 1569 5431 signiﬁcatur.
1597 5363 1887 5418 Interdum

292 5446 490 5511 autem,
516 5446 1042 5517 impossibilitatem
1081 5450 1363 5505 ostendit:
1397 5451 1542 5506 sicut
1576 5451 1733 5519 illud,
1764 5457 1888 5522 quis

290 5534 498 5591 audivit
529 5552 796 5608 unquam
825 5541 951 5609 tate,
990 5543 1091 5596 aut
1111 5543 1237 5610 quis
1271 5541 1416 5597 vidit
1432 5540 1562 5597 huic
1581 5544 1764 5598 simile
1778 5549 1803 5598 7
1819 5543 1890 5599 Et

1973 4484 2115 4533 rem,
2148 4469 2378 4525 liberius
2400 4473 2730 4543 reciperent,
2757 4492 2884 4532 cum
2912 4478 3183 4537 vidissent
3199 4483 3259 4538 in
3280 4501 3411 4540 eum
3431 4503 3569 4543 con-

1972 4574 2113 4613 sona
2129 4572 2264 4613 voce
2288 4560 2430 4630 legis
2451 4566 2507 4615 et
2527 4565 2929 4635 prophetarum
2958 4569 3149 4625 omnia
3172 4573 3434 4629 vaticinia
3464 4577 3566 4632 ad-

1970 4646 2212 4736 impleri.
2233 4650 2378 4703 Nam
2403 4650 2645 4708 Abrahze
2660 4670 2762 4725 per
2779 4657 3141 4730 semetipsum
3155 4661 3325 4729 Deus,
3344 4666 3567 4736 quando

1971 4735 2153 4790 ﬁlium
2174 4755 2337 4793 suum
2368 4738 2592 4809 obtulit,
2612 4744 2787 4813 jurat,
2809 4745 3029 4802 dicens:
3058 4751 3164 4803 Per
3181 4735 3566 4823 memetipsum

1962 4829 2163 4895 juravi
2171 4831 2303 4897 quia
2325 4830 2505 4896 fecisti
2520 4847 2636 4885 rem
2658 4834 2818 4900 hanc,
2834 4842 2883 4890 et
2909 4852 3022 4891 non
3036 4844 3330 4907 pepercisti
3338 4844 3456 4908 ﬁlio
3469 4849 3560 4899 tuo

1973 4916 2283 4971 benedicam
2307 4921 2425 4986 tibi,
2451 4926 2499 4973 et
2514 4925 3085 4991 multiplicabosemen
3107 4933 3269 4984 tuum
3287 4933 3431 4987 sicut
3442 4937 3563 4988 stel-

1974 5009 2054 5059 las
2083 5009 2216 5073 costi,
2233 5012 2281 5060 et
2309 5012 2700 5065 velutarenam
2735 5028 2853 5082 quae
2876 5019 2953 5069 est
2978 5018 3044 5071 in
3072 5020 3255 5074 littore
3270 5023 3464 5076 maris.
3502 5023 3570 5077 Et

1966 5097 2257 5163 possidebit
2270 5111 2450 5152 semen
2470 5104 2631 5154 tuum
2638 5108 2829 5169 portas
2845 5107 3211 5162 inimicorum
3237 5125 3491 5178 suorum;
3516 5118 3566 5166 et

1975 5185 2360 5240 benedicentur
2387 5190 2451 5241 in
2479 5192 2682 5243 semine
2699 5196 2792 5245 tuo
2822 5208 3007 5248 omnes
3026 5201 3207 5262 gentes
3239 5202 3561 5269 terru,quia

1974 5274 2198 5327 obedisti
2218 5278 2335 5329 voci
2350 5292 2475 5331 mea:
2492 5278 2644 5347 (Gen.
2665 5294 2799 5341 xxrr,
2832 5281 3129 5347 16LQuem
3146 5285 3329 5342 locum
3360 5288 3568 5345 Paulus

1972 5364 2259 5434 apostolus
2288 5365 2368 5419 ita
2386 5366 2641 5423 edisserit
2652 5369 2859 5425 dicens:
2882 5372 3114 5428 Abrahae
3132 5376 3287 5431 dictae
3296 5384 3430 5433 sunt
3442 5395 3573 5449 pro-

1970 5454 2254 5508 missiones
2272 5460 2321 5508 et
2336 5459 2539 5510 semini
2552 5461 2684 5527 ejus.
2703 5460 2825 5515 Non
2836 5463 2986 5516 enim
3007 5464 3161 5533 dicit;
3186 5469 3565 5535 etseminibus,

1969 5540 2175 5614 inquit,
2198 5548 2361 5613 quasi
2377 5548 2441 5602 in
2456 5550 2670 5618 multis,
2702 5551 2795 5605 sed
2807 5553 2974 5621 quasi
2988 5555 3055 5610 in
3091 5569 3232 5611 uno:
3262 5559 3315 5609 et
3360 5556 3565 5611 semini
