3966 6206
373 237 442 291 47
1142 234 1199 287 S.
1240 230 2015 317 PASCHASIIPADBERTI
2051 226 2354 283 ABBATIS
2393 230 2882 288 CORBEIENSIS.
3560 232 3625 286 48

371 366 482 414 tuo.
503 360 648 429 quod
667 362 742 411 est
767 358 1016 412 Christus
1034 358 1176 428 (Gal.
1198 356 1435 425 v,l6).In
1462 373 1570 426 quo
1590 355 1852 408 nimirum
1877 356 2021 413 se-A
2041 352 2207 405 beata
2232 352 2404 421 Virgo
2443 354 2621 409 Maria
2645 356 2832 410 canit:
2854 408 2861 415 ,
2884 358 3209 412 Recordatus
3237 356 3627 409 misericordia

369 448 539 514 mine,
562 448 619 501 id
639 447 799 501 estin
812 447 1049 512 Christo,
1078 445 1477 499 benedicentur
1505 460 1697 497 omnes
1719 447 1915 511 gentes
1938 459 1950 493 :

367 542 433 590 ut
458 536 608 591 idem
632 535 917 589 Abraham
951 551 1048 605 per
1074 534 1521 588 immutationem
1559 530 1819 593 nominis,
1861 529 1957 600 qui

367 629 491 678 erat
522 624 685 677 Pater
712 624 978 686 excelsus,
1002 623 1162 675 fieret
1182 627 1341 691 pater
1360 620 1660 672 multarum
1679 618 1952 687 gentium.

366 712 493 766 Non
549 711 699 782 quod
755 710 1143 781 interpretatio
1172 708 1412 762 nominis
1446 708 1546 760 hoc
1574 712 1756 760 totum
1786 705 1960 759 conti—

365 805 531 867 neat;
558 801 656 855 sed
689 801 821 870 quia
834 797 1073 870 Spiritus
1096 804 1321 851 sanctus
1352 812 1452 866 per
1471 797 1702 866 Moysen
1721 793 1958 847 subden-

365 889 437 942 do
467 892 719 957 gentium
739 888 915 941 voluit
941 885 1299 955 subintelligi.
1334 885 1502 937 Pater
1530 890 1720 937 autem
1750 883 1956 935 multa-

365 994 492 1031 rum
519 977 775 1047 gentium
802 991 910 1028 non
938 974 1164 1027 aliunde
1202 989 1371 1043 quam
1413 989 1514 1043 per
1548 972 1851 1035 Christum,
1887 971 1956 1023 de

367 1082 476 1137 quo
506 1065 681 1119 David
710 1064 861 1118 canit
881 1064 1045 1132 juxta
1072 1061 1411 1132 promissum
1437 1061 1604 1129 hujus
1624 1059 1752 1113 loci:
1778 1060 1840 1113 Et
1870 1060 1955 1111 be-

363 1156 686 1209 nedicentur
723 1155 787 1206 in
816 1154 931 1219 ipso
961 1167 1145 1203 omnes
1177 1151 1352 1202 tribus
1392 1154 1567 1213 terra,
1609 1164 1790 1200 omnes
1833 1153 1943 1212 τι

359 1248 539 1311 gentes
569 1240 1009 1309 magniﬁeabunt
1037 1254 1163 1291 eum
1189 1237 1355 1305 (Psal.
1378 1249 1528 1302 LXXI,
1550 1234 1825 1303 18).Vides
1852 1251 1955 1288 au-

362 1335 477 1384 tem
504 1346 672 1401 quam
702 1344 948 1382 consona
974 1343 1106 1379 voce
1137 1325 1380 1395 Spiritus
1407 1330 1632 1378 sanctus
1659 1324 1841 1377 adhuc
1856 1340 1956 1393 per

357 1418 703 1489 Prophetam
733 1415 1078 1486 repromittit
1127 1413 1575 1468 benedictionem
1617 1412 1869 1465 omnium
1898 1412 1956 1465 in

358 1507 600 1573 Christo,
626 1521 793 1576 quem
815 1505 1027 1557 dudum
1053 1519 1245 1557 semen
1260 1501 1496 1555 Abrahae
1518 1500 1958 1555 nominabat.ld-

2037 458 2164 504 suae,
2180 444 2322 494 sicut
2348 445 2559 495 loculus
2578 449 2651 496 est
2668 446 2741 497 ad
2762 450 2947 512 patres
2968 450 3197 507 nostros,
3218 443 3433 498 scilicet
3456 442 3627 496 Abra-

2039 530 2169 582 ham
2200 535 2248 582 et
2277 534 2482 583 semini
2509 534 2647 598 ejus,
2683 548 2851 600 usque
2899 536 2961 585 in
2990 536 3271 586 saeulum.
3317 531 3501 600 Hujus
3527 531 3627 584 ita-

2040 633 2147 686 que
2174 617 2397 683 Filium,
2432 619 2574 673 sicut
2601 626 2838 691 oportet,
2863 621 3149 675 Christum
3176 619 3425 691 profecto
3453 618 3628 672 credi-

2042 720 2203 759 mus:
2237 722 2407 776 super
2444 724 2608 777 quem
2641 713 2696 762 et
2739 710 2849 762 alia
2890 709 3306 780 quamplurima
3333 708 3635 762 concinunt

2041 798 2359 847 sanctarum
2400 796 2622 867 eloquia
2672 798 3108 868 Scripturarum.
3152 797 3311 851 Unde
3349 812 3451 850 nec
3470 794 3633 849 debe-

2040 898 2165 935 mus
2193 883 2367 936 ullam
2390 884 2460 937 de
2486 900 2552 938 eo
2582 886 2731 939 ultra
2755 886 3163 941 dubitationem
3186 886 3435 955 recipere
3456 904 3472 950 ;
3498 885 3631 956 quin

2038 970 2225 1040 potius
2256 971 2325 1024 de
2346 972 2521 1027 David
2554 974 2787 1039 semine,
2822 975 3129 1029 secundum
3158 974 3478 1044 Scripturas
3508 989 3631 1027 san-

2039 1064 2155 1111 ctas
2194 1061 2472 1129 quomodo
2518 1062 2591 1115 sit
2634 1064 3007 1133 repromissus
3051 1062 3359 1119 videamus.
3406 1064 3627 1115 Juravit

2036 1149 2305 1200 Dominus
2327 1151 2519 1214 David,
2556 1150 2740 1220 inquit
2770 1152 3009 1223 Spiritus
3038 1156 3283 1216 sanctus,
3318 1154 3625 1217 veritatem,

2037 1239 2084 1286 et
2116 1250 2227 1287 non
2256 1237 2633 1302 frustrabitur
2660 1256 2785 1292 eum
2818 1242 2980 1306 (Psal.
3012 1252 3188 1303 cxxxl,
3216 1239 3285 1307 l).
3319 1237 3465 1301 Quid
3496 1253 3626 1307 ergo

2031 1322 2244 1390 juravit
2268 1324 2291 1375 ἰ)
2320 1324 2538 1378 Juravit
2565 1325 2646 1379 illi
2680 1345 2691 1379 :
2743 1328 2815 1380 De
2842 1329 3035 1393 fructu
3063 1332 3270 1381 ventris
3303 1328 3390 1379 tui
3420 1341 3627 1394 ponam

2036 1426 2200 1478 super
2227 1414 2401 1465 sedem
2415 1415 2765 1468 meam.Hinc
2791 1432 3034 1486 namque
3058 1415 3255 1469 beatus
3275 1415 3485 1468 Paulus
3502 1430 3629 1484 apo-

2037 1500 2213 1553 stolus
2227 1500 2286 1553 in
2306 1501 2554 1571 Epistola
2574 1503 2645 1556 ad
2665 1504 2928 1558 Hebrmos
2947 1505 3028 1558 ait
3049 1522 3059 1557 :
3100 1505 3290 1559 Omnis
3320 1508 3629 1557 controver-

357 1595 506 1649 circo
536 1609 781 1665 praesens
798 1591 1149 1661 Evangelista
1164 1590 1340 1644 ﬁlium
1362 1606 1491 1643 eum
1518 1588 1756 1642 Abrahae
1778 1588 1956 1641 modis
1972 1652 2016 1665 ﬁ
2037 1590 2129 1640 sia:
2154 1590 2283 1654 ﬁnis
2304 1593 2698 1657 juramentum
2718 1597 2792 1645 est
2823 1594 3055 1657 (Heb.v1,
3078 1591 3284 1660 ‘16).Et,
3311 1590 3446 1661 quia
3459 1590 3633 1645 homi-

357 1652 618 1737 omnibus
646 1680 917 1752 approbat
947 1697 961 1746 ;
990 1684 1055 1733 ut
1082 1695 1211 1732 eum
1239 1694 1351 1732 non
1380 1678 1563 1732 solum
1590 1677 1786 1742 Judaei,
1814 1652 2017 1747 quo-B
2036 1691 2135 1728 nes
2165 1693 2265 1745 per
2294 1679 2536 1748 majores
2565 1695 2695 1733 suos
2717 1681 2931 1749 jurant,
2967 1681 3116 1735 Deus
3145 1686 3334 1735 autem
3365 1696 3493 1734 cum
3520 1695 3632 1733 non

356 1787 486 1826 rum
503 1775 627 1824 erat
639 1768 1213 1840 repromissio,verum
1235 1767 1404 1821 etiam
1423 1782 1616 1819 omnes
1634 1770 1849 1835 gentes,
1869 1766 1954 1818 vel

359 1877 555 1915 omnes
583 1858 767 1913 tribus
795 1863 959 1911 terrae
985 1856 1315 1926 gaudenter,
1351 1855 1420 1908 de
1444 1854 1659 1908 semine
1688 1856 1809 1923 ejus
1833 1856 1954 1924 jam

356 1947 576 2003 venisse
588 1947 1058 2017 susciperent,per
1076 1960 1244 2015 quem
1259 1949 1317 1997 et
1326 1942 1608 2000 Abraham
1624 1948 1784 2012 pater
1794 1943 1956 1995 ﬁeret

355 2038 664 2092 multarum
678 2035 952 2106 gentium.
972 2034 1098 2096 Sed,
1116 2033 1247 2102 quia
1273 2032 1341 2085 de
1370 2031 1583 2085 semine
1614 2032 1735 2099 ejus
1751 2031 1953 2100 duplex

353 2122 715 2194 repromissio
739 2126 879 2181 erat,
904 2136 1017 2173 una
1048 2118 1301 2171 videlicet
1324 2116 1525 2182 carnis,
1557 2116 1669 2169 alia
1697 2133 1825 2169 vero
1842 2116 1950 2186 spi-

354 2212 521 2278 ritus;
540 2210 784 2282 primum
807 2209 1018 2261 dictum
1040 2212 1125 2259 est
1145 2206 1277 2276 quia
1291 2206 1400 2258 erit
1420 2221 1611 2258 semen
1624 2210 1785 2257 tuum
1811 2204 1953 2286 sicut

354 2300 535 2372 pulvis
564 2304 747 2353 terrae.
780 2294 1277 2365 Deinde,quamvis
1306 2299 1362 2347 et
1377 2293 1480 2363 ipsi
1507 2293 1577 2346 de
1605 2293 1831 2362 pulvere
1852 2292 1956 2346 eri-

354 2394 582 2459 gantur,
614 2386 709 2457 qui
740 2385 798 2438 in
824 2383 1066 2438 secundo
1091 2378 1579 2453 repromittuntur,
1595 2387 1786 2434 tamen
1812 2380 1956 2433 sicut

356 2476 530 2531 stellae
557 2474 700 2539 caeli,
729 2472 904 2526 futuri
929 2487 1039 2524 non
1062 2477 1281 2534 natura,
1325 2469 1421 2522 sed
1450 2470 1650 2537 gratia,
1685 2469 1950 2539 pollicen-

354 2569 467 2617 tur.
488 2564 563 2617 At
580 2578 709 2616 vero
732 2562 849 2614 haec
867 2560 1069 2614 ultima
1082 2558 1393 2612 benedictio
1414 2558 1499 2610 sui
1529 2564 1832 2627 utrumque
1851 2574 1950 2626 ge-

354 2668 462 2706 nus
514 2650 917 2705 benedictionis
951 2647 1327 2717 amplectitur,
1361 2662 1426 2700 eo
1456 2646 1602 2716 quod
1640 2646 1696 2699 in
1728 2646 1948 2699 Christo

354 2739 539 2794 renati
561 2739 661 2792 ﬁlii
681 2737 987 2802 Abraham,
1003 2736 1321 2789 etcarnales
1343 2735 1755 2804 quodammodo
1769 2739 1825 2787 et
1846 2734 1950 2804 spi-

351 2828 586 2882 rituales
609 2826 970 2880 inveniuntur
1001 2843 1013 2889 ;
1044 2829 1110 2877 ut
1132 2823 1226 2877 alii
1252 2823 1477 2876 nomine
1512 2814 1945 2884 tenus'tantum,

352 2916 448 2969 alii
475 2933 606 2969 vero
617 2914 927 2969 secundum
942 2911 1231 2966 electionis
1249 2911 1492 2980 gratiam
1505 2911 1563 2963 in
1582 2910 1793 2963 semine
1804 2926 1951 2962 com-

2036 1763 2269 1818 haberet
2297 1766 2570 1835 majorem
2596 1783 2675 1832 se,
2709 1785 2810 1839 per
2840 1784 3006 1839 quem
3031 1770 3269 1838 juraret,
3304 1784 3407 1838 per
3434 1772 3633 1822 semet-

2037 1851 2220 1921 ipsum
2245 1854 2458 1922 juravit
2481 1855 2690 1921 dicens,
2714 1872 2815 1924 per
2848 1861 3227 1925 memetipsum
3256 1859 3460 1925 juravi
3473 1857 3629 1924 (Gen.

2036 1955 2164 2003 xxn,
2193 1940 2299 2011 16),
2320 1946 2383 1994 ut
2394 1959 2564 2013 supra
2578 1944 2893 1998 ostendi.Et
2914 1946 2985 1999 ad
3012 1945 3187 1999 David
3210 1961 3405 1998 rursus
3420 1944 3633 1998 dictum

2036 2026 2337 2098 probamus
2372 2048 2384 2081 :
2432 2032 2656 2084 Juravit
2705 2034 2973 2086 Dominus
3021 2035 3198 2087 David
3225 2036 3529 2086 veritatem.
3560 2030 3635 2086 Et

2035 2116 2160 2170 ideo
2191 2118 2428 2188 quisque
2451 2120 2841 2188 juramentum
2868 2120 2970 2174 Dei
3000 2121 3181 2187 audis,
3200 2121 3421 2175 etiamsi
3449 2121 3633 2175 incre-

2036 2204 2202 2258 dulus
2227 2223 2305 2269 es,
2344 2207 2582 2260 emolliri
2612 2208 2877 2274 debes,ut
2902 2209 3010 2263 fide
3039 2210 3324 2264 Christum
3352 2210 3629 2263 exhorum

2035 2293 2248 2347 semine
2270 2298 2465 2347 natum
2489 2296 2781 2366 percipias.
2808 2298 2951 2351 Hinc
2972 2298 3030 2351 in
3044 2298 3395 2375 alioquoque
3410 2298 3627 2368 psalmo

2035 2381 2304 2451 scriptum
2332 2383 2569 2451 legimus
2594 2385 2795 2440 :Semel
2809 2389 3010 2453 juravi
3035 2390 3097 2440 in
3126 2392 3441 2440 sanctomeo
3458 2388 3623 2456 (Psal.

2037 2484 2294 2533 LXXXVIII,
2320 2469 2429 2530 35).
2455 2472 2523 2525 Et
2541 2473 2675 2542 quid
2700 2479 2785 2526 est
2799 2477 2861 2526 in
2880 2480 3067 2528 sancto
3099 2475 3346 2540 meo,nisi
3375 2475 3435 2528 in
3459 2475 3625 2529 unico

2037 2558 2178 2611 Filio
2208 2558 2312 2611 sibi
2342 2560 2609 2630 coaequali
2644 2578 2709 2614 ac
2738 2562 2960 2623 dilecto,
2991 2563 3087 2633 qui
3116 2564 3268 2617 solus
3306 2564 3544 2618 Sanctus
3572 2568 3632 2617 et

2034 2646 2256 2700 Veritas
2276 2648 2630 2717 appellatur?
2660 2650 2803 2713 Quid
2827 2656 3016 2704 autem
3034 2651 3484 2722 juraverit,illico
3504 2650 3632 2707 sub-

2032 2734 2274 2788 inl‘ertur
2313 2755 2324 2787 :
2382 2737 2444 2791 Si
2492 2738 2669 2791 David
2697 2742 2961 2805 mentiar,
2992 2756 3093 2810 pro
3125 2756 3191 2793 eo
3221 2740 3371 2811 quod
3402 2747 3489 2796 est
3518 2758 3631 2795 non

2031 2826 2294 2888 mentiar,
2320 2841 2499 2877 semen
2520 2829 2568 2890 ei
2574 2842 2635 2879 us
2654 2829 2717 2879 in
2736 2832 3003 2881 aeternum
3023 2830 3285 2883 manebit.
3312 2831 3375 2883 Et
3399 2832 3632 2883 thronus

2035 2914 2149 2977 ejus
2172 2914 2315 2964 sicut
2336 2916 2414 2966 sol
2439 2916 2503 2966 in
2524 2921 2805 2983 conspectu
2836 2934 2951 2969 meo
2971 2936 2988 2981 ;
3012 2924 3061 2970 et
3074 2921 3366 2972 sicutluna
3391 2920 3631 2987 perfecta

353 3008 639 3074 putentur.
673 3003 814 3055 Nam
844 3006 902 3053 et
924 3002 993 3053 de
1023 3000 1126 3053 hoc
1150 2970 1362 3052 semvine
1388 2998 1556 3051 simili
1586 2998 1769 3062 modo,
1803 2998 1950 3067 quod
1968 2970 2010 3029 Ο
2034 2970 2097 3051 in
2134 3004 2422 3067 aeternum,
2456 3008 2504 3055 et
2533 2970 2677 3057 testis
2704 3008 2767 3057 in
2795 3008 2919 3059 caelo
2942 2970 3135 3072 fidelis.
3154 3007 3300 3077 Ergo
3322 2970 3417 3078 qui
3437 2970 3631 3062 volunt

353 3092 413 3146 in
442 3108 507 3145 eo
536 3106 731 3145 omnes
783 3094 980 3159 gentes
1013 3086 1431 3149 benedicantur,
1490 3086 1654 3154 longe
1696 3090 1822 3156 post
1854 3102 1952 3155 per

352 3180 558 3236 Isaiam
588 3178 920 3249 prophetam
974 3175 1275 3245 repetitum
1313 3174 1572 3243 legimus.
1615 3179 1679 3227 ut
1712 3174 1947 3227 manife-

352 3268 495 3322 stius
506 3271 836 3338 patesceret,
853 3279 1210 3334 nequaquam
1241 3264 1309 3315 de
1340 3264 1495 3316 Isaac
1525 3262 1619 3332 qui
1640 3264 1760 3331 jam
1794 3279 1946 3315 mor-

351 3363 485 3411 tuus
531 3362 669 3420 erat,
706 3371 887 3425 neque
932 3353 1001 3406 de
1030 3352 1140 3405 alio
1170 3368 1337 3421 quam
1369 3344 1709 3416 de‘Christo,
1744 3350 1946 3404 debere

353 3444 608 3515 intelligi.
645 3443 786 3497 Hinc
806 3442 1009 3512 quippe
1038 3457 1138 3511 per
1169 3440 1430 3493 eumdem
1460 3439 1675 3492 Isaiam
1692 3440 1840 3493 Deus
1872 3441 1948 3493 lo-

355 3533 548 3604 quitur
572 3551 585 3585 :
615 3533 880 3596 Edueam,
914 3529 1117 3599 inquit,
1145 3530 1207 3581 de
1237 3530 1400 3582 Jacob
1427 3544 1625 3592 semen,
1645 3533 1691 3580 et
1714 3529 1776 3580 de
1800 3529 1947 3581 Juda

346 3624 710 3691 possidentem
746 3624 952 3671 montes
982 3622 1193 3671 sanctos
1246 3633 1386 3670 meos
1413 3620 1671 3683 (Isa.va,
1692 3616 1769 3686 8).
1803 3617 1948 3680 Quo-

350 3726 480 3764 rum
507 3714 831 3777 utrumque,
856 3723 921 3759 ex
953 3705 1154 3776 quibus
1180 3704 1269 3757 hic
1290 3704 1511 3759 futurus
1538 3704 1949 3774 repromittitur

351 3799 421 3853 de
449 3797 691 3851 Abrahae
718 3796 889 3865 stirpe
918 3795 1088 3848 fuisse
1145 3794 1505 3847 manifestum
1554 3793 1841 3847 habemus.
1877 3794 1949 3848 Et

293 3930 298 3939 .
349 3886 474 3940 ideo
503 3886 619 3939 Deo
638 3890 801 3955 grata
830 3884 1065 3938 societas
1094 3883 1390 3952 collegium
1418 3889 1675 3936 sanctum
1708 3884 1946 3936 ﬁdenter

348 3980 542 4028 teneat
566 3989 761 4027 verum
788 3970 1093 4026 alveai'ium
1134 3972 1555 4036 monachorum,
1594 3972 1739 4024 sicut
1771 3971 1829 4023 in
1860 3986 1947 4023 ca-

348 4062 559 4115 tholica
580 4061 709 4123 ﬁde,
742 4076 855 4112 non
878 4059 1021 4111 lacte
1050 4052 1292 4122 tantum,
1308 4058 1405 4110 sed
1432 4058 1602 4110 etiam
1623 4058 1799 4111 solido
1823 4056 1944 4110 cibo

351 4148 499 4219 pasti
528 4163 741 4201 sumus.
774 4146 935 4209 Quia,
966 4145 1070 4198 etsi
1100 4144 1310 4197 dictum
1339 4148 1457 4196 est:
1499 4144 1735 4208 Quaerite
1764 4145 1947 4197 Domi-

353 4253 512 4301 num,
538 4238 764 4303 quaerite
785 4236 984 4301 faciem
1023 4236 1138 4301 ejus
1156 4247 1365 4300 semper
1389 4231 1547 4302 (Psal.
1582 4244 1689 4296 CIV,
1725 4230 1799 4299 4),
1834 4249 1947 4286 non

2032 3087 2101 3141 de
2124 3087 2420 3143 Salomone
2445 3090 2549 3143 hoc
2564 3091 2779 3145 dictum
2802 3094 3071 3164 accipere,
3087 3095 3334 3164 cogitent
3352 3096 3632 3165 quomodo

2031 3176 2267 3230 thronus
2284 3179 2405 3246 ejus
2426 3178 2570 3232 sicut
2598 3180 2679 3233 sol
2709 3181 2768 3234 in
2797 3188 3096 3252 conspectu
3108 3183 3292 3236 Patris
3309 3184 3631 3250 fuerit,cum

2033 3265 2322 3335 Scriptura
2348 3272 2542 3320 sancta
2569 3268 2720 3322 dicat
2770 3271 2919 3339 quod
2974 3287 3232 3326 aversum
3269 3273 3343 3326 sit
3384 3290 3480 3327 cor
3505 3276 3629 3344 ejus

2028 3360 2257 3422 propter
2302 3356 2779 3425 concupiscentias
2807 3356 3163 3427 feminarum,
3206 3367 3263 3414 et
3313 3361 3632 3415 adoraverit

2029 3442 2294 3495 Astaroth
2327 3448 2381 3496 et
2413 3444 2653 3499 Chamos
2685 3447 2863 3501 Deum
2901 3447 3282 3517 Sidoniorum,
3318 3466 3383 3504 ac
3411 3451 3631 3522 reliqua

2030 3535 2289 3599 portenta
2317 3533 2571 3601 gentium
2627 3536 2731 3601 (ΙΙΙ
2756 3537 2875 3603 Reg.
2923 3536 3019 3605 x1).
3052 3537 3211 3591 Unde
3265 3538 3336 3592 ad
3364 3539 3629 3593 ultimum

2029 3618 2197 3672 infert
2228 3621 2375 3690 quod
2416 3639 2526 3675 non
2556 3629 2679 3677 erat
2707 3625 2856 3678 Deus
2885 3642 3013 3678 cum
3055 3626 3370 3680 Salomone.
3407 3628 3464 3682 Si
3493 3644 3629 3699 ergo

2030 3724 2140 3761 non
2194 3716 2319 3762 erat
2365 3710 2519 3764 Deus
2547 3728 2675 3765 cum
2708 3714 3025 3780 Salomone,
3077 3716 3357 3784 quomodo
3386 3717 3629 3771 thronus

2030 3798 2152 3865 ejus
2180 3796 2323 3850 sicut
2352 3799 2433 3851 sol
2459 3799 2513 3851 in
2536 3808 2837 3870 conspectu
2860 3803 2959 3856 Dei
2980 3803 3164 3857 Patris
3180 3803 3459 3875 fulgebat?
3482 3806 3631 3859 Prae-

2028 3885 2223 3937 sertim
2243 3902 2369 3938 cum
2391 3891 2448 3939 et
2460 3886 2698 3941 foedatus
2717 3890 2934 3944 dicatur
2952 3892 3107 3945 omni
3126 3893 3488 3947 immunditia
3506 3892 3632 3948 libi-

2027 3970 2193 4037 dinis,
2228 3979 2284 4026 et
2311 3980 2540 4044 propter
2564 3976 2936 4031 idololatriam
2951 3980 3025 4033 sit
3053 3981 3484 4039 condemnatus.
3515 3984 3633 4036 Aut

2029 4062 2308 4129 quomodo
2339 4063 2483 4116 sicut
2510 4065 2644 4118 luna
2672 4066 2949 4135 perfectus
2981 4069 3056 4123 sit
3085 4069 3143 4123 in
3172 4076 3463 4136 aeternum,
3499 4088 3630 4125 cum

2032 4147 2214 4203 subito
2226 4151 2377 4204 velut
2391 4152 2705 4222 ﬂagitiosus
2720 4157 2994 4211 corruerit
3004 4158 3060 4211 in
3073 4158 3625 4228 ruinam?,Quinimo,

2033 4237 2081 4289 si
2102 4238 2378 4307 perfectus
2411 4247 2575 4308 esset,
2605 4244 2752 4313 quod
2784 4245 3008 4315 penitus
3032 4263 3145 4300 non
3172 4246 3462 4317 probatur,
3486 4266 3628 4319 quo-

352 4325 523 4379 alium
561 4328 750 4377 tamen
780 4339 815 4375 a
836 4322 949 4375 Deo
966 4325 1187 4391 Oportet
1207 4320 1628 4389 quaerere,quod
1647 4336 1791 4374 unus
1815 4327 1901 4374 est
1931 4340 1943 4385 ;
1966 4318 2013 4376 D
2032 4327 2197 4381 modo
2226 4329 2386 4382 tostis
2414 4330 2472 4382 in
2494 4332 2634 4385 caelo
2659 4333 2839 4387 fidelis
2868 4334 3030 4399 foret,
3063 4336 3160 4407 qui
3204 4318 3628 4409 nunquamﬂpe-

352 4414 451 4468 sed
480 4429 658 4466 unum
678 4409 1074 4479 'eumdemque
1104 4409 1368 4462 ardenter
1406 4408 1761 4478 investigare,
1799 4411 1948 4479 quod

350 4502 606 4557 inﬁnitus
636 4506 741 4555 est.
766 4499 923 4554 Unde
954 4500 1122 4552 istum
1146 4504 1338 4551 teneat
1360 4498 1494 4551 ﬁdes
1517 4499 1783 4562 nostra,si
1807 4500 1947 4554 forte

350 4608 481 4646 cum
501 4590 717 4645 venerit
730 4588 904 4643 Filius
924 4587 1393 4652 hominis,saltem
1417 4587 1583 4641 ﬁdem
1598 4588 1842 4658 reperiat
1859 4606 1948 4642 su-

349 4697 453 4753 per
479 4685 710 4734 terram.
750 4679 992 4742 Interea,
1047 4676 1093 4729 si
1137 4674 1430 4729 Zacharias
1466 4676 1536 4729 ad
1562 4676 1945 4732 testimonium

352 4770 640 4841 quaeritur,
668 4767 764 4838 qui
796 4766 990 4836 utique
1013 4782 1077 4818 ex
1112 4764 1409 4834 Evangelio
1435 4765 1621 4833 justus
1652 4766 1942 4836 probatur,

352 4859 617 4931 quoniam
646 4856 823 4911 Judaei
849 4854 1146 4924 Evangelio
1195 4854 1603 4919 contradicunt,
1654 4857 1947 4911 manifeste

351 4948 667 5018 colligimus
686 4947 834 4999 hunc
861 4960 982 4998 esse
1010 4960 1202 4997 semen
1229 4942 1486 5005 Abrahae,
1522 4944 1590 4997 de
1630 4960 1739 5015 quo
1760 4946 1895 4999 dicit
1928 4966 1939 5000 :

351 5039 665 5093 Benedictus
686 5036 951 5088 Dominus
964 5034 1103 5085 Deus
1124 5034 1315 5085 Israel.
1329 5034 1463 5098 quia
1480 5035 1724 5085 risitavit
1746 5039 1791 5087 et
1820 5037 1944 5102 fecit

351 5128 775 5195 redemptionem
804 5124 974 5191 plebis
999 5137 1109 5175 sum
1138 5139 1153 5184 ;
1196 5122 1337 5171 sicut
1370 5123 1579 5172 loeutus
1610 5127 1705 5185 est,
1742 5122 1943 5193 inquit,

343 5233 445 5287 per
471 5233 525 5268 os
538 5220 877 5285 sanctorum,
897 5214 995 5278 qui
1013 5226 1048 5262 a
1064 5212 1255 5262 sa’cuto
1272 5212 1400 5259 sunt
1422 5210 1811 5275 proli/telarum
1829 5216 1876 5280 ej
1883 5229 1943 5265 us

354 5308 497 5377 (Luc.
523 5318 562 5369 I,
587 5301 695 5369 68),
719 5301 930 5355 Deinde.
953 5304 1017 5352 ut
1045 5296 1431 5359 subaudiatur,
1459 5296 1563 5348 hoc
1595 5303 1681 5350 est
1701 5306 1823 5364 293
1843 5301 1941 5377 ait,

350 5393 761 5462 Jusjurandum
787 5391 929 5458 quod
947 5391 1170 5458 juravit
1197 5388 1269 5439 ad
1292 5387 1573 5439 Abraham
1604 5394 1819 5454 patrem
1855 5408 1946 5444 no-

352 5489 557 5551 strum,
589 5483 862 5538 daturum
888 5494 941 5534 se
988 5478 1139 5535 nobis
1173 5478 1320 5544 (Luc.
1364 5490 1401 5545 1,
1452 5473 1561 5543 54).
1603 5476 1718 5531 Nec
1746 5494 1859 5534 non
1889 5485 1947 5562 et

2030 4422 2348 4471 netraverat
2368 4419 2689 4474 cmlos‘l‘lel
2722 4428 2845 4488 πει
2875 4424 3024 4477 unde
3050 4424 3109 4478 in
3142 4426 3280 4479 caelo
3313 4426 3512 4492 ﬁdelis,
3529 4426 3627 4497 qui

2031 4521 2199 4576 super
2223 4508 2610 4574 terram,idola
2620 4512 2956 4577 venerando,
2977 4513 3149 4568 falsus
3164 4515 3424 4568 inventus
3443 4521 3529 4569 est
3546 4522 3627 4569 te-

2031 4595 2132 4649 stis
2145 4596 2398 4650 ?Simites
2416 4614 2479 4650 en
2490 4599 2673 4664 im,ait
2685 4600 2990 4672 Scriptura,
3001 4605 3116 4656 illis
3131 4607 3274 4670 ﬁunt
3288 4607 3387 4672 qui
3403 4607 3517 4671 laci
3522 4622 3555 4658 u
3563 4610 3627 4659 nt

2029 4689 2172 4749 ea,et
2194 4702 2377 4738 omnes
2394 4689 2491 4753 qui
2511 4690 2792 4755 conﬁdunt
2824 4693 2885 4743 in
2924 4693 2999 4743 eis
3029 4694 3192 4751 (Psal.
3228 4706 3375 4757 cxm,
3409 4690 3484 4759 8).
3516 4693 3627 4747 Sed

2030 4772 2161 4841 quia
2170 4769 2538 4828 deSalomone
2549 4792 2905 4847 nequaquam
2916 4778 3067 4833 istud
3080 4785 3263 4849 potest
3272 4779 3511 4851 intelligi
3532 4798 3630 4836 ne-

2028 4878 2180 4914 cosse
2212 4868 2297 4915 est
2315 4880 2484 4933 super
2512 4865 2818 4934 Christum,
2837 4867 2971 4920 velit
2990 4868 3424 4937 nolitinimicus,
3447 4870 3624 4925 inter-

2027 4950 2412 5020 pretari;utsit
2426 4951 2754 5009 idemDavid
2764 4958 3143 5026 semen,cujus
3161 4957 3398 5013 thronus
3410 4960 3470 5013 in
3489 4976 3625 5013 con-

2030 5044 2221 5109 spectu
2239 5039 2337 5093 Dei
2360 5040 2542 5095 Patris
2552 5042 2766 5112 jugiter
2784 5044 3057 5113 splendet.
3082 5045 3242 5100 Unde
3263 5052 3319 5101 et
3333 5047 3391 5101 in
3409 5052 3617 5113 monte,

2031 5128 2253 5197 quando
2282 5133 2715 5201 transfiguratus
2738 5137 2824 5185 est
2843 5149 3032 5185 coram
3059 5133 3348 5205 discipulis
3368 5137 3505 5203 suis,
3529 5136 3621 5190 fa-

2030 5216 2142 5269 cies
2174 5218 2295 5286 ejus
2326 5218 2541 5273 refulsit
2562 5221 2710 5274 velut
2729 5221 2812 5274 sol
2842 5237 2967 5275 cum
2994 5222 3142 5276 lucet
3170 5224 3228 5278 in
3261 5225 3464 5281 virtute
3493 5242 3615 5280 sua.

2027 5305 2170 5359 Nam
2211 5314 2267 5359 et
2290 5308 2565 5377 propheta
2588 5310 2656 5362 de
2680 5326 2744 5363 eo
2776 5329 2787 5362 :
2844 5313 3008 5378 Vobis,
3040 5312 3241 5384 inquit,
3286 5318 3385 5384 qui
3416 5318 3620 5369 timetis

2028 5395 2218 5461 Deum,
2243 5398 2454 5449 orietur
2472 5402 2550 5451 sol
2561 5401 2797 5465 just-itide
2831 5401 3044 5471 (Malae.
3081 5416 3153 5471 Iv,
3185 5402 3386 5471 2).Qui
3414 5400 3490 5457 sit
3515 5419 3620 5458 au-

2027 5488 2143 5566 tem
2170 5483 2277 5539 iste
2304 5484 2566 5554 thronus,
2596 5488 2793 5545 multis
2828 5488 2888 5546 in
2938 5491 3075 5547 locis
3104 5489 3396 5562 Scriptura
3420 5497 3619 5549 sancta
