3966 6206
341 317 409 378 49
1161 319 1541 376 EXPOSITIO
1581 324 1659 378 IN
1698 325 1927 380 ΜΑΤΤΕ

2019 327 2141 382 UM.
2186 356 2250 368 —
2289 327 2424 381 LIB.
2468 328 2512 390 Ι,
2556 326 2711 379 CAP.
2752 325 2794 377 Ι.
3546 321 3611 374 50

341 444 649 499 Ecclesiam
671 459 793 498 esse
808 444 1072 510 declarat,
1104 445 1163 498 in
1188 461 1296 515 qua
1320 441 1469 496 Deus
1489 445 1742 498 velutrex
1757 448 1813 499 in
1830 465 1930 500 suo
1951 452 1996 506 A
2020 449 2126 515 Ego
2141 464 2263 500 sum
2286 451 2486 500 ostium
2510 467 2524 511 ;
2538 464 2636 514 per
2668 464 2752 500 me
2777 449 2960 514 siquis
2984 448 3283 509 introierit,
3303 447 3612 499 salvabitur

338 534 542 586 throno
586 533 865 602 praesidet.
919 534 1050 596 Quae
1098 533 1385 598 nimirum,
1423 534 1553 603 quia
1593 541 1760 604 caput
1816 539 1937 604 ejus
2022 539 2194 602 (.loan.
2228 553 2278 597 χ,
2335 534 2406 594 9i.
2443 538 2584 589 Sunt
2613 535 2761 587 enim
2808 539 2938 587 ante
2999 534 3142 587 fores
3198 533 3395 602 templi
3451 534 3609 602 quasi

341 622 599 676 Christus
629 627 730 686 est,
770 622 915 675 sicut
934 622 1014 675 sol
1045 622 1102 675 in
1132 628 1428 691 conspectu
1481 623 1662 675 Patris
1723 623 1936 692 fulgere
2018 625 2297 676 columnae
2320 623 2791 693 antepositi,quia
2819 623 3082 675 nimirum
3138 622 3318 674 adhuc
3376 627 3612 691 uterque

339 710 564 773 dicitur,
613 715 668 764 et
699 709 843 763 sicut
870 710 1005 764 luna
1032 711 1276 780 perfecta
1299 711 1357 763 in
1382 717 1651 764 aeternum
1684 729 1931 766 manere.

339 799 499 853 Luna
523 815 653 851 vero
669 805 900 869 propter
915 799 1206 868 praesentis
1243 799 1367 853 vita:
1387 800 1663 853 defectum
1680 800 1885 853 dicitur
1919 819 1929 852 :

338 886 585 958 perfecta
610 903 759 952 vero,
805 888 938 957 quia
969 891 1089 958 jam
1119 888 1352 942 inhaeret
1380 889 1546 958 capiti
1577 905 1696 950 suo,
1727 906 1790 941 ex
1824 906 1932 958 quo

337 975 679 1029 immortalis
692 980 861 1046 atque
886 983 1094 1030 aeterna
1107 978 1287 1030 modis
1299 977 1554 1030 omnibus
1575 977 1930 1047 prmdicatur.

337 1064 402 1117 Et
432 1065 751 1118 notandum
775 1066 922 1135 quod
947 1066 1038 1119 hic
1070 1066 1305 1119 thronus
1337 1066 1565 1118 seminis
1612 1066 1931 1135 repromissi

339 1168 484 1206 unus
515 1167 645 1204 cum
677 1169 778 1206 suo
813 1154 993 1224 capite
1014 1158 1248 1219 constat,
1283 1159 1339 1206 et
1366 1154 1536 1206 totius
1559 1154 1644 1206 sui
1683 1155 1929 1223 corporis

337 1242 630 1299 membris.
659 1244 733 1297 Ut
752 1248 920 1312 caput
936 1242 1188 1295 videlicet
1206 1247 1460 1295 nostrum
1482 1241 1700 1294 unitum
1713 1241 1930 1310 corpori

336 1341 569 1406 prepter
597 1341 812 1387 natura:
834 1331 1176 1384 consortium
1209 1330 1554 1399 intelligatur
1583 1348 1592 1380 :
1633 1330 1930 1400 prmsidere

334 1441 486 1489 vero,
513 1423 649 1493 quia
669 1423 818 1475 Deus
853 1426 956 1484 est,
989 1424 1137 1472 recte
1182 1419 1240 1471 in
1279 1435 1378 1471 suo
1417 1419 1636 1483 throno,
1669 1419 1720 1470 id
1756 1424 1838 1471 est
1875 1419 1933 1470 in

336 1529 436 1566 sua
458 1511 726 1574 Ecclesia,
748 1509 1013 1562 divinitus
1033 1508 1340 1560 intimetur.
1361 1508 1639 1560 Ponamus
1672 1507 1851 1559 adhuc
1879 1513 1935 1560 et

335 1602 488 1654 aliud
501 1598 916 1660 testimonium,
939 1597 1247 1667 quodidem
1266 1597 1333 1648 de
1362 1596 1574 1648 semine
1593 1596 1764 1648 David
1789 1596 1934 1648 futu-

335 1707 428 1743 rus
455 1687 849 1742 annuntietur.
868 1687 933 1739 Et
961 1688 1172 1752 factum
1201 1690 1296 1745 est,
1317 1684 1499 1754 inquit
1523 1684 1580 1737 in
1601 1683 1739 1736 libro
1752 1683 1934 1736 Verba

2018 728 2211 764 eorum
2242 712 2298 764 in
2319 713 2458 780 lege,
2479 713 2630 764 velut
2659 712 2716 764 in
2737 711 3234 792 vestibulo.domus
3263 709 3609 763 versabatur.

2021 801 2084 852 Et
2100 801 2390 866 habebant,
2425 801 2607 870 inquit
2630 801 2934 869 Scriptura,
2953 804 3219 852 columnae
3249 800 3610 852 altitudinem

2015 889 2192 940 decem
2208 894 2253 940 et
2274 895 2385 940 octo
2406 892 2718 941 cubitorum
2735 891 2841 951 (III
2854 890 3072 954 Itegxn,
3089 887 3101 941 l
3118 889 3187 954 5);
3205 887 3460 940 videlicet
3470 888 3608 940 Novi

2015 992 2079 1028 ac
2117 977 2337 1029 Veteris
2366 977 2708 1029 Testamenti
2727 976 2949 1045 fastigio
2977 977 3439 1045 prmeminentes:
3476 992 3610 1046 qua-

2014 1069 2177 1117 tenus
2185 1066 2345 1133 juxta
2361 1065 2747 1118 fortitudinem
2767 1065 3155 1118 columnarum
3181 1072 3484 1134 utrumque
3514 1081 3608 1134 po-

2015 1155 2208 1221 pulum
2221 1154 2289 1205 ad
2309 1155 2471 1206 [idem
2492 1153 3051 1217 corroborantes,non
3071 1153 3243 1206 alium
3261 1170 3383 1206 esse
3401 1153 3604 1206 ostium

2013 1242 2392 1304 ostenderent,
2430 1259 2597 1311 quam
2615 1243 2764 1295 hunc
2782 1243 2972 1294 Jesum
2989 1242 3499 1306 Christum,eorum
3527 1259 3610 1296 se-

2015 1330 2162 1382 mine
2205 1338 2574 1400 propagatum
2608 1349 2618 1394 ;
2653 1336 2709 1383 et
2739 1347 2867 1382 eum
2899 1330 3012 1383 fore
3043 1331 3356 1399 ingressum
3387 1331 3605 1400 templi,

2019 1419 2178 1486 quasi
2210 1419 2303 1487 qui
2337 1419 2745 1471 intermedium
2777 1435 2970 1471 eorum
3004 1418 3236 1471 intimus
3260 1418 3606 1472 versabatur.

2020 1508 2158 1559 Ilinc
2199 1510 2458 1576 estquod
2509 1507 2562 1559 in
2594 1507 2819 1560 nomine
2857 1508 2988 1559 Jesu
3036 1506 3346 1560 secundum
3389 1508 3608 1578 Graecos

2018 1595 2567 1664 [lIlB(,)l"E],prima
2581 1613 2701 1664 qua:
2723 1595 3290 1648 conscribiturlittera
3307 1596 3609 1659 decem,se-

2018 1683 2199 1734 cunila
2231 1700 2358 1735 vero
2399 1689 2522 1736 octo
2561 1683 2855 1752 signiﬁcat.
2909 1683 2979 1736 Ut
3006 1700 3068 1736 ex
3101 1689 3339 1753 utroque
3396 1685 3610 1738 semine

334 1779 578 1843 dierum,
614 1779 840 1829 verb-um
871 1776 1096 1827 Domini
1122 1775 1195 1825 ad
1227 1774 1464 1826 Natham
1493 1774 1809 1839 prophetam
1843 1774 1931 1825 di-
1949 1763 1994 1821 B
2011 1771 2318 1823 secundum
2342 1773 2804 1841 repromissiones
2819 1772 3233 1841 Scripturarum
3257 1788 3402 1825 unus
3424 1773 3610 1842 eriga-

333 1884 470 1932 eens,
499 1867 698 1919 Vadeet
719 1867 808 1917 die
829 1879 979 1916 servo
1011 1878 1125 1914 meo
1147 1863 1336 1924 David,
1357 1863 1474 1914 [Lee
1489 1863 1620 1913 dicit
1641 1863 1927 1914 Dominus.

331 1956 630 2011 Annum-io
642 1955 743 2006 tibi
759 1953 906 2020 quod
919 1952 1288 2016 :edi/icaturus
1305 1954 1374 2002 sit
1396 1952 1618 2004 domum
1637 1952 1738 2001 tibi
1751 1952 1932 2002 Domi-

332 2060 452 2097 nus.
479 2044 728 2111 Cumque
741 2043 1047 2108 imj'itcvcris
1080 2040 1192 2092 dies
1212 2044 1348 2103 tuos,
1371 2044 1428 2090 ut
1451 2040 1615 2091 vadas
1647 2040 1718 2090 ad
1742 2044 1926 2106 patres

333 2140 464 2198 tuos,
493 2133 768 2186 suscitabo
789 2146 972 2183 semen
1001 2134 1159 2181 tuum
1186 2133 1301 2196 post
1327 2132 1391 2191 te,
1423 2129 1566 2194 quod
1584 2131 1687 2179 erit
1717 2129 1778 2179 de
1796 2131 1854 2193 ﬁt
1863 2129 1931 2179 iis

333 2224 461 2285 tuis,
494 2226 545 2273 ct
583 2221 869 2272 stabitiam
901 2233 1132 2284 regnum
1163 2218 1294 2281 ejus.
1328 2217 1442 2282 Ipse
1481 2216 1765 2280 :edi/ieabit
1789 2216 1932 2266 mihi

330 2311 577 2368 domum,
608 2316 655 2361 et
689 2309 919 2370 ﬁrmabo
969 2309 1171 2363 solium
1202 2307 1317 2371 ejus
1349 2321 1512 2371 usque
1545 2307 1607 2355 in
1633 2309 1924 2356 «τίω-ηυντ.

337 2399 434 2465 Ego
466 2414 561 2450 ero
588 2401 641 2450 ei
671 2400 732 2449 in
760 2401 998 2463 patrem,
1022 2399 1069 2447 et
1103 2397 1211 2461 ipse
1241 2396 1346 2444 erit
1375 2393 1516 2445 mihi
1538 2397 1594 2443 in
1629 2395 1806 2458 ﬁlium
1847 2411 1858 2452 ;
1884 2397 1928 2444 et

331 2487 780 2539 misericordiam
800 2501 917 2536 mea
925 2500 976 2535 τη
999 2499 1108 2535 non
1125 2498 1198 2533 au
1204 2482 1251 2547 [ι.
1261 2497 1322 2533 ra
1333 2498 1383 2533 m
1403 2483 1470 2532 ab
1491 2498 1594 2546 eo,s
1603 2483 1648 2532 ie
1656 2486 1711 2532 ut
1724 2482 1879 2532 abstu
1890 2485 1905 2533 ἰ
1914 2484 1935 2533 t

332 2577 393 2628 ab
415 2593 475 2628 eo
506 2577 610 2643 qui
630 2579 760 2626 ante
780 2579 825 2626 te
854 2574 986 2639 fuit,
1006 2576 1051 2624 et
1073 2573 1356 2623 stabitiam
1386 2586 1508 2622 eum
1534 2572 1596 2621 in
1625 2571 1779 2621 domo
1814 2586 1930 2620 mea

332 2669 373 2716 et
402 2666 466 2716 in
483 2679 656 2728 regno
673 2678 788 2714 meo
803 2677 970 2728 usque
986 2663 1044 2712 in
1063 2661 1534 2726 scmpiternum,et
1555 2660 1782 2710 thronus
1815 2661 1928 2724 ejus

330 2755 427 2805 erit
451 2753 820 2818 ﬁrnn’ssimus
848 2753 1244 2816 inperpetuum
1265 2749 1452 2810 (IPar.
1492 2752 1644 2812 xvn).
1671 2747 1798 2799 ΙΙωε
1818 2763 1933 2798 om-

332 2840 420 2892 nia
449 2838 712 2910 quisquis
742 2838 799 2890 in
822 2837 1116 2890 Salomone
1149 2841 1309 2920 putat
1331 2835 1500 2888 fuisse
1523 2835 1770 2904 impleta,
1793 2835 1931 2886 mul-

330 2933 445 2983 tum
478 2944 673 2981 errare
707 2927 944 2979 videtur.
977 2927 1119 2978 Nam
1143 2925 1383 2993 qualiter
1413 2924 1837 2992 intelligendum
1861 2923 1932 2975 sit

327 3018 474 3088 quod
494 3017 708 3069 dictum
736 3015 1170 3083 est:Postquam
1201 3013 1495 3066 dormieris
1525 3030 1647 3065 cum
1683 3013 1931 3082 patribus

333 3107 458 3170 tuis,
499 3104 781 3158 suscitabo
811 3120 1001 3156 semen
1032 3108 1192 3157 tuum
1262 3107 1386 3171 post
1435 3108 1510 3166 te,
1547 3102 1694 3171 quod
1725 3102 1831 3154 erit
1863 3075 1990 3153 deC

331 3196 446 3248 ﬁliis
484 3194 620 3258 tuis,
652 3192 999 3246 etstabiliam
1018 3191 1450 3260 regnumillius?
1468 3191 1727 3259 Nunquid
1754 3192 1819 3242 de.
1837 3191 1928 3244 illo

326 3285 629 3338 Salomone
651 3281 990 3335 credendum
1005 3281 1492 3350 estprophetatum
1515 3281 1537 3331 ?
1559 3279 1804 3332 Minime.
1830 3280 1927 3332 Ille

327 3374 514 3427 adhuc
545 3378 708 3443 patre
727 3388 827 3424 suo
857 3370 1072 3423 vivente
1102 3369 1538 3438 cmj‘iitregnare.
1559 3369 1657 3421 llic
1691 3386 1816 3421 vero
1843 3369 1927 3420 di-

327 3462 646 3529 citur,Quia
667 3478 793 3513 cum
812 3459 1070 3529 completi
1108 3458 1447 3512 fuerintdies
1461 3458 1562 3519 tui,
1611 3464 1665 3510 et
1694 3457 1930 3509 dormie-

329 3553 399 3605 ris
430 3557 562 3615 24
595 3567 722 3603 cum
755 3548 1006 3620 patribus
1025 3547 1155 3612 tuis,
1190 3547 1470 3600 suscitabo
1502 3564 1692 3599 semen
1747 3553 1928 3599 tuum.

331 3642 400 3694 Ex
431 3657 544 3712 quo
567 3656 769 3692 revera
801 3637 1134 3707 intelligitur
1158 3637 1300 3689 alius
1314 3636 1680 3705 repromissus
1694 3635 1786 3704 qui
1816 3651 1925 3687 non

329 3737 451 3786 ante
483 3736 732 3784 mortem
768 3728 965 3792 David,
999 3728 1094 3780 sed
1126 3732 1250 3796 post
1280 3732 1517 3778 mortem
1575 3724 1927 3777 suscitandas

332 3829 463 3873 erat.
498 3820 585 3873 De
618 3834 730 3888 quo
761 3834 863 3887 per
890 3815 1189 3869 Jeremiam
1224 3833 1233 3866 :
1273 3816 1768 3872 Eccediesvenient,
1795 3813 1927 3864 dicit

332 3910 676 3971 Dominus,et
697 3907 965 3958 suscitabo
987 3906 1164 3959 David
1181 3920 1403 3970 germen
1409 3907 1438 3970 ,ί
1444 3907 1624 3955 ustum
1640 3908 1703 3964 ,et
1729 3918 1927 3968 regna-

333 4001 402 4052 bit
422 4017 536 4061 rer,
571 4000 844 4064 etsapiens
878 3998 1000 4058 erit,
1026 4000 1073 4046 et
1102 3995 1558 4061 facietjmlicium
1582 3996 1926 4059 etjustitiam

333 4105 486 4156 super
519 4087 828 4139 terramJn
849 4086 1032 4136 diebus
1049 4086 1163 4149 ejus
1183 4084 1492 4134 sal-rabitur
1519 4083 1737 4142 Judu,et
1758 4083 1927 4134 Israel

332 4177 945 4241 habitabitcon/identer
957 4180 1002 4226 et
1019 4175 1114 4226 hoc
1131 4189 1322 4226 nomen
1341 4175 1482 4240 quod
1495 4173 1760 4225 roeabunt
1779 4189 1921 4236 eum,

333 4269 599 4320 Dom-inus
628 4269 818 4333 justus
863 4269 1042 4315 noster
1076 4265 1200 4321 (Jer.
1239 4276 1381 4324 xxm,
1417 4262 1488 4327 :3).
1515 4261 1776 4329 Nunquid
1838 4261 1928 4313 hic

330 4357 620 4419 Jcremias,
658 4354 754 4424 qui
795 4353 956 4421 longe
978 4356 1104 4421 post
1133 4351 1487 4404 Salomonem
1517 4349 1687 4401 fuisse
1733 4349 1927 4418 proha-

331 4444 660 4514 tur,aliquid
684 4443 754 4495 de
768 4458 830 4494 eo
846 4457 1037 4493 rursus
1052 4438 1626 4510 repromittit.dicens,
1647 4438 1924 4490 suscitabo

331 4535 494 4588 David
527 4549 768 4601 germen
780 4532 997 4599 justum
1016 4529 1043 4580 Ἰ
1059 4528 1404 4581 Maniﬁzstius
1434 4528 1501 4579 de
1521 4527 1740 4578 Christo
1761 4527 1928 4580 datur

330 4623 564 4691 intelligi
591 4621 718 4690 ;qui
743 4636 854 4672 non
884 4619 1066 4671 solum
1100 4618 1210 4670 Rex
1224 4618 1464 4685 sapiens,
1493 4617 1587 4668 sed
1623 4617 1789 4669 etiam
1824 4618 1928 4669 Sa-

331 4713 536 4781 pientia
553 4709 739 4763 Patris
766 4707 1320 4777 appellatur.Revera
1341 4707 1398 4757 in
1413 4707 1572 4775 cujus
1594 4706 1787 4758 diebus
1817 4707 1923 4758 sal-

332 4806 483 4854 vatus
507 4806 595 4852 est
609 4815 774 4850 verus
794 4797 957 4861 .luda,
995 4795 1248 4847 videlicet
1277 4795 1366 4847 ille
1396 4796 1490 4864 qui
1513 4797 1811 4847 confitetur
1837 4797 1923 4848 Je—

332 4906 446 4942 sum
464 4889 752 4943 Christum
776 4887 831 4938 in
865 4901 1030 4938 carne
1050 4885 1282 4937 venisse.
1301 4884 1518 4952 Reliqui
1551 4901 1678 4936 vero
1707 4901 1918 4949 omnes,

332 4980 890 5037 utJoannestatetur,
924 4991 1035 5027 non
1074 4973 1268 5037 Judaei,
1314 4974 1462 5026 velut
1491 4973 1594 5042 ipsi
1646 4973 1924 5026 mentiun-

331 5071 448 5130 tur;
475 5067 574 5119 sed
593 5082 894 5135 synagogze
925 5067 1055 5116 sunt
1077 5064 1315 5116 Satame.
1336 5062 1561 5115 Talibus
1593 5079 1724 5131 ergo
1746 5068 1801 5114 et
1830 5063 1925 5115 hu-

328 5155 568 5222 jusmodi
627 5155 1044 5224 Scripturarum
1105 5152 1340 5214 indiciis,
1376 5158 1587 5204 certum
1646 5157 1919 5216 tenemus,

335 5244 650 5298 Matthzeum
685 5244 787 5296 hos
819 5243 958 5294 duos
993 5258 1227 5311 quorum
1261 5241 1335 5293 sit
1371 5241 1518 5293 ﬁlius
1549 5245 1768 5293 tantum
1800 5241 1924 5293 ideo

336 5334 607 5401 posuisse;
648 5338 926 5402 quatenus
948 5331 1042 5400 qui
1070 5331 1273 5382 vellent
1301 5331 1595 5399 templum,
1632 5330 1790 5382 idest
1821 5331 1922 5382 Ec-

334 5421 573 5478 clesiam.
609 5438 708 5491 per
743 5420 949 5473 ostium
968 5419 1219 5476 introire,
1249 5420 1346 5472 has
1376 5419 1513 5471 duas
1526 5420 1831 5480 columnas,
1858 5420 1925 5471 de

336 5526 567 5578 quorum
592 5511 777 5563 medio
796 5509 1051 5562 Christus
1065 5505 1293 5561 exoi‘sus
1323 5516 1426 5570 est,
1453 5508 1581 5561 hinc
1614 5509 1744 5561 inde
1775 5514 1926 5561 ante-

335 5599 536 5674 positas
555 5599 1066 5670 circumspicerent.
1103 5599 1227 5668 Ipse
1254 5597 1401 5649 enim
1443 5597 1510 5650 de
1541 5615 1598 5650 se
1631 5599 1878 5666 loquitur
1911 5619 1920 5650 :

2014 1864 2109 1910 tur
2136 1859 2190 1911 in
2207 1859 2428 1912 titulum
2456 1878 2466 1925 ;
2483 1861 2542 1912 in
2557 1862 2716 1929 cujus
2735 1861 2959 1912 nomine
2977 1861 3168 1913 unitus
3189 1865 3425 1931 uterque
3439 1878 3611 1932 popu-

2015 1947 2121 2011 lus,
2149 1964 2413 2000 mensura.
2431 1948 2795 2017 plenitudinis
2827 1948 3051 2011 Christi,
3083 1951 3242 2017 juxta
3270 1949 3398 2002 fidei
3429 1951 3608 2002 ﬁrmi-

2014 2041 2208 2099 tatem,
2274 2037 2343 2088 ad
2392 2054 2633 2105 superna
2682 2037 2900 2089 enixius
2958 2037 3308 2090 sublimetur.
3355 2039 3498 2092 Hinc
3527 2045 3611 2094 est

2013 2124 2162 2176 enim
2193 2125 2339 2193 quod
2381 2130 2678 2194 utramque
2709 2141 2900 2177 earum
2931 2125 3210 2178 funiculus
3253 2125 3432 2180 ambit
3469 2127 3610 2180 duo-

2013 2213 2192 2265 decim
2214 2212 2549 2279 cubitorum,
2584 2213 2638 2266 id
2665 2225 2765 2277 est,
2792 2214 2928 2266 ﬁdes
2957 2215 3335 2284 apostolorum
3359 2215 3460 2268 hos
3488 2221 3610 2269 tan-

2013 2313 2132 2359 tum
2152 2308 2510 2376 amplectitur
2532 2309 2586 2360 in
2599 2307 2926 2376 genealogia
2941 2310 3223 2378 patres,de
3239 2326 3478 2378 quorum
3499 2327 3612 2364 me-

2014 2395 2106 2447 dio
2133 2395 2395 2464 przedicat
2428 2397 2632 2448 ostium
2683 2398 2874 2450 Jesum
2924 2398 3210 2451 Christum
3253 2399 3609 2478 credentibus

2014 2485 2262 2552 quotidie
2292 2486 2518 2554 aperiri,
2542 2502 2652 2538 non
2670 2486 3024 2539 credentibus
3041 2494 3165 2552 25
3187 2504 3317 2540 vero
3337 2489 3510 2541 voluit
3528 2489 3610 2542 in-

2015 2572 2245 2624 troitum
2277 2574 2517 2626 coelestis
2549 2575 2741 2642 patria:
2766 2575 2986 2645 penitus
3017 2576 3300 2645 denegari.
3332 2577 3440 2630 Sed
3478 2577 3612 2647 quia

2017 2660 2349 2728 quibusdam
2365 2668 2684 2714 sanctarum
2710 2664 3127 2732 Scripturarum
3148 2665 3487 2718 testimoniis
3507 2666 3611 2719 has

2014 2749 2294 2801 interdum
2318 2751 2606 2803 columnas
2633 2752 2888 2804 volumus
2919 2752 3200 2816 roborare,
3231 2754 3395 2821 longe
3421 2755 3613 2807 admo-

2015 2838 2149 2889 dum
2181 2840 2458 2907 progressi
2480 2857 2693 2900 sumus,
2719 2842 2835 2909 jam
2869 2841 3094 2894 tandem
3147 2842 3215 2894 ad
3248 2842 3609 2911 expositionis

2016 2927 2269 2979 ordinem
2302 2929 2616 2980 redeamus.
2661 2929 2764 2981 Ubi
2796 2931 2976 2983 adhuc.
3025 2931 3309 2983 interdum
3359 2947 3470 2984 non
3517 2930 3614 2984 ab-

2013 3017 2180 3069 surde
2213 3034 2245 3069 a
2275 3018 2464 3070 multis
2495 3019 2764 3086 qumritur
2788 3019 2920 3087 quid
2956 3019 3027 3071 sit
3059 3020 3205 3088 quod
3235 3019 3405 3072 David
3458 3019 3612 3090 prior

2017 3106 2259 3175 ponitur,
2296 3123 2418 3158 cum
2445 3107 2622 3158 uitatis
2654 3107 2942 3175 privilegio
2967 3108 3131 3176 longe
3163 3108 3611 3177 posteriorinve-

2012 3194 2207 3246 nitur?
2226 3195 2305 3246 Ad
2324 3195 2469 3263 quod
2488 3195 2804 3256 dicendum,
2840 3196 2986 3264 quod
3017 3197 3280 3266 loquendi
3307 3198 3610 3250 necessitas

2013 3283 2062 3334 id
2090 3283 2294 3352 exegit,
2329 3290 2384 3335 et
2411 3284 2589 3336 factus
2622 3290 2705 3335 cst
2732 3285 2866 3337 ordo
2896 3292 3286 3355 praeposterus,
3347 3287 3611 3340 decenter

2015 3373 2206 3441 utique
2224 3379 2615 3426 commutatus.
2644 3374 2802 3436 Quia,
2829 3374 2873 3425 si
2905 3375 3147 3444 primum
3171 3375 3408 3428 Abrahae
3430 3376 3605 3428 filium

2014 3478 2140 3512 eum
2192 3461 2436 3520 dixisset,
2483 3468 2537 3514 et
2578 3462 2749 3514 David
2794 3469 2988 3532 postea
3036 3465 3369 3534 copulassct,
3414 3482 3608 3518 rursus

2013 3549 2295 3601 Abrahai'n
2326 3552 2659 3619 repetendus
2689 3559 2828 3612 erat,
2867 3558 2930 3604 ut
2959 3553 3114 3622 origo
3146 3554 3321 3607 David
3374 3556 3495 3623 ejus
3543 3571 3607 3607 ex

2013 3640 2224 3690 semine
2263 3645 2690 3702 monstraretur,
2725 3647 2779 3692 et
2807 3643 2963 3693 ﬁeret
3025 3641 3320 3696 inhonesta
3348 3649 3606 3696 constru-

2013 3727 2121 3778 ctio
2155 3727 2466 3788 verborum,
2495 3737 2766 3796 quantum
2797 3730 2867 3780 ad
2899 3730 3278 3799 eloquentiam
3309 3733 3531 3785 attinet.

2082 3817 2381 3880 Abraham,
2417 3816 2618 3884 inquit,
2652 3820 2842 3882 genuit
2880 3821 3048 3872 Isaae.
3089 3820 3255 3871 Recte
3287 3821 3477 3890 itaque
3534 3821 3604 3874 ab

2013 3905 2170 3956 initio
2193 3904 2321 3956 ﬁdei
2350 3905 2679 3972 genealogia
2705 3905 2912 3957 Christi
2931 3912 3298 3975 supputatur:
3333 3915 3396 3960 ut
3417 3909 3474 3961 in
3495 3927 3604 3978 quo

2011 3993 2254 4062 primum
2287 3993 2354 4045 de
2384 4010 2446 4044 eo
2479 3995 2622 4046 facta
2669 3994 2872 4062 legitur
2902 3995 3278 4064 repromissio,
3336 3997 3498 4050 ﬁeret
3548 4004 3606 4052 et

2013 4083 2297 4135 exordium
2315 4083 2698 4148 successionis,
2720 4084 2895 4135 donec
2919 4091 3144 4137 ventum
3173 4092 3320 4138 esset
3373 4087 3442 4139 ad
3474 4104 3602 4142 eum

2011 4173 2105 4240 qui
2135 4173 2201 4224 de
2233 4173 2369 4223 cudo
2392 4178 2524 4224 tunc
2555 4173 2821 4225 divinitus
2850 4172 3033 4225 fuerat
3059 4175 3445 4243 repromissus.
3467 4177 3604 4239 Quis

2009 4261 2158 4312 enim
2190 4261 2246 4312 in
2277 4261 2604 4329 genealogia
2633 4262 2838 4314 Christi
2874 4263 3059 4332 aptius
3089 4263 3147 4315 in
3174 4263 3444 4334 principio
3474 4267 3605 4335 poni

2013 4357 2213 4419 posset,
2240 4367 2408 4419 quam
2439 4351 2485 4402 is
2511 4351 2577 4403 de
2591 4353 2749 4418 cujus
2773 4352 2984 4404 semine
3007 4351 3319 4405 benedictio
3348 4355 3602 4408 omnium

2011 4439 2262 4506 gentium
2280 4445 2621 4508 propagatur
2642 4441 2664 4490 '?
2683 4441 2836 4502 Quod
2856 4440 3062 4492 factum
3097 4441 3285 4510 itaque
3299 4443 3597 4510 credimus,

2012 4534 2071 4580 ut
2092 4528 2159 4580 ad
2196 4545 2323 4580 eum
2355 4537 2648 4580 currerent
2677 4546 2785 4580 non
2816 4536 2928 4581 tam
2962 4529 3157 4594 Judaei,
3195 4546 3364 4599 quam
3407 4549 3601 4586 omnes

2008 4622 2222 4684 gentes,
2256 4618 2414 4684 cujus
2454 4617 2609 4685 origo
2650 4634 2713 4668 ex
2756 4635 2819 4668 eo
2864 4618 3201 4686 repromissa
3247 4620 3368 4672 luce
3397 4621 3602 4674 clarius

2009 4706 2322 4758 divinarmn
2354 4706 2767 4775 Scripturarum
2798 4707 3036 4759 oraculis
3057 4708 3392 4761 declaratur.
3447 4710 3598 4772 Qua-

2007 4809 2169 4846 tenus
2196 4794 2439 4863 primum
2477 4795 2532 4846 in
2561 4800 2717 4863 patre
2749 4795 3046 4857 discerent,
3081 4797 3214 4864 quid
3263 4798 3348 4848 vel
3405 4798 3600 4866 quales

2007 4901 2126 4935 esse
2157 4883 2416 4947 debeant,
2442 4883 2535 4952 qui
2570 4884 2762 4936 volunt
2790 4884 2846 4936 in
2895 4885 3107 4936 semine
3156 4884 3599 4939 benedictionem

2009 4973 2347 5024 [Hereditatis
2379 4973 2680 5042 percipere.
2743 4973 2906 5036 Quia,
2966 4974 3110 5026 sicut
3135 4974 3284 5026 idem
3330 4975 3602 5028 Dominus

2007 5062 2211 5114 Judteis
2263 5068 2518 5123 testatur,
2562 5062 2605 5113 si
2646 5062 2743 5113 ﬁlii
2792 5069 2978 5115 essent
3021 5063 3277 5124 Abrahae,
3331 5064 3602 5117 veraciter

2008 5169 2176 5221 opera
2198 5151 2435 5204 Abralue
2458 5152 2559 5221 ipsi
2598 5151 3053 5217 fecissent(.lmzn.
3080 5167 3190 5215 vm,
3229 5151 3337 5220 39),
3365 5156 3422 5205 et
3473 5160 3602 5207 tan-

2008 5247 2127 5293 tum
2153 5242 2432 5309 talemque
2464 5247 2679 5310 patrem
2711 5240 3067 5293 imitarentur
3092 5257 3161 5293 ne
3191 5241 3496 5309 degeneres
3519 5259 3601 5296 es-

2008 5335 2150 5382 sent.
2179 5330 2613 5382 NamAbraham
2639 5330 2883 5398 primum
2909 5329 3146 5382 credidit
3183 5331 3315 5394 Deo,
3341 5337 3397 5383 et
3440 5348 3606 5401 repu-

2011 5425 2186 5471 tntum
2213 5425 2296 5471 est
2319 5420 2366 5471 ci
2405 5420 2473 5471 ad
2520 5420 2799 5486 justitiam
2858 5420 2983 5482 (Gen
3015 5436 3100 5484 xv,
3133 5419 3204 5487 6).
3232 5419 3444 5473 Dehinc
3472 5437 3603 5474 vero

2009 5509 2105 5560 ivit
2135 5509 2279 5561 ultra
2305 5509 2598 5578 proﬁciens
2624 5515 2791 5577 atque
2824 5522 3097 5571 crescens,
3141 5509 3282 5561 sicut
3314 5509 3605 5578 Scriptura

2010 5599 2199 5664 refert,
2225 5605 2279 5651 et
2311 5598 2560 5667 pervenit
2613 5615 2787 5666 usque
2812 5596 3023 5660 Bethel,
3060 5603 3116 5650 et
3144 5611 3472 5666 progressus
3521 5605 3610 5652 est
