3966 6206
368 286 428 345 51
1141 308 1197 363 s.
1241 309 1620 377 PASCHASII
1657 322 2017 380 mnsam
2053 322 2359 379 ABBATIS
2395 318 2887 377 CORBEIENSIS.

3556 318 3626 377 52

361 412 424 468 in
443 416 745 520 ,W’ﬂ’ie’P
764 421 910 520 (Εἴθ’
931 442 1029 496 κη’
1051 428 1187 503 8ν9)’
1219 438 1318 492 Ubi
1332 456 1576 510 Sponsus,
1600 446 1660 500 in
1689 448 1949 516 Canticis,
1969 451 2021 510 Α
2039 448 2243 520 piendo
2267 447 2566 500 conﬁtetur
2575 449 2633 498 et
2650 444 2799 509 colit,
2819 442 3052 496 colendo
3065 446 3256 498 autem
3284 443 3537 514 quotidie
3553 442 3623 498 ad

363 504 527 607 iubet
553 505 799 607 (Dant-1,
823 512 900 581 6),
929 522 977 607 et
1000 526 1254 588 pascitur
1271 504 1419 582 inter
1444 504 1753 600 liliawant.
1788 554 1855 604 v1,
1872 504 1947 607 2);

2035 539 2321 593 caelestem
2348 534 2587 606 patriam
2615 532 2933 585 comitatur.
2956 532 3116 613 Unde
3145 536 3231 586 est
3256 530 3430 602 igitur
3472 532 3623 601 quod

360 590 935 691 Post-quaevirtutum
956 606 1199 681 insignia
1215 618 1481 683 tentatus,
1504 626 1561 675 et
1582 590 1855 680 inventus,
2036 590 2221 681 omnis
2247 590 2491 679 Ecclesia
2499 621 2753 680 adhucin
2766 620 2934 673 terris
2947 590 3369 690 infaﬁgabilitar
3382 590 3617 691 pugnat,

363 679 547 782 ﬁdelis
562 698 628 782 ac
635 686 842 782 justus.
860 693 967 757 Qui
986 679 1179 754 contra
1197 718 1373 774 spem,
1396 707 1454 762 in
1471 679 1574 781 spe
1605 713 1860 782 credidit,

362 770 514 869 omni
531 771 871 874 nobedientia
888 770 1324 860 consummatus,
1355 770 1523 866 pater:
1538 802 1790 856 omnium
1818 770 1951 874 gen-

360 856 503 912 tium
525 860 750 962 futurus
773 868 959 962 divina
987 856 1489 949 voceprzedicatur.
1511 889 1653 944 Hinc
1669 856 1852 962 igitu:
1867 856 1948 947 Eb

361 960 431 1041 eo
457 951 623 1041 restis
646 958 986 1029 genealogus
1014 970 1163 1021 recte
1179 971 1514 1041 nectitur,ut
1539 977 1598 1032 in
1624 951 1948 1036 summitate

359 1036 698 1135 ejus-hamus
721 1060 889 1101 carne
917 1059 1212 1123 coepertus
1258 1059 1330 1114 ad
1371 1036 1705 1135 capiendum
1751 1071 1946 1124 mundi

354 1127 529 1225 maris
570 1135 773 1225 cetum,
806 1135 861 1190 id
893 1143 980 1193 est
1006 1141 1311 1215 diabolum,
1346 1155 1403 1205 et
1429 1127 1499 1207 ad
1551 1156 1945 1225 perforandam

355 1214 476 1358 equ
505 1219 810 1291 maxillam,
835 1225 1125 1287 obscurius
1154 1235 1442 1308 religetur.
1469 1214 1596 1309 τὸ
1651 1245 1811 1301 Unde
1863 1265 1946 1303 se-

355 1317 425 1358 au
449 1308 545 1358 tur
572 1326 583 1358 :

351 1308 545 1373 quitur
572 1326 583 1359 :

422 1394 580 1450 Isaae
603 1404 789 1454 autem
825 1408 1019 1471 genuit
1042 1411 1222 1479 Jacob,
1253 1417 1419 1471 Jacob
1445 1424 1637 1486 genuit
1663 1416 1868 1478 Judam
1893 1433 1942 1480 et

2034 716 2165 787 quia
2176 716 2296 785 jam
2322 712 2403 766 illi
2434 710 2528 782 qui
2556 725 2686 763 eum
2711 708 2948 763 confessi
2972 713 3126 775 sunt,
3158 709 3288 764 hinc
3316 725 3418 780 per
3461 722 3616 763 mor-

2030 810 2146 858 tem
2182 801 2528 856 discedentes
2553 815 2682 853 cum
2709 797 2933 852 Christo
2952 804 3208 869 regnant.
3245 801 3497 863 Quorum
3520 797 3618 853 do-

2031 893 2211 948 ctrina
2236 891 2427 962 pollet,
2460 888 2731 943 miracula
2766 891 3080 952 coruscant,
3132 887 3366 941 virtutes
3411 886 3622 957 ubique

2031 980 2423 1053 praedicantur.
2439 978 2545 1031 Sed
2562 977 2694 1048 quia
2703 977 2874 1048 hujus
2892 976 3122 1047 capituli
3140 976 3209 1030 dc
3226 977 3255 1030 Ι
3259 975 3372 1030 uda
3383 974 3620 1030 fecimus

2029 1069 2390 1133 mentionem,
2406 1066 2783 1121 necessarium
2798 1064 3161 1119 reorinterim
3178 1065 3350 1119 latius
3361 1064 3614 1135 exsequi,

2026 1164 2255 1232 propter
2278 1157 2649 1227 quorumdam
2667 1154 2933 1208 duritiam
2958 1154 3045 1208 vel
3070 1154 3377 1209 caecitatem
3412 1152 3615 1219 cordis,

2028 1248 2123 1319 qui
2146 1251 2348 1318 putant
2361 1246 2466 1299 hoc
2493 1250 2673 1298 totum
2699 1244 2781 1297 ita
2808 1259 2981 1314 super
3001 1243 3029 1297 J
3034 1243 3203 1301 udam
3231 1242 3612 1313 interpretari,

2024 1341 2090 1391 ut
2111 1336 2251 1390 nihil
2281 1352 2346 1390 ex
2374 1335 2459 1389 his
2488 1335 2558 1387 ad
2601 1333 2884 1386 Christum
2915 1331 3117 1386 debeat
3151 1332 3452 1402 pertinere.
3501 1331 3617 1385 Nos

2023 1431 2234 1491 autem,
2257 1429 2406 1478 recte
2425 1423 2819 1492 intelligentes,
2841 1421 3080 1475 dicimus
3100 1421 3250 1491 quod
3272 1420 3528 1491 quaedam
3550 1436 3614 1474 ex

347 1482 556 1583 fratres
583 1488 717 1583 ejus.
747 1489 921 1547 Porro
954 1498 1099 1567 quod
1112 1499 1203 1553 hic
1250 1482 1545 1562 Matthaeus
1572 1509 1707 1565 dicit
1725 1518 1936 1581 genuit,
2020 1515 2129 1581 his,
2148 1482 2440 1568 licetJudae
2456 1482 3010 1583 coapttanturﬁamen
3025 1482 3334 1565 secundum
3348 1510 3615 1580 mysticos

344 1570 656 1675 Lucaanui
672 1579 803 1646 fuit,
833 1599 936 1652 per
960 1601 1185 1643 omnem
1213 1595 1430 1648 textum
1454 1601 1819 1657 successionis
1838 1621 1939 1675 po-
2022 1620 2219 1658 sensus
2245 1607 2299 1656 et
2334 1602 2555 1656 Christo
2574 1600 2869 1662 convenire
2897 1599 3113 1669 possint
3164 1600 3358 1669 Neque
3379 1599 3608 1653 omnino

345 1660 475 1715 suit.
505 1662 649 1726 Quia
678 1667 945 1762 nimirum
974 1674 1271 1734 Mattheus
1298 1686 1518 1740 tantum
1546 1694 1763 1745 naturae
1792 1660 1937 1747 ﬁlios
2019 1690 2590 1762 negamus,nonnulla
2602 1660 3253 1743 exihisadsolumJudam
3268 1660 3607 1758 pertingere,

344 1759 697 1853 annumerat,
743 1756 923 1815 Lucas
949 1778 1080 1818 vero
1109 1771 1414 1827 secundum
1452 1775 1653 1846 legem,
1697 1781 1782 1834 vel
1838 1756 2161 1853 perBsicut
2184 1787 2241 1833 et
2258 1780 2449 1849 aliqua
2476 1794 2600 1848 quae
2619 1776 2868 1830 Videmus
2907 1776 3067 1830 illum
3099 1775 3382 1841 excedere:
3415 1776 3487 1829 ad
3517 1791 3609 1830 30‘

345 1838 720 1940 adoptionem,
757 1848 1088 1940 quibusdam
1110 1856 1169 1910 in
1198 1857 1485 1919 locisﬁlios
1505 1838 1938 1940 interponit.‘Et
2018 1869 2135 1922 lum
2166 1838 2449 1922 Christum
2480 1838 2715 1921 dicimus
2748 1865 3052 1936 pertinere.
3072 1865 3218 1918 Nam
3249 1838 3398 1934 quod
3425 1864 3562 1919 dicit
3591 1881 3605 1917 ε

339 1931 649 2027 Ῑξίξίδηξίυιξι
686 1937 832 2005 (Ιαοά
856 1939 1171 2012 Μαΐῒῖῖεευεν
1191 1954 1400 2019 genuit,
1425 1957 1482 2007 et
1500 1971 1612 2010 non
1631 1931 1929 2027 generavit,
2018 1958 2140 2012 Νοη
2160 1959 2362 2024 deﬁciet
2391 1960 2642 2024 princeps
2669 1957 2732 2009 de
2749 1931 2927 2020 .Juda,
2960 1959 3008 2007 et
3040 1954 3155 2007 dux
3180 1955 3243 2006 de
3265 1931 3285 1934 —
3305 1954 3608 2020 femoribus

340 2016 566 2116 digerit.
600 2022 877 2081 Fortassis
918 2035 980 2084 ut
1016 2048 1143 2087 eum
1185 2016 1607 2109 recognosceres
1631 2016 1720 2101 "in
1760 2016 1929 2103 ﬁnem
2018 2016 2422 2116 ejus,cogimur
2448 2016 2759 2114 intelligere
2787 2043 2857 2097 de
2884 2016 3046 2110 Juda,
3087 2057 3186 2096 seu
3205 2042 3275 2096 de
3302 2016 3427 2112 ipsa
3451 2041 3604 2097 tribu

339 2111 646 2206 ρειξέξιεαω,
671 2114 740 2206 de
766 2133 876 2206 quo
905 2119 1074 2175 Pater
1085 2123 1252 2180 dixit:
1281 2129 1455 2184 Filius
1486 2150 1635 2188 meus
1661 2153 1712 2190 es
1734 2143 1813 2203 tu,
1839 2157 1929 2206 ego
2010 2111 2397 2206 quaerdenique
2423 2135 2450 2188 J
2458 2134 2567 2188 uda
2588 2111 2674 2186 est
2708 2133 3006 2203 appellata.
3039 2132 3314 2186 Caeterum
3331 2111 3485 2201 quod
3513 2148 3603 2185 se-

334 2196 496 2297 ncdie
522 2203 695 2297 genui
714 2204 945 2297 tegPsail.
963 2226 1015 2274 η,
1035 2210 1110 2273 7).
1138 2213 1455 2289 Hocitaque
1471 2224 1627 2291 quasi
1640 2196 1926 2297 propriuum

2012 2196 2206 2297 quitur
2238 2244 2249 2277 :
2284 2196 2459 2277 lionec
2476 2225 2659 2276 veniat
2689 2196 2799 2290 qui.
2814 2223 3116 2274 mittendus
3150 2226 3241 2284 est,
3279 2225 3328 2273 et
3352 2196 3467 2288 ipse
3497 2223 3603 2274 erit

334 2283 416 2383 illi
440 2286 670 2342 verbum
682 2295 739 2344 et
762 2292 1261 2357 familiarissimum
1276 2283 1660 2381 ubi-quesuper
1680 2283 1809 2368 cuin
1839 2333 1926 2388 po-

2015 2283 2330 2382 exspectatio
2349 2310 2696 2379 gentium,ad
2716 2311 2896 2363 solum
2915 2310 3200 2363 Christum
3212 2309 3467 2362 novimus
3483 2324 3606 2379 per-

332 2371 640 2471 tumn-Cur
655 2383 845 2471 autem
860 2383 1082 2454 dixerit,
1099 2392 1262 2445 Jacob
1280 2371 1472 2460 genuit
1497 2371 1701 2453 Ju‘dam
1732 2408 1779 2455 et
1809 2371 1932 2471 fra-
2012 2371 2504 2456 tinere.Nonenim
2522 2371 2679 2453 illum
2690 2400 2717 2453 J
2724 2399 2893 2453 udam
2907 2398 3273 2468 intelligimus
3295 2371 3601 2463 Christum,

336 2464 446 2560 tres
473 2467 608 2560 ejus,
632 2482 744 2522 non
765 2469 1005 2529 absurde
1044 2480 1330 2547 quaeritur.
1356 2484 1560 2540 Verum
1602 2505 1729 2543 cum
1756 2464 1931 2547 Abra-
2015 2493 2085 2546 de
2114 2492 2273 2560 cujus
2284 2489 2497 2544 semine
2518 2487 2865 2559 penitusdux
2886 2503 2997 2541 non
3008 2464 3229 2553 defecit,
3249 2487 3425 2541 donec
3450 2486 3606 2540 Chri-

495 2553 685 2647 Plllres
711 2563 973 2647 genuerit
1027 2564 1188 2635 ﬁlios,
1220 2576 1277 2625 et
1302 2572 1457 2628 Isaac
1498 2576 1730 2633 fratrem
1758 2582 1927 2636 Jacob
2010 2586 2129 2635 stus
2153 2548 2212 2633 in
2234 2595 2399 2632 carne
2421 2548 2668 2644 veniret;
2701 2577 2796 2632 sed
2809 2592 2936 2630 eum
2968 2576 3065 2647 qui
3091 2548 3277 2630 fuerat
3302 2574 3603 2645 repromis-

333 2636 615 2706 habuerit,
637 2646 772 2716 quid
786 2653 870 2703 est
899 2667 1030 2723 ergo
1052 2658 1199 2726 quod
1214 2658 1566 2732 Evangelista
1602 2668 1703 2721 hos
1735 2686 1927 2727 omnes

332 2733 732 2800 praetermittit,
752 2742 810 2791 et
828 2738 1027 2796 fratres
1058 2749 1279 2802 tantum
1310 2751 1339 2803 J
1346 2751 1456 2806 uda
1480 2761 1926 2814 commemorat?

330 2817 428 2919 ad.
616 2822 932 2919 dicendum,
963 2833 1113 2902 quod
1158 2835 1240 2890 illi
1271 2841 1431 2909 quasi
1463 2843 1631 2898 alieni
1661 2863 1693 2899 a
1722 2850 1927 2919 populo

329 2905 453 2973 Dei,
477 2913 631 3000 teste
687 2913 995 2986 Scriptura,
1028 2924 1228 2978 merito
1278 2905 1631 2998 repelluntur
1663 2953 1675 3000 ;
1796 2905 1926 2991 vero

332 2997 492 3093 quasi
521 2996 786 3093 haeredes,
819 3004 878 3058 in
900 3006 1040 3062 libro
1068 3010 1194 3066 vitae
1223 2996 1497 3073 collectim
1527 2996 1883 3078 ascribuntnr
1911 3046 1924 3093 ;

330 3086 389 3137 et
408 3087 575 3186 quasi.
594 3091 927 3158 patriarchae
946 3096 1239 3156 duodecim
1286 3104 1553 3177 tribuum,
1575 3112 1707 3181 quia
1745 3113 1814 3167 de
1835 3086 1930 3186 po;

2010 2686 2125 2733 sus,
2142 2674 2215 2735 et,
2230 2669 2493 2722 continuo
2506 2672 2570 2721 ut
2588 2666 2828 2731 advenit,
2847 2682 2880 2719 a
2899 2665 3161 2736 gentibus
3182 2670 3268 2719 est
3287 2669 3595 2735 susceptus.

2010 2758 2276 2829 Princeps
2297 2761 2486 2811 autem
2508 2772 2573 2810 ac
2596 2757 2711 2809 dux
2731 2756 2801 2808 de
2819 2755 3030 2810 femore
3051 2757 3221 2826 hujus
3242 2772 3306 2809 eo
3337 2771 3516 2825 usque
3545 2755 3605 2809 in

2010 2849 2040 2903 J
2044 2846 2157 2901 uda
2174 2845 2283 2899 fuit
2302 2863 2315 2901 :
2339 2846 2537 2898 exinde
2555 2859 2684 2897 vero
2698 2845 2963 2908 ,Herodes
2985 2842 3318 2914 alienigena,
3348 2844 3494 2898 sicut
3510 2861 3608 2914 po-

2011 2942 2132 2990 stea
2155 2933 2347 2989 multis
2367 2932 2585 2988 indiciis
2604 2933 3020 3003 Scripturarum
3040 2932 3497 2999 monstrabimus,
3520 2949 3607 2988 re-

2011 3041 2186 3096 gnum
2197 3023 2456 3094 suscepit.
2479 3021 2553 3076 Et
2576 3022 2679 3076 hoc
2700 3022 3051 3093 potissimum
3067 3022 3174 3076 fuit
3188 3021 3455 3076 indicium
3472 3039 3601 3076 eum

2012 3113 2302 3168 advenisse
2313 3115 2406 3165 cui
2418 3114 2837 3179 repositumerat
2851 3111 3600 3182 (subintelligiturregnumi,
3661 3164 3664 3167 λ

332 3172 847 3270 puloDeinonsunt
863 3184 1269 3255 exclusi,etiam
1285 3193 1354 3247 de
1383 3172 1747 3265 generatione
1764 3172 1926 3258 Cliri-
2009 3203 2115 3269 vel,
2148 3203 2292 3257 sicut
2322 3202 2380 3255 in
2410 3206 2602 3254 nostra
2628 3200 2867 3270 legimus
2884 3200 3273 3266 translatione,
3307 3201 3483 3255 donec
3510 3216 3601 3255 ve-

329 3258 404 3316 sti
419 3278 532 3363 non
545 3274 1079 3331 merenturexcludi.
1097 3278 1418 3337 Praesertim
1447 3301 1572 3340 cum
1589 3288 1647 3343 in
1679 3291 1758 3345 eis
1789 3309 1925 3363 apo-
2009 3292 2159 3346 niret
2190 3290 2285 3363 qui
2316 3289 2623 3344 mittendus
2663 3294 2785 3343 erat
2813 3307 2847 3343 a
2875 3291 3059 3353 Patre,
3093 3289 3358 3360 quoniam
3414 3290 3599 3360 ipsum

328 3351 601 3452 stolorum
639 3372 911 3416 numerus
941 3369 997 3417 et
1037 3364 1216 3423 forma
1245 3370 1518 3442 signatur,
1578 3377 1637 3431 in
1681 3351 1923 3450 quorum
2006 3351 2370 3452 gentes‘illico
2389 3384 2773 3450 susceperunt.
2799 3380 3023 3433 Interea
3050 3351 3187 3433 illud
3218 3379 3369 3449 quod
3395 3351 3599 3433 dicitur

328 3444 610 3499 consortio
629 3462 733 3518 per
758 3450 927 3506 ﬁdem
957 3455 1281 3513 coadunatze
1311 3478 1505 3519 omnes
1532 3444 1716 3523 tribus
1758 3475 1922 3526 terrae

327 3528 594 3588 divinitus
648 3546 1064 3598 consecrantur.
1120 3547 1228 3601 Sed
1266 3549 1391 3604 ideo
1439 3556 1771 3612 nominatim
1811 3577 1922 3616 non

329 3621 738 3720 exprimuntur,
762 3644 831 3682 ne
841 3633 1172 3705 genealogia
1186 3638 1334 3692 ultra
1345 3643 1681 3711 praeﬁnitum
1701 3651 1921 3720 mystici

328 3714 665 3768 sacramenti
687 3730 985 3774 numerum
1036 3725 1457 3796 multiplicetur.
1485 3732 1599 3786 Nec
1638 3714 1921 3793 hoc'sane

325 3812 533 3870 magno
573 3804 973 3893 profunditatis
1008 3821 1167 3868 vacat
1209 3821 1501 3888 mysterio,
1533 3825 1701 3893 quod,
1738 3827 1919 3883 tribus

323 3891 735 3959 praetermissis,
752 3894 945 3951 Ruben
959 3900 1186 3968 scilicet,
1211 3910 1267 3958 et
1283 3891 1653 3979 primogenito
1672 3891 1916 3983 Simeon,

325 3981 494 4046 atque
514 3978 953 4072 Levi,prioribus
964 3987 1284 4053 fratribus,J
1292 3996 1459 4050 udam
1479 4001 1658 4053 solum
1683 3978 1920 4072 Spiritus

324 4069 551 4118 sanctus
566 4067 816 4139 elegerit,
842 4090 944 4143 per
956 4093 1123 4145 quem
1149 4081 1350 4135 seriem
1380 4086 1688 4141 nativitatis
1718 4067 1915 4162 usque

324 4150 395 4248 ad
428 4153 713 4248 Christum
728 4164 961 4248 texeret.
986 4164 1106 4227 Quo
1123 4172 1370 4237 proiecto
1385 4174 1526 4241 jam,
1543 4150 1916 4248 quiaquartus

242 4318 245 4327 γ
323 4240 567 4327 eligitur,
596 4247 902 4315 quadratus
924 4250 1209 4325 Evangelii
1240 4276 1508 4315 numerus
1536 4274 1913 4324 consecratur.

2006 3471 2035 3525 J
2044 3471 2170 3535 uda,
2208 3476 2253 3523 te
2273 3469 2577 3524 laudabant
2607 3471 2812 3536 fratres
2836 3472 2940 3535 tui,
2973 3484 3305 3539 quocunque
3331 3468 3496 3525 modo
3516 3485 3600 3522 se-

2008 3559 2255 3614 cundum
2273 3558 2569 3613 historiam
2587 3558 2658 3611 ad
2689 3573 2820 3612 eum
2854 3559 2882 3612 J
2889 3558 3058 3612 udam
3082 3558 3277 3611 referri
3309 3562 3512 3628 potest,
3535 3562 3598 3613 ut

2005 3650 2119 3703 sint
2134 3665 2333 3702 manus
2344 3650 2465 3719 ejus
2478 3664 2646 3718 super
2659 3648 2897 3701 cervices
2910 3646 3261 3701 inimicorum
3275 3646 3594 3718 pugnando.

2005 3738 2114 3793 Sed
2132 3738 2331 3790 melius
2361 3737 2418 3790 in
2448 3736 2670 3790 Christo
2689 3735 3041 3805 intelligitur,
3074 3752 3239 3807 quem
3269 3752 3464 3790 omnes
3514 3753 3599 3790 re-

2004 3826 2121 3880 nati
2155 3825 2373 3897 publice
2392 3825 2623 3878 fratrem
2646 3825 2704 3878 in
2736 3825 3222 3878 Ecclesialaudant
3240 3831 3298 3879 et
3333 3827 3599 3879 conﬁten-

2002 3920 2115 3968 tur.
2133 3916 2306 3983 Cujus
2329 3913 2517 3983 itaque
2545 3928 2743 3966 manus
2772 3930 2942 3985 super
2977 3915 3214 3968 cervices
3240 3915 3595 3969 inimicorum

2001 4003 2371 4073 triumphant,
2403 4007 2526 4067 τε
2550 4007 2613 4055 ut
2642 4008 2834 4073 postea
2860 4004 3096 4057 adorent
3124 4019 3254 4057 eum
3286 4003 3385 4057 ﬁlii
3413 4003 3597 4057 Patris

2000 4108 2102 4162 per
2129 4091 2488 4162 adoptionem
2518 4091 2671 4159 facti,
2703 4092 2797 4162 qui
2824 4092 3037 4146 dudum
3082 4092 3306 4145 fuerant
3360 4092 3591 4147 inimici.

2000 4180 2298 4251 Sequitur:
2332 4183 2414 4235 Ad
2430 4184 2694 4250 predum,
2724 4183 2833 4235 Fili
2878 4186 2973 4247 mi,
3010 4183 3323 4245 ascendisti,
3345 4181 3431 4235 vel
3454 4182 3600 4236 sicut

1999 4267 2109 4323 alia
2138 4269 2527 4341 interpretatio
2544 4270 2727 4334 habet,
2753 4273 2817 4324 de
2832 4275 3079 4338 germine
3108 4274 3419 4333 ascendistz',
3439 4288 3598 4326 accu-

323 4326 543 4385 Deinde
574 4334 723 4404 quod
752 4340 937 4409 majus
958 4350 1059 4408 est,
1084 4345 1289 4401 idcirco
1319 4367 1384 4403 ex
1416 4352 1675 4408 omnibus
1705 4356 1982 4452 duode-D
2002 4360 2135 4413 bans
2148 4362 2423 4426 dormisti,
2460 4366 2507 4413 et
2527 4362 2669 4413 sicut
2695 4365 2911 4414 catulus
2942 4364 3130 4426 leonis,
3166 4363 3289 4429 quis
3310 4362 3594 4415 suscitabit

323 4417 428 4452 nim
454 4422 785 4452 ποιηςηκηιηε...
816 4428 902 4452 Lz-
936 4431 1072 4452 -4--.
1115 4451 1118 4452 ,
1346 4439 1355 4449 .
1447 4442 1478 4452 ..
1702 4445 1712 4452 .
1783 4447 1794 4452 _
2198 4451 2219 4452 κ
2287 4450 2298 4452 μ
2330 4449 2338 4452 .
2407 4449 2415 4452 .
2740 4449 2770 4452 Α,
2963 4451 2971 4452 ,
3035 4450 3043 4452 ,
3519 4451 3522 4452 ,

319 4610 698 4699 cognqsceres,
722 4605 818 4676 qui
835 4625 935 4678 per
954 4611 1220 4681 Spiritum
1250 4625 1505 4675 sanctum
1517 4639 1581 4675 ex
1600 4625 1649 4693 ej
1659 4641 1722 4677 us
1743 4626 1916 4699 stirpe

322 4686 457 4742 olim
470 4689 654 4746 fuerat
670 4697 1060 4765 repromissus.
1094 4702 1239 4758 Dicit
1263 4708 1410 4761 enim
1442 4710 1611 4765 Jacob
1628 4686 1718 4768 ita
1747 4730 1759 4769 :
1794 4686 1916 4771 Non

321 4776 528 4873 deﬁciet
554 4784 813 4853 princeps
842 4789 905 4840 de
923 4791 1089 4857 Juda,
1119 4798 1167 4846 ct
1196 4796 1311 4848 dum
1339 4798 1400 4850 de
1434 4800 1734 4865 femoribus
1775 4809 1907 4873 ejus,

320 4866 487 4920 donec
514 4873 701 4924 veniat
723 4876 823 4942 qui
844 4879 1144 4934 mittendus
1166 4889 1237 4935 est
1265 4885 1408 4948 (Gen.
1426 4902 1565 4954 XLIX,
1598 4888 1699 4959 10).
1735 4866 1911 4958 Quem

318 4958 385 5009 ut
404 4957 750 5015 manifestius
781 4963 1119 5034 exprimeret
1130 4972 1382 5040 quisnam
1396 4974 1619 5032 futurus
1632 4957 1795 5049 esset,
1844 4983 1915 5036 si-

316 5051 561 5114 gnanter
579 5048 801 5121 adjecit,
829 5052 1051 5109 dicens:
1094 5059 1157 5111 Et
1182 5062 1310 5128 ipse,
1344 5063 1543 5134 inquit,
1577 5072 1682 5122 erit
1739 5087 1913 5140 exspe-

318 5138 483 5189 ctatio
500 5142 772 5209 gentium.
808 5143 929 5206 Quo
958 5144 1100 5201 facto
1133 5148 1357 5205 videant
1386 5151 1508 5206 falsi
1539 5156 1713 5211 Judaei
1745 5138 1910 5231 quem

318 5227 631 5316 suscepturi
646 5229 777 5297 sint,
792 5234 940 5303 quod
957 5237 1137 5291 omnis
1158 5244 1495 5310 exspectatio
1512 5227 1908 5316 gentium‘cﬁ

317 5310 413 5367 diu
440 5314 821 5376 desideratum
832 5325 951 5394 jam
968 5328 1373 5398 complectitur,
1392 5310 1913 5401 adorat,veneratuvr

1898 4489 1911 4515 ,
1938 4449 1970 4452 ”
1999 4464 2125 4501 eum
2154 4455 2177 4502 Ρ
2197 4451 2261 4503 In
2286 4449 2372 4502 his
2403 4449 2592 4519 itaque
2609 4449 3049 4504 versibusJudaai
3078 4466 3190 4504 non
3220 4456 3337 4504 tam
3377 4451 3594 4506 conclu-

1895 4571 1919 4580 -
1998 4538 2226 4605 duntur,
2251 4556 2419 4609 quam
2444 4539 2664 4609 penitus
2681 4539 3070 4593 excluduntur.
3104 4540 3172 4594 Et
3191 4540 3316 4594 ideo
3345 4556 3459 4594 non
3509 4547 3595 4594 est

1997 4628 2411 4682 admittendum
2440 4633 2504 4681 ut
2540 4629 2609 4683 de
2628 4630 2773 4683 Juda
2800 4629 2914 4683 ullo
2948 4631 3112 4684 modo
3132 4631 3309 4700 possit
3331 4630 3588 4701 intelligi,

2000 4715 2145 4786 quod
2174 4733 2278 4769 nos
2307 4716 2376 4769 de
2407 4717 2626 4772 Christo
2667 4719 2960 4773 manifeste
3007 4720 3217 4773 dictum
3265 4719 3587 4791 probamus.

1999 4806 2143 4859 Nam
2164 4805 2210 4857 si
2239 4822 2512 4875 ponamus
2534 4808 2779 4861 catulum
2810 4809 2985 4862 leonis
3004 4811 3033 4862 J
3040 4810 3211 4863 udam
3256 4826 3355 4881 pro
3386 4811 3593 4865 virtute

1998 4892 2263 4959 bellandi,
2290 4895 2568 4964 quomodo
2606 4897 2675 4950 de
2699 4898 2953 4967 germine
2983 4898 3129 4951 ﬁlius
3158 4900 3366 4954 dicitur
3394 4918 3591 4955 ascen-

1998 4982 2147 5036 disse
2167 4983 2446 5037 ?Germen
2460 4991 2649 5039 autem
2664 4987 2754 5039 hic
2765 4987 2832 5038 de
2853 4987 3063 5052 Graeco,
3086 4989 3265 5058 magis
3285 4990 3587 5060 virgultum

1995 5072 2079 5125 vel
2111 5088 2320 5137 ramus,
2345 5073 2491 5128 sicut
2507 5075 2732 5145 quidam
2754 5082 3033 5141 asserunt,
3053 5077 3477 5150 interpretatur.
3512 5081 3589 5134 Ex

1996 5177 2106 5229 quo
2138 5161 2381 5229 virgulto
2402 5164 2429 5216 J
2437 5164 2573 5217 udas
2584 5165 2901 5218 ascendisse
2915 5166 3139 5224 dicitur.
3160 5169 3287 5234 Sed,
3324 5170 3456 5241 quia
3484 5171 3589 5224 hoc

1995 5248 2076 5301 illi
2107 5266 2220 5303 non
2251 5252 2526 5321 congruit,
2548 5254 2722 5307 multo
2739 5256 3158 5312 convenientius
3188 5259 3450 5332 huicloco
3471 5276 3590 5332 my-

1994 5337 2134 5390 stica
2161 5340 2430 5409 expositio
2447 5346 2756 5411 coaptatur.
2780 5345 3049 5401 Ascendit
3074 5327 3223 5419 ergo‘
3238 5350 3491 5404 Christus
3521 5327 3588 5405 ex

317 5404 375 5455 et
404 5404 551 5503 colit.
586 5407 744 5503 Unde
774 5411 1375 5503 liquidoconstatquod
1400 5422 1581 5475 omnis
1611 5426 1909 5481 multitudo
1990 5404 2261 5496 germine,
2296 5429 2517 5498 quando
2540 5404 2605 5484 ex
2632 5431 2863 5503 Virgine
2895 5442 3061 5490 natus
3085 5404 3169 5491 es:
3202 5439 3322 5491 sine
3348 5440 3580 5494 semine.

314 5492 588 5591 gentium,
609 5495 680 5550 ab
710 5499 925 5555 oriente
953 5519 1132 5574 usque
1160 5505 1217 5559 in
1248 5509 1609 5575 occidentem,
1628 5514 1747 5583 jam
1778 5532 1907 5571 eum
1993 5515 2070 5568 Ex
2090 5518 2358 5586 germine,
2394 5518 2593 5590 inquit,
2630 5524 2777 5592 quod
2836 5530 2922 5579 est
2952 5526 3162 5598 absque
3193 5528 3341 5581 coitu
3369 5529 3491 5595 viri,
3527 5538 3585 5585 et

319 5581 413 5653 qui
441 5583 748 5641 mittendus
761 5595 900 5657 erat,
920 5595 1291 5664 exspectando
1318 5597 1426 5652 ﬁde
1456 5581 1717 5671 suscepit,
1741 5606 1910 5658 susci-
1992 5581 2202 5677 absque
2233 5581 2669 5673 semine,-velut‘i
2698 5613 3003 5683 virgultum
3028 5581 3280 5671 nascens.
3314 5581 3582 5676 Autisicut
