3966 6206
1125 245 1507 303 ΕΧΡΟΒΙΤΙΟ
1545 248 1623 305 1N
1660 248 2103 307 MA'I'I‘HEUM.
2145 275 2211 290 --
2250 248 2390 305 LIB.
2429 248 2478 316 Ι,
2519 248 2677 304 CAP.
2717 250 2763 304 Ι.

3491 247 3561 303 54

300 374 402 427 ﬂos
419 372 488 427 de
528 370 722 426 radice
778 372 921 442 ejus,
948 370 1008 426 id
1028 373 1116 426 est
1142 385 1212 426 ex
1231 371 1446 442 virgine
1464 371 1686 428 Veritas
1696 372 1883 427 carnis
1901 375 1954 436 Α
1971 378 2111 428 erat.
2144 373 2287 429 Hinc
2305 379 2391 428 est
2416 377 2567 428 enim
2594 376 2755 428 tanta
2779 371 3187 427 benedictionis
3224 370 3559 433 obscuritas.

297 460 607 517 ascendisse
620 460 916 531 probatur.
940 460 1000 515 Si
1027 465 1219 516 autem
1246 460 1326 514 ita
1344 461 1644 531 legendum
1669 466 1787 517 est:
1807 463 1891 517 Ad

290 552 554 619 prodam,
582 551 696 605 Fili
721 551 824 616 mi,
841 551 1223 614 asoendisti,et
1236 551 1444 620 superi
1450 550 1619 604 udam
1633 555 1691 605 et
1720 566 1891 621 super

294 637 580 695 Christum
607 642 915 709 utrumque
946 637 1140 692 referri
1162 643 1362 709 potest.
1386 638 1547 702 Quod
1581 643 1771 693 autem
1802 654 1890 692 ac-

292 727 505 782 cubans
518 726 786 781 dormivit
803 731 870 781 ut
895 725 983 781 leo
1004 726 1092 781 vel
1119 726 1266 781 sicut
1278 726 1497 782 catulus
1518 726 1716 792 leonis,
1748 727 1889 782 nulli

290 815 458 870 alteri
486 828 654 885 quam
673 814 899 870 Christo
921 814 1213 886 congruit;
1241 817 1309 869 ut
1326 815 1404 869 sit
1421 815 1561 870 illud
1579 814 1639 869 in
1667 814 1889 870 Christo

291 904 527 975 mystice
546 903 1143 975 promulgatum,un
1160 904 1377 975 physici
1403 904 1473 958 de
1502 905 1688 959 catulo
1710 904 1887 961 leonis

291 998 545 1048 namt.
574 993 753 1048 Aiunt
776 994 949 1061 enim,
980 1007 1107 1048 cum
1129 998 1296 1048 natus
1322 993 1509 1059 fuerit,
1538 994 1685 1064 quod
1707 993 1887 1049 tribus

290 1080 485 1136 diebus
512 1098 581 1135 ac
608 1082 868 1137 noctibus
896 1079 1143 1136 dormiat
1172 1101 1185 1148 ;
1208 1087 1331 1136 tum
1362 1081 1566 1137 deinde
1594 1083 1771 1152 patris
1780 1081 1888 1137 fre-

289 1171 428 1224 mitu
457 1171 803 1225 suscitatur:
828 1171 912 1225 ita
937 1184 1072 1225 sane
1092 1175 1150 1224 et
1172 1171 1429 1225 Christus
1461 1171 1643 1225 tribus
1688 1170 1884 1226 diebus

285 1272 348 1314 sc
375 1258 564 1314 tribus
582 1256 841 1315 noctibus
869 1260 931 1313 in
960 1260 1125 1314 corde
1154 1264 1319 1314 terra;
1346 1260 1597 1330 sepultus
1625 1275 1887 1316 somnum

284 1349 479 1403 mortis
494 1349 770 1420 implevit,
794 1355 853 1403 et
869 1348 1021 1403 velut
1041 1349 1264 1403 catulus
1276 1349 1367 1403 die
1389 1348 1561 1403 tertia
1586 1349 1885 1406 suscitatus

284 1438 610 1492 resurrexit.
630 1437 789 1492 Unde
829 1439 1072 1493 Joannes
1110 1439 1169 1494 in
1226 1438 1562 1509 Apocalypsi
1589 1454 1696 1493 sua
1717 1456 1729 1491 :
1753 1438 1881 1493 Ecce

283 1530 408 1584 νίσιί
433 1530 518 1581 leo
548 1528 615 1580 de
636 1528 788 1581 tribu
808 1527 957 1582 Iuda
976 1528 1162 1598 (Apoc.
1185 1543 1237 1592 v,
1256 1525 1330 1596 5).
1356 1527 1512 1581 Tunc
1525 1527 1715 1598 itaque
1731 1528 1881 1594 vicit,

1972 467 2052 528 ut,
2084 462 2191 517 nisi
2234 462 2532 533 diligenter
2560 462 2634 516 sit
2661 462 2931 533 inspecta,
2966 460 3055 515 vix
3094 460 3337 515 discerni
3375 459 3556 531 possit
3632 461 3640 468 ’

1971 551 2105 622 quid
2135 552 2163 606 J
2170 551 2292 606 udae
2307 552 2508 622 quidve
2519 550 2741 607 Christo
2750 549 2855 604 soli
2871 548 3183 605 conveniat.
3214 549 3281 604 In
3309 565 3376 604 eo
3392 564 3558 604 nam-

1970 655 2080 710 que
2108 640 2291 695 adhuc
2316 646 2440 695 erat
2462 640 2603 694 illud
2622 654 2815 695 semen
2849 638 3106 703 Abrahm,
3137 642 3293 694 retro
3311 637 3434 709 jam
3465 653 3560 693 re-

1968 728 2327 799 promissum,
2341 729 2402 783 in
2423 744 2532 800 quo
2554 728 2868 783 benedictio
2896 728 3150 783 omnium
3167 727 3424 799 gentium
3442 726 3567 799 poi-

1970 816 2245 872 licebatur
2277 836 2287 870 :
2313 824 2373 872 et
2390 818 2517 872 ideo
2545 818 2639 872 hic
2663 817 2801 872 dicit
2827 818 2977 888 quod
3005 818 3126 889 ipse
3162 818 3249 871 est
3277 821 3560 889 aspectav

1971 906 2050 962 tio
2059 906 2333 977 gentium.
2342 905 2777 977 Exspectabamr
2790 911 2981 963 autem
3007 920 3074 961 ac
3086 906 3136 961 si
3145 906 3519 977 repromissae
3540 923 3558 973 ;

1969 996 2273 1066 suscipitur
2298 1009 2428 1049 mox
2455 1001 2521 1049 ut
2536 994 2778 1061 advenit,
2826 995 2986 1067 quasi
3048 991 3323 1051 redditus.
3381 995 3558 1065 Cujus

1968 1084 2114 1139 oculi
2139 1084 2486 1155 pulchriores
2504 1084 2661 1138 fuere
2679 1083 2831 1149 vino,
2863 1084 3074 1139 scilicet
3095 1085 3334 1156 apostoli
3363 1089 3423 1138 et
3442 1096 3560 1138 om-

1968 1187 2068 1227 nes
2095 1173 2273 1226 sancti
2314 1170 2742 1243 praedicatores;
2766 1170 2899 1242 quia
2938 1177 3157 1228 mentes
3209 1173 3559 1228 credentium

1966 1267 2153 1316 musto
2173 1262 2353 1318 sancti
2383 1261 2626 1333 Spiritus
2667 1262 3038 1318 inebriarunt.
3072 1258 3143 1315 Et
3163 1261 3362 1317 dentes
3414 1262 3560 1317 lacte

1966 1349 2335 1416 candidiores,
2369 1365 2469 1422 per
2494 1364 2634 1421 quos
2662 1349 2767 1404 sibi
2796 1363 2993 1404 omnes
3021 1353 3238 1420 gentes,
3266 1351 3420 1406 velut
3434 1350 3559 1406 ani-

1966 1438 2201 1494 malium
2220 1452 2418 1493 carnes
2457 1435 2517 1492 in
2541 1452 2709 1493 suum
2763 1438 2988 1509 trajecit
3013 1451 3217 1509 corpus
3243 1454 3256 1505 ;
3286 1439 3355 1493 ut
3380 1439 3442 1493 in
3490 1451 3558 1494 eo

1966 1528 2131 1594 uniti,
2182 1528 2241 1583 id
2271 1533 2376 1595 est,
2402 1528 2463 1582 in
2486 1527 2696 1583 Christi
2723 1541 2955 1599 corpore
2979 1526 3327 1598 transpositi,
3364 1540 3560 1582 omnes

283 1627 404 1670 olim
419 1614 707 1682 accubuit,
722 1616 855 1686 quia
873 1620 1009 1670 tunc
1019 1620 1260 1670 mortem
1278 1613 1566 1670 moriendo
1587 1616 1879 1687 confregit.
1905 1684 1941 1687 _
1964 1620 2163 1687 gentes
2180 1617 2240 1671 in
2268 1630 2384 1672 uno
2411 1617 2627 1671 semine
2644 1616 3127 1672 benedicerentur.
3152 1616 3313 1671 Unde
3326 1615 3460 1670 alibi
3479 1613 3560 1671 di-

283 1704 523 1759 Omnem
553 1684 800 1775 namque
833 1701 1082 1775 praedam
1112 1718 1281 1775 quam
1310 1705 1397 1759 leo
1422 1705 1521 1759 ille
1567 1684 1881 1761 contrarius
1901 1684 2119 1761 Bctum
2133 1706 2392 1777 legimus,
2429 1708 2521 1761 Vos
2534 1710 2659 1761 cett:
2682 1719 2863 1759 smn
2892 1707 2987 1759 cui
3014 1706 3288 1759 beneth
3312 1707 3562 1772 30110-

284 1793 567 1847 invaserat
588 1792 818 1847 homine
842 1797 1122 1864 prostrato
1133 1808 1197 1848 ac
1221 1792 1452 1858 devicto,
1478 1790 1569 1848 hic
1586 1795 1674 1849 leo
1694 1800 1885 1850 noster

284 1881 550 1947 restituit,
578 1888 640 1937 et
663 1887 848 1936 totum
865 1883 1212 1953 resurgendo
1232 1883 1291 1936 in
1307 1883 1511 1937 melius
1530 1882 1878 1952 reformavit,

282 1971 405 2026 dum
428 1970 827 2042 captivitatem
855 1977 1105 2027 nostram
1134 1986 1239 2025 sua
1273 1972 1431 2025 duxit
1459 1972 1666 2027 virtute
1696 1974 1876 2044 captio

280 2074 415 2115 vam.
448 2060 579 2114 Hoc
614 2060 823 2131 quippe
845 2060 1012 2114 modo
1040 2057 1396 2131 triumphans
1423 2061 1511 2114 leo
1534 2060 1657 2125 fuit,
1706 2063 1878 2118 tertia

278 2162 399 2203 vero
454 2148 559 2202 die
604 2149 885 2203 maturius
939 2149 1259 2216 suscitatus,
1294 2150 1544 2205 catulum
1587 2148 1767 2205 leonis
1815 2164 1875 2205 se

277 2236 436 2291 tuisse
464 2236 743 2293 ostendit.
776 2238 922 2291 Hinc
961 2239 1048 2292 est
1096 2252 1229 2308 ergo
1283 2238 1432 2309 quod
1475 2239 1732 2309 sequitur
1764 2257 1774 2292 :
1808 2241 1875 2295 Et

278 2332 391 2396 qui:
416 2329 717 2382 suscitabat
746 2342 871 2382 cum
900 2333 923 2380 ν
947 2327 1093 2391 Quia
1118 2340 1313 2382 revera
1340 2328 1614 2399 propheta
1627 2329 1876 2384 conside-

276 2430 398 2471 rans
424 2417 540 2471 Dei
568 2420 630 2470 et
651 2416 894 2470 hominis
920 2428 1240 2486 personam,
1274 2414 1560 2472 Christum
1598 2416 1657 2471 in
1696 2424 1876 2473 morte

274 2503 599 2560 accubuisse
619 2505 926 2572 admirans,
958 2500 1040 2558 ait
1073 2523 1083 2557 :
1110 2506 1176 2558 Et
1204 2509 1327 2574 quis
1359 2508 1645 2560 suscz'tabt't
1697 2520 1823 2561 eum
1853 2515 1877 2561 γ

274 2594 397 2648 Acsi
412 2594 656 2661 diceret,
682 2595 966 2648 Contueor
984 2593 1084 2647 Dei
1105 2594 1290 2647 Patris
1318 2594 1544 2662 Filium,
1572 2593 1706 2648 dum
1732 2595 1874 2649 Ver-

275 2682 396 2736 bum
421 2698 562 2738 caro
593 2684 719 2737 ﬁeri
767 2684 1033 2753 dignatus
1061 2688 1165 2749 est,
1190 2694 1291 2753 per
1320 2690 1559 2738 mortem
1580 2684 1874 2740 immorta-

273 2772 375 2825 lem
403 2775 543 2838 ,ο
572 2771 987 2842 quodammodo
1008 2768 1366 2840 accubuisse;
1387 2773 1513 2842 quis
1536 2784 1663 2828 eum
1693 2786 1875 2829 resus-

272 2859 454 2914 citabit
473 2861 504 2913 ?
539 2861 670 2931 Ipse
692 2857 801 2914 se?
831 2862 918 2914 An
944 2861 1093 2915 Deus
1122 2861 1290 2914 Pater
1316 2860 1340 2913 't
1367 2862 1499 2927 Aut,
1532 2862 1681 2933 quod
1707 2863 1875 2917 veris-

1964 1797 2428 1863 minus(lsa.1.x1,
2453 1792 2528 1867 9).
2546 1782 2749 1851 'Semen
2774 1794 2926 1848 enim
2946 1793 3099 1860 dicit,
3119 1798 3303 1849 etnon
3320 1797 3555 1862 semina,

1966 1885 2099 1956 quia
2128 1898 2323 1938 omnes
2353 1885 2412 1938 in
2441 1882 2663 1939 Christo
2683 1894 2860 1937 unum
2881 1896 3075 1938 semen
3098 1882 3280 1937 euecti
3337 1897 3553 1939 sumus.

1962 1970 2152 2029 Unum
2172 1986 2305 2043 ergo
2332 1986 2575 2043 granum
2602 1972 2872 2026 frumenti
2909 1972 2969 2025 in
2990 1976 3202 2026 terram
3229 1972 3436 2027 cadens
3464 1986 3558 2028 so~

1959 2063 2076 2118 lum
2098 2067 2383 2117 mortuum
2405 2062 2529 2127 fuit,
2565 2060 2663 2115 sed
2682 2061 2888 2115 multas
2916 2064 3134 2131 segetes
3153 2058 3225 2115 de
3253 2074 3313 2116 se
3337 2061 3553 2132 genuit.

1958 2152 2028 2206 Et
2051 2148 2259 2207 idcirco
2289 2150 2385 2222 qui
2412 2151 2532 2204 vult
2575 2149 2811 2204 introire
2829 2149 2889 2203 in
2917 2149 3183 2204 horreum
3210 2150 3455 2218 Domini,
3478 2151 3557 2204 vi-

1957 2243 2089 2297 deat
2108 2241 2228 2312 ipse
2257 2241 2306 2294 si
2330 2241 2399 2295 de
2418 2240 2599 2309 hujus
2616 2235 2804 2293 radice
2823 2238 3110 2310 processit.
3144 2238 3428 2310 Sequitur,
3453 2239 3554 2294 Al-

1959 2334 2162 2398 ligans,
2195 2329 2397 2401 inquit,
2424 2330 2497 2383 ad
2519 2318 2982 2382 vineamastnam
3021 2342 3201 2394 suam,
3226 2329 3367 2382 atad
3387 2329 3555 2383 vitam

1954 2423 2181 2489 pullum
2204 2432 2390 2473 suum.
2412 2415 2605 2472 Pullus
2618 2416 2709 2470 hic
2719 2416 3008 2487 gentilitas
3030 2415 3552 2488 designatur,quem

1957 2507 2212 2577 alligavit
2237 2506 2309 2560 ad
2328 2506 2518 2572 vitem,
2550 2506 2621 2559 de
2644 2518 2757 2575 qua
2780 2504 2932 2570 dicit,
2960 2505 3072 2573 Ego
3094 2520 3220 2558 sum
3239 2506 3370 2559 uitis
3399 2517 3549 2571 vera,

1957 2600 2004 2651 et
2024 2610 2115 2649 vos
2135 2598 2393 2664 palmites
2416 2595 2601 2664 (Joan.
2622 2608 2709 2659 xv,
2738 2594 2811 2659 5).
2841 2590 3002 2657 Quod
3017 2606 3147 2648 eum
3173 2591 3266 2647 hic
3293 2593 3554 2664 alligasse

1956 2684 2181 2749 dicitur,
2202 2680 2658 2737 aliasinseruisse
2678 2685 3027 2736 monstratur
3048 2700 3061 2749 ;
3084 2684 3166 2747 ut,
3185 2682 3328 2736 sicut
3338 2682 3553 2753 palmes

1954 2776 2147 2828 manet
2174 2772 2234 2827 in
2260 2773 2391 2838 vita,
2425 2768 2531 2825 iste
2561 2771 2767 2825 asellus
2783 2768 3002 2841 corpori
3030 2769 3240 2824 Christi
3267 2770 3552 2825 coaduna-

1951 2869 2046 2918 tus
2075 2861 2378 2933 perfectam
2403 2860 2643 2927 vineam,
2685 2862 2937 2913 sanctam
2962 2858 3219 2913 videlicet
3240 2858 3342 2913 Dei
3362 2858 3552 2915 Eccle-

272 2950 469 3004 simum
506 2954 617 3015 est,
652 2950 823 3003 simul
854 2950 973 3020 ipse
998 2962 1076 3016 se,
1106 2954 1164 3004 et
1182 2949 1333 3005 Deus
1358 2957 1537 3021 pater,
1570 2964 1698 3006 eum
1720 2965 1874 3007 resu—
1888 2996 1933 3060 ϐ
1953 2952 2115 3017 siam,
2139 2951 2261 3005 sine
2272 2949 2490 3004 macula
2516 2954 2574 3003 et
2608 2948 2730 3004 sine
2752 2962 2897 3022 ruga
2923 2962 2990 3002 ex
3009 2945 3267 3003 omnibus
3281 2946 3551 3003 membris

272 3039 473 3060 _-:L-__:L
535 3039 698 3060 17...]-
744 3038 1029 3060 A_._‘._A-'l___
1065 3040 1263 3060 ..ι----ΑΛ
1299 3044 1348 3060 -Α.
1374 3038 1421 3060 ,ιε
1437 3040 1501 3060 ,ει
1558 3041 1691 3060 Ληεᾼ
1721 3043 1835 3060 Ἀκη
1854 3058 1864 3060 μ
1956 3041 2068 3060 ,μεμ
2093 3056 2144 3060 ,7-
2178 3038 2492 3060 ..2.1-..Α.;ι--..
2519 3036 2804 3060 --ιει-..,λ.
2842 3036 3069 3060 ιτ--ιι......
3089 3034 3232 3060 Αμζ...
3265 3035 3545 3060 ..ε-α-.-1--...

271 3039 495 3093 scitavit.
535 3039 703 3094 Unde
730 3038 1031 3109 Apostolus
1059 3040 1265 3093 clamat
1294 3044 1351 3093 et
1369 3038 1521 3107 dicit,
1556 3041 1701 3104 Quia
1721 3043 1870 3097 Deus
1888 3034 1933 3060 υ
1953 3041 2069 3096 suis
2089 3056 2149 3094 se
2178 3038 2494 3093 videntibus
2514 3036 2823 3092 exhiberet.
2842 3036 3073 3092 Nullum
3086 3034 3238 3091 enim
3265 3035 3548 3093 vinculum

271 3126 417 3181 illum
435 3128 742 3182 suscitavit
771 3140 807 3180 a
835 3127 1091 3182 mortuis.
1124 3130 1192 3181 Et
1222 3132 1321 3197 qui
1368 3132 1656 3183 suscitavit
1712 3131 1870 3185 Chri-
1950 3126 2184 3184 unitatis
2209 3127 2430 3182 vinculo
2453 3127 2637 3198 majus
2667 3128 2771 3193 est,
2805 3125 2950 3197 quod
2983 3125 3171 3180 unitas
3215 3124 3548 3183 divisionem

270 3218 739 3282 :tumamortm’s,
766 3218 1076 3283 suscitabit,
1105 3217 1307 3288 inquit,
1331 3223 1381 3271 et
1400 3222 1667 3274 mortalia
1690 3224 1867 3275 vestra
1949 3232 2062 3274 non
2092 3215 2312 3290 recipit,
2345 3231 2528 3289 neque
2559 3215 2775 3288 patitur
2820 3213 3125 3270 sectionem
3154 3234 3173 3282 ;
3204 3212 3302 3271 sed
3327 3228 3393 3270 ex
3422 3214 3543 3272 suis

271 3318 485 3375 corpora
510 3309 748 3376 propter
762 3307 1169 3360 inhabitantes:
1198 3309 1462 3375 spiritum
1474 3311 1590 3376 eius
1618 3311 1683 3364 in
1714 3311 1868 3364 nobis
1949 3322 2095 3381 saepe
2123 3306 2376 3381 partibus
2403 3305 2593 3361 unitas
2616 3304 2864 3376 corporis
2883 3304 2964 3359 sic
2982 3302 3371 3376 confringitur,
3389 3308 3457 3361 ut
3484 3303 3546 3361 id

274 3396 430 3464 (Rom.
461 3403 590 3462 vni,
626 3393 733 3459 11).
767 3395 929 3458 Quod
955 3398 1145 3449 autem
1171 3394 1292 3466 ipse
1317 3396 1688 3464 suscitaverit,
1735 3398 1868 3473 dicit
1948 3397 2097 3471 quod
2122 3403 2208 3452 est
2250 3409 2446 3462 unum,
2483 3393 2772 3450 efﬁciatur.
2808 3392 2879 3449 Et
2905 3391 3032 3449 ideo
3079 3391 3273 3449 feritas
3312 3392 3546 3465 gentili-

271 3484 320 3538 in
344 3485 581 3540 Joannis
611 3484 910 3555 Evangelio
939 3502 950 3537 :
974 3485 1175 3540 Solvite
1188 3488 1449 3554 templum
1465 3486 1577 3551 hoc,
1612 3492 1663 3540 et
1689 3500 1780 3553 ego
1802 3489 1865 3541 in
1946 3487 2080 3542 tatis
2100 3485 2305 3542 Christi
2327 3499 2559 3556 corpore
2573 3483 2803 3547 inserta,
2838 3482 2999 3554 quasi
3020 3480 3092 3537 ad
3112 3481 3287 3537 vitem
3305 3481 3545 3555 religata

272 3575 433 3627 tn'bus
462 3575 664 3628 diebus
686 3573 957 3627 suscitabo
982 3574 1128 3627 illud
1160 3576 1340 3644 (Joan.
1370 3584 1432 3639 ιι,
1472 3571 1572 3639 19).
1606 3575 1694 3628 Ad
1717 3577 1865 3646 quod
1947 3574 2170 3641 dicitur,
2194 3574 2329 3629 dum
2348 3573 2480 3628 ﬁdei
2500 3571 2735 3627 vinculis
2756 3569 2836 3625 illi
2855 3586 2957 3642 per
2978 3572 3222 3643 gratiam
3244 3574 3330 3626 est
3356 3571 3537 3628 unita.

268 3661 643 3733 Evangelista,
696 3662 807 3717 Hoc
852 3664 1039 3716 autem
1089 3664 1315 3728 dicebat,
1340 3663 1542 3733 inquit,
1570 3664 1633 3717 de
1667 3667 1864 3732 templo
1948 3662 2331 3719 Etadvz'neam
2349 3658 2854 3716 asinamsuam.Ad
2868 3658 3306 3732 vineamquippe
3322 3659 3541 3716 asinam

269 3754 495 3820 corporis
528 3752 650 3805 sui.
676 3749 779 3804 His
806 3750 888 3804 ita
915 3766 950 3803 a
977 3750 1143 3821 longe
1201 3750 1484 3821 Propheta
1529 3752 1857 3823 conspectis,

269 3843 405 3893 recte
424 3848 667 3911 stupore
695 3852 799 3910 pro
820 3840 981 3893 tanta
1009 3838 1194 3893 Patris
1223 3854 1287 3893 ac
1316 3839 1441 3893 Filii
1470 3841 1687 3894 unitate
1712 3843 1862 3895 atto~

269 3928 408 3984 nitus
434 3930 603 3993 dicit,
636 3928 705 3983 Et
730 3926 856 3997 quis
884 3929 1170 3982 suscitabit
1197 3945 1322 3983 eum
1346 3934 1369 3981 ?
1408 3930 1674 4001 Sequitur
1713 3931 1861 4001 quod

263 4019 371 4086 jam
406 4026 539 4074 ante
573 4019 745 4089 paulo
782 4018 1172 4090 praemisimus,
1206 4018 1329 4072 Non
1357 4019 1561 4085 deﬁciet
1604 4016 1861 4088 princeps

265 4122 323 4160 es
341 4108 504 4175 Iuda,
539 4112 598 4162 et
634 4108 753 4161 duo:
782 4108 845 4162 de
872 4108 1172 4175 femoribus
1201 4110 1334 4176 ejus,
1359 4107 1525 4161 donec
1548 4110 1733 4162 veniat
1762 4110 1860 4177 qui

1945 3749 2205 3823 alligasse
2233 3748 2456 3816 dicitur,
2487 3764 2611 3803 cum
2623 3761 2967 3821 synagogam
2980 3746 3236 3803 Ecclesiae
3264 3747 3396 3803 fidei
3413 3748 3537 3804 vin-

1945 3839 2083 3897 culis
2102 3836 2397 3912 copulavit.
2431 3836 2577 3903 Quia
2602 3837 2869 3891 nimirum
2890 3850 3233 3909 synagogam
3280 3836 3539 3892 Christus

1943 3930 2195 4003 provexit
2216 3926 2275 3983 in
2296 3926 2618 3993 Ecclesium,
2636 3930 2693 3981 et
2712 3939 2826 3980 non
2856 3922 3154 3980 Ecclesium
3184 3938 3381 3999 rursus
3407 3940 3535 3980 mu-

1943 4017 2081 4075 tavit
2102 4018 2161 4073 in
2184 4030 2547 4091 synagogam.
2589 4013 2699 4071 Sed
2729 4014 2862 4086 quia
2891 4011 3332 4069 benedictionem
3363 4004 3536 4086 quau-

1939 4109 2117 4180 tisper
2141 4109 2306 4178 longe
2331 4102 2782 4178 propagavimus,
2826 4102 3031 4176 quippe
3049 4108 3115 4158 ut
3138 4118 3268 4158 eum
3296 4117 3411 4159 non
3434 4100 3535 4159 abs

268 4199 561 4251 mittendus
591 4201 688 4250 est.
718 4196 823 4251 Ubi
852 4194 1100 4267 profecto
1129 4195 1376 4249 declarat
1427 4196 1600 4250 alium
1639 4208 1760 4251 esse
1789 4194 1857 4250 de
1940 4214 2000 4251 re
2026 4194 2086 4251 in
2124 4197 2228 4251 hac
2254 4192 2586 4266 genealogis
2615 4207 2681 4248 ex
2708 4192 2937 4248 nomine
2965 4192 3212 4264 positum
3239 4193 3528 4261 sciremus,

269 4297 366 4355 quo
394 4284 569 4340 duces
619 4285 795 4339 futuri
826 4288 1005 4351 erant,
1042 4289 1099 4338 et
1150 4284 1324 4338 alium
1378 4298 1527 4351 eum,
1560 4285 1655 4355 qui
1698 4286 1906 4359 quasi_
1937 4287 2050 4341 imo
2078 4300 2182 4359 per
2210 4299 2339 4340 eum
2354 4298 2483 4339 mox
2511 4283 2733 4337 animus
2754 4287 3070 4337 recurreret
3096 4281 3165 4337 ad
3204 4280 3532 4338 vaticinium

267 4373 450 4429 unicus
479 4388 548 4428 ac
583 4374 844 4445 specialis
872 4373 1181 4428 mittendus
1197 4378 1333 4438 erat,
1353 4386 1519 4446 quem
1538 4355 1736 4444 gentes
1757 4388 1856 4429 ex-
1871 4355 1921 4414 D
1937 4355 2411 4447 tanti—prophetae,
2444 4376 2502 4427 et
2528 4373 2782 4427 crederet
2807 4373 2928 4443 jam
2952 4369 3190 4439 venisse,
3211 4384 3379 4443 quem
3397 4386 3532 4443 gen-

267 4468 534 4533 spectasse
569 4462 891 4518 denuntiat.
935 4461 1043 4517 Sed
1062 4462 1341 4533 quomodo
1365 4464 1664 4534 praemissae
1692 4462 1858 4519 bene-
1938 4470 2023 4519 tes
2044 4460 2415 4536 exspectando
2444 4458 2826 4533 percipiebant
2859 4477 2869 4512 :
2906 4466 2964 4515 et
2990 4458 3119 4527 dux,
3154 4460 3285 4532 quia
3313 4460 3532 4516 deiece-

268 4549 530 4607 dicu'ones
579 4550 806 4606 Christo
835 4557 1167 4622 congruant,
1202 4568 1330 4606 cum
1379 4566 1555 4623 usque
1595 4551 1667 4607 ad
1709 4554 1856 4607 hunc
1937 4559 2027 4609 rat
2056 4568 2119 4608 ex
2145 4553 2308 4618 Juda,
2341 4557 2398 4606 et
2415 4548 2673 4623 princeps
2697 4550 2767 4605 de
2821 4548 3126 4605 femoribus
3169 4551 3292 4621 ejus
3341 4550 3531 4606 nullus

269 4639 436 4695 locum
460 4654 655 4695 sermo
686 4639 870 4695 Patris
894 4640 1045 4695 velut
1061 4642 1131 4695 ad
1159 4638 1188 4696 J
1194 4642 1361 4695 udam
1380 4641 1561 4696 solum
1590 4641 1853 4707 intendit,

268 4743 323 4781 ac
342 4746 440 4800 per
465 4734 495 4785 Ι
503 4731 681 4785 udam
705 4747 931 4786 omnem
967 4730 1181 4785 tribum
1210 4729 1519 4799 benedicat,
1556 4731 1854 4786 obscurum

268 4832 374 4872 esse
400 4819 649 4876 videtur.
676 4820 890 4875 Dehinc
913 4825 1105 4875 autem
1129 4820 1269 4875 nulli
1293 4819 1525 4874 dubium
1546 4822 1703 4892 quasi
1730 4836 1855 4875 con-

267 4906 584 4979 templanda
613 4908 796 4980 qualis
824 4910 1050 4964 futurus
1069 4908 1241 4964 tuerit
1279 4910 1428 4980 quod
1476 4908 1677 4981 spiritu
1724 4926 1853 4981 pros

267 4995 457 5064 phetiae
516 4999 817 5053 manifeste
866 4997 1231 5053 demonstret.
1272 4995 1448 5064 Unde,
1487 4999 1617 5069 quia
1672 4998 1854 5054 adhuc

268 5083 514 5141 Christus
540 5087 599 5141 in
624 5087 831 5142 lumbis
863 5093 986 5143 erat
1013 5089 1188 5153 ludat,
1234 5088 1324 5141 cui
1355 5092 1518 5141 erant
1547 5090 1633 5155 (ut
1687 5088 1847 5144 multi

269 5173 472 5228 codices
499 5175 729 5241 habent)
757 5177 1022 5248 reposita,
1046 5175 1265 5232 tantum
1284 5182 1348 5230 ut
1368 5174 1852 5247 subintelligamus

272 5277 514 5331 regnum,
538 5270 597 5319 et
614 5267 805 5320 omnia
833 5280 955 5337 quae
997 5267 1065 5321 de
1121 5282 1186 5320 eo
1232 5265 1505 5337 promissa
1551 5265 1758 5321 Judzeis
1788 5283 1853 5320 ac

272 5352 518 5419 gentibus
567 5354 810 5422 fuerant,
853 5353 1047 5426 dirigit
1094 5355 1254 5426 quasi
1309 5354 1368 5409 in
1418 5354 1623 5421 radice,
1656 5355 1744 5410 vel
1793 5356 1851 5411 in

273 5453 463 5507 granos
488 5444 719 5500 seminis
751 5442 1215 5513 benedictionem,
1237 5450 1405 5516 atque
1432 5442 1489 5498 in
1513 5458 1579 5499 eo
1592 5458 1851 5516 superer-

276 5526 410 5583 tollit
426 5530 606 5601 illum,
628 5534 729 5605 qui
742 5532 896 5589 velut
917 5532 1131 5589 fructus
1148 5532 1217 5589 de
1235 5533 1422 5589 radice
1445 5534 1849 5604 germinandus

1935 4642 2342 4707 inveniebatur,
2374 4638 2463 4695 his
2483 4638 2682 4695 saltem
2702 4639 2987 4694 conventis
3014 4637 3352 4693 testimoniis
3382 4637 3531 4695 duri-

1934 4729 2017 4786 tia
2037 4730 2218 4786 cordis
2239 4730 2604 4794 mollesceret,
2631 4734 2687 4784 et
2701 4743 2895 4783 omnes
2916 4727 3005 4800 pie
3028 4725 3339 4799 gaudentes
3358 4728 3532 4784 susci-

1936 4824 2152 4893 perent,
2182 4835 2347 4892 quem
2373 4816 2471 4873 diu
2484 4823 2757 4873 noverant
2775 4824 2910 4873 tunc
2938 4816 3209 4889 temporis
3233 4822 3528 4873 venturum

1936 4908 2130 4981 utique
2158 4908 2460 4981 prophetas
2472 4906 2820 4979 praedixisse:
2842 4912 3020 4962 restat
3046 4920 3196 4961 nunc
3224 4904 3432 4961 sensim
3456 4907 3528 4962 ad

1937 5000 2087 5053 aliud
2126 4997 2466 5054 narrationis
2496 4986 3172 5070 mysterium‘suocedere,
3192 5000 3250 5051 et
3269 4994 3418 5068 quod
3448 4994 3527 5051 ibi

1935 5089 2111 5143 lateat
2128 5084 2259 5143 fidei
2287 5090 2702 5142 sacramentum
2731 5083 2898 5157 paulo
2926 5083 3270 5139 enucleatius
3281 5084 3521 5155 aperire.

2003 5179 2176 5231 Judas
2199 5182 2384 5232 autem
2401 5179 2595 5248 genuit
2615 5176 2818 5230 Phares
2855 5180 2906 5229 et
2931 5175 3137 5229 Zaram
3166 5175 3228 5228 de
3262 5172 3524 5230 Thamar.

1936 5265 2072 5320 Ecce
2088 5265 2177 5319 hic
2192 5262 2302 5320 duo
2312 5262 2521 5337 gemini
2550 5264 2751 5319 fratres
2782 5259 3218 5335 cognominatim
3238 5260 3298 5316 in
3320 5277 3526 5333 genea-

1934 5355 2083 5424 logia
2109 5352 2317 5409 Christi
2338 5353 2697 5419 advocantur,
2732 5351 2827 5424 qui
2858 5368 2923 5406 ex
2949 5350 3195 5407 Thamar
3239 5348 3414 5407 fuisse
3443 5349 3524 5405 di-

1934 5449 2155 5500 cuntur.
2173 5444 2439 5516 Nunquid
2457 5446 2615 5499 vacat
2632 5442 2918 5516 mysterio,
2944 5440 3355 5513 Evangelistam
3376 5438 3524 5495 Esau

1930 5530 2103 5588 simili
2130 5531 2296 5589 modo
2320 5533 2612 5605 geminum
2653 5529 3097 5604 pmtermisisse,
3129 5535 3187 5589 et
3213 5527 3523 5585 Rcbeccam
