3966 6206
389 273 462 329 55

1155 271 1212 326 S.
1253 271 1631 327 PASCHASII
1667 273 2028 332 RADBERTI
2063 276 2365 332 ABBATIS
2403 268 2891 329 CORBEIENSIS.

3574 261 3638 317 56

384 398 632 454 debitam
658 413 907 463 uxorem,
937 397 1184 468 aliasque
1197 398 1481 467 legitimas
1498 413 1610 450 non
1635 395 1980 455 nominasse?
1994 405 2043 462 Α
2061 419 2229 473 quam
2243 400 2432 454 mariti
2445 390 3037 452 adhibebantur.Unde
3057 394 3114 444 et
3132 404 3337 442 nomen
3352 389 3473 457 ejus
3491 404 3639 441 ama-

384 489 756 558 Nequaquam
787 487 892 540 hoc
913 486 1171 550 dixerim,
1192 487 1340 556 quod
1378 490 1569 539 tantus
1600 486 1970 556 Evangelista,

385 577 499 630 imo
525 592 627 646 per
655 591 782 629 eum
810 574 1051 644 Spiritus
1062 579 1306 638 sanctus,
1323 578 1384 638 3
1402 580 1434 636 |
1457 572 1666 643 absque
1696 591 1900 644 magno
1919 581 1977 631 et

385 664 662 736 profundo
688 663 1215 734 mysterioquatuor
1254 662 1312 714 in
1333 661 1438 714 hac
1465 662 1804 717 narrationis
1831 665 1974 719 serie

384 753 723 807 feminarum
743 766 1010 822 personas
1023 750 1326 816 induxerit,
1339 766 1464 819 qua
1489 750 1717 804 omnino
1743 768 1854 805 non
1875 753 1978 805 mi-

387 858 495 896 nus
515 841 822 896 secundum
837 840 1008 892 Vetus
1020 838 1638 908 Testamentum,quam
1671 840 1977 894 secundum

387 932 626 994 Novum,
635 925 1098 999 reprehensibiles
1105 925 1706 995 judicantur.Quarum
1719 929 1980 997 Thamar,

389 1017 648 1088 quamvis
680 1015 887 1086 justior
905 1014 1219 1084 appelletur
1245 1015 1274 1068 J
1280 1014 1410 1078 uda,
1444 1031 1556 1069 non
1583 1021 1772 1070 tamen
1796 1018 1984 1072 exclu-

390 1106 544 1161 ditur
571 1122 606 1158 a
632 1105 796 1174 culpa
825 1103 978 1172 (Gen.
1019 1104 1260 1167 xxxvm).
1291 1102 1408 1156 Etsi
1436 1102 1682 1172 profecto
1739 1104 1832 1158 ille
1881 1122 1982 1175 per

390 1192 873 1256 incontinentiam,
904 1195 1048 1244 teste
1073 1190 1376 1260 Scriptura,
1399 1190 1751 1244 criminosior
1775 1192 1984 1246 inveni-

389 1288 504 1347 tur,
522 1281 658 1336 dum
704 1278 887 1334 modis
915 1277 1173 1332 omnibus
1196 1277 1265 1332 de
1295 1278 1488 1332 illicito
1541 1279 1836 1334 concubitu
1886 1280 1986 1334 filii

388 1373 754 1440 generantur.
778 1367 855 1421 Ex
876 1383 986 1437 quo
1013 1365 1156 1419 facto
1188 1367 1468 1436 quoddam
1483 1367 1876 1437 parabolarum
1894 1385 1988 1438 ge-

393 1473 499 1512 nus
519 1455 824 1518 inducitur,
846 1471 947 1525 per
970 1455 1118 1524 quod
1140 1471 1251 1508 non
1274 1454 1455 1508 solum
1473 1455 1532 1509 in
1560 1456 1663 1508 hoc
1685 1456 1822 1522 loco,
1851 1457 1988 1525 quin

394 1545 452 1598 in
466 1542 898 1613 quamplurimis
919 1542 1334 1612 Scripturarum
1347 1541 1482 1596 locis
1506 1544 1743 1614 mystica
1753 1543 1989 1614 prophe-

393 1633 490 1686 tiae
518 1630 1390 1686 sacramentatexuntur.Cuncta
1417 1631 1820 1701 namqueillius
1850 1639 1989 1685 tem-

2059 493 2244 544 ritudo
2267 489 2688 558 interpretatur,
2717 499 2781 553 eo
2803 481 2948 552 quod
2966 478 3267 532 Dominum
3286 477 3482 546 poculo
3503 476 3639 531 fellis

2058 577 2350 648 potaverit.
2375 577 2437 630 In
2456 573 2661 644 quibus
2676 569 2893 624 duobus
2920 567 3076 621 Juda;
3097 566 3394 635 ﬁliis,quos
3415 565 3640 619 maritos

2059 662 2580 736 accepisselegitur,
2612 660 2722 712 duo
2745 653 2953 727 genera
3008 654 3343 725 principum,
3401 653 3496 723 qui
3535 669 3642 707 non

2058 759 2208 807 recte
2242 750 2619 823 operabantur
2646 748 2704 800 in
2733 745 2912 816 plebe,
2946 743 3314 814 accipiuntur.
3339 743 3524 796 Unum
3555 758 3648 795 eo-

2059 858 2206 906 rum,
2227 840 2323 910 qui
2341 839 2582 892 multum
2610 834 2862 894 oberant,
2885 833 3125 886 alterum
3155 830 3250 901 qui
3276 829 3419 884 nihil
3460 829 3650 900 prode-

2065 934 2212 984 rant.
2235 928 2486 991 Quorum
2507 941 2653 979 unus
2680 922 2962 990 malignus
2981 919 3186 974 dicitur
3215 919 3387 972 fuisse
3399 924 3530 972 ante
3542 919 3649 972 Do-

2065 1019 2311 1082 minum;
2345 1017 2490 1069 alter
2517 1014 2574 1068 in
2604 1018 2815 1066 terram
2848 1008 3121 1063 fundebat
3155 1024 3370 1072 semen,
3403 1023 3475 1060 ne
3496 1007 3654 1060 daret

2065 1105 2484 1160 fecunditatem.
2518 1103 2634 1156 Ista
2665 1105 2797 1154 sunt
2821 1097 2971 1152 enim
3003 1097 3114 1150 duo
3157 1112 3368 1166 genera
3420 1095 3654 1149 nimium

2066 1195 2306 1260 inutilia;
2324 1208 2496 1247 unum
2520 1207 2654 1244 sane
2669 1186 3259 1249 nocentium,alterum
3281 1189 3548 1254 praestare
3564 1200 3658 1238 no-

2067 1283 2321 1336 lentium.
2345 1281 2595 1344 Quorum
2605 1294 2751 1332 unus
2769 1279 3022 1345 pelliceus
3048 1273 3382 1344 appellatur,
3404 1271 3657 1342 qualibus

2067 1371 2250 1425 induti
2278 1376 2409 1423 sunt
2435 1367 2640 1422 tunicis
2668 1364 3128 1437 primihomines,
3159 1361 3230 1416 ob
3263 1377 3486 1432 poenam
3508 1361 3660 1414 dam-

2069 1459 2314 1513 nationis
2344 1475 2460 1511 suae
2485 1455 2700 1510 dimissi
2731 1471 2796 1507 ex
2820 1453 3098 1524 paradiso.
3115 1451 3274 1505 Alter
3294 1467 3440 1515 vero,
3461 1465 3661 1504 mceror

2070 1565 2261 1602 eorum
2286 1566 2298 1612 ;
2323 1562 2560 1617 quorum
2583 1545 2606 1596 ?
2625 1544 2733 1597 nisi
2750 1542 2951 1613 quibus
2970 1541 3109 1595 nihil
3135 1539 3380 1610 prodest,
3413 1555 3544 1593 cum
3569 1539 3665 1592 ha-

2070 1635 2201 1689 beat
2227 1633 2375 1687 unde
2405 1633 2668 1703 prodesse
2699 1630 2890 1701 possit,
2907 1629 3076 1698 idque
3118 1627 3317 1698 perdat
3344 1627 3402 1680 in
3431 1631 3660 1679 terram.

395 1720 548 1791 poris
568 1720 627 1773 in
647 1719 843 1773 eodem
873 1719 1078 1789 populo
1097 1724 1279 1788 gesta,
1299 1719 1651 1790 prophetiam
1669 1719 1987 1774 futurorum
2007 1707 2054 1767 Β
2070 1725 2220 1779 Deus
2247 1729 2438 1777 tamen
2451 1720 2645 1774 ambos
2673 1718 2939 1772 occidisse
2951 1715 3172 1781 dicitur,
3200 1714 3296 1768 ubi
3326 1730 3567 1784 regnum
3587 1719 3666 1768 ta-

397 1825 518 1863 esse
531 1809 694 1862 docet
710 1807 1010 1879 Apostolus
1023 1808 1213 1862 dicens
1229 1825 1239 1860 :
1277 1808 1478 1862 Omnia
1495 1812 1647 1862 enim
1661 1809 1769 1862 haec
1781 1813 1843 1862 in
1855 1812 1992 1876 ﬁgu-

397 1914 526 1952 ram
554 1899 941 1964 contingebant
970 1900 1087 1950 illis
1105 1897 1280 1964 (1001'.
1300 1914 1353 1962 x,
1388 1896 1496 1963 11).
1520 1898 1589 1951 Et
1616 1896 1777 1951 alibi:
1803 1899 1992 1952 Mutti-

397 1987 548 2053 farie
569 1988 866 2052 multisque
895 1985 1070 2038 modis
1093 1987 1228 2038 olim
1250 1986 1390 2038 Deus
1413 1988 1636 2054 loquens
1653 1988 1906 2054 patribus
1929 1988 1992 2040 in

392 2074 669 2142 prophetis
701 2074 850 2136 (Heb.
883 2089 920 2138 ι,
952 2073 1022 2140 4).
1053 2073 1212 2136 Quod
1269 2079 1459 2126 autem
1515 2073 1650 2127 dicit
1691 2073 1994 2127 multifarie

397 2162 578 2216 Deum
597 2161 655 2215 in
684 2161 975 2232 prophetis
991 2161 1260 2226 locutum,
1280 2160 1461 2214 verbis
1487 2178 1581 2215 eos
1610 2161 1857 2216 ostendit
1872 2178 1996 2231 pro-

400 2250 678 2321 phetasse.
705 2249 869 2314 Quod
898 2254 1086 2304 autem
1109 2249 1303 2303 multis
1324 2250 1524 2315 modis,
1549 2249 1716 2303 rebus
1745 2251 1997 2304 insinuat

398 2339 591 2392 futura
617 2338 720 2392 Dei
749 2339 1019 2408 mysteria
1045 2339 1430 2409 praesignasse.
1472 2339 1550 2392 Ex
1580 2338 1780 2408 quibus
1805 2339 1996 2409 itaque

400 2427 709 2497 modis,per
729 2442 897 2496 quem
926 2427 1075 2480 Deus
1104 2425 1263 2480 nobis
1292 2427 1511 2480 locutus
1551 2431 1638 2480 est
1664 2427 1721 2480 in
1748 2427 1994 2497 patriar-

400 2515 525 2580 cha,
559 2531 737 2568 unum
762 2515 819 2568 in
849 2515 1111 2569 manibus
1131 2531 1281 2569 nunc
1308 2521 1585 2580 tenemus,
1611 2532 1740 2586 quo,
1773 2521 1837 2569 ut
1860 2516 1997 2571 dixi-

401 2620 546 2668 mus,
572 2603 824 2673 inspecto
845 2604 1034 2658 multae
1062 2604 1378 2666 divinarum
1398 2603 1712 2658 litterarum
1744 2603 1996 2658 obscuri-

399 2697 546 2746 tates
576 2693 636 2745 in
669 2708 734 2744 eo
763 2707 962 2745 revera
987 2693 1330 2762 panduntur.
1363 2692 1453 2745 Fit
1473 2691 1621 2746 enim
1676 2693 1766 2746 hic
1800 2693 1998 2747 modus

401 2781 703 2851 aliquando
731 2780 788 2834 in
814 2780 1094 2850 parabolis
1132 2797 1324 2835 rerum
1359 2803 1372 2844 ;
1407 2787 1466 2834 et
1493 2781 1562 2834 de
1591 2781 1725 2851 ipsis
1757 2780 1997 2852 peccatis

399 2869 712 2933 hominum,
733 2873 790 2921 et
799 2867 1338 2937 transgressionibus
1350 2867 1753 2932 adulterorum,
1764 2869 2000 2938 prophe-

401 2957 537 3011 tiam
549 2956 801 3008 insinuat
811 2971 1043 3025 operum
1057 2955 1560 3026 fqturorum.Sicut
1572 2962 1658 3010 est
1671 2957 1807 3010 illud
1825 2956 2003 3026 publi-

399 3060 530 3097 cum
541 3043 717 3097 David
739 3043 887 3112 regis
913 3043 1299 3112 peccatum,de
1323 3061 1432 3114 quo
1464 3045 1629 3115 paulo
1644 3051 1770 3115 post
1793 3062 1893 3099 suo
1923 3045 2002 3099 di-

401 3138 559 3186 cetur
575 3132 634 3185 in
650 3133 771 3185 loco
789 3150 802 3197 ;
819 3136 988 3201 atque
999 3132 1137 3184 illud
1151 3133 1297 3202 quod
1315 3133 1383 3186 de
1401 3133 1543 3187 Loth
1555 3133 1777 3198 dicitur;
1795 3140 1851 3188 et
1862 3134 1999 3187 illud

408 3220 551 3275 Osee
564 3219 857 3284 factum,et
869 3220 981 3273 alia
995 3221 1431 3290 quamplurima,
1463 3221 1656 3274 multis
1674 3222 1730 3274 in
1747 3222 1900 3288 locis,
1919 3223 2000 3275 di-

403 3309 544 3362 vinis
553 3308 851 3378 refertam)
864 3308 1211 3372 steriis.Qu:e
1225 3309 1478 3378 quamvis
1488 3311 1792 3364 secundum
1808 3327 1998 3364 rerum

401 3403 688 3468 gestarum
731 3397 899 3451 ﬁdem
948 3397 1351 3452 nefandissima
1394 3397 1719 3468 probentur,
1767 3404 1824 3451 et
1851 3400 2000 3452 velut

406 3488 710 3542 criminosa
753 3487 944 3540 divina
983 3483 1316 3540 auctoritate
1345 3487 1702 3552 damnentur,
1747 3504 1999 3558 quocun-

405 3591 513 3646 que
550 3581 741 3629 tamen
765 3581 928 3646 pacto
954 3575 1144 3628 divina
1171 3576 1348 3630 virtus
1373 3592 1439 3629 ex
1467 3576 1603 3647 ipsis
1641 3581 1741 3630 aut
1781 3576 2000 3648 dispen-

403 3663 637 3716 sationis
686 3663 960 3716 incarnati
1004 3663 1172 3717 Verbi
1202 3663 1555 3735 praeparabat
1590 3664 1867 3728 effectum,
1902 3671 2002 3718 aut

404 3751 558 3805 aliud
594 3751 729 3822 quid
751 3751 1072 3805 futurorum
1120 3753 1458 3822 praevidebat
1496 3753 1795 3823 agendum.
1842 3754 2000 3808 Foris

404 3856 647 3911 namque
678 3845 904 3910 peccata
933 3840 1205 3911 parebant
1239 3859 1250 3900 ;
1280 3842 1432 3896 intus
1481 3859 1703 3912 quoque
1731 3843 2001 3914 mysteria

403 3929 672 3983 latebant.
699 3930 808 3984 Sed
839 3931 972 4000 quia
1001 3930 1070 3982 de
1093 3931 1339 3984 Thamar
1366 3931 1517 4001 loqui
1542 3931 1829 4002 caepimus,
1866 3931 2002 3983 libet

403 4017 928 4087 brevitcrindagare
949 4035 1048 4072 cur
1071 4016 1431 4087 Evangelista
1450 4036 1573 4072 eam
1600 4019 1692 4072 hic
1723 4019 1995 4089 posuerit,

403 4105 489 4158 vel
511 4105 646 4174 quid
674 4105 1080 4159 recordandum
1101 4123 1200 4176 per
1253 4107 1396 4160 hanc
1437 4107 1688 4160 illicitam
1739 4107 1999 4160 commix-

403 4193 615 4246 tionem
627 4193 1021 4257 monuerit,vel
1038 4194 1172 4263 quid
1203 4211 1268 4247 ex
1297 4195 1401 4248 hoc
1418 4196 1718 4265 mysticum
1737 4195 1999 4264 designa-

402 4280 566 4335 verit.
590 4280 734 4343 Quia
764 4281 1029 4335 nimirum
1061 4283 1285 4336 illorum
1321 4284 1610 4336 hominum
1632 4300 1743 4336 non
1774 4289 1996 4337 tantum

403 4369 677 4439 linguam,
704 4385 898 4422 verum
928 4370 1097 4422 etiam
1131 4371 1305 4425 vitam
1335 4371 1506 4424 fuisse
1563 4373 1946 4442 prOpheticam
1981 4391 1993 4438 ;

403 4463 462 4511 et
488 4473 603 4512 non
632 4458 814 4512 solum
843 4459 1215 4529 quorumdam
1245 4460 1470 4513 illorum
1488 4461 1678 4525 vitam,
1712 4461 1808 4514 sed
1831 4461 1999 4514 etiam

402 4553 586 4601 totum
601 4547 735 4600 illud
751 4563 984 4618 regnum
999 4549 1185 4617 gentis
1196 4553 1319 4614 εισι
1350 4548 1851 4614 Hebrzeorum,non
1880 4555 2000 4604 tan-

401 4642 527 4690 tum
553 4637 924 4707 prophetiam,
945 4641 1007 4690 ut
1026 4637 1182 4702 dixit,
1206 4637 1304 4692 sed
1331 4639 1500 4691 etiam
1522 4656 1786 4709 magnum
1810 4657 2001 4710 quem-

405 4725 534 4779 dam
564 4725 737 4779 fuisse
765 4725 1116 4796 prophetam,
1131 4727 1262 4796 quia
1284 4726 1450 4780 rebus
1465 4734 1521 4780 et
1541 4729 1714 4797 gestis
1736 4729 1916 4783 multa
1935 4747 2000 4783 ex

405 4831 466 4869 se
493 4815 562 4868 de
592 4815 814 4868 Christo
843 4820 900 4868 et
929 4815 1174 4868 Ecclesia
1201 4816 1384 4887 explet
1407 4817 1683 4870 vaticinia.
1720 4818 1879 4881 Quod
1937 4825 2001 4872 ut

407 4919 472 4957 ex
493 4904 597 4958 hoc
624 4904 744 4957 loco
769 4904 1078 4958 evidentius
1105 4921 1228 4975 quae
1257 4905 1857 4977 dicunturappareant,
1877 4909 1998 4976 jam

402 4991 630 5046 tandem
651 4992 722 5045 ad
742 4992 924 5062 ipsam
949 4992 1237 5046 historiam
1268 4993 1571 5058 veniamus,
1600 4995 1658 5048 in
1688 5013 1799 5065 qua
1826 4997 1852 5048 J
1862 4997 1999 5050 udas

405 5086 522 5134 tres
539 5081 801 5150 genuisse
814 5081 958 5134 filios
979 5086 1260 5146 narratur,
1287 5099 1525 5152 quorum
1552 5084 1768 5154 primus
1790 5085 1921 5150 Her,
1943 5086 1999 5140 id

405 5175 491 5223 est
510 5173 786 5238 pelliceus,
804 5169 1092 5223 dicebatur
1119 5190 1134 5234 ;
1169 5172 1445 5225 secundus
1473 5189 1602 5226 vero
1629 5173 1809 5239 Onan,
1851 5175 2000 5244 quod

404 5258 812 5328 interpretatur
840 5275 1050 5313 maeror
1082 5275 1290 5325 eorum,
1326 5266 1412 5314 est
1442 5262 1753 5332 appellatus
1785 5283 1796 5316 :
1834 5280 2000 5334 porro

404 5347 606 5402 tertius
636 5348 782 5414 Selo,
817 5349 912 5419 qui
959 5351 1210 5403 dimissio
1261 5350 1484 5416 dicitur,
1509 5356 1595 5404 est
1649 5359 1892 5407 vocatus.
1925 5354 2002 5408 Ex

407 5453 517 5508 quo
541 5437 786 5508 profecto
827 5437 885 5492 in
914 5439 1159 5492 Thamar
1201 5455 1405 5492 nurum
1463 5440 1637 5506 Judae,
1697 5442 2000 5512 accipimus

405 5526 626 5597 plebem
640 5528 797 5597 regni
816 5528 1156 5593 Judaeorum,
1171 5528 1259 5582 cui
1281 5527 1350 5581 de
1367 5527 1517 5583 tribu
1541 5531 1569 5582 J
1576 5529 1681 5583 uda
1701 5547 1860 5602 reges
1880 5536 2002 5585 tan-

2072 1812 2219 1866 libus
2240 1809 2561 1865 hominibus
2582 1806 2878 1862 abstulisse
2897 1805 3262 1875 signiﬁcatur.
3286 1803 3506 1858 Tertius
3537 1819 3667 1858 vero

2074 1900 2222 1956 ﬁlius
2249 1901 2424 1964 Judae,
2459 1897 2607 1968 quod
2627 1897 2710 1950 illi
2735 1895 2958 1948 mulieri
2987 1910 3100 1948 non
3124 1893 3504 1962 conjungitur,
3529 1899 3671 1946 tem-

2073 2006 2179 2062 pus
2208 1988 2574 2058 significatur,
2589 2002 2654 2039 ex
2675 2001 2784 2055 quo
2805 2000 2963 2053 reges
2991 1981 3168 2054 plebis
3195 1981 3516 2036 Judaaorum
3558 1996 3668 2034 cce-

2073 2083 2282 2150 perunt
2306 2077 2374 2129 de
2403 2075 2556 2128 tribu
2584 2075 2612 2128 J
2619 2074 2728 2127 uda
2749 2089 2862 2126 non
2882 2087 3025 2124 esse.
3049 2071 3119 2124 Et
3141 2069 3266 2123 ideo
3294 2075 3416 2123 erat
3444 2069 3672 2139 quidem

2075 2165 2223 2219 ﬁlius
2249 2165 2276 2218 J
2283 2165 2424 2230 udae,
2458 2163 2555 2218 sed
2585 2161 2850 2214 maritum
2871 2176 2999 2213 eum
3023 2159 3271 2212 Thamar
3298 2173 3411 2212 non
3433 2158 3674 2228 accipie-

2080 2257 2173 2308 bat
2205 2272 2216 2306 :
2251 2253 2383 2323 quia
2412 2257 2534 2305 erat
2561 2250 2757 2304 eadem
2778 2247 2951 2302 Tribu
2972 2247 3136 2312 Juda,
3169 2247 3265 2302 sed
3287 2247 3404 2316 jam
3427 2246 3560 2300 inde
3582 2263 3675 2318 po-

2078 2343 2208 2414 pulo
2228 2357 2392 2394 nemo
2407 2338 2696 2410 regnabat.
2721 2337 2880 2392 Unde
2897 2341 2954 2390 et
2969 2338 3218 2389 dimissio
3240 2339 3354 2404 ejus
3369 2335 3518 2388 idem
3545 2334 3676 2390 Seio

2076 2431 2502 2500 interpretatur.
2557 2428 2731 2496 Cujus
2787 2424 3037 2478 dimissio
3067 2424 3091 2476 ?
3120 2423 3228 2476 nisi
3279 2424 3544 2486 Thamar,
3581 2441 3679 2495 per

2079 2536 2266 2590 quam,
2290 2524 2354 2572 ut
2366 2518 2624 2581 diximus,
2649 2514 2828 2570 tribus
2847 2515 2874 2567 J
2880 2513 2991 2567 uda
3006 2512 3279 2582 signatur,
3304 2512 3372 2565 de
3389 2529 3500 2582 qua
3521 2512 3677 2567 tribu

2078 2599 2363 2678 cieperant
2387 2608 2506 2675 jam
2537 2621 2696 2674 reges
2724 2620 2837 2656 non
2861 2617 2980 2656 esse
2995 2607 3129 2654 tunc
3156 2601 3679 2671 temporis,quando

2081 2697 2337 2751 Christus
2359 2694 2624 2748 advenit?
2657 2693 2757 2746 Illo
2787 2707 2919 2761 ergo
2947 2695 3218 2760 tempore,
3255 2689 3390 2760 quia
3424 2689 3493 2742 de
3523 2691 3680 2744 tribu

2080 2785 2236 2839 Juda
2266 2799 2503 2853 regnum
2531 2781 2829 2845 defecerat,
2857 2783 3124 2832 venturus
3140 2783 3263 2831 erat
3275 2777 3549 2841 Christus,
3583 2778 3680 2849 qui

2082 2889 2194 2926 non
2227 2871 2464 2936 obesset,
2497 2870 2849 2938 multumque
2877 2867 3184 2938 prodesset.
3221 2867 3311 2920 Sic
3341 2867 3491 2920 enim
3538 2883 3682 2936 prae-

2084 2962 2294 3015 dictum
2320 2960 2505 3013 fuerat
2529 2977 2539 3011 :
2570 2960 2695 3012 Non
2715 2959 2920 3024 deﬁciet
2935 2958 3194 3024 princeps
3237 2957 3299 3008 de
3322 2957 3486 3019 Juda,
3507 2971 3682 3024 neque

2084 3053 2198 3104 dua:
2225 3052 2286 3103 de
2316 3050 2616 3117 femoribus
2645 3050 2779 3114 ejus,
2804 3047 2969 3098 donec
2998 3047 3181 3098 veniat
3235 3047 3327 3098 cui
3384 3048 3683 3112 repromis-

2081 3156 2205 3193 sum
2235 3143 2327 3192 est.
2351 3139 2494 3192 Nam
2523 3135 2792 3201 Herodes,
2826 3134 2920 3204 qui
2950 3139 3083 3187 tunc
3108 3133 3168 3186 in
3195 3132 3388 3186 Judaea
3438 3149 3681 3202 regnare

2079 3226 2390 3291 videbatur,
2443 3231 2714 3294 tanquam
2782 3221 3020 3276 maritus
3062 3221 3310 3274 Thamar
3338 3225 3463 3286 33
3519 3220 3675 3274 visus

2080 3315 2398 3379 exstitisse;
2453 3313 2550 3367 sed
2620 3316 2742 3365 erat
2783 3310 3118 3379 alienigena,
3176 3325 3278 3363 nec
3320 3315 3678 3364 sacramento

2080 3404 2330 3474 mysticae
2414 3401 2692 3456 unctionis
2767 3405 3040 3470 tanquam
3115 3398 3395 3468 conjugali
3467 3399 3680 3452 foedere
3783 3437 3793 3449 .

2081 3491 2412 3558 cohaerebat,
2447 3491 2544 3544 sed
2574 3497 2844 3561 tanquam
2893 3494 3192 3542 extraneus
3234 3486 3634 3541 dominabatur
3665 3507 3676 3540 :

2081 3598 2249 3652 quam
2275 3585 2610 3652 potestatem
2653 3579 2802 3633 idem
2857 3594 2891 3630 a
2937 3575 3204 3630 Romanis
3257 3575 3470 3628 dudum
3524 3590 3683 3629 acce-

2081 3674 2260 3739 perat.
2294 3668 2470 3732 Unde,
2505 3667 2635 3737 quia
2689 3682 2802 3719 non
2834 3669 2958 3717 erat
2984 3665 3052 3717 de
3083 3662 3234 3716 tribu
3260 3664 3286 3716 J
3297 3663 3428 3730 uda,
3496 3679 3686 3734 neque

2083 3759 2152 3811 de
2183 3756 2485 3810 femoribus
2523 3757 2646 3825 ejus
2675 3754 2852 3808 exisse
2877 3751 3166 3824 probatur,
3199 3757 3378 3806 restat
3421 3768 3550 3806 eum
3580 3753 3688 3806 de-

2083 3846 2212 3898 bere
2234 3844 2514 3914 suscipere
2569 3843 2656 3896 cui
2689 3841 2997 3912 repositum
3045 3846 3198 3905 erat;
3225 3841 3357 3912 quia
3403 3841 3543 3894 adeo
3575 3841 3687 3895 iste

2084 3934 2179 3987 illo
2210 3933 2268 3986 in
2291 3949 2464 4002 regno
2494 3931 2731 4001 mystico
2759 3947 2870 3984 non
2913 3929 3351 4001 computabatur
3378 3930 3437 3984 in
3466 3947 3684 4000 regem,

2082 4027 2146 4075 ut
2171 4021 2348 4075 Judaei
2368 4020 2585 4091 publice
2605 4021 2945 4074 clamarent:
2979 4022 3087 4074 Nos
3109 4037 3219 4072 non
3271 4021 3532 4073 habemus
3591 4037 3686 4073 re-

2079 4127 2197 4177 gem.
2222 4113 2333 4163 nisi
2350 4110 2615 4163 Caesarem
2641 4111 2820 4171 (Joan.
2855 4125 2963 4173 xxx,
2993 4107 3096 4176 15),
3123 4124 3448 4178 quanquam
3489 4113 3546 4161 et
3571 4108 3685 4163 hoc

2081 4198 2360 4252 adulando
2400 4198 2668 4260 dicerent,
2700 4214 2764 4250 eo
2790 4197 2937 4268 quod
2971 4197 3157 4252 Cazsar
3185 4214 3298 4250 non
3328 4196 3551 4267 proprie
3585 4214 3687 4251 rex

2081 4288 2401 4341 Judaaorum
2434 4292 2600 4349 esset,
2634 4287 2732 4340 sed
2761 4292 2824 4340 ut
2851 4286 3137 4341 Christum
3166 4291 3458 4356 negarent.
3510 4287 3689 4340 Caete-

2082 4394 2208 4430 rum
2223 4377 2490 4441 Herodes,
2518 4375 2612 4446 qui
2629 4392 2730 4446 per
2755 4373 3122 4428 ambitionem
3155 4375 3313 4444 regni
3340 4379 3688 4445 potestatem

2082 4466 2418 4535 arripuerat,
2449 4465 2519 4518 ad
2545 4481 2639 4518 eos
2652 4480 2763 4517 non
2790 4463 3132 4535 pertinebat:
3153 4464 3286 4534 quia
3312 4463 3421 4517 dux
3452 4469 3510 4516 et
3531 4464 3690 4534 prin-

2083 4572 2212 4625 ceps
2239 4555 2307 4608 de
2336 4556 2362 4608 J
2371 4554 2494 4608 udae
2518 4555 2730 4607 semine
2753 4552 3047 4617 defecerat,
3081 4569 3146 4606 eo
3178 4553 3324 4622 quod
3367 4552 3690 4607 advenisset

2083 4645 2176 4697 ille
2206 4643 2300 4714 qui
2330 4643 2638 4696 mittendus
2665 4648 2804 4706 erat,
2840 4658 3008 4712 quem
3029 4647 3225 4711 gentes
3255 4659 3318 4694 ac
3346 4641 3536 4712 populi
3593 4659 3688 4696 ex-

2083 4731 2435 4803 spectabant.
2489 4732 2662 4784 Porro
2693 4731 2869 4784 Judaei
2917 4730 3403 4800 impudentissime
3461 4729 3679 4796 dicunt,

2085 4821 2420 4873 mentientes
2450 4819 2699 4873 nondum
2729 4837 2848 4873 esse
2877 4820 2982 4873 hoc
3033 4825 3256 4889 tempus
3314 4819 3679 4889 completum,

2081 4909 2265 4963 nescio
2287 4924 2453 4978 quem
2479 4925 2670 4977 regem
2707 4909 2865 4978 quasi
2885 4925 2947 4961 ex
2969 4906 3273 4961 femoribus
3316 4908 3474 4961 Juda:
3503 4907 3560 4961 in
3592 4925 3684 4962 ex-

2081 4999 2274 5053 tremis
2303 4998 2548 5053 Orientis
2560 4997 2810 5068 partibus
2836 4998 3019 5052 adhuc
3047 5013 3283 5067 regnum
3311 5002 3523 5051 tenere.
3560 4999 3677 5052 Nec
3723 5006 3732 5011 “

2083 5087 2233 5140 enim
2261 5087 2561 5140 attendunt
2583 5086 2967 5151 infelicissimi,
2985 5102 3089 5139 sua
3111 5086 3556 5140 dissimulatione
3577 5104 3682 5141 ca:-

2082 5176 2211 5236 cati,
2241 5178 2372 5246 quia
2385 5177 2523 5245 jam,
2555 5176 2700 5228 sicut
2727 5175 2807 5227 eis
2850 5175 3066 5227 nullum
3118 5176 3410 5246 templum,
3455 5177 3674 5230 nullum

2084 5266 2278 5329 altare,
2304 5265 2634 5333 nullumque
2655 5262 2989 5316 sacrificium
3014 5270 3208 5330 restat,
3234 5265 3314 5318 ita
3333 5265 3521 5318 nullus
3552 5282 3668 5324 rex,

2083 5354 2380 5424 nullusque
2400 5352 2655 5405 sacerdos
2677 5351 2824 5404 ultra
2850 5352 2970 5421 jam
3012 5353 3094 5406 eis
3144 5353 3429 5406 remansit.
3479 5355 3674 5424 Neque

2084 5443 2311 5496 mentiri
2343 5446 2564 5512 poterat
2584 5441 2756 5494 Oseas
2810 5442 3083 5514 propheta
3115 5443 3304 5496 dicens
3337 5459 3347 5494 :
3400 5444 3675 5497 Sedebant

2084 5534 2193 5600 ﬁlii
2225 5535 2390 5587 Israel
2410 5534 2527 5585 sine
2542 5547 2678 5600 rege,
2704 5535 2822 5587 sine
2839 5535 3239 5608 principe,sine
3252 5532 3668 5600 sacriﬁcio,sine
