3966 6206
242 349 293 405 57
1053 355 1431 413 EXPOSITIO
1468 358 1547 414 IN
1584 356 2028 413 MATTH/EUM.
2073 387 2137 398 —
2176 357 2312 412 LIB.
2353 357 2399 423 Ι,
2440 357 2596 411 CAP.
2638 357 2681 412 Ι.
3432 350 3504 407 58

240 479 399 531 altari
427 483 480 530 et
505 480 628 530 sine
648 479 970 532 sacerdotio.
999 481 1184 545 Igitur
1201 483 1321 534 sine
1344 484 1478 557 ullis
1503 483 1824 550 manifesta-
1838 485 1888 543 Α
1904 482 2254 537 fecundatur.
2277 479 2584 552 Oportebat
2611 478 2763 532 enim
2775 477 3062 532 Christum
3086 478 3201 548 pati
3223 494 3287 531 ac
3317 495 3500 532 resur-

241 565 468 618 tiom'bus
492 564 668 635 (Osee.
703 579 788 630 In,
823 566 896 635 4).
921 566 1054 629 Quae
1083 567 1292 632 omnia,
1322 569 1496 622 velint
1523 569 1704 623 nolint
1729 571 1829 623 Ju-
1907 589 2060 642 gere,
2088 579 2148 624 et
2174 569 2464 640 praedicari
2506 569 2564 622 in
2599 567 2826 622 nomine
2873 568 2996 637 ejus
3025 566 3412 637 puanitentiam
3442 581 3506 619 ac

238 653 346 714 diei,
370 653 660 722 completa
687 670 818 707 cum
849 655 927 708 eis
953 655 1059 726 ipsi
1100 657 1397 711 cernimus.
1431 657 1630 711 Nullus
1660 657 1830 726 igitur
1908 660 2295 714 remissionem
2325 663 2678 728 peccatorum
2707 673 2806 726 per
2828 672 3022 709 omnes
3045 660 3260 724 gentes.
3279 655 3422 708 Nam
3446 659 3504 707 et

239 741 308 795 eis
332 745 511 794 restat
537 741 698 795 locus
720 743 1049 810 mentiendi,
1076 745 1225 813 quod
1253 745 1312 798 in
1343 746 1675 816 quibusdam
1706 763 1829 816 par-
1910 749 2028 819 ipse
2071 748 2296 800 habitus
2344 745 2653 800 meretricis
2697 744 2967 798 confessio
2999 748 3355 814 peccatorum
3398 746 3502 796 est.

237 829 374 883 tibus
401 836 571 883 terra:
592 830 662 883 de
684 830 835 884 tribu
853 833 882 885 J
889 832 998 885 uda
1013 849 1164 886 nunc
1191 833 1439 888 habeant
1467 850 1676 904 regem,
1699 834 1830 904 quia
1908 838 2125 908 Typum
2157 837 2361 906 quippe
2389 836 2635 889 Thamar
2665 833 2923 887 Ecclesiae
2952 832 3100 902 gerit
3137 848 3202 885 ex
3243 829 3506 901 gentibus

238 919 521 990 propheta,
563 919 714 973 sicut
755 919 1033 990 pollicitus
1080 925 1182 986 est,
1216 921 1486 977 Sedebant
1517 926 1627 990 ﬁlii
1655 917 1824 978 Israel
1909 931 2166 989 evocata},
2199 925 2398 978 sedens
2428 924 2485 977 in
2520 922 2666 976 bivio
2701 921 2958 974 civitatis.
2995 920 3112 974 Illic
3137 920 3289 973 enim
3326 935 3360 972 a
3389 935 3503 973 non

239 1010 344 1061 sine
355 1010 537 1060 altari
557 1012 606 1060 et
629 1011 751 1061 sine
768 1011 1058 1075 sacriﬁcio,
1075 1009 1155 1062 ita
1173 1010 1569 1065 interminatus
1588 1017 1690 1077 est,
1711 1016 1829 1066 sine
1910 1021 2244 1083 agnoscente
2272 1013 2497 1077 fetatur,
2519 1018 2645 1078 35
2665 1011 2812 1081 quod
2832 1010 3100 1080 scriptum
3123 1015 3238 1062 est:
3269 1010 3508 1076 Populus

239 1111 428 1162 regeae
447 1099 575 1149 sine
592 1099 867 1164 principe.
889 1097 1201 1152 Ostendant
1221 1115 1356 1170 ergo
1376 1100 1538 1153 nobis
1555 1101 1830 1172 templum
1912 1120 2068 1171 quem
2099 1120 2208 1156 non
2239 1104 2463 1168 cognovi
2490 1102 2712 1153 servivit
2736 1100 2876 1152 mihi
2891 1101 3070 1164 .(Psal.
3105 1111 3238 1161 vaI,
3267 1093 3381 1163 48).
3401 1097 3505 1150 Ac-

237 1190 286 1237 et
299 1183 994 1250 sacriﬁcium,autaltare:
1020 1191 1153 1240 tunc
1181 1187 1261 1241 eis
1287 1188 1831 1257 quodammodocre-
1911 1187 2058 1256 cepit
2086 1186 2274 1255 itaque
2305 1185 2551 1255 primum
2580 1185 2870 1250 annulum,
2902 1185 2996 1254 qui
3028 1184 3156 1238 fidei
3187 1199 3503 1238 sacramen-

240 1272 356 1325 dere
375 1271 718 1339 valebimus,
741 1274 886 1344 quod
907 1273 1162 1328 fortassis
1185 1275 1428 1330 habeant
1451 1293 1662 1346 regem.
1686 1278 1832 1331 Alio-
1912 1280 2033 1328 tum
2076 1281 2306 1328 vocatur
2333 1293 2344 1326 :
2379 1273 2579 1326 deinde
2609 1273 2888 1326 armillam
2933 1272 3174 1337 virtutis,
3207 1289 3309 1343 per
3338 1288 3505 1342 quam

238 1360 358 1430 quin
386 1360 501 1414 sibi
534 1360 824 1415 obducunt
853 1363 1123 1432 pervicaci
1153 1365 1360 1418 mentis
1393 1365 1617 1434 ingenio
1646 1366 1834 1436 caligi-
1907 1363 2341 1433 justificabitur;
2375 1379 2438 1416 ac
2458 1362 2735 1426 baculum,
2760 1361 2816 1414 in
2839 1378 2948 1431 quo
2978 1361 3273 1414 sublimius
3300 1360 3510 1429 gloriﬁ-

237 1465 353 1502 nem
393 1450 689 1504 excitatis.
724 1451 868 1506 Cum
897 1452 1208 1521 praesertim
1248 1453 1294 1506 si
1325 1453 1527 1524 aliquis
1566 1471 1734 1519 nunc,
1769 1461 1834 1509 ut
1913 1453 2239 1516 catur.Quia
2253 1451 2836 1522 quospraedestinavit,
2855 1451 2954 1503 hos
2969 1456 3026 1504 et
3040 1449 3276 1514 vocavit;
3302 1454 3508 1519 etquos

238 1537 332 1609 ipsi
359 1539 611 1608 ﬁngunt,
635 1538 706 1591 de
726 1537 877 1592 tribu
899 1541 1042 1593 Juda
1061 1558 1158 1594 rex
1181 1526 1461 1608 existeret,
1489 1559 1692 1612 negare
1718 1560 1830 1597 non
1912 1543 2142 1606 vocavit,
2169 1543 2267 1594 hos
2290 1549 2347 1594 et
2372 1541 2732 1610 justificavit;
2767 1546 2823 1593 et
2850 1557 2988 1609 quos
3007 1537 3353 1608 justificavit,
3382 1537 3507 1590 illos

239 1632 482 1697 possunt,
522 1628 674 1697 quod
705 1634 838 1680 tunc
866 1628 1162 1692 defecerit;
1202 1647 1327 1684 cum
1359 1631 1608 1685 Herodes
1632 1632 1799 1686 alieni
1818 1663 1831 1673 -
1913 1638 1971 1684 et
1995 1631 2346 1700 gloriﬁcavit.
2372 1630 2610 1684 Mittitur
2631 1635 2817 1682 autem
2845 1627 3153 1698 promissus
3174 1627 3365 1680 haadus
3387 1630 3504 1679 tan-

237 1732 384 1785 gena.
414 1732 484 1769 ac
516 1721 647 1785 post
678 1733 806 1769 eum
837 1717 936 1770 ﬁlii
967 1719 1090 1787 ejus
1119 1719 1411 1772 tetrarchae
1437 1735 1606 1790 snper
1629 1721 2082 1796 Judammquam
2099 1719 2398 1783 meretrici,
2417 1736 2516 1788 per
2529 1718 2787 1772 eumdem
2805 1716 3219 1780 Odollamitem,
3239 1715 3293 1768 id
3315 1720 3401 1768 est
3420 1717 3507 1768 in-

238 1809 582 1874 regnassent.
611 1805 771 1868 Quod
792 1822 905 1858 non
932 1806 1113 1859 solum
1136 1807 1516 1877 Evangelium,
1542 1809 1640 1862 sed
1660 1809 1830 1863 etiam
1845 1787 1890 1846 B
1914 1813 2153 1877 erepatio
2158 1813 2384 1877 peccati,
2399 1808 2619 1860 dicente
2630 1807 2863 1871 Joanne,
2881 1806 3167 1860 Generatio
3183 1807 3504 1872 viperarum

239 1911 419 1947 omnes
469 1893 774 1965 gentilium
825 1893 1088 1960 historiae,
1126 1911 1227 1949 nec
1267 1913 1378 1950 non
1415 1897 1534 1966 ipse
1559 1898 1831 1968 Josephus
1916 1899 2128 1964 (Matth.
2162 1911 2246 1962 ιιι,
2275 1894 2350 1962 7).
2385 1896 2493 1950 Sed
2520 1912 2630 1948 non
2669 1911 2792 1948 eam
2823 1894 3035 1947 invenit
3065 1893 3275 1962 peccati
3307 1908 3504 1963 expro-

240 1983 482 2052 ejusdem
522 1983 750 2051 generis
790 1982 1103 2048 historicus,
1137 1983 1354 2054 publice
1386 1990 1683 2051 testantur,
1718 1987 1831 2039 He-
1912 1984 2113 2050 bratio,
2135 2003 2301 2056 quam
2333 1985 2563 2039 feliciter
2581 1983 2943 2037 commutavit
2962 1981 3322 2036 confessionis
3352 1997 3506 2035 ama-

239 2072 416 2125 rodem
455 2071 839 2140 alienigenam
869 2071 927 2124 in
957 2072 1150 2125 Judaea
1177 2089 1460 2141 regnasse,
1486 2088 1678 2144 neque!
1698 2078 1832 2128 tunc
1912 2075 2118 2128 ritudo.
2152 2076 2275 2128 Jam
2307 2091 2434 2128 vero
2463 2074 2807 2144 proferentes
2835 2072 3106 2124 annulum
3135 2076 3191 2123 et
3219 2070 3501 2123 armillam

241 2160 454 2212 interim
489 2159 561 2212 de
587 2159 677 2212 his
707 2159 1014 2229 principem
1036 2160 1363 2226 fuisse.34
1384 2163 1462 2214 At
1487 2178 1616 2215 vero
1640 2162 1828 2226 Jacob,
1914 2180 1978 2217 ac
2005 2165 2216 2233 virgam
2247 2164 2305 2216 in
2335 2163 2741 2227 testimonium,
2776 2168 2834 2215 et
2862 2160 3255 2214 convincamus
3283 2159 3505 2212 Judaeos

242 2263 339 2300 non
367 2249 603 2313 deﬁciet,
647 2247 850 2300 dixisse
879 2247 1071 2318 liquet,
1104 2265 1382 2318 quousque
1412 2253 1596 2303 veniat
1625 2254 1717 2303 ille
1741 2253 1833 2303 cui
1913 2258 2124 2307 temere
2147 2253 2485 2322 judicantes,
2522 2251 2617 2322 qui
2645 2251 2840 2304 dicunt
2872 2266 2974 2303 nos
3004 2249 3288 2303 Christum
3317 2264 3505 2301 suscev

238 2339 633 2404 repromissum
664 2341 758 2391 est.
791 2337 876 2400 Et,
909 2336 1033 2390 ideo
1065 2337 1200 2406 quia
1241 2343 1374 2391 tunc
1408 2337 1703 2408 probatum
1748 2345 1834 2393 est
1913 2342 2097 2412 pisse;
2147 2341 2296 2395 unde
2335 2342 2568 2412 prolatis
2596 2357 2784 2394 rerum
2817 2339 3231 2408 Scripturarum
3267 2336 3504 2401 indiciis,

239 2425 518 2487 defecisse,
538 2431 711 2494 atque
733 2425 938 2490 omnia,
959 2430 1023 2478 ut
1052 2426 1400 2495 prmmissum
1427 2433 1530 2488 est,
1556 2429 1832 2498 completa
1912 2430 2146 2484 forsitan
2192 2447 2293 2484 nos
2324 2431 2503 2500 magis
2543 2446 2710 2500 quam
2749 2445 2808 2481 se
2839 2427 3177 2497 justiﬁcatos
3206 2443 3326 2479 esse
3355 2423 3506 2478 arbi-

239 2529 374 2578 esse;
406 2511 644 2565 etiamsi
665 2529 832 2575 nunc,
856 2518 920 2566 ut
940 2513 1118 2575 aiunt,
1143 2515 1346 2584 aliquis
1365 2515 1647 2569 invenitur
1667 2533 1730 2568 ex
1753 2517 1831 2570 eis
1913 2519 2232 2572 trahuntur.
2273 2519 2401 2572 Haec
2446 2519 2619 2588 igitur
2656 2518 2702 2570 si
2732 2517 2802 2570 ad
2832 2533 3036 2586 purum
3068 2515 3502 2579 consideremus,

238 2602 322 2671 qui
362 2617 613 2670 regnum
644 2607 837 2654 teneat
873 2601 1076 2655 alicubi
1105 2603 1276 2672 (quod
1307 2604 1530 2674 penitus
1559 2621 1671 2657 non
1702 2621 1832 2674 pro-

233 2688 427 2756 batur),
501 2689 802 2742 manifeste
862 2697 1080 2743 constat
1137 2697 1271 2744 tunc
1329 2693 1526 2745 ducem
1577 2709 1641 2746 ex
1689 2694 1833 2747 Juda

235 2777 345 2830 ideo
388 2777 688 2842 defecisse,
742 2783 824 2840 ut,
871 2778 1015 2832 sicut
1048 2779 1245 2832 Daniel
1291 2781 1388 2842 ait,
1421 2781 1542 2834 oleo
1587 2782 1834 2836 exsulta-

230 2867 388 2918 tionis
417 2867 669 2919 Sanctus
695 2872 1017 2920 sanctorum
1047 2885 1160 2938 prae
1188 2869 1552 2940 participibus
1580 2870 1696 2923 suis
1731 2887 1831 2925 un-

229 2961 449 3022 geretur
522 2956 702 3024 (Dan.
761 2970 838 3020 1x,
906 2954 1034 3026 24).
1076 2957 1161 3010 Ad
1211 2975 1379 3028 quem
1438 2959 1829 3014 demonstran-

227 3041 351 3096 dum
378 3043 639 3097 Thamar
685 3043 1010 3097 induximus
1045 3045 1163 3114 jam
1209 3047 1443 3101 venisse.
1477 3049 1600 3101 Non
1632 3065 1830 3119 super-

1915 2609 2067 2660 aliud
2121 2608 2212 2661 isti
2271 2614 2334 2661 ut
2401 2609 2503 2660 hoc
2567 2607 2849 2667 facerent,
2908 2605 3324 2668 intenderunt,
3353 2603 3504 2656 aliud

1915 2687 2082 2759 Deus,
2119 2696 2214 2765 qui
2245 2697 2349 2748 hoc
2373 2695 2453 2748 sic
2483 2695 2603 2748 fieri
2634 2692 3026 2764 permittebat;
3075 2698 3140 2745 ut
3176 2692 3346 2744 etiam
3376 2691 3506 2744 inde

1915 2784 2146 2854 aliquid,
2179 2789 2378 2853 agente
2407 2782 2755 2853 providentia
2783 2781 2902 2845 Dei,
2939 2780 3189 2833 futurum
3235 2779 3502 2848 signaret.

1915 2873 2155 2926 Proinde
2185 2872 2325 2925 illud
2356 2872 2582 2936 factum,
2603 2887 2729 2924 cum
2758 2870 2817 2922 in
2842 2874 3035 2922 sancta
3063 2868 3353 2937 Scriptura
3381 2883 3506 2920 nar-

1913 2968 2090 3028 ratur,
2117 2963 2413 3033 prophetia
2433 2967 2549 3028 est;
2582 2977 2709 3014 cum
2740 2976 2868 3013 vero
2899 2959 2956 3012 in
2987 2975 3181 3011 eorum
3210 2962 3338 3010 actu
3369 2972 3502 3010 con-

1912 3052 2209 3116 sideratur,
2243 3050 2604 3122 reprehensio
2651 3055 2753 3102 est.
2797 3048 2905 3102 Sed
2954 3047 3120 3112 Deus,
3157 3046 3252 3116 qui
3300 3045 3506 3099 nostris

227 3131 393 3184 ﬂuum
424 3149 561 3185 esse
597 3149 725 3186 reor
753 3132 800 3185 si
832 3149 1140 3203 prosequar
1168 3134 1375 3188 factum
1408 3137 1582 3201 Judae,
1625 3143 1690 3190 ut
1728 3138 1886 3198 curC
1912 3140 2072 3194 malis
2102 3157 2325 3210 semper
2351 3140 2492 3192 bene
2523 3139 2720 3199 utitur,
2742 3138 2810 3190 de
2838 3141 2998 3190 reatu
3019 3134 3303 3188 contexuit
3325 3150 3506 3187 sacra-

225 3221 427 3289 positus
449 3223 539 3274 sit
568 3221 627 3274 in
658 3221 763 3274 hac
783 3222 1115 3291 genealogia
1129 3223 1685 3289 Christi,evidentius
1701 3226 1830 3281 hinc
1911 3235 2185 3293 mentum,
2213 3235 2268 3282 et
2298 3229 2366 3282 de
2412 3229 2547 3298 ipsis
2595 3224 3045 3298 progenitoribus
3086 3240 3355 3293 magnum
3394 3222 3498 3276 sibi

224 3310 528 3377 pandetur.
548 3309 815 3378 Legimus
847 3311 1036 3381 itaque
1066 3313 1214 3381 quod
1244 3312 1387 3366 ierat
1417 3314 1486 3366 ad
1516 3315 1828 3369 tondendas
1911 3318 2166 3372 exhibuit
2197 3317 2504 3387 prophetize
2527 3315 2878 3386 mysterium,
2902 3320 2959 3366 et
2986 3313 3147 3366 nobis
3167 3311 3370 3365 indidit
3390 3327 3502 3364 non

222 3411 335 3450 oves
355 3415 503 3452 suas
533 3399 592 3451 in
622 3399 872 3452 Themna
898 3400 1053 3468 (Gen.
1080 3415 1310 3466 xxxvm,
1335 3401 1443 3467 13),
1469 3403 1617 3472 quod
1646 3404 1824 3458 inter-

222 3492 465 3555 pretatur
492 3489 772 3553 deﬁciens.
800 3489 922 3540 Jam
947 3489 1097 3542 enim
1116 3494 1248 3542 tunc
1269 3490 1547 3544 defecerat
1567 3491 1824 3563 princeps

222 3590 277 3627 ex
302 3577 464 3641 Juda,
508 3581 565 3629 et
595 3577 779 3629 omnis
803 3577 991 3634 unctio
1017 3577 1338 3632 Judaeorum
1368 3584 1648 3646 cessarat;
1677 3581 1823 3650 quod

221 3663 260 3716 is
288 3667 379 3734 qui
409 3665 804 3736 repromissus
830 3665 1044 3731 fuerat,
1079 3667 1149 3719 ad
1183 3683 1310 3720 oves
1339 3668 1588 3737 perditas
1626 3667 1825 3722 domus

220 3752 379 3807 Israel
417 3757 547 3824 jam
592 3754 824 3807 tandem
853 3760 1101 3808 venerat.
1143 3755 1310 3809 Venit
1340 3761 1528 3810 autem
1569 3773 1692 3809 cum
1723 3773 1824 3810 suo

219 3851 430 3910 pastore
452 3843 540 3897 Od
550 3843 827 3906 ollamite,
853 3843 1000 3913 quod
1025 3844 1430 3914 interpretatur
1445 3848 1824 3900 testimonium

220 3930 407 3984 habens
431 3936 496 3985 in
517 3947 698 4000 aqua.
725 3932 865 3985 Cum
888 3932 992 3985 hoc
1011 3933 1175 4002 plane
1207 3933 1529 3986 testimonio
1549 3933 1822 3987 Dominus

217 4021 370 4084 venit,
406 4020 637 4074 habens
677 4020 902 4089 quidem
940 4021 1324 4074 testimonium
1364 4023 1546 4090 majus
1583 4023 1817 4088 Joanne,

219 4108 305 4160 sed
332 4115 527 4162 tamen
564 4114 801 4179 propter
838 4125 966 4161 oves
1006 4109 1278 4174 inﬁrmas,
1312 4109 1367 4162 in
1398 4126 1545 4179 aqua
1574 4127 1710 4164 usus
1739 4117 1822 4164 est

218 4196 311 4249 hoc
335 4197 698 4252 testimonio.
733 4198 876 4250 Nam
908 4204 964 4251 et
1011 4198 1186 4268 ipsius
1216 4199 1456 4268 pastoris
1481 4215 1685 4252 nomen
1714 4199 1823 4253 fuit

217 4285 343 4346 Iras,
382 4288 540 4357 quod
576 4293 742 4339 sonat
777 4287 1230 4356 interpretatum,
1259 4289 1462 4354 fratris
1519 4291 1628 4340 mei
1665 4292 1818 4342 visio.

216 4371 355 4427 Vidit
369 4376 617 4428 omnino
631 4375 863 4427 fratrem
881 4375 1659 4439 suumJoannem,secundum
1675 4377 1824 4446 quod

1909 3408 2088 3460 solum
2119 3406 2416 3476 loquendo,
2436 3406 2534 3458 sed
2551 3405 2719 3458 etiam
2742 3404 2811 3456 de
2826 3403 2961 3473 ipsis
2983 3401 3173 3454 taliter
3199 3400 3497 3464 nascendo,

1906 3495 2173 3548 doctrinm
2215 3495 2626 3564 magisterium.
2658 3493 2821 3545 Fides
2850 3491 2998 3544 enim
3028 3492 3149 3560 ejus
3193 3489 3409 3542 venturi
3441 3506 3504 3542 ex

1907 3583 2164 3636 omnibus
2199 3583 2481 3652 gentibus,
2518 3581 2688 3635 etiam
2719 3580 2970 3650 exemplo
2999 3578 3183 3632 carnis
3213 3578 3387 3649 ipsius
3416 3577 3502 3631 di-

1907 3687 2058 3724 scere
2088 3671 2422 3735 debuerunt,
2455 3674 2753 3740 parentum
2779 3684 3008 3721 suorum
3042 3667 3368 3736 iniquitates
3397 3665 3501 3718 sibi

1906 3759 2100 3812 obesse
2147 3775 2257 3811 non
2289 3775 2468 3829 posse.
2518 3757 2759 3810 Proinde
2789 3773 3026 3826 sponsus
3057 3756 3174 3824 ipse
3209 3755 3325 3808 suis
3370 3771 3504 3807 con-

1903 3864 2113 3916 gruens
2134 3847 2400 3911 invitatis,
2424 3845 2521 3916 qui
2542 3850 2840 3898 vocaturus
2859 3849 2982 3896 erat
3001 3843 3069 3896 ad
3092 3843 3317 3912 nuptias
3329 3841 3504 3895 bonos

1904 3941 1962 3989 et
2019 3935 2214 4000 malos,
2262 3935 2410 3988 idem
2457 3934 2610 3988 nasci
2639 3933 2814 3986 voluit
2859 3949 2971 3985 non
3011 3932 3196 3984 minus
3237 3948 3302 3982 ex
3342 3929 3503 3983 bonis

1905 4025 2072 4078 etiam
2107 4040 2274 4093 quam
2309 4041 2374 4076 ex
2400 4023 2579 4076 malis.
2605 4022 2760 4076 Unde
2782 4028 2837 4074 et
2866 4037 3043 4089 agnus
3070 4020 3163 4089 qui
3195 4024 3502 4089 praeceptus

1903 4119 1993 4166 est
2021 4113 2077 4165 in
2106 4113 2318 4166 Pascha
2348 4111 2646 4175 immolari,
2676 4110 2984 4164 secundum
3006 4109 3308 4178 quamdam
3335 4108 3505 4161 inter-

1906 4201 2299 4271 pretationem,
2335 4215 2402 4253 ex
2444 4199 2638 4253 ovibus
2687 4205 2743 4251 et
2785 4215 2850 4251 ex
2896 4197 3096 4267 capris,
3143 4195 3412 4267 tanquam
3440 4213 3505 4250 ex

1900 4290 2071 4359 justis
2104 4296 2160 4342 et
2187 4289 2593 4360 peccatoribus,
2617 4288 2686 4340 ad
2716 4304 2774 4340 se
2807 4287 3283 4358 przeﬁgurandum
3311 4287 3503 4355 jussus

1907 4383 1993 4431 est
2021 4377 2250 4431 assumi.
2279 4377 2498 4430 Scilicet
2528 4387 2591 4429 ut
2611 4381 2872 4445 parentes
2891 4375 3065 4428 bonos
3086 4391 3149 4427 ac
3167 4375 3345 4427 malos
3370 4390 3501 4444 pro-

217 4477 394 4516 semen
421 4469 514 4516 est
545 4461 816 4527 Abrahaz,
850 4463 933 4515 vel
954 4464 1262 4517 secundum
1286 4464 1677 4533 cognationem
1709 4451 1886 4518 Ma-D
1905 4473 2030 4538 pter
2056 4466 2500 4520 convenientiam
2534 4464 2901 4517 humanitatis
2930 4478 3041 4516 non
3072 4467 3384 4532 sperneret,
3417 4479 3505 4516 ve-

217 4549 300 4602 rita
324 4551 531 4604 matris
567 4551 696 4618 ejus
725 4556 783 4603 et
811 4550 1113 4604 Elizabeth.
1146 4551 1246 4603 Hic
1279 4551 1483 4621 quippe
1504 4551 1643 4606 vidit
1670 4569 1817 4617 eum,

218 4647 264 4688 et
289 4638 412 4692 ideo
439 4656 566 4692 non
611 4639 857 4691 surrexit
885 4640 1066 4708 major
1091 4639 1186 4692 illo
1229 4639 1284 4692 in
1323 4640 1468 4693 natis
1499 4641 1818 4694 mulierum.

217 4723 370 4781 Venit
398 4734 611 4782 autem
639 4728 910 4781 Dominus
954 4729 1024 4781 ad
1071 4745 1199 4782 oves
1247 4729 1574 4795 tondendas,
1607 4731 1712 4784 hoc
1739 4736 1825 4785 est

220 4823 578 4882 peccatorum
606 4816 843 4869 sarcinis
865 4817 1268 4870 exonerandas.
1295 4818 1375 4870 De
1406 4819 1606 4888 quibus
1638 4820 1820 4872 Eccle-

217 4903 300 4958 sia:
321 4905 540 4959 dicitur
571 4905 632 4958 in
664 4905 910 4958 Canticis
933 4906 1278 4959 canticorum
1304 4922 1316 4960 :
1346 4908 1536 4960 Dentes
1568 4911 1654 4961 tui
1678 4911 1820 4962 sicut

215 5009 380 5059 greges
408 5001 737 5057 tonsarum,
757 5011 875 5061 qua:
903 4996 1268 5047 ascenderunt
1301 4997 1364 5048 de
1393 4999 1612 5048 lavacro
1639 4999 1816 5064 (Cant.

216 5092 281 5142 Iv,
301 5081 524 5142 2|.Jam
549 5081 804 5135 Thamar
831 5081 1086 5135 habitum
1119 5089 1318 5142 mutet.
1343 5099 1465 5153 quae
1495 5089 1551 5137 et
1579 5102 1821 5138 commu-

217 5175 327 5223 tans
349 5172 804 5242 interpretatur:
840 5171 935 5224 sed
957 5171 1015 5224 in
1037 5187 1104 5224 ea
1124 5189 1352 5241 prorsus
1383 5189 1586 5226 nomen
1617 5175 1820 5227 amari-

213 5259 410 5314 tudinis
459 5265 720 5325 maneat,
757 5275 870 5313 non
915 5259 1064 5313 illius
1103 5260 1170 5313 de
1217 5277 1329 5330 qua
1359 5261 1661 5315 Dominum
1691 5262 1817 5316 felle

214 5350 429 5415 potavit,
455 5349 566 5402 sed
594 5365 706 5418 qua
736 5349 936 5401 Petrus
967 5365 1157 5402 amare
1189 5350 1356 5403 ﬂevit.
1392 5350 1566 5404 Judas
1598 5368 1817 5422 quoque

213 5435 395 5491 Latine
418 5440 698 5505 confessio
723 5437 1057 5507 appellatur.
1081 5438 1428 5492 Confessioni
1457 5456 1589 5509 ergo
1617 5440 1817 5494 amari-

214 5527 335 5579 tudo
351 5526 824 5590 commisceatur,
847 5532 909 5579 ut
927 5543 1053 5580 vere
1074 5527 1400 5597 paenitentia
1421 5529 1808 5599 praesignetur.

217 5612 320 5667 Hac
365 5616 552 5686 igitur
601 5615 932 5683 poenitentia
972 5632 1070 5686 per
1108 5633 1300 5670 omnes
1341 5625 1537 5686 gentes
1568 5618 1816 5672 Ecclesia

1906 4573 2031 4609 rum
2079 4555 2247 4608 etiam
2293 4560 2356 4607 ut
2400 4553 2569 4623 justis
2628 4569 2827 4621 agnus,
2860 4551 3256 4622 fpeccatoribus
3312 4551 3504 4605 haedus

1907 4646 2083 4698 ﬁeret.
2120 4644 2407 4706 Quatenus
2429 4643 2486 4695 in
2518 4658 2620 4694 suo
2649 4656 2880 4710 corpore
2909 4645 3200 4709 utrosque,
3230 4647 3294 4692 ut
3323 4656 3498 4693 unum

1906 4733 2122 4796 fierent,
2141 4749 2241 4802 per
2251 4731 2494 4800 gratiam
2507 4747 2666 4783 suam
2683 4729 3078 4782 consociaret.J
3086 4733 3274 4782 ustum
3293 4729 3499 4799 quippe

1901 4821 2009 4874 fuit
2046 4826 2110 4874 ut
2143 4821 2236 4889 qui
2280 4835 2380 4889 pro
2413 4818 2796 4888 peccatoribus
2827 4822 3071 4882 venerat,
3104 4817 3172 4869 de
3202 4816 3504 4886 peccatori-

1902 4909 2006 4962 bus
2037 4909 2205 4962 etiam
2237 4907 2388 4961 nasci
2419 4908 2766 4976 dignaretur.
2794 4907 2872 4960 Ex
2894 4923 3004 4976 quo
3022 4905 3264 4975 profecto
3288 4905 3500 4958 nullam

1903 5003 2225 5050 sanctarum
2257 4995 2593 5049 feminarum
2616 4994 2960 5064 evangelista
2983 4994 3282 5047 Matthzeus
3311 4993 3369 5046 in
3398 4994 3503 5046 hac

1899 5085 2194 5156 genalogia
2215 5085 2422 5138 Christi
2447 5084 2819 5154 computavit:
2862 5083 2956 5135 sed
2983 5099 3076 5135 eas
3099 5083 3327 5135 omnino
3355 5098 3494 5151 quas

1903 5175 2318 5245 Scripturarum
2342 5174 2645 5226 auctoritas
2668 5171 3044 5242 reprehendit.
3062 5171 3268 5224 Velens
3287 5175 3414 5235 36
3436 5187 3502 5223 ex

1901 5264 1988 5316 his
2012 5266 2255 5333 quatubr
2277 5261 2632 5332 apertissime
2653 5261 3063 5323 demonstrare,
3090 5259 3296 5313 Christi
3321 5259 3503 5312 Eccle-

1900 5353 2039 5405 siam
2069 5369 2103 5403 a
2124 5350 2506 5420 peccatoribus
2526 5349 2995 5419 congregandam.
3023 5349 3274 5412 Quarum
3301 5348 3503 5400 simili-

1898 5441 2034 5494 tudo
2057 5439 2238 5492 eidem
2261 5440 2317 5492 in
2341 5438 2600 5492 omnibus
2622 5442 3004 5508 comparatur.
3027 5437 3205 5500 Unde,
3235 5436 3500 5506 quiajam

1898 5530 1955 5582 in
1985 5530 2230 5582 Thamar
2261 5545 2466 5597 magna
2493 5545 2558 5581 ex
2583 5535 2740 5598 parte
2772 5527 3064 5596 attigimus
3093 5525 3363 5598 mysteria
3394 5542 3488 5578 ve-

1897 5618 2166 5682 neranda,
2194 5622 2368 5670 restat
2396 5622 2460 5670 ut
2488 5617 2556 5670 ad
2588 5633 2653 5669 ea
2678 5632 2800 5686 qum
2821 5619 3142 5685 supersunt,
3172 5613 3505 5681 indaganda
