3966 6206
435 326 510 383 59

1197 329 1253 385 S.
1294 329 1674 389 PASGHASII
1712 332 2074 393 RADBERTI
2109 329 2414 391 ABBATIS
2451 325 2940 385 CORBEIENSIS.
3636 323 3705 383 60

433 450 697 509 succedat
724 453 935 509 oratio:
965 457 1033 511 ut
1053 469 1118 508 ex
1145 458 1265 509 toto
1285 462 1553 527 appareat
1571 459 1920 528 profunditas
1938 476 2024 515 sa-
2040 461 2091 520 A
2109 457 2308 515 stravit
2349 453 2749 511 Christianum.
2782 453 2924 509 Hinc
2948 451 3119 506 etiam
3148 451 3298 507 idem
3326 450 3468 507 Zara
3495 464 3702 507 nomen

436 541 729 608 cramenti,
764 542 813 596 si
865 558 975 613 quo
1005 543 1169 598 modo
1209 545 1463 598 Christus
1503 563 1569 600 ex
1610 547 1733 617 ipsa
1767 549 2030 620 prosapia

437 630 604 699 longe
633 629 839 701 diuque
877 631 1246 703 praesignatus
1291 633 1506 701 fuisset,
1536 637 1659 705 ejus
1696 637 1937 693 Ecclesia
1970 639 2025 692 in

438 717 528 773 his
554 719 917 789 praeﬁgurata
945 721 1352 777 manifestatur.
1386 722 1520 788 Quae
1549 724 1683 794 quia
1710 726 1767 782 in
1796 742 2027 798 corpore

439 823 546 865 suo
586 808 771 864 fuerat
796 810 1061 875 unienda,
1094 816 1245 864 recte
1286 810 1494 867 factum
1525 817 1612 869 est
1647 814 1818 871 etiam
1859 820 1921 871 ut
1963 833 2028 871 ex

439 897 577 968 ipsis
603 904 930 954 nasceretur
958 898 1017 952 in
1039 899 1240 968 quibus
1271 901 1603 972 mysterium
1627 902 1852 972 pietatis
1879 909 2030 974 tege-

441 985 637 1040 batur:
664 992 941 1056 quatenus
968 987 1180 1057 species
1209 1005 1310 1059 per
1330 995 1743 1047 sacramentum
1762 994 2029 1049 transiret

442 1074 512 1129 ad
539 1089 738 1144 genus,
768 1081 825 1129 et
870 1092 972 1146 per
999 1077 1241 1149 speciem
1267 1079 1415 1148 quod
1464 1080 1715 1135 futurum
1747 1086 1873 1135 erat
1906 1083 2026 1151 jam

441 1163 772 1217 claresceret
798 1162 857 1217 in
883 1179 1107 1235 genere.
1152 1164 1345 1221 Inerat
1380 1168 1530 1222 enim
1553 1170 1676 1239 jam
1700 1175 1832 1225 tunc
1850 1185 2028 1241 genus

439 1251 500 1305 in
524 1252 725 1323 specie.
751 1252 821 1306 Et
847 1252 1051 1307 idcirco
1078 1269 1273 1313 earum
1310 1261 1531 1315 tantum
1562 1258 1808 1315 historiae
1836 1276 2024 1314 recer-

437 1338 622 1406 datur,
647 1354 885 1410 quarum
908 1346 963 1395 et
986 1342 1151 1408 actio,
1182 1359 1359 1413 genus
1390 1350 1447 1399 et
1475 1347 1630 1413 ordo,
1665 1364 1728 1401 ac
1757 1362 2023 1405 numerus

437 1444 661 1482 omnem
681 1428 931 1484 futuram
952 1431 1054 1486 Dei
1084 1432 1386 1489 Ecclesium
1407 1435 1655 1505 mysticis
1671 1438 2028 1494 commendat

435 1516 781 1572 muneribus.
814 1519 974 1573 Actio
1013 1520 1257 1590 quidem,
1290 1527 1356 1577 ut
1383 1538 1451 1577 ex
1479 1525 1662 1594 operis
1684 1527 1908 1596 negotio
1936 1544 2028 1582 re-

439 1621 802 1674 cognosceres
848 1623 949 1678 per
994 1609 1235 1679 speciem
1282 1610 1535 1668 futurum
1577 1613 1678 1668 Dei
1722 1629 1929 1670 munus
1968 1615 2028 1670 in

435 1707 661 1761 genere.
689 1694 878 1749 Genus
903 1711 1031 1751 vero
1062 1703 1119 1751 et
1144 1698 1300 1765 ordo,
1327 1700 1461 1770 quia
1485 1701 1727 1773 primam
1746 1720 1944 1761 earum
1971 1710 2029 1760 et

2110 545 2344 617 accepit.
2373 546 2511 599 Zara
2541 544 2744 616 quippe
2771 545 2951 596 oriens
2976 539 3200 607 dicitur,
3228 544 3499 611 tanquam
3527 554 3702 611 popu-

2109 636 2229 691 lum
2242 633 2474 691 orientis
2485 630 2876 705 Redemptoris
2886 628 3141 684 videlicet
3158 627 3478 695 ostendens,
3497 627 3567 683 de
3589 643 3702 699 quo

2108 723 2401 781 Zacharias
2454 722 2728 795 propheta
2768 739 2778 774 :
2842 718 3090 773 Visitavit
3128 734 3224 773 nos
3257 720 3440 773 oriens
3483 733 3547 771 ea;
3589 720 3703 771 atto

2107 814 2258 885 (Luc.
2302 826 2341 880 Ι,
2377 811 2484 882 78).
2525 810 2634 875 Qui
2660 809 2915 882 populus,
2949 808 3053 862 etsi
3084 811 3210 878 post
3243 811 3429 873 natus,
3463 804 3705 876 mystica

2108 907 2301 957 tamen
2339 898 2623 955 obtetricis
2650 915 2782 953 voce
2810 898 3116 970 primatum
3145 895 3376 967 accepit,
3417 893 3657 951 dicentis
3686 912 3697 947 :

2109 994 2210 1048 Hic
2229 991 2539 1059 egredietur
2549 991 2731 1060 prior.
2747 986 2859 1041 Sed
2875 1002 2988 1041 non
3003 986 3231 1052 mitum,
3248 984 3294 1040 si
3314 988 3441 1056 post
3462 999 3703 1055 sequens

2109 1081 2416 1151 primatum
2442 1081 2650 1144 teneat,
2678 1077 2774 1148 qui
2800 1076 2956 1148 prior
2984 1074 3054 1129 ad
3083 1090 3223 1146 opus
3247 1073 3443 1143 gratiae
3469 1088 3703 1137 manum

2109 1169 2283 1225 misit.
2305 1168 2536 1225 Utinam
2565 1183 2697 1222 cum
2724 1166 2797 1220 ad
2826 1166 2930 1221 hoc
2954 1180 3092 1235 opus
3119 1177 3351 1218 manum
3378 1160 3699 1232 praetendit,

2109 1258 2351 1330 perfecte
2366 1261 2533 1312 natus
2550 1252 2771 1319 exisset,
2787 1259 2844 1308 et
2862 1270 2974 1307 non
2989 1253 3084 1307 illo
3101 1268 3333 1306 manum
3352 1250 3699 1318 retrahente,

2108 1349 2251 1403 alter
2287 1345 2590 1403 maceriam
2618 1343 2939 1398 incidisset!
2973 1342 3042 1396 Et
3067 1340 3201 1411 quid
3235 1339 3557 1405 maceriam,
3591 1337 3703 1393 nisi

2109 1454 2249 1509 opus
2275 1436 2424 1501 ﬁdei,
2449 1434 2561 1491 nisi
2586 1430 3249 1501 aediﬁcationemlgratiee,
3279 1428 3388 1483 nisi
3417 1425 3703 1498 Evangelii

2108 1530 2543 1590 sacramentum,
2576 1522 2942 1593 intelligimus
2967 1519 3198 1591 ﬁgurari
3221 1519 3245 1572 Ἰ
3275 1517 3387 1573 Sed
3416 1533 3548 1571 eum
3576 1532 3701 1573 ma-

2108 1630 2245 1669 num
2270 1615 2411 1667 Zara
2437 1612 2496 1667 in
2524 1617 2752 1667 uterum
2771 1608 3024 1675 retraxit,
3057 1608 3268 1662 Phares
3298 1605 3487 1661 exiens
3516 1618 3703 1659 mace-

2108 1702 2253 1757 riam
2274 1701 2501 1767 dividit;
2533 1700 2667 1771 quia
2685 1698 2953 1754 nimirum
2973 1713 3102 1751 cum
3116 1712 3255 1767 opus
3272 1693 3402 1749 ﬁdei
3422 1699 3479 1748 et
3499 1692 3699 1762 gratiae

437 1780 698 1835 ultimam
725 1783 899 1839 fuisse
926 1792 1145 1841 constat
1173 1804 1239 1841 ex
1266 1789 1440 1860 stirpe
1467 1790 1806 1858 Judmomm,
1836 1798 1895 1847 et
1915 1810 2029 1849 me.
2051 1778 2168 1846 Bin
2212 1788 2548 1861 patriarchis
2596 1787 2849 1855 cessavit,
2887 1791 3012 1840 tum
3056 1784 3144 1840 lex
3191 1783 3370 1855 Moysi
3421 1797 3702 1854 apparens

435 1868 557 1924 dias
576 1870 717 1925 duas
737 1872 805 1927 de
825 1873 1087 1942 gentibus
1105 1875 1413 1933 advenisse.
1438 1879 1659 1934 Scilicet
1681 1882 1811 1951 quia
1836 1882 2027 1937 futura

437 1957 646 2013 Christi
688 1960 937 2018 Ecclesia
970 1963 1216 2034 primum
1262 1982 1363 2036 per
1407 1969 1687 2039 apostolos
1724 1970 1792 2024 de
1820 1971 2025 2027 Judaeis

437 2046 736 2117 colligitur,
755 2049 952 2109 exinde
980 2053 1140 2123 quasi
1167 2069 1233 2107 ex
1258 2054 1496 2122 duabus,
1517 2056 1771 2113 videlicet
1794 2076 1860 2113 ex
1889 2074 2026 2130 prm-

435 2135 760 2193 cedentibus
808 2145 865 2194 et
910 2140 1291 2211 sequentibus,
1340 2144 1609 2201 hactenus
1657 2146 1727 2201 de
1763 2148 2024 2217 gentibus

436 2223 918 2282 adunatur.Porro
933 2229 1137 2285 ultima
1157 2247 1279 2301 quia
1298 2239 1493 2300 restat,
1515 2239 1711 2302 puteus
1731 2241 2019 2303 satietatis,

435 2328 634 2369 rursus
654 2314 724 2368 de
743 2316 948 2372 Iudaeis
968 2334 1089 2375 esse
1108 2318 1449 2377 inscribitur.
1475 2323 1636 2388 Quia,
1662 2337 1790 2380 cum
1810 2326 2026 2381 venerit

436 2401 728 2470 plenitudo
756 2405 1032 2474 gentium,
1054 2413 1189 2463 tunc
1209 2410 1390 2467 omnis
1419 2413 1593 2468 Israel
1615 2413 1799 2469 salvus
1826 2414 1942 2469 ﬁet.
1957 2416 2023 2471 In

437 2489 638 2559 quibus
684 2492 953 2549 nimirum
995 2499 1463 2568 evangelistarum
1508 2502 1815 2571 quadratus
1846 2504 2024 2558 consi-

436 2585 646 2648 gnatur
664 2597 935 2639 numerus
959 2604 972 2652 ;
1003 2602 1242 2655 quorum
1268 2589 1482 2659 primus
1501 2596 1558 2645 et
1585 2591 1817 2647 ultimus
1839 2607 1905 2647 ex
1929 2594 2023 2648 Ju-

433 2666 568 2723 daeis
595 2669 771 2737 fuere,
805 2678 861 2726 et
887 2673 998 2728 duo
1024 2676 1175 2733 velut
1194 2677 1263 2731 de
1289 2678 1567 2747 gentibus,
1600 2681 1696 2750 qui
1720 2681 2022 2737 Dominum

432 2756 493 2810 in
538 2774 704 2813 carne
745 2776 856 2817 non
896 2762 1172 2830 viderunt,
1206 2772 1476 2837 tanquam
1512 2768 1612 2822 ﬁlii
1652 2770 2023 2839 amplectendi

431 2846 602 2901 medii
630 2848 1148 2920 circumponuntur.
1182 2854 1436 2918 Quatuor
1463 2861 1651 2913 autem
1676 2858 1734 2913 in
1763 2858 2022 2914 omnibus

432 2934 736 3004 eliguntur,
768 2943 833 2992 ut
857 2939 914 2993 in
943 2941 1030 2996 his
1055 2943 1328 3011 quadrata
1352 2944 1453 2998 Dei
1485 2946 1732 3001 Ecclesia
1749 2947 1820 3001 ad
1851 2948 2020 3003 mise-

2109 1881 2269 1952 quasi
2300 1880 2529 1950 quidam
2553 1877 2757 1949 paries,
2786 1875 3035 1931 medium
3063 1877 3242 1929 semet
3268 1870 3617 1936 intersemit,
3643 1873 3703 1925 et

2109 1968 2521 2040 quodammodo
2532 1967 2707 2022 vitam
2716 1964 3164 2037 patriarcharum
3179 1966 3237 2017 et
3247 1959 3701 2017 Christianorum

2106 2057 2312 2113 divisit.
2347 2057 2457 2112 Sed
2478 2057 2705 2111 veniens
2736 2054 3009 2109 Dominus
3032 2051 3306 2124 parietem
3320 2048 3461 2120 legis
3481 2048 3551 2103 de
3571 2064 3698 2103 me-

2107 2148 2199 2202 dio
2227 2148 2376 2214 tulit,
2392 2153 2449 2201 et
2476 2145 2714 2200 divisam
2742 2142 3042 2198 maceriam
3071 2138 3379 2211 conjunxit,
3397 2143 3455 2193 et
3474 2152 3543 2193 ex
3560 2136 3697 2192 dua-

2105 2236 2208 2291 bus
2259 2235 2668 2308 quodammodo
2705 2249 2880 2289 unam
2916 2230 3114 2296 eli‘ecit,
3154 2229 3327 2284 Paulo
3365 2230 3691 2293 attestante,

2105 2326 2201 2397 qui
2228 2326 2309 2379 ait
2331 2343 2342 2380 :
2368 2327 2481 2394 Ipse
2497 2329 2572 2380 est
2584 2339 2697 2392 pax
2716 2326 2926 2385 nostra,
2957 2322 3054 2389 qui
3079 2320 3207 2386 fecit
3234 2322 3470 2384 utraque
3488 2330 3694 2381 unum,

2105 2420 2155 2469 et
2184 2415 2429 2469 medium
2453 2415 2722 2482 parietem
2750 2412 3001 2464 maceria:
3024 2411 3251 2472 solvens,
3274 2406 3609 2459 inimicitias
3631 2404 3697 2457 in

2103 2520 2271 2559 carne
2298 2516 2422 2568 sua,
2447 2506 2615 2570 legem
2643 2501 3041 2555 mandatorum
3062 2500 3125 2551 in
3152 2496 3379 2550 decretis
3399 2507 3696 2559 evacuans,

2105 2597 2167 2646 ut
2184 2592 2318 2646 duos
2334 2592 2528 2645 condat
2550 2592 2613 2643 in
2630 2590 2908 2656 semetipso
2923 2589 2988 2640 in
3005 2600 3187 2639 unum
3198 2598 3402 2638 novum
3414 2582 3695 2635 hominem

2103 2682 2312 2748 Iheiem
2315 2696 2503 2748 pacem
2511 2679 2785 2747 (Ephes.n,
2798 2673 3337 2744 14).Ubinotandum
3349 2670 3497 2741 quod
3508 2670 3697 2740 ipsum

2104 2768 2500 2840 parietem,qui
2512 2766 2812 2823 maceriam
2822 2764 3110 2825 divideret,
3128 2759 3450 2816 inimicitias
3459 2760 3697 2829 Aposto-

2102 2857 2192 2913 lus
2207 2856 2714 2911 vocat.0bservatio
2726 2855 2935 2909 etenim
2948 2852 3087 2922 legis
3100 2849 3259 2921 quasi
3270 2847 3689 2920 quoddamas

2104 2945 2404 3001 divortium
2414 2944 2743 3000 intervitam
2756 2942 3065 3013 simplicem
3077 2938 3611 3011 patriarcharum,et
3620 2936 3696 2991 vi-

429 3022 732 3080 rioordiam
758 3027 990 3083 solidius
1019 3032 1402 3088 conﬁrmetur.
1426 3033 1678 3105 Denique
1698 3040 1763 3090 ut
1785 3037 1856 3090 ad
1878 3037 2022 3093 Pha-
2037 3055 2081 3115 ο
2102 3039 2559 3105 tameequentem
2578 3032 3025 3089 Christianorum
3047 3035 3186 3093 erat,
3201 3028 3377 3083 donec
3389 3042 3503 3082 uno
3522 3041 3695 3095 augu-

428 3126 519 3164 res
539 3119 596 3166 et
611 3113 809 3169 Zaram
826 3117 1054 3172 tandem
1066 3120 1366 3178 redeamus
1383 3140 1395 3189 ;
1420 3138 1521 3177 cur
1530 3125 1841 3196 praiscripti
1850 3126 2017 3181 simul
2049 3113 2066 3115 ⁷
2100 3124 2207 3179 lari
2230 3124 2404 3195 lapidi
2416 3124 2639 3178 Christo
2653 3124 2785 3178 Jesu
2796 3117 3267 3192 jungerentur.Et
3278 3116 3403 3171 ideo
3413 3116 3472 3170 in
3490 3130 3693 3185 ganea.

429 3199 489 3254 in
515 3202 847 3274 genealogis
872 3205 1002 3273 sint,
1031 3207 1335 3267 videamus.
1370 3212 1618 3275 Quorum
1637 3214 1777 3269 Zara
1804 3230 1933 3270 cum
1953 3216 2022 3270 de

428 3292 590 3343 utero
614 3292 885 3360 praemisit
911 3310 1161 3363 manum,
1179 3296 1447 3354 obstetrix
1465 3301 1691 3356 coccino
1712 3302 1909 3372 ligavit
1927 3303 2017 3358 di~

428 3392 558 3434 cens
584 3397 596 3432 :
628 3381 738 3435 Hoc
758 3385 924 3449 prior
951 3387 1233 3451 egreditur
1257 3388 1412 3457 (Gen.
1436 3403 1665 3457 XXXVIII,
1687 3388 1800 3460 28).
1821 3391 1930 3447 Sed
1957 3392 2018 3449 in

426 3466 625 3522 matris
643 3474 804 3524 utero
832 3471 928 3525 illo
956 3487 1188 3529 manum
1207 3482 1519 3546 revocante,
1544 3479 1715 3535 exivit
1742 3481 1903 3548 alter,
1927 3482 2018 3538 cui

425 3554 694 3612 obstetrix
722 3558 890 3614 dixit:
917 3562 1098 3628 Quare
1117 3566 1296 3620 divisa
1315 3572 1389 3620 est
1416 3574 1638 3637 propter
1666 3574 1713 3623 te
1740 3574 2019 3627 maceria?

425 3643 584 3699 Unde
597 3652 655 3700 et
670 3648 885 3704 vocavit
895 3666 1099 3706 nomen
1111 3654 1160 3723 ej
1169 3670 1233 3708 us
1248 3655 1477 3721 Phares,
1494 3656 1552 3711 id
1564 3663 1650 3713 est
1659 3660 1875 3713 divisio.
1884 3660 2016 3716 Post

425 3749 593 3803 quem
608 3734 775 3790 exivit
784 3736 1015 3810 fraterej
1023 3742 1210 3812 us,qui
1222 3744 1375 3813 prior
1383 3758 1612 3800 manum
1626 3747 1695 3801 de
1707 3752 1868 3802 utero
1880 3765 2016 3819 prui-

421 3821 671 3889 miserat,
689 3841 857 3895 quam
871 3834 927 3883 et
945 3831 1167 3886 coccino
1179 3831 1447 3888 obstetrix
1467 3834 2015 3905 ligaverat.Vocavit-

422 3926 532 3980 que
560 3926 767 3971 nomen
809 3918 930 3987 ejus
974 3920 1132 3986 Zara,
1162 3922 1312 3991 quod
1358 3923 1789 3994 interpretatum
1832 3929 2013 3980 oriens

421 4006 601 4055 sonat.
634 4004 769 4066 Quis
798 4005 887 4059 hic
909 4023 1023 4061 non
1043 4009 1230 4064 videat
1258 4016 1470 4080 quanta
1487 4013 1788 4082 aenigmata
1808 4019 2014 4085 myste-

422 4086 635 4143 riorum
667 4096 788 4156 81
817 4094 1172 4163 produntur?
1201 4098 1345 4161 Quid
1373 4099 1564 4170 itaque
1592 4101 1650 4157 in
1675 4102 1763 4156 his
1797 4102 2013 4159 duobus

419 4176 660 4243 geminis
707 4180 814 4262 nisi
853 4183 1081 4250 gemina
1122 4184 1456 4242 describitur
1499 4191 1833 4260 populorum
1879 4192 2009 4259 vita,
2045 4251 2058 4263 _

423 4278 539 4316 una
564 4254 873 4323 secundum
911 4270 1100 4338 ﬁdem,
1133 4274 1312 4328 altera
1352 4254 1659 4332 secundum
1683 4280 1905 4349 legem?

423 4351 548 4423 quis
577 4354 720 4410 alius
748 4356 808 4411 in
835 4358 992 4427 Zara,
1020 4362 1114 4431 qui
1144 4363 1299 4433 prior
1325 4381 1390 4419 ex
1418 4371 1579 4420 utero
1608 4380 1837 4422 manum
1865 4384 2009 4440 prte-

421 4440 597 4507 misit,
621 4445 717 4498 sed
741 4451 867 4516 post
886 4454 1053 4504 natus
1072 4450 1197 4519 fuit,
1213 4453 1321 4507 nisi
1341 4455 1579 4525 p0pulus
1600 4455 1750 4524 ﬁdei,
1769 4460 2010 4530 populus

418 4531 615 4596 gratiae
662 4534 1040 4604 ﬁgurabatur?
1087 4540 1315 4596 Manum
1347 4542 1521 4614 igitur
1562 4532 1721 4599 Zara'
1746 4564 1812 4599 ex
1848 4554 2010 4603 utero

420 4621 715 4688 praemisit,
740 4624 873 4695 quia
902 4629 1139 4698 populus
1169 4630 1318 4696 ﬁdei,
1350 4633 1546 4702 gratiae
1570 4634 1845 4703 videlicet,
1870 4643 1927 4691 et
1950 4639 2009 4693 in

422 4709 758 4797 patriarchis
773 4714 1025 4783 justitias
1044 4717 1174 4773 ﬁdei
1204 4735 1269 4774 ac
1284 4722 1480 4790 gratiae
1499 4725 1720 4794 operari
1743 4726 1926 4797 coepit.
1943 4730 2007 4783 In

421 4796 561 4852 Abel
576 4800 787 4856 scilicet
806 4810 863 4859 et
883 4805 1038 4871 Seth,
1069 4808 1274 4875 Enoch,
1294 4811 1674 4879 Melchisedec,
1701 4796 2003 4884 Abraham,

423 4888 596 4957 Isaac,
645 4892 832 4960 Jacob,
868 4896 1093 4968 Joseph,
1128 4906 1185 4951 et
1227 4899 1348 4967 Job,
1397 4907 1454 4954 et
1497 4901 1638 4968 aliis,
1673 4904 1770 4974 qui
1816 4921 2010 4960 eorum

421 4978 633 5034 imitari
680 4989 986 5053 potuerunt
1030 4990 1301 5060 exempla.
1356 4990 1425 5044 Hi
1474 4991 1682 5045 etenim
1726 4993 1850 5048 vitm
1894 5010 2008 5050 suae

420 5072 628 5136 actum,
647 5073 743 5142 qui
768 5073 1046 5143 ﬁguratur
1060 5093 1160 5147 per
1178 5090 1429 5142 manum,
1442 5095 1544 5150 per
1560 5082 1801 5150 gratiam
1821 5084 1880 5137 in
1905 5085 2009 5139 hoc

420 5158 620 5213 sarculo
639 5160 883 5230 primum
906 5163 1077 5218 libere
1097 5168 1508 5236 pmmisemnt.
1528 5171 1593 5224 In
1615 5186 1853 5242 quorum
1874 5189 2006 5244 pro-

417 5243 562 5300 lecto
593 5264 785 5317 manu,
818 5253 996 5305 nostri
1026 5270 1249 5324 quoque
1290 5262 1448 5312 actus
1488 5264 1759 5328 tanquam
1801 5243 2007 5331 integri

420 5337 686 5404 corporis,
731 5340 825 5409 qui
871 5340 1053 5396 adhuc
1098 5346 1510 5414 quodammodo
1537 5350 1811 5417 gestantis
1846 5354 2007 5406 utero

2024 4410 2074 4469 D

2104 3213 2254 3284 logia
2267 3226 2370 3269 sua
2381 3214 2637 3269 Christus
2652 3214 2770 3283 jam
2787 3216 2923 3265 tunc
2940 3208 3318 3281 praemittebat
3335 3205 3691 3277 mysterium,

2103 3318 2170 3358 ex
2216 3316 2326 3373 quo
2381 3303 2636 3359 futurum
2684 3299 3065 3372 pmsagiendo
3103 3299 3355 3369 signaret
3396 3295 3685 3351 eﬁ‘ectum.

2099 3391 2418 3447 Praesertim
2446 3406 2573 3447 cum
2609 3391 2670 3447 in
2697 3406 2762 3446 eo
2785 3392 2907 3460 jam
2934 3394 3068 3444 tunc
3101 3387 3357 3443 Christus
3394 3384 3579 3439 inerat
3600 3398 3693 3437 se-

2097 3480 2251 3554 mine
2270 3520 2284 3547 ,
2343 3480 2596 3552 quamvis
2647 3479 2903 3537 nondum
2955 3477 3311 3548 propalatus,
3371 3472 3694 3529 futurorum

2098 3574 2288 3625 tamen
2309 3570 2381 3623 ad
2410 3585 2469 3625 se
2497 3569 2728 3625 trahens
2751 3569 2808 3625 in
2832 3580 3022 3623 rerum
3043 3565 3238 3636 ﬁguris
3256 3564 3425 3620 ﬁdem
3450 3581 3463 3627 ;
3497 3566 3694 3632 quate-

2100 3675 2226 3724 nus,
2258 3673 2386 3713 cum
2413 3658 2651 3724 adesset,
2677 3657 2877 3712 melius
2906 3673 3037 3711 eum
3066 3655 3203 3710 ﬁdes
3232 3652 3580 3708 credentium
3604 3666 3694 3704 re-

2098 3754 2475 3818 cognosceret,
2506 3748 2601 3817 qui
2630 3747 2820 3802 futura
2848 3762 2950 3816 per
2976 3744 3354 3801 successiones
3376 3740 3693 3812 prmceden‘

2097 3837 2239 3893 tium
2254 3840 2479 3906 patrum
2498 3836 2637 3890 talia
2649 3832 3300 3905 praemonstrabatﬂnde
3317 3836 3376 3887 et
3390 3832 3692 3886 Mattimus

2096 3925 2287 3980 volens
2315 3938 2444 3978 eum
2472 3923 2825 3980 manifestius
2851 3923 3164 3994 designare,
3198 3922 3368 3978 simul
3393 3921 3602 3975 Phares
3631 3925 3694 3973 et

2094 4014 2293 4068 Zaram
2317 4012 2386 4066 de
2425 4012 2670 4067 Thamar
2694 4013 3034 4085 supputavit,
3069 4016 3132 4066 ut
3162 4027 3261 4082 per
3287 4026 3383 4065 eos
3412 4009 3560 4064 linea
3585 4025 3692 4079 ge~

2094 4102 2400 4157 nerationis
2428 4102 2669 4157 deducta
2691 4102 2981 4157 exhiberet
3024 4100 3307 4156 Christum
3342 4099 3448 4154 sibi
3497 4099 3690 4153 Eccle-

2095 4192 2239 4246 siam
2269 4191 2323 4246 in
2355 4208 2414 4246 se
2444 4191 2680 4263 mystice
2709 4192 2843 4246 olim
2867 4191 3173 4257 dedicasse,
3202 4206 3371 4260 quam
3400 4200 3466 4243 ex
3494 4204 3690 4243 rerum

2094 4281 2390 4352 prophetia
2416 4281 2738 4336 adfuturam
2767 4296 2868 4335 suo
2908 4281 2967 4334 in
2996 4285 3247 4351 tempore
3276 4275 3679 4350 praesignabat.

2164 4371 2365 4424 Phares
2390 4363 2575 4425 autem
2596 4374 2787 4439 genuit
2810 4372 3021 4424 Esrom.
3054 4370 3243 4423 Esrom
3261 4370 3453 4436 genuit
3482 4366 3683 4423 Aram.

2092 4458 2271 4515 Aram
2289 4463 2480 4526 genuit
2508 4461 2841 4514 Aminadab.
2864 4460 3180 4514 Aminadab
3198 4460 3391 4525 genuit
3412 4456 3681 4511 Naesson.

2094 4549 2340 4603 Naasson
2368 4551 2560 4617 genuit
2587 4550 2836 4603 Satmon.
2855 4546 3084 4603 Salmon
3115 4553 3300 4601 autem
3327 4547 3518 4614 genuit
3549 4546 3684 4598 Boos

2092 4639 2155 4691 de
2193 4639 2397 4693 Rahab.
2431 4638 2533 4691 Hic
2562 4638 2791 4703 Phares,
2837 4637 2980 4692 sicut
3016 4653 3083 4690 ex
3122 4636 3360 4690 lectione
3404 4632 3683 4705 comperi-

2090 4744 2235 4793 mus,
2282 4726 2449 4781 simul
2494 4738 2620 4780 cum
2651 4727 2680 4781 J
2686 4727 2797 4781 uda
2838 4731 2997 4797 patre
3044 4742 3145 4779 suo
3175 4726 3462 4795 ingressus
3499 4728 3586 4777 est
3622 4722 3683 4776 in

2090 4817 2413 4887 Egyptum,
2446 4832 2511 4870 ac
2538 4816 2801 4887 deinceps
2825 4816 3029 4870 horum
3054 4815 3336 4869 interdum
3366 4813 3521 4867 nulla
3547 4828 3686 4866 nar-

2092 4912 2291 4959 rantur
2315 4905 2568 4977 mystica,
2601 4905 2775 4959 donec
2823 4903 3116 4977 [Naasson]
3147 4904 3396 4964 Salmon,
3437 4902 3581 4956 sicut
3623 4901 3686 4955 in

2089 4994 2436 5063 Numeris(I,
2461 4995 2519 5060 7;
2544 5008 2605 5060 II,
2634 4993 2683 5056 3)
2712 4994 2969 5065 legimus,
2998 4993 3222 5064 quando
3250 4992 3425 5047 Israel
3452 4990 3587 5045 exiit
3611 4990 3685 5043 de

2089 5084 2347 5154 Egypto,
2375 5082 2633 5154 princeps
2666 5082 2838 5137 fuisse
2865 5082 3045 5136 tribus
3072 5082 3229 5136 Judae
3248 5082 3522 5152 signetur,
3547 5094 3689 5150 quo-

2090 5187 2216 5227 rum
2279 5172 2339 5224 in
2406 5171 2617 5226 semine
2681 5171 2966 5225 Christum
3025 5170 3177 5225 velut
3241 5168 3643 5241 repromissum
3664 5207 3681 5234 ,

2090 5262 2394 5331 Egyptum
2416 5260 2716 5325 introiisse,
2734 5260 2873 5314 nulli
2893 5259 3124 5314 dubium
3157 5264 3259 5314 est.
3276 5261 3344 5313 Et
3372 5259 3498 5312 ideo
3519 5258 3687 5329 quasi

2091 5367 2156 5405 ex
2174 5349 2444 5420 presegio
2459 5350 2580 5417 jam
2599 5352 2733 5403 tunc
2748 5350 2985 5420 populus
3004 5346 3685 5420 premebatur.Sentiebat

416 5424 767 5493 tenebamur,
813 5430 993 5500 ﬁgura
1035 5434 1334 5503 praecessit.
1364 5435 1523 5489 Unde
1563 5442 1619 5490 et
1656 5437 1778 5508 ipsa
1807 5455 2006 5494 manus
2088 5440 2324 5493 forsitan
2350 5436 2611 5491 inimicus
2654 5452 2716 5491 ex
2748 5438 2948 5492 eodem
2976 5439 3191 5494 semine
3220 5439 3548 5503 affuturum,
3583 5436 3682 5507 qui

418 5528 607 5567 secum
637 5516 697 5570 in
725 5522 885 5573 utero
932 5537 1155 5576 coccum
1202 5525 1471 5591 retraxit;
1511 5525 1717 5580 indicia
1753 5527 2009 5583 videlicet
2090 5530 2212 5599 ejus
2236 5529 2370 5597 jura
2398 5532 2707 5597 quassaret,
2735 5532 2792 5582 et
2810 5528 2935 5582 ideo
2954 5544 3067 5582 non
3095 5528 3352 5593 feminas,
3374 5528 3472 5581 sed
3491 5542 3681 5581 mares

423 5604 630 5662 Christi
651 5610 944 5679 passionis,
963 5613 1122 5683 cujus
1144 5613 1339 5668 eﬁ‘usio
1359 5614 1649 5685 sanguinis
1674 5622 1861 5672 actum
1883 5618 2008 5673 illu—
2088 5624 2309 5674 tantum
2347 5616 2671 5674 interimere
2711 5620 2988 5691 cupiebat,
3020 5624 3085 5672 ut
3112 5618 3197 5673 vel
3241 5619 3320 5673 sic
3349 5632 3480 5673 eum
3509 5630 3683 5687 quem
