3966 6206
162 366 218 424 61
986 358 1369 419 ΕΧΡοειΤΙο
1406 361 1486 418 IN
1524 360 1766 419 ΜΛἸἿἮ

1850 362 1967 421 UM.
2007 392 2075 413 υ·-
2110 365 2248 421 LIB.
2288 365 2334 432 Ι,
2375 364 2533 420 CAP.
2576 365 2622 419 Ι.

3365 363 3437 425 62

154 489 489 546 moliebatur
510 485 1063 561 exstingueret.Egit
1089 488 1295 558 quippe
1311 492 1507 560 postea
1526 488 1630 541 hac
1643 493 1764 541 arte
1785 491 1830 548 Α
1850 492 1998 545 muri
2027 495 2310 559 corruant,
2344 494 2401 545 et
2421 487 2726 545 novissima
2751 495 2881 558 40
2904 506 3056 549 mors
3093 492 3434 563 destruatur,

152 580 292 633 idem
319 578 621 643 inimicus,
642 578 819 632 etiam
848 593 947 647 per
973 577 1251 630 Herodem
1311 576 1515 632 multos
1543 576 1758 632 interii-

151 670 311 732 ciens,
347 672 416 723 ut
444 668 638 721 solum
669 672 899 721 necaret
926 665 1229 720 Christum.
1256 666 1334 719 De
1354 680 1463 736 quo
1493 666 1760 721 nimirum

152 761 426 833 praesagio
453 760 745 831 Iosephus
791 760 851 814 in
894 758 1037 813 libro
1091 760 1337 814 secundo
1393 758 1761 828 Antiquitatis

156 850 402 905 historiae
423 852 841 929 commemorat
859 847 1071 909 dicens,
1094 847 1244 917 quod
1259 846 1491 918 quidam
1510 846 1678 903 fuerit
1704 848 1762 901 in

159 940 405 1010 Egypto
426 953 729 991 sacrorum
757 935 958 1002 scriba,
1002 951 1130 991 cum
1159 936 1288 1001 sint,
1314 935 1516 1007 inquit,
1549 938 1762 1008 esperti

156 1029 218 1083 de
242 1028 458 1083 futuris
485 1028 683 1081 dicere
718 1026 1037 1090 veritatem,
1064 1025 1161 1096 qui
1215 1026 1568 1081 denuntiavit
1620 1027 1757 1096 regi,

156 1120 242 1173 illo
258 1118 315 1171 in
329 1116 930 1188 tempore,quemdam
952 1113 1281 1185 pariendum
1298 1115 1447 1170 inter
1458 1117 1759 1182 Israelitas,

156 1208 243 1279 qui
260 1206 606 1260 humiliaret
624 1205 854 1276 quidem
866 1204 1246 1275 principatum
1264 1203 1515 1275 Egypti,
1531 1212 1763 1274 augeret

159 1302 336 1349 autem
369 1311 479 1349 suo
512 1294 864 1348 incremento
903 1293 1286 1349 Israelitarum
1313 1304 1511 1362 genus,
1535 1294 1763 1348 virtute-

161 1398 255 1455 que
296 1383 740 1438 transcenderet
779 1382 1088 1447 universos,
1121 1386 1178 1435 et
1204 1381 1445 1451 gloriam
1472 1382 1531 1436 in
1569 1399 1764 1453 perpe-

158 1482 309 1528 tuum
338 1471 775 1527 memorabilem
826 1470 1154 1541 possideret.
1192 1471 1368 1541 Cujus
1391 1470 1474 1525 rei
1529 1471 1760 1526 consilio

160 1562 361 1616 factum
386 1566 478 1615 est
506 1566 574 1615 ut
630 1576 797 1615 omne
843 1559 1237 1627 masculinum,
1262 1559 1410 1630 quod
1458 1576 1524 1617 ex
1587 1562 1760 1616 Israel

162 1656 507 1715 nasceretur,
536 1649 931 1720 Egyptiorum
970 1647 1231 1702 ﬂuctibus
1278 1654 1593 1703 necaretur.
1651 1651 1759 1705 Sed

163 1740 358 1793 avertit
387 1742 498 1794 ID
515 1736 656 1792 illud
668 1739 838 1803 Deus,
863 1737 950 1791 cui
980 1743 1177 1807 postea
1206 1738 1386 1791 maria
1430 1754 1494 1790 ac
1524 1738 1761 1794 ﬁumina

1842 598 1907 636 eo
1929 582 2077 653 quod
2110 584 2227 653 jam
2256 587 2392 637 tunc
2420 580 2683 652 absorpta
2712 581 2787 635 sit
2812 580 2872 636 in
2909 582 3217 637 victoriam.
3251 585 3434 640 Inter-

1842 672 1976 725 dum
2000 678 2188 725 autem
2212 672 2327 724 sola
2356 672 2601 724 solvatur
2624 670 2793 733 Raab,
2820 672 3073 727 \lLlCliCCt
3103 670 3308 727 Christi
3335 671 3437 728 Ec-

1844 759 2032 826 clesia,
2057 760 2308 829 ejusdem
2366 759 2640 830 sanguine
2687 758 2987 827 rubricata,
3022 761 3154 832 quia
3207 761 3435 816 nuntios

1843 847 1960 901 veri
1987 849 2119 901 Jesu
2144 849 2263 902 sola
2301 849 2564 919 suscepit.
2601 848 2670 903 Et
2723 847 2852 902 ideo
2882 862 2996 903 non
3056 850 3237 905 solum
3290 850 3439 905 inter

1844 937 2018 990 Israel
2046 936 2146 990 Dei
2174 942 2651 1003 connumeratur;
2679 951 2871 991 verum
2902 938 3073 991 etiam
3102 938 3342 1011 principi
3370 953 3437 994 ex

1844 1026 2007 1091 Juda,
2043 1026 2269 1080 Christo
2300 1025 2529 1091 scilicet,
2561 1026 2718 1080 velut
2744 1031 3004 1081 matrona
3034 1027 3433 1098 pulcherrima,

1847 1132 1970 1185 quae
2006 1114 2190 1168 fuerat
2235 1114 2461 1168 sordida
2502 1112 2748 1184 ﬂagitiis,
2783 1116 3091 1186 ecpulatur.
3144 1112 3226 1171 De
3278 1119 3437 1187 cujus

1846 1204 2112 1259 nimirum
2145 1203 2418 1272 sanguine
2446 1200 2702 1258 Christus
2734 1204 2888 1257 nasci
2919 1218 3031 1258 non
3061 1200 3302 1270 erubuit,
3337 1207 3438 1259 sci-

1844 1293 1974 1345 licet
2002 1298 2067 1345 ut
2099 1293 2193 1363 qui
2221 1298 2538 1363 peccatores
2568 1298 2797 1346 venerat
2833 1307 3082 1363 quaerere
3102 1294 3160 1347 in
3190 1295 3437 1361 terra,de

1846 1380 2228 1452 peccatoribus
2253 1397 2479 1436 carnem
2518 1382 2803 1436 traheret:
2836 1391 3113 1452 quatenus
3143 1384 3264 1452 ejus
3292 1384 3437 1438 uniti

1844 1487 2073 1542 corpore
2092 1487 2193 1542 per
2214 1471 2342 1524 ﬁdei
2359 1476 2791 1535 sacramentum,
2812 1472 2933 1541 jam
2956 1469 3105 1524 ultra
3117 1475 3436 1540 peccatores

1842 1576 1955 1614 non
1984 1566 2188 1614 essent.
2223 1560 2383 1623 Quod
2420 1562 2837 1614 sacramentum
2868 1560 3168 1613 Matthmus
3192 1559 3337 1614 bene
3355 1560 3439 1614 in-

1842 1649 2119 1719 telligens,
2144 1665 2208 1702 eo
2240 1648 2387 1719 quod
2407 1650 2465 1702 et
2492 1648 2611 1719 ipse
2638 1650 2707 1702 de
2735 1647 3031 1719 publicano
3049 1649 3228 1703 factus
3254 1649 3440 1703 fuerat

1843 1738 2208 1809 evangelista,
2240 1752 2432 1791 omnes
2464 1736 2801 1808 peccatrices
2842 1738 3332 1792 commemorando
3360 1738 3439 1792 fa-

162 1828 498 1882 mirabiiiter
528 1825 831 1897 imperanti
876 1830 1202 1897 paruerunt.
1229 1825 1335 1889 Qui
1364 1826 1607 1897 denique
1634 1844 1754 1895 suo,
1777 1826 1822 1892 B
1844 1829 2128 1884 cinorosos
2156 1842 2377 1898 quoque
2406 1826 2478 1880 ad
2501 1827 2887 1897 paenitentiam
2916 1828 3136 1882 invitat.

163 1923 222 1970 ut
282 1917 488 1980 fertur,
553 1914 803 1985 auspicio
860 1914 1024 1983 longe
1080 1918 1210 1983 post
1258 1914 1519 1968 sacerdos
1570 1914 1761 1969 videns

164 2006 389 2077 Moysen
416 2004 764 2058 iniantulum
816 2003 886 2057 de
941 2002 1122 2072 capite
1144 2002 1452 2056 Pharaonis
1499 2018 1761 2058 coronam

168 2094 756 2164 evellere,suspicatus
786 2098 873 2146 est
900 2108 1026 2147 eum
1057 2108 1177 2145 esse
1205 2108 1306 2161 per
1327 2106 1492 2162 quem
1523 2106 1760 2163 regnum

167 2184 591 2256 Memphiticum
614 2183 913 2253 deperiret.
929 2183 1044 2236 Nec
1072 2180 1353 2234 immerito
1368 2180 1613 2250 quidem,
1630 2181 1763 2251 quia

170 2290 263 2345 per
284 2275 457 2343 hujus
476 2276 678 2343 postea
694 2271 1039 2341 exsequium,
1065 2276 1186 2324 tota
1209 2269 1491 2340 Egyptus
1531 2269 1760 2323 subver-

170 2364 319 2417 titur.
350 2362 462 2416 Sed
490 2362 856 2423 alius,tamen
881 2361 999 2429 jam
1020 2360 1201 2428 major
1220 2359 1317 2411 illo
1346 2360 1568 2413 iuturus
1598 2373 1759 2412 mon-

168 2451 466 2517 strabatur,
497 2466 603 2521 per
631 2466 797 2520 quem
826 2449 1008 2502 omnis
1036 2448 1298 2512 mundus,
1327 2449 1488 2517 cujus
1518 2449 1759 2517 ﬁguram

166 2540 434 2611 (Egyptus
460 2544 641 2603 tenet,
676 2542 735 2591 et
758 2554 928 2591 verus
980 2535 1200 2589 Pharao
1230 2534 1520 2601 Diabolus,
1546 2535 1759 2605 ,abyssi

166 2628 423 2684 ﬂuctibus
438 2633 815 2698 mergeretur.
848 2626 1020 2680 Porro
1047 2625 1291 2689 Salmon,
1327 2639 1495 2694 quem
1514 2640 1685 2695 supra
1702 2624 1761 2678 in

166 2719 278 2771 ﬁne
301 2734 497 2771 versus
528 2715 834 2775 texuimus.
851 2714 1247 2769 sicutdiximus
1258 2714 1317 2767 in
1333 2714 1484 2767 exitu
1516 2713 1760 2767 ﬁliorum

166 2808 337 2861 Isi-ael
356 2808 425 2860 de
450 2807 718 2877 Egypto,
766 2804 1024 2875 princeps
1079 2819 1145 2856 ex
1194 2803 1345 2857 tribu
1396 2803 1541 2857 Juda
1592 2802 1761 2856 fuisse

165 2896 454 2967 probatur.
488 2896 598 2959 Qui
627 2894 906 2964 accipiens
934 2891 1177 2957 Rechab,
1208 2906 1377 2962 quam
1405 2891 1537 2945 alibi
1565 2890 1624 2945 in
1652 2890 1763 2944 Vc-

166 2985 265 3039 teri
285 2986 658 3039 Testamento
684 2982 842 3036 Raab
864 2981 1214 3035 meretricem
1242 2981 1482 3050 legimus
1505 2998 1516 3033 :
1549 2980 1647 3034 sed
1677 2980 1764 3033 hic

168 3073 392 3128 Rechab
438 3075 608 3143 juxta
657 3073 979 3125 Graecorum
1036 3070 1392 3141 exemplaria,
1446 3074 1676 3140 propter
1726 3090 1765 3141 χ

1914 1919 2229 1972 PorroBooz
2251 1919 2444 1983 genuit
2475 1916 2614 1970 Obed
2641 1932 2705 1969 ea:
2732 1917 2893 1970 Ruth.
2924 1917 3005 1970 De
3026 1929 3137 1986 qua
3156 1915 3433 1987 siquidem

1843 2008 2020 2065 Isaias
2045 2005 2325 2060 exorando
2354 2004 2689 2060 vaticinatur
2727 2005 2918 2059 dicens
2944 2004 3197 2071 :Emmc,
3231 2005 3434 2075 inquit,

1842 2100 1881 2152 Α
1890 2112 2088 2167 gnum,
2114 2095 2773 2161 Domine,dominatorem
2792 2100 2968 2161 terra,
2983 2096 3046 2147 de
3063 2099 3221 2162 petra
3240 2096 3439 2147 deserti

1842 2188 1915 2239 ad
1966 2189 2204 2239 montem
2254 2186 2382 2250 ﬁliae
2423 2180 2559 2237 Sion
2602 2184 2728 2251 (lea.
2777 2196 2885 2245 xv1,
2943 2183 3018 2243 i).
3074 2183 3254 2246 Quam
3301 2178 3438 2236 dum

1842 2274 2182 2343 evangelista
2211 2272 2270 2326 in
2298 2272 2443 2325 hanc
2470 2271 2791 2341 prosapiam
2817 2271 3161 2337 intromittit,
3190 2272 3435 2343 profecto

1842 2362 2167 2418 vaticinium
2195 2360 2338 2414 tanti
2367 2361 2656 2431 prophetae
2702 2360 2996 2430 impletum
3044 2361 3116 2414 iri
3172 2365 3435 2427 testatur,

1842 2466 1969 2505 cum
2000 2464 2100 2522 per
2129 2465 2252 2503 eam
2285 2450 2442 2519 origo
2462 2445 2692 2505 seminis
2721 2446 2961 2503 Abrahae
3003 2454 3155 2503 recto
3209 2448 3438 2503 tramite

1841 2554 2020 2609 usque
2040 2540 2111 2593 ad
2142 2538 2429 2592 Christum
2453 2538 2766 2592 deducitur.
2792 2539 2909 2592 Nec
2933 2550 3046 2592 non
3074 2542 3133 2592 et
3158 2552 3260 2609 per
3283 2550 3437 2592 eam-

1842 2629 1971 2682 dem
2005 2628 2248 2681 Ecclesia
2273 2628 2343 2681 de
2365 2626 2644 2696 gentibus,
2669 2627 2726 2680 id
2756 2630 2842 2680 est
2884 2627 2954 2680 de
3010 2626 3193 2694 Moab,
3248 2626 3440 2681 futura

1843 2717 2254 2787 prmﬁguratur.
2282 2712 2443 2769 Moab
2469 2716 2618 2768 enim
2646 2717 2709 2768 de
2738 2720 2894 2783 patre
2922 2716 3344 2786 interpretatur.
3372 2717 3440 2770 Et

1846 2806 1980 2877 quid
2001 2811 2087 2859 est
2115 2806 2185 2859 de
2214 2810 2392 2876 patre,
2418 2804 2526 2856 nisi
2568 2804 2718 2872 quod
2765 2804 3038 2858 Dominus
3088 2805 3183 2869 ait,
3228 2804 3320 2858 Vos
3342 2818 3440 2858 au-

1849 2901 1951 2948 tem
1974 2897 2036 2948 de
2061 2900 2219 2963 patre
2249 2895 2463 2947 diabolo
2492 2895 2616 2946 estis
2648 2893 2842 2951 ?(Joan
2863 2905 2982 2958 vui,
3009 2892 3131 2962 44.)
3159 2892 3439 2946 Nimirum

1848 2984 1982 3056 quia
2010 2998 2234 3037 omnem
2284 2980 2607 3045 Ecclesiam,
2642 2980 2970 3051 priusquam
3000 2980 3070 3034 ad
3127 2981 3290 3045 Booz,
3343 2980 3465 3050 qui.

1847 3077 2013 3143 fortis
2032 3073 2455 3143 interpretatur,
2485 3071 2541 3124 id
2567 3075 2653 3124 est
2681 3069 2751 3122 ad
2789 3069 3072 3123 lThristum
3124 3069 3437 3137 transisset,

168 3163 417 3218 Graecam
473 3178 577 3232 per
617 3174 690 3215 cu
722 3158 1047 3214 inscribitur
1078 3178 1089 3213 :
1116 3158 1229 3212 illic
1282 3174 1412 3212 vero
1459 3158 1766 3213 secundum
1788 3146 1918 3218 σοι
1944 3166 2106 3234 patre
2132 3158 2352 3215 diabolo
2372 3159 2544 3213 fuisse
2588 3158 2875 3228 Scriptura
2904 3162 3165 3212 testatur.
3197 3158 3357 3212 Unde
3386 3162 3444 3211 et

170 3252 508 3306 Hebr-uicum
532 3249 690 3304 Raab
717 3250 839 3303 sine
863 3248 1202 3319 aspiratione
1227 3247 1554 3302 enuntiatur
1578 3266 1591 3314 ;
1616 3249 1766 3317 quod

171 3340 388 3395 Hebr-mi
408 3361 448 3412 χ
478 3340 739 3394 Graecum
767 3354 880 3392 non
906 3337 1132 3391 habent.
1166 3338 1274 3391 Per
1296 3352 1467 3407 quam
1497 3336 1765 3391 nimirum

170 3429 315 3483 Raab
344 3445 550 3483 rursus
566 3427 829 3482 Ecclesia:
868 3430 1281 3480 sacramentum
1337 3425 1408 3479 ad
1437 3425 1766 3479 memoriam

170 3520 473 3583 reducitur,
502 3524 569 3572 ut
591 3517 746 3570 idem
775 3530 997 3586 semper
1041 3514 1240 3584 ﬁguris
1273 3520 1330 3569 et
1376 3513 1766 3585 aenigmatibus

171 3610 471 3678 promissus
504 3606 845 3670 insinuetur,
880 3603 974 3674 qui
998 3606 1118 3674 jam
1156 3618 1257 3674 per
1283 3603 1650 3673 patriarchas,
1701 3624 1768 3662 ex

171 3718 401 3771 quorum
434 3716 611 3754 carne
633 3700 854 3753 futurus
885 3703 1025 3762 erat,
1055 3696 1160 3749 sibi
1190 3696 1493 3749 Ecclesiam
1516 3713 1625 3750 non
1683 3716 1767 3753 so-

171 3789 273 3843 lum
300 3791 375 3843 de
390 3788 625 3851 Judmis,
658 3802 855 3840 verum
880 3785 1050 3839 etiam
1072 3802 1137 3838 ex
1163 3783 1426 3854 gentibus
1455 3785 1770 3840 clementis-

169 3878 298 3932 sime
328 3875 659 3947 capulabat.
684 3876 809 3945 Ipse
837 3872 986 3927 enim
1014 3889 1178 3927 verus
1205 3878 1326 3926 erat
1346 3873 1677 3928 Patriarcha
1712 3874 1769 3928 in

171 3966 526 4035 patriarchis,
562 3965 658 4034 qui
690 3969 777 4017 est
798 3978 963 4015 verus
1012 3962 1293 4031 Propheta
1348 3961 1406 4014 in
1461 3964 1766 4033 prophetis.

171 4056 287 4125 Ipse
315 4055 571 4124 denique
592 4053 771 4107 Judex
792 4052 850 4105 in
867 4050 1165 4121 judicibus,
1198 4050 1344 4103 sicut
1362 4054 1421 4103 et
1439 4067 1584 4120 saepe
1598 4051 1653 4104 in
1676 4069 1772 4105 an-

174 4145 304 4213 gelis
328 4144 592 4214 Angelus
616 4140 1041 4212 estappellatus.
1062 4139 1221 4194 Unde
1248 4138 1459 4208 liquido
1477 4147 1697 4194 constat
1713 4142 1771 4195 in

174 4233 395 4287 Salmon
412 4235 543 4302 jam
566 4237 705 4285 tunc
726 4230 926 4283 ducem
953 4244 1094 4282 verte
1115 4226 1475 4281 confessionis
1504 4228 1696 4297 fuisse,
1718 4236 1774 4283 et

176 4322 319 4375 illam
340 4322 585 4385 tribum,
600 4321 669 4374 de
699 4335 812 4390 qua
830 4318 1015 4372 fuerat
1033 4316 1420 4387 reprcmissus,
1446 4334 1511 4369 ex
1532 4317 1772 4388 [Egypto

1850 3252 2147 3306 Psalmista
2165 3251 2225 3303 in
2243 3247 2616 3320 Epithalamio
2632 3262 2851 3318 sponsae
2867 3247 3218 3300 canitdicens
3240 3264 3251 3299 :
3270 3248 3437 3312 Audi,

1850 3343 1988 3409 ﬁlia,
2015 3346 2064 3393 et
2084 3340 2277 3404 vide,et
2298 3341 2515 3391 inclina
2532 3352 2729 3390 aurem
2750 3341 2929 3402 tuam,
2947 3341 2996 3389 et
3021 3338 3333 3389 obliviscere
3353 3348 3445 3403 po-

1844 3434 2048 3500 pulum
2070 3434 2229 3482 tuum
2250 3432 2297 3481 et
2318 3428 2543 3480 domum
2568 3428 2749 3495 patris
2772 3427 2859 3478 tui
2883 3426 3048 3493 (Prol.
3082 3436 3221 3491 XLIV,
3250 3419 3445 3486 ii).Ex

1851 3534 1961 3588 quo
1980 3517 2090 3570 ista
2108 3516 2378 3570 nimirum
2407 3510 2583 3568 oblita
2610 3514 2839 3568 domum
2868 3513 3047 3583 patris
3075 3509 3447 3577 sui,videlicet

1850 3604 2075 3671 diaboli,
2110 3610 2167 3660 et
2193 3604 2474 3658 transiens
2504 3603 2574 3656 ad
2603 3603 2795 3668 Israel,
2852 3601 3055 3656 mulier
3074 3601 3299 3655 virtutis
3356 3601 3445 3653 in-

1849 3696 2086 3766 signiter
2112 3693 2442 3764 appellatur.
2478 3694 2555 3745 Ex
2574 3706 2684 3762 quo
2713 3693 2856 3744 Boos
2886 3691 3093 3761 quippe
3121 3690 3332 3744 aﬂatur
3359 3688 3447 3742 di-

1851 3800 1981 3839 cens
2014 3803 2024 3836 :
2053 3786 2275 3837 Norunt
2305 3796 2487 3834 omnes
2513 3783 2612 3848 qui
2633 3783 2790 3833 intra
2806 3785 2996 3847 portas
3026 3780 3266 3832 civitatis
3313 3783 3447 3831 sunt

1852 3877 2144 3928 mulierem
2168 3873 2284 3938 fore
2298 3872 2524 3922 virtutis
2548 3869 2730 3934 (Ruth.
2756 3882 2832 3929 ιιι,
2858 3865 2961 3935 11).
2982 3867 3098 3919 Nec
3117 3865 3399 3918 immerito
3430 3883 3440 3916 :

1854 3962 1988 4034 quia
2017 3966 2381 4014 contemnens
2409 3956 2676 4028 populum
2699 3967 2885 4019 suum,
2913 3954 3046 4007 dum
3061 3953 3130 4006 ad
3153 3950 3254 4006 Dei
3274 3966 3447 4023 popu-

1853 4053 1971 4110 lum
1988 4052 2116 4121 jure
2140 4046 2425 4102 viduitatis
2450 4046 2707 4110 intraret,
2757 4043 2943 4097 socrui
2965 4058 3077 4096 suae
3116 4042 3342 4105 iatetur,
3376 4039 3447 4093 di-

1854 4141 2267 4206 censzpopulus
2298 4141 2445 4201 tuus,
2470 4138 2705 4203 populus
2732 4149 2884 4185 meus
2912 4134 3036 4197 erit,
3061 4136 3109 4183 et
3137 4132 3275 4183 Deus
3298 4135 3443 4193 tuus,

1854 4232 1993 4283 Deus
2022 4242 2173 4281 meus
2193 4219 2348 4294 ἤλυε)
2365 4231 2414 4277 te
2444 4226 2594 4277 terra
2610 4225 2937 4276 morientem
2963 4221 3276 4288 susceperit,
3299 4221 3363 4271 in
3387 4230 3447 4271 ea

1854 4321 2090 4383 moriar,
2106 4316 2289 4384 ibique
2303 4318 2481 4368 locum
2491 4314 2761 4380 accipiam
2776 4307 3268 4378 sepultummuth.
3290 4305 3421 4373 1,16)
3434 4347 3445 4358 .

175 4411 445 4475 eduxisse,
482 4409 618 4479 quia
648 4408 933 4463 Christum
977 4422 1085 4460 non
1115 4405 1225 4459 nisi
1254 4405 1369 4458 veri
1428 4405 1770 4461 confessores
1790 4408 2053 4479 “Nonne
2083 4402 2536 4458 manifestissime
2581 4401 2699 4453 haec
2726 4397 2895 4452 verba
2920 4402 3053 4450 sunt
3101 4395 3307 4449 Christi
3354 4395 3451 4447 Ec—

1790 4456 2055 4562 Dciesﬂiie,
2084 4456 2211 4564 quae
2232 4456 2301 4546 de
2326 4489 2589 4561 gentibus
2625 4488 2697 4541 ad
2723 4487 2893 4541 unius
2924 4485 3025 4539 Dei
3056 4485 3269 4538 cultum
3325 4497 3451 4536 oon-

173 4590 452 4657 geutibus,
490 4586 770 4641 subversis
796 4585 970 4639 muris
999 4583 1236 4648 Jericho,
1272 4582 1376 4636 sibi
1402 4583 1461 4636 in
1508 4585 1768 4655 conjugio

173 4684 444 4753 copulavit
479 4685 611 4748 (los.
646 4695 718 4745 v1,
759 4679 871 4748 25).
905 4678 1031 4733 Non
1061 4678 1211 4732 enim
1240 4694 1307 4733 ex
1330 4678 1483 4732 omni
1510 4679 1607 4733 illa
1634 4679 1767 4732 civi-

173 4776 275 4825 tate
295 4771 603 4843 quidpiam
624 4768 1009 4833 salvatur,nisi
1038 4774 1261 4823 tantum
1282 4768 1481 4821 domus
1512 4767 1686 4833 Raab,
1713 4775 1771 4822 et

175 4863 351 4914 omnia
380 4875 513 4931 quae
542 4857 605 4912 in
632 4874 701 4911 ea
720 4858 892 4911 fuisse
920 4857 1245 4928 probantur.
1299 4858 1444 4921 Quia
1502 4858 1771 4912 nimirum

177 4956 323 5003 extra
348 4954 615 5003 sanctam
646 4947 747 5001 Dei
789 4945 1087 5000 Ecclesiam
1117 4943 1390 5017 quidquid
1422 4952 1511 5001 est
1546 4948 1775 5001 anathe-

179 5044 315 5092 mate
345 5037 710 5110 percutitur;
741 5040 799 5089 et
824 5035 870 5088 si
908 5036 1104 5089 exinde
1129 5052 1318 5089 amore
1340 5036 1631 5106 quidpiam
1660 5037 1774 5089 Deo

178 5128 490 5196 praefertur,
516 5131 804 5180 tormento
835 5123 1029 5178 mortis
1060 5123 1242 5179 acrius
1269 5124 1596 5195 exquiritur.
1634 5125 1778 5188 Quo-

178 5217 319 5271 niam
380 5217 711 5288 quicunque
743 5213 979 5268 voluerit
1006 5230 1124 5267 esse
1143 5214 1353 5268 amicus
1378 5214 1546 5283 hujus
1569 5214 1776 5277 saeculi,

183 5306 434 5360 inimicus
468 5304 570 5359 Dei
606 5304 857 5375 proiecto
895 5299 1266 5358 constituitur.
1299 5302 1522 5357 Jericho
1574 5303 1779 5374 quippe

186 5410 425 5463 praesens
448 5395 711 5463 designat
729 5393 1014 5457 saeculum,
1038 5398 1249 5463 septem
1287 5392 1549 5446 vitiorum
1604 5389 1779 5445 muris

186 5484 682 5547 circumvallatum,
716 5482 869 5553 quod
895 5499 993 5552 per
1020 5491 1233 5553 septem
1262 5482 1481 5535 dierum
1509 5478 1780 5536 circulum

188 5573 325 5626 tubis
344 5574 738 5627 doctrinarum
758 5571 864 5625 Dei
893 5571 1275 5641 clangentibus
1300 5571 1513 5642 jugiter
1548 5572 1781 5625 circum-

190 5662 481 5727 lustratur;
514 5664 695 5717 donec
722 5661 783 5715 in
805 5660 1106 5715 novissima
1127 5660 1260 5715 tuba
1297 5676 1491 5715 omnes
1518 5660 1780 5715 vitiorum

1850 4590 2120 4657 gregatur
2137 4584 2358 4636 ?nonne
2380 4581 2437 4633 in
2465 4580 2568 4632 hac
2594 4578 2775 4648 ﬁgura
2791 4575 2960 4629 unius
2986 4569 3206 4627 Veteris
3228 4584 3293 4625 ac
3308 4572 3449 4625 Novi

1850 4672 2200 4729 Testamenti
2230 4672 2379 4725 Deus
2409 4665 2742 4738 exprimitur
2766 4666 2786 4716 ἶ)
2818 4663 2963 4718 Dicit
2993 4662 3144 4716 enim
3202 4660 3449 4714 Ecclesia

1854 4772 1913 4833 4
1930 4772 1968 4831 ι
1996 4760 2223 4826 Christi,
2259 4759 2365 4813 etsi
2393 4772 2505 4812 non
2525 4772 2674 4821 voce,
2699 4753 2882 4825 operis
2937 4764 3000 4805 ac
3052 4750 3181 4804 fidei
3224 4750 3444 4816 effectu,

1854 4856 1942 4910 his
1974 4853 2068 4924 qui
2103 4850 2347 4922 primum
2376 4848 2444 4901 de
2466 4847 2764 4917 Synagoga
2799 4842 2855 4895 in
2888 4839 3175 4895 Christum
3204 4838 3451 4893 credide—

1855 4949 2005 5007 runt,
2024 4943 2171 4995 Deus
2198 4944 2351 5003 tuus,
2370 4937 2521 4990 Deus
2551 4944 2728 4997 meus,
2752 4936 2807 4985 et
2832 4931 3071 5002 populus
3100 4934 3251 4993 tuus,
3278 4938 3454 4998 pepu-

1857 5035 1946 5087 lus
1977 5046 2134 5084 meus
2166 5027 2291 5091 erit,
2326 5025 2458 5095 quia
2486 5036 2593 5094 pax
2618 5026 2812 5075 nostra
2831 5019 3085 5073 Christus
3114 5022 3218 5082 est,
3252 5015 3348 5087 qui
3368 5015 3449 5068 fe-

1860 5121 1938 5174 cit
1957 5126 2196 5188 utraque
2225 5131 2419 5169 unum.
2445 5114 2633 5167 Nurus
2662 5115 2849 5164 autem
2872 5109 3181 5178 Synagogaa
3207 5118 3317 5159 non
3348 5104 3452 5157 im-

1862 5209 2063 5264 merito
2094 5203 2339 5261 Ecclesia
2368 5202 2657 5273 accipitur,
2691 5214 2814 5269 quae
2850 5198 3045 5267 utique
3093 5210 3299 5266 sponsa
3332 5208 3451 5247 me.

1864 5296 2333 5368 ruitappeliari.N
2345 5310 2436 5348 am
2463 5298 2519 5346 et
2545 5303 2607 5343 ex
2624 5294 2888 5360 eapatres
2915 5286 3147 5339 fuerunt
3159 5299 3223 5338 ex
3254 5280 3455 5354 quibus

1863 5389 2117 5443 Christus
2139 5384 2290 5439 nasci
2310 5383 2573 5452 dignatus
2588 5384 2691 5432 est.
2718 5378 2849 5432 Ideo
2870 5374 3121 5445 ejusdem
3144 5374 3454 5444 Synagogae

1862 5478 2011 5532 ﬁlius
2042 5482 2190 5529 recte
2213 5478 2605 5543 nuncupatur:
2639 5484 2776 5536 ergo
2797 5465 3059 5520 Booziste
3098 5462 3280 5517 hocin
3332 5462 3453 5515 loco

1864 5570 2101 5637 ﬁguram
2121 5563 2329 5618 Christi
2349 5561 2547 5615 tenuit.
2576 5558 2732 5612 Unde
2761 5563 2814 5610 et
2835 5555 2994 5609 fortis
3017 5554 3451 5623 interpretatur;

1864 5659 1996 5729 quia
2023 5656 2174 5709 solus
2196 5650 2511 5724 potensfuit
2560 5647 2831 5702 suscitare
2871 5658 3063 5698 semen
3104 5641 3296 5695 fratris
3342 5637 3450 5700 sui,
