3966 6206
493 335 562 394 63

1253 338 1310 394 S.
1351 337 1730 395 PASCHASII
1766 334 2127 392 RADBE'RTI
2164 332 2468 390 ABBATIS
2505 329 2997 388 CORBEIENSIS.

3687 318 3751 373 64

494 463 707 520 scilicet
734 462 936 535 Moysi,
968 464 1064 534 qui
1091 463 1247 518 velut
1265 463 1385 518 sine
1405 462 1596 517 liberis
1623 462 1754 516 hinc
1781 461 2036 515 discessit
2064 478 2077 527 ;
2100 460 2265 521 Anes
2284 458 2343 511 in
2362 473 2509 528 aqua
2561 455 2706 509 vidit
2748 469 2917 524 super
2962 467 3092 506 eum
3141 448 3201 503 in
3252 448 3436 519 specie
3484 441 3757 535 columbae

497 569 564 607 eo
586 553 735 624 quod
761 554 1044 608 neminem
1082 553 1173 607 lex
1199 553 1269 606 ad
1297 552 1603 622 perfectum
1634 550 1909 621 perduxit.
1943 549 2085 603 Hinc

499 646 586 696 est
612 642 760 712 quod
784 643 1025 697 Joannes
1057 657 1277 713 quoque
1307 656 1419 694 non
1447 657 1507 693 se
1535 640 1766 709 dignum
1794 639 2003 693 fatetur
2024 642 2089 692 ut

499 730 622 800 ejus
646 730 943 802 corrigiam
975 730 1337 783 calceamenti
1374 729 1726 799 solvat,quod
1746 729 1864 799 ipse
1895 733 1981 781 est
1998 726 2087 781 cui

493 818 624 888 jure
671 835 876 895 sponsa
893 817 1146 872 debetur.
1175 818 1252 871 Ex
1279 834 1388 888 quo
1418 817 1662 888 profecto
1692 818 1848 871 velut
1876 816 2087 869 amicus

500 906 691 977 sponsi
722 911 899 969 stans,
916 909 1146 976 propter
1166 921 1352 959 vocem
1373 906 1494 975 ejus
1520 906 1747 976 gaudet,
1789 910 1856 959 ut
1879 904 1950 958 ad
1981 920 2087 958 nu-

500 995 649 1065 ptias
668 995 866 1048 saltem
897 1010 1020 1049 sero
1032 994 1236 1060 veniat,
1256 1011 1419 1065 quem
1459 994 1556 1048 diu
1579 994 1761 1048 omnis
1787 993 2089 1065 propheta-

502 1098 625 1136 rum
659 1081 793 1135 ordo
812 1098 939 1136 cum
959 1099 1179 1137 summo
1196 1082 1473 1136 desiderio
1500 1088 1797 1136 venturum
1814 1076 2093 1151 exspecta-

500 1169 616 1225 bat.
652 1170 761 1225 Sed
786 1187 912 1225 cum
938 1170 1028 1224 hic
1058 1170 1116 1225 in
1146 1170 1477 1224 Bethlebem
1509 1174 1676 1223 natus
1726 1170 1896 1234 venit,
1944 1169 2093 1222 velut

503 1257 700 1330 Moyse
728 1260 1140 1331 quodammodo
1164 1259 1514 1326 discalceato,
1546 1258 1714 1312 simul
1745 1274 1943 1328 agrum
1963 1273 2093 1312 cum

502 1348 701 1404 eadem
721 1365 925 1420 sponsa
944 1350 1072 1419 jure
1097 1348 1530 1419 propinquitatis
1585 1348 1740 1402 emit.
1772 1349 1836 1402 ln
1868 1363 1976 1417 quo
2024 1346 2097 1400 si-

504 1437 733 1507 quidem
757 1454 897 1507 agro
915 1438 1214 1492 thesaurus
1233 1436 1592 1492 absconditus
1613 1442 1715 1503 est,
1741 1436 1838 1507 qui
1861 1434 2095 1489 venditis

505 1525 766 1580 omnibus
779 1526 1028 1597 quotidie
1040 1543 1075 1580 a
1084 1525 1442 1580 credentibus
1455 1530 1831 1595 comparatur.
1856 1525 1958 1578 Hic
1985 1528 2089 1589 est,

504 1613 758 1685 inquam,
782 1632 916 1685 ager
944 1632 1109 1687 quem
1136 1614 1423 1669 benedixit
1443 1615 1735 1679 Dominus,
1763 1614 1822 1667 in
1853 1630 1961 1683 quo
1980 1628 2095 1666 om-

506 1703 594 1760 nis
619 1704 975 1774 pulchritudo
1004 1704 1361 1759 credentibus
1388 1709 1724 1757 reservatur.
1759 1703 1937 1767 Quem
2000 1701 2096 1771 qui

2168 548 2438 620 Spiritum
2449 550 2704 599 sanctum
2716 542 3142 597 descendentem
3162 542 3215 592 et
3230 540 3554 591 manentem
3566 532 3735 601 (Joan
3746 568 3759 584 .

2169 654 2208 705 ι,
2234 636 2342 705 72).
2371 636 2533 701 Quia,
2566 633 2709 687 sicut
2736 631 3037 702 Apostolus
3066 628 3219 693 dicit,
3240 629 3305 679 in
3334 628 3448 693 ipso
3475 623 3759 677 inhabitat

2169 729 2349 782 omnis
2376 725 2659 794 plenitudo
2687 719 3148 787 Divinitatis(00l.
3166 731 3226 781 Il,
3258 714 3468 785 9).Ipse
3498 715 3586 765 est
3611 709 3763 764 enim

2170 819 2266 890 qui
2292 833 2404 871 non
2423 812 2729 869 secundum
2739 809 3008 864 visionem
3020 806 3328 878 oculorum,
3351 817 3536 873 neque
3566 813 3763 855 secun-

2169 909 2305 962 dum
2326 904 2583 960 auditum
2597 900 2821 956 aurium
2842 896 3142 968 judicabit:
3177 893 3310 966 quia
3336 893 3505 946 homo
3536 892 3762 943 tantum

2169 998 2321 1051 videt
2348 995 2406 1048 in
2437 993 2598 1058 facie,
2612 991 2763 1045 Deus
2782 992 2973 1042 autem
2995 985 3186 1040 omnia
3204 982 3388 1038 cordis
3402 994 3610 1034 arcana
3628 993 3764 1031 con-

2172 1086 2352 1157 spicit.
2377 1085 2446 1137 Et
2468 1083 2594 1136 ideo
2641 1083 2790 1132 recte
2822 1078 2973 1130 Deus
3008 1072 3360 1143 intelligitur,
3395 1068 3492 1140 qui
3517 1084 3585 1121 ex
3606 1067 3766 1157 Iesse

2173 1155 2360 1229 radice
2378 1172 2600 1226 futurus
2619 1165 2971 1221 adscribitur.
3006 1164 3180 1217 Porro
3221 1159 3380 1215 radix
3405 1159 3434 1213 ,Ι
3439 1173 3560 1211 esse
3605 1155 3766 1225 virgo

2176 1269 2261 1319 est
2278 1262 2473 1325 Maria,
2491 1259 2561 1313 de
2584 1256 2759 1313 David
2795 1255 2970 1325 stirpe
2996 1255 3285 1323 generata,
3316 1248 3386 1302 de
3413 1247 3575 1316 cujus
3593 1243 3771 1299 nimi-

2175 1369 2301 1407 rum
2318 1350 2504 1404 radice
2533 1348 2636 1401 ﬂos
2658 1344 2913 1400 Christus
2939 1341 3208 1396 ascendit.
3240 1339 3368 1393 Flos
3396 1336 3592 1406 utique
3647 1333 3765 1399 ille,

2177 1441 2272 1513 qui
2298 1441 2367 1495 de
2420 1455 2481 1493 se
2524 1438 2582 1491 in
2639 1433 2884 1489 Canticis
2920 1447 3139 1502 sponsa:
3187 1428 3480 1499 loquitur:
3510 1425 3620 1513 Ego
3672 1425 3773 1491 ﬂos

2176 1512 2374 1598 campi,
2402 1533 2451 1582 et
2481 1515 3547 1587 liliumconraltium(0ant.n,1).Quem
3572 1512 3775 1565 florem

2177 1621 2334 1675 Isaac
2357 1618 2416 1671 in
2447 1616 2561 1670 filio
2583 1630 2683 1667 suo
2704 1613 2866 1681 longe
2896 1609 2993 1663 diu
3016 1609 3274 1671 odorans,
3296 1604 3501 1667 aiebat,
3535 1601 3731 1654 dicens
3760 1617 3773 1647 :

2178 1710 2306 1762 Ecce
2335 1708 2468 1760 odor
2498 1706 2605 1770 ﬁlii
2634 1704 2743 1755 mei
2763 1701 3049 1754 sicutodor
3077 1698 3207 1766 agri
3215 1697 3371 1765 pleni
3394 1696 3487 1746 cui
3499 1690 3779 1745 benedixit

507 1770 721 1847 invenit
743 1794 931 1858 homo,
955 1795 1108 1864 juste
1127 1793 1397 1863 relinquit
1422 1792 1628 1859 omnia,
1669 1798 1733 1846 ut
1760 1808 1888 1846 eum
1917 1770 2158 1844 valeatB
2178 1798 2448 1853 Dominus
2482 1793 2629 1862 (Gen.
2653 1803 2817 1853 xxvn,
2847 1785 2959 1855 27).
2984 1785 3138 1856 Agri,
3184 1783 3388 1854 inquit,
3419 1779 3608 1852 pleni;
3641 1776 3785 1848 quia

505 1882 813 1953 possidere.
842 1882 951 1937 Sed
983 1883 1117 1953 quia
1135 1882 1362 1951 longum
1383 1886 1471 1935 est
1490 1881 1679 1935 omnia
1705 1881 1873 1950 hujus
1886 1886 2096 1950 myste-

505 1970 580 2024 rii
610 1976 961 2025 sacramenta
977 1970 1160 2042 typice
1181 1970 1473 2041 explicare,
1505 1970 1641 2025 satis
1666 1970 1741 2024 sit
1786 1969 2097 2023 declarasse

507 2059 921 2129 Evangelistam
950 2064 1179 2131 propter
1213 2059 1540 2114 vaticinium
1569 2058 1721 2113 Ruth
1749 2057 1821 2112 ad
1850 2056 2096 2111 medium

509 2148 824 2203 deduxisse.
861 2148 930 2202 Et
956 2164 1068 2202 non
1106 2150 1287 2203 solum
1346 2147 1414 2201 ob
1471 2148 1576 2202 hoc
1629 2152 1871 2213 tantum,
1906 2162 2102 2200 verum

510 2236 680 2290 etiam
708 2241 937 2306 pr0pter
960 2236 1168 2305 ﬁguras
1194 2235 1478 2306 mysticas,
1511 2252 1612 2305 per
1640 2251 1783 2306 quas.
1808 2242 1941 2288 tunc
1960 2235 2099 2304 jam,

511 2329 578 2379 ut
603 2324 868 2388 diximus,
901 2324 1144 2378 Ecclesia
1164 2325 1221 2377 in
1254 2324 1463 2378 Christi
1489 2341 1721 2395 corpore
1742 2323 2101 2377 fundebatur.

510 2413 597 2468 Ad
624 2413 768 2467 hanc
805 2413 977 2483 igitur
1002 2413 1413 2483 genealogiam,
1446 2413 1847 2483 prophetarum
1884 2412 2108 2482 eloquia

512 2501 832 2556 concinunt.
864 2501 949 2555 Ad
975 2502 1119 2555 hanc
1161 2502 1468 2571 aenigmata
1516 2501 1861 2554 diversarum
1914 2515 2104 2554 rerum

510 2590 643 2644 hinc
673 2590 803 2644 inde
829 2590 1137 2644 conﬂuunt.
1172 2590 1257 2643 Ad
1287 2590 1432 2643 hanc
1468 2590 1777 2659 ﬁgurarum
1806 2588 2108 2642 obscurita-

511 2683 599 2733 tes
612 2679 1043 2749 quamplurimaa
1056 2678 1395 2732 referuntur.
1422 2679 1493 2732 Et
1509 2678 1700 2732 omnia
1714 2670 1864 2732 recto
1878 2677 2108 2731 tramite

514 2767 877 2825 manifestam
903 2784 1030 2821 eum
1063 2783 1184 2821 esse
1213 2784 1315 2838 per
1332 2784 1501 2837 quem
1548 2768 1699 2821 salus
1735 2766 1995 2837 gentibus
2025 2782 2108 2819 re-

2179 1884 2423 1955 Spiritus
2451 1884 2681 1935 sanctus
2699 1874 3180 1931 abundantissime
3210 1888 3339 1926 eum
3360 1870 3690 1941 repleverat,
3722 1869 3785 1919 et

2179 1971 2470 2045 plenitudo
2500 1966 2822 2024 Divinitatis
2851 1964 3215 2036 corporaliter
3250 1962 3310 2014 in
3375 1975 3440 2013 eo
3493 1955 3784 2011 habitasse

2182 2061 2472 2134 probatur.
2505 2060 2721 2113 Rursus
2750 2055 2895 2126 quod
2913 2054 2982 2107 de
3010 2054 3164 2107 Jesse
3197 2049 3409 2105 semine
3431 2047 3506 2101 sit
3530 2046 3781 2110 futurus,

2183 2152 2333 2206 idem
2362 2148 2538 2204 Isaias
2576 2145 2781 2216 repetit
2806 2145 2997 2197 dicens
3028 2161 3041 2195 :
3075 2144 3141 2197 In
3171 2141 3258 2194 die
3287 2141 3393 2193 illa
3420 2136 3587 2191 radix
3614 2136 3782 2199 Jesse,

2186 2242 2284 2309 qui
2298 2243 2406 2292 stat
2435 2241 2498 2291 in
2515 2239 2746 2304 signum
2754 2236 3112 2303 populorum,
3137 2233 3319 2297 ipsum
3335 2230 3515 2295 gentes
3529 2226 3786 2293 depreca-

2189 2330 2418 2391 buntur,
2444 2330 2495 2379 et
2521 2327 2627 2379 erit
2653 2325 2966 2391 sepulcrum
3011 2323 3127 2388 ejus
3178 2319 3481 2385 gloriosum
3536 2315 3663 2379 (Isa.
3701 2326 3783 2376 XI,

2187 2416 2299 2485 10).
2327 2416 2505 2480 Quem
2534 2417 2748 2484 gentes,
2775 2409 2975 2480 inquit,
3007 2405 3456 2478 deprecabuntur
3486 2421 3499 2468 ;
3532 2418 3596 2455 ac
3633 2400 3680 2454 si
3701 2400 3791 2454 di-

2187 2509 2339 2559 ceret
2361 2518 2373 2553 :
2393 2502 2524 2575 quia
2542 2503 2727 2573 ipsum
2763 2504 2847 2553 est
2865 2514 3075 2561 semen,
3099 2496 3155 2549 in
3177 2511 3287 2565 quo
3307 2492 3591 2547 Abraham
3621 2494 3792 2560 pater

2190 2594 2499 2646 multarum
2517 2594 2641 2655 43
2654 2587 2904 2659 gentium
2922 2587 3145 2641 futurus
3158 2576 3590 2654 repromittitdr;
3611 2577 3789 2632 etiam

2191 2683 2286 2753 qui
2317 2698 2418 2751 per
2445 2677 2614 2734 Jacob
2632 2678 2700 2731 de
2727 2678 2754 2731 J
2760 2677 2871 2731 uda
2890 2672 3225 2745 exspectatio
3248 2670 3504 2741 gentium
3521 2666 3798 2739 praedica-

2188 2777 2302 2826 tur.
2328 2770 2560 2833 Idcirco,
2596 2765 3077 2830 duricordes,cum
3103 2760 3350 2815 videritis
3393 2759 3452 2812 in
3480 2774 3544 2811 eo
3597 2755 3797 2809 omnia

512 2856 882 2928 promittitur.
910 2855 1038 2927 Ipse
1068 2860 1170 2919 est,
1206 2856 1456 2926 inquam,
1500 2856 1701 2926 Agnus
1727 2856 1824 2909 diu
1853 2856 1922 2909 de
1952 2860 2111 2926 petra
2191 2858 2481 2929 compleri,
2509 2856 2709 2910 saltem
2728 2870 2853 2908 sero
2880 2852 3144 2923 suscipite
3174 2866 3340 2922 quem
3391 2851 3605 2918 gentes,
3641 2845 3798 2899 sicut

513 2945 885 3008 desideratus,
907 2944 1021 3014 qui,
1044 2943 1331 2997 multoties
1368 2944 1501 2997 olim
1529 2944 1587 2997 in
1605 2945 1728 3014 lege
1762 2944 2106 3009 immolatus,
2191 2947 2593 3019 repromissum
2617 2949 2721 3005 est,
2743 2940 3207 3013 deprecabuntur,
3239 2938 3334 3009 qui
3353 2935 3520 3007 primi
3546 2934 3616 2988 ad
3647 2934 3792 2987 ειάο..

462 3050 465 3053 ·
516 3033 681 3087 istius
701 3032 1128 3103 repromittebat
1145 3033 1467 3099 adventum,
1484 3050 1586 3103 per
1599 3049 1765 3103 quem
1786 3033 1975 3086 omnia
1989 3049 2113 3103 pec-
2192 3037 2435 3091 randum
2460 3033 2749 3097 debuistis,
2771 3032 2939 3086 etiam
2972 3028 3256 3084 miraculis
3287 3042 3399 3080 non
3428 3023 3667 3087 invitati,
3697 3038 3796 3076 ve-

515 3126 642 3176 cata
667 3121 891 3191 penitus
929 3122 1295 3175 solverentur.
1329 3122 1443 3175 Ista
1470 3126 1557 3175 est
1577 3121 1784 3175 etenim
1826 3126 1987 3190 petra
2013 3121 2114 3175 de-
2194 3126 2333 3179 nire.
2367 3125 2570 3178 Patent
2597 3122 2747 3175 enim
2778 3120 2917 3190 legis
2948 3124 3005 3172 et
3032 3118 3432 3189 prophetarum
3488 3112 3797 3182 aenigmata

514 3210 671 3275 serti,
703 3210 1010 3263 secundum
1037 3209 1467 3279 intelligentiam
1496 3210 1662 3280 paulo
1691 3211 1948 3279 superius
1991 3200 2177 3279 pro-C
2199 3230 2369 3285 super
2408 3229 2557 3277 eum,
2608 3216 2664 3264 et
2709 3208 2899 3263 omnia
2924 3210 3041 3278 jam
3096 3206 3155 3259 in
3198 3205 3293 3259 illo
3327 3206 3460 3259 sunt
3486 3200 3795 3271 completa,

512 3299 842 3369 mulgatam,
876 3299 944 3352 de
975 3316 1085 3370 qua
1123 3303 1321 3369 potens
1346 3303 1432 3352 est
1459 3299 1610 3353 Deus
1653 3298 1924 3352 suscitare
1970 3298 2114 3352 ﬁlios
2198 3319 2363 3375 quem
2393 3306 2592 3372 gentes
2616 3300 2780 3369 longe
2815 3297 2911 3351 diu
2941 3296 3339 3359 desideratum,
3372 3297 3437 3347 ut
3455 3290 3793 3363 pmdictum

512 3386 752 3441 Abrahae
777 3405 789 3453 ;
821 3403 892 3440 ne
911 3387 1027 3441 sint
1051 3389 1172 3457 jam
1200 3388 1436 3442 ulterius
1465 3393 1623 3459 petra
1654 3388 1859 3442 deserti
1889 3392 2118 3458 propter
2197 3392 2400 3458 fuerat,
2428 3407 2554 3444 cum
2581 3388 2788 3459 gaudio
2817 3390 3199 3456 susceperunt,
3233 3388 3554 3453 susceptum
3580 3377 3797 3449 ubique

512 3474 912 3541 idololatriam,
935 3476 1032 3534 sed
1053 3475 1269 3547 lapides
1299 3476 1680 3546 pretiosi,42
1695 3477 1790 3547 qui
1816 3476 1921 3530 vivi
1948 3476 2118 3546 siqui-
2198 3484 2538 3535 venerantur
2565 3484 2622 3532 et
2639 3477 2846 3531 colunt.
2874 3475 2986 3528 Vos
3016 3480 3206 3528 autem
3230 3472 3491 3542 indignos
3518 3485 3614 3523 vos
3632 3467 3799 3539 judi-

512 3563 642 3618 dem
677 3564 977 3618 volvuntur
1003 3570 1351 3619 actenentur
1377 3582 1547 3636 super
1572 3572 1800 3620 terram.
1835 3566 1990 3629 Vide,
2027 3565 2113 3618 di-
2195 3570 2362 3625 castis
2391 3574 2612 3623 aeternae
2654 3566 2795 3620 vitae.
2834 3564 3101 3635 Sequitur
3134 3582 3145 3616 :

512 3652 695 3723 ligens
734 3653 923 3719 lector,
950 3670 1119 3725 quam
1151 3655 1469 3724 frequenter
1498 3655 1739 3726 Spiritus
1766 3659 1992 3708 sanctus
2021 3671 2111 3708 su-
2257 3662 2415 3723 Jesse,
2450 3656 2650 3728 inquit,
2676 3656 2868 3721 genuit
2896 3655 3072 3707 David
3096 3668 3295 3720 regem.
3337 3651 3544 3719 Regem
3595 3652 3793 3702 autem

516 3758 619 3813 per
641 3742 788 3796 hanc
812 3742 1018 3797 Christi
1040 3743 1377 3814 prosapiam,
1407 3743 1588 3797 varias
1612 3761 1676 3798 ac
1691 3742 1996 3815 profundas
2027 3760 2109 3798 re-
2189 3748 2341 3812 dicit,
2388 3763 2500 3800 non
2558 3744 2705 3815 quod
2762 3743 2881 3814 ipse
2936 3742 3089 3797 solus
3126 3758 3221 3795 rex
3277 3740 3336 3793 in
3379 3739 3486 3792 hac
3531 3737 3800 3808 genealo-

518 3831 686 3885 volvit
719 3832 1155 3902 promissionum
1210 3834 1439 3903 ﬁguras.
1488 3833 1629 3887 Vide
1671 3848 1841 3903 quam
1885 3832 2111 3885 assidua
2190 3836 2285 3906 gia
2311 3835 2482 3888 fuisse
2506 3832 2793 3904 probetur,
2847 3848 2974 3885 cum
3003 3830 3072 3885 ab
3101 3831 3222 3901 ipso
3253 3842 3431 3900 usque
3490 3827 3560 3881 ad
3605 3832 3799 3880 trans-

517 3919 798 3992 deprdmit
825 3921 1004 3992 pietas
1046 3922 1289 3976 oracula.
1322 3920 1519 3975 Nescit
1548 3922 1697 3975 enim
1723 3921 1906 3986 silere,
1937 3920 2113 3973 nescit
2193 3923 2591 3994 migrationem
2646 3920 2966 3991 Babylonis,
3001 3936 3195 3975 omnes
3246 3919 3341 3989 qui
3379 3917 3458 3971 ibi
3500 3920 3799 3988 ponuntur

518 4010 798 4062 ’occultare
824 4010 1369 4073 thesaurum,donec
1397 4009 1632 4063 veniatis
1673 4009 1731 4062 in
1762 4025 1871 4078 quo
1900 4013 2111 4062 cunctae
2194 4017 2409 4066 constet
2451 4027 2611 4081 reges
2648 4010 2860 4076 fuisse;
2894 4009 2993 4063 sed
3041 4008 3174 4079 quia
3230 4007 3405 4062 David
3451 4006 3663 4077 primus
3720 4004 3799 4058 de

520 4096 708 4150 Patris
726 4097 1125 4166 promissiones
1145 4097 1506 4167 impleantur,
1541 4103 1599 4149 et
1614 4096 1848 4150 obscura
1881 4113 2114 4167 quaeque
2194 4101 2345 4155 tribu
2366 4101 2395 4154 J
2400 4101 2510 4167 uda
2538 4116 2633 4153 rex
2657 4099 2781 4157 fuit,
2809 4116 2909 4170 per
2927 4114 3094 4169 quam
3131 4096 3341 4150 tribum
3369 4095 3506 4148 ordo
3535 4093 3801 4163 genealo-

516 4184 640 4238 luce
669 4185 874 4238 clarius
902 4184 1349 4240 manifestcntur.
1382 4185 1542 4238 Unde
1563 4190 1621 4237 et
1656 4185 1912 4254 sequitur
1943 4207 1953 4239 :
2195 4190 2300 4259 giw
2328 4204 2505 4260 usque
2535 4188 2605 4242 ad
2623 4187 2908 4242 Christum
2939 4185 3233 4239 manifeste
3260 4183 3525 4238 decurrit.
3560 4182 3629 4236 Et
3668 4182 3799 4252 qui-

596 4273 734 4326 0bed
760 4276 951 4339 genuit
979 4276 1137 4339 Jesse,
1169 4280 1217 4328 et
1245 4276 1384 4328 Jesse
1399 4276 1593 4340 genuit
1636 4275 1832 4327 David.
1858 4274 1972 4327 Cur
2021 4291 2118 4328 au-
2198 4278 2326 4331 dem
2349 4294 2461 4331 non
2493 4276 2654 4347 quasi
2682 4277 2772 4330 hic
2800 4276 2950 4330 solus
2978 4291 3074 4328 rex
3101 4273 3287 4338 fuerit,
3322 4272 3418 4327 sed
3472 4271 3632 4342 quasi
3679 4271 3799 4340 pri-

519 4365 637 4416 tem
657 4361 862 4415 dixerit
887 4362 1041 4416 Jesse
1054 4362 1250 4433 genuit
1290 4362 1482 4427 David,
1512 4378 1637 4415 cum
1668 4362 1818 4415 idem
1862 4362 2011 4416 ﬁlius
2041 4363 2115 4416 sit
2137 4383 2321 4449 Dmus
2346 4371 2403 4420 et
2432 4382 2630 4436 regum
2662 4364 3000 4435 principium
3034 4383 3046 4429 ;
3080 4380 3146 4416 ex
3175 4379 3303 4433 quo,
3336 4378 3440 4415 nec
3482 4359 3790 4424 immerito,

520 4450 652 4516 Isai,
683 4466 796 4504 non
817 4449 915 4504 abs
946 4468 1006 4504 re
1035 4451 1243 4505 factum
1271 4450 1527 4504 dixerim.
1560 4451 1879 4505 Praesertim
1904 4468 2031 4505 cum
2055 4453 2113 4506 in

522 4541 739 4611 Regum
756 4540 1036 4593 volumine
1061 4541 1352 4594 manifeste
1364 4557 1462 4610 per
1477 4556 1703 4594 omnem
1721 4545 1933 4594 textum
1955 4546 2114 4612 pater

500 4632 503 4643 '
524 4632 647 4701 ejus
675 4630 1032 4699 Isailegatur,
1057 4635 1114 4683 et
1135 4629 1163 4682 J
1169 4645 1289 4683 esse
1310 4634 1534 4683 tantum
1566 4629 1625 4683 in
1652 4629 2009 4700 paucioribus
2029 4631 2114 4685 lo-

522 4718 603 4772 cis
635 4716 931 4770 invenitur.
964 4716 1123 4770 Unde
1166 4715 1377 4786 liquido
1405 4722 1624 4771 constat
1650 4716 1983 4787 biganorum
2014 4718 2115 4787 [bi-

520 4804 798 4878 nomium]
843 4822 971 4860 eum
995 4805 1183 4860 fuisse.
1208 4806 1318 4860 Sed
1338 4823 1438 4860 cur
1458 4806 1549 4860 hic
1575 4807 1603 4860 ,Ι
1609 4822 1730 4859 esse
1758 4807 1944 4876 potius
1966 4808 2115 4861 ﬁlius

520 4894 876 4958 inscribatur,
912 4894 1153 4965 Spiritus
1184 4895 1360 4948 sancti
1394 4901 1481 4948 est
1510 4895 1864 4965 praesagium,
1892 4900 1956 4949 ut
1984 4912 2113 4949 eum

521 4985 739 5038 venisse
766 4985 887 5054 jam
914 4984 1242 5054 susciperes,
1276 4984 1371 5055 qui
1400 4984 1630 5044 dudum,
1666 4984 1862 5038 eodem
1904 4984 2114 5054 Spiritu

519 5077 714 5128 sancto
742 5078 1006 5133 testante,
1030 5089 1130 5143 per
1167 5072 1373 5127 Isaiam
1408 5072 1747 5143 Prophetam
1777 5072 2000 5127 futurus
2050 5090 2115 5126 ex

518 5162 773 5233 ejusdem
816 5162 1027 5217 semine
1056 5161 1798 5229 nuntiabatur:Egredietur
1838 5179 1992 5232 ergo,
2024 5162 2111 5215 in-

521 5252 661 5322 quit,
682 5255 840 5319 virga
867 5252 930 5305 de
956 5253 1139 5304 radice
1189 5253 1329 5305 Jesse
1358 5270 1375 5315 ;
1407 5256 1453 5303 et
1497 5256 1593 5320 flos
1654 5253 1716 5305 de
1772 5254 1957 5305 radice
1997 5256 2112 5319 ejus

521 5342 785 5405 ascendet,
818 5346 868 5394 et
895 5342 1187 5408 requiescet
1213 5356 1375 5407 super
1413 5356 1533 5393 eum
1567 5340 1811 5409 Spiritus
1866 5342 2108 5406 Domini,

517 5430 750 5497 spiritus
759 5431 1039 5497 sapientia:
1054 5434 1102 5481 et
1120 5431 1536 5496 intellectus,spi
1540 5431 1682 5482 ritus
1695 5432 1918 5483 consilii
1931 5435 1981 5482 et
1999 5431 2117 5495 for-

522 5518 802 5582 titudinis,
824 5520 1055 5585 spiritus
1074 5521 1311 5571 scientia:
1332 5522 1380 5570 et
1394 5519 1635 5585 pietatis,
1661 5523 1706 5571 et
1736 5521 1959 5587 rcptebit
1988 5535 2113 5571 eum

520 5609 753 5677 spiritus
775 5610 994 5661 timoris
1032 5609 1258 5662 Domini
1283 5607 1499 5679 (Isa.x1,
1532 5607 1601 5677 1).
1636 5608 1793 5662 Unde
1852 5613 1909 5663 et
1943 5609 2115 5665 Joan-

2195 4456 2347 4510 velut
2373 4456 2526 4509 solus
2554 4455 2646 4508 hic
2672 4471 2769 4508 rex
2800 4471 2913 4524 prae
2943 4451 3205 4507 omnibus
3233 4455 3611 4521 nuncupatur.
3645 4449 3800 4503 Prae—

2195 4545 2387 4599 sertim
2413 4561 2540 4597 cum
2561 4559 2703 4614 pene
2726 4559 2920 4596 omnes
2969 4546 3200 4612 propter
3261 4540 3451 4600 istum,
3502 4539 3801 4609 Scriptura

2195 4639 2364 4699 teste,
2395 4633 2451 4686 in
2482 4633 2622 4687 solio
2651 4632 2809 4701 regni
2839 4631 3373 4702 positireservantur
3401 4647 3415 4695 ;
3443 4634 3499 4682 et
3527 4644 3692 4681 nemo
3716 4627 3803 4681 in-

2194 4727 2393 4776 ventus
2426 4721 2499 4776 sit
2528 4738 2596 4774 ex
2612 4720 2891 4784 omnibus,
2913 4720 3175 4784 etiam,ut
3205 4718 3287 4772 ita
3314 4718 3516 4781 dicam,
3551 4733 3654 4770 nec
3674 4716 3805 4787 ipse

2196 4811 2356 4866 Osias
2374 4827 2473 4864 rex
2486 4809 2853 4880 justissimus,
2879 4809 2950 4863 ad
2965 4809 3134 4876 hujus
3148 4806 3334 4861 meriti
3356 4806 3687 4876 dignitatem
3703 4822 3807 4875 po-

2198 4900 2376 4959 tuerit
2399 4899 2712 4970 pervenire.
2732 4899 2904 4952 Porro
2924 4897 3015 4951 alii
3043 4897 3256 4959 dicunt,
3277 4895 3348 4949 ad
3378 4894 3806 4950 distinctionem

2196 4988 2429 5043 alterius
2448 4988 2625 5042 David
2644 4988 2791 5041 hunc
2811 5003 3000 5056 regem
3017 4985 3201 5038 verius
3218 4984 3592 5047 nominatum,
3628 5000 3807 5054 quem

2196 5094 2310 5132 non
2339 5094 2549 5147 regem,
2576 5076 2674 5130 sed
2692 5075 2927 5129 militem
2943 5073 3113 5127 fuisse
3127 5072 3468 5134 existimant,
3496 5071 3590 5143 qui
3612 5072 3671 5125 in
3694 5073 3812 5127 Re-

2196 5183 2331 5236 gum
2361 5166 2644 5219 volumine
2674 5170 2731 5218 et
2761 5163 3251 5233 Paralipomenon,
3280 5162 3428 5215 inter
3456 5167 3571 5216 tres
3626 5161 3811 5216 fortes

2195 5254 2394 5308 fortior
2419 5255 2488 5308 de
2518 5254 2754 5324 triginta
2783 5251 2949 5306 dubie
2990 5256 3322 5305 numeratur
3350 5252 3430 5317 (ΙΙ
3460 5252 3581 5318 Reg.
3644 5266 3805 5319 xxm,

2196 5346 2269 5407 8).
2306 5343 2416 5397 Sed
2435 5348 2621 5396 utrum
2654 5342 2727 5395 sit
2755 5341 2833 5394 ita
2880 5356 3055 5395 necne
3089 5340 3494 5411 accipiendum,
3554 5340 3813 5410 prudens

2195 5433 2369 5485 lector
2399 5431 2696 5500 intelligat.
2733 5432 2846 5484 Nos
2872 5436 3065 5484 tamen
3110 5429 3288 5499 magis
3331 5429 3615 5482 credimus
3651 5431 3813 5500 quod

2196 5520 2320 5574 ideo
2340 5520 2580 5574 voluerit
2596 5537 2723 5574 eum
2738 5536 2928 5590 regem
2950 5518 3251 5584 nominari,
3282 5524 3347 5571 ut
3359 5517 3635 5572 recoleres
3665 5518 3812 5589 quid

2196 5609 2246 5662 ei
2276 5609 2682 5681 repromissum
2730 5609 2928 5676 fuerat,
2959 5614 3016 5663 et
3065 5622 3400 5677 agnosceres
3455 5607 3603 5666 hunc
3655 5624 3809 5663 esse.
