3966 6206
161 200 221 255 65
720 226 727 229 ·
976 202 1357 259 EXPOSITIO
1398 204 1477 259 IN
1514 202 1765 259 MATTH

1848 203 1958 259 ΠΜ.
2003 235 2068 245 -
2108 205 2243 261 LIB.
2286 208 2332 274 Ι,
2374 208 2531 263 ΟΛΡ.
2573 209 2617 263 Ι.
3353 218 3424 274 66

156 324 306 394 cujus
334 326 668 397 prosapiam
698 327 1036 394 declarabat,
1059 328 1156 399 qui
1182 328 1243 382 in
1263 328 1401 382 solio
1430 328 1589 398 regni
1609 327 1752 382 scili-
1767 328 1972 388 Amini
2001 330 2028 383 J
2035 345 2133 383 esu
2153 329 2403 385 Christi?
2422 331 2491 385 de
2511 347 2621 402 quo
2649 348 2751 403 per
2778 332 3136 390 Psalmistam
3163 338 3371 395 dicitur
3406 361 3418 395 :

156 419 236 468 cet
261 415 440 485 patris
483 415 574 470 sui
623 417 807 471 David
835 433 931 471 rex
970 417 1324 471 collocandus
1355 421 1494 470 erat.
1531 416 1611 470 De
1642 432 1752 486 quo
1833 423 1960 485 45
2013 420 2279 472 Dominus
2329 421 2491 486 fortis
2548 426 2596 474 et
2640 427 2847 488 potens,
2908 424 3181 480 Dominus
3231 435 3422 496 potens

155 503 295 557 idem
324 503 511 558 David
541 504 697 559 velut
719 506 990 576 propheta
1014 505 1269 559 futurum
1289 511 1414 558 orat
1442 523 1452 558 :
1479 506 1637 569 Deus,
1658 508 1755 572 ju-
1836 509 1901 559 in
1942 510 2151 574 pra’lio.
2193 507 2367 577 Cujus
2412 512 2601 562 autem
2647 508 2828 575 Urias,
2881 512 2975 581 qui
3021 512 3426 585 interpretatus

154 593 357 645 dictum
390 598 560 647 tuum
618 597 741 662 regi
768 597 859 659 da,
892 600 939 648 et
958 597 1248 662 justitiam
1281 599 1435 647 tuam
1467 596 1583 661 ﬁlio
1610 595 1756 659 regis
1841 598 1940 647 tua:
1994 611 2114 648 mea
2159 595 2260 649 Dei
2303 602 2484 661 sonat,
2540 597 2647 650 nisi
2694 598 2913 669 antiqui
2951 600 3274 670 adversarii,
3328 605 3425 676 qui

154 682 317 747 (Psat.
347 697 502 747 Lxx1,
532 682 610 750 1).
644 683 807 748 Filio,
839 682 1040 753 inquit,
1072 682 1243 751 regis,
1271 681 1403 753 quia
1428 680 1623 736 aeterni
1644 682 1753 734 Pa-
1835 682 2384 752 superbim'inﬂatus
2440 690 2660 746 tumore
2699 686 2841 740 dixit
2872 705 2883 739 :
2933 690 3234 745 Ascendam
3266 709 3428 762 super

151 770 246 824 tris
274 771 460 825 Filius
484 772 669 829 factus
687 776 777 826 est
803 771 974 826 etiam
996 772 1146 825 ﬁlius
1174 771 1368 836 David,
1396 776 1461 825 ut
1486 769 1661 841 possit
1684 769 1755 823 il-
1836 773 2194 824 altitudinem
2244 775 2501 838 nubium,
2559 776 2763 828 similis
2819 791 2910 828 ero
2960 778 3245 832 Altissimo
3290 782 3428 847 (Isa.

149 860 240 913 lud
270 860 508 931 impleri
542 880 554 913 :
586 861 772 929 Super
799 865 1003 915 solium
1032 861 1226 925 David,
1261 865 1310 913 et
1333 876 1496 927 super
1524 874 1759 926 regnum
1840 876 1947 923 xlv,
1970 858 2094 927 l4)?
2108 859 2253 935 Quia
2278 876 2408 914 vero
2437 861 2691 915 creatrici
2718 879 2784 915 ac
2808 864 3164 934 sempiterna:
3187 867 3284 922 lux
3304 875 3431 924 orta

149 954 260 1018 ejus
283 950 493 1002 sedebit
522 952 589 1003 in
616 955 887 1003 sternam
913 950 1047 1020 (Isa.
1080 966 1156 1014 1x,
1190 946 1264 1012 7).
1299 949 1369 1002 Et
1399 947 1525 1018 quis
1554 952 1640 1000 est
1660 946 1757 1016 qui
1837 947 1896 1001 in
1934 953 2188 1017 tempore
2218 963 2278 1001 se
2308 948 2549 1002 similem
2595 950 2715 1003 ﬁeri
2740 952 3072 1022 concupivit,
3097 954 3201 1008 hoc
3240 956 3428 1027 ipsum

149 1037 340 1091 sedeat
372 1054 554 1107 super
597 1037 864 1092 thronum
896 1037 1071 1091 David
1100 1053 1196 1091 rex
1234 1036 1292 1089 in
1323 1041 1616 1101 aeternum,
1648 1034 1755 1088 nisi
1838 1035 2007 1089 etiam
2064 1052 2174 1105 quo
2212 1051 2247 1088 a
2303 1036 2603 1090 Conditore
2659 1038 2929 1103 elucebat,
2976 1041 3189 1099 amisit.
3246 1045 3425 1113 Unde,

148 1126 319 1179 Filius
348 1126 557 1193 David,
585 1126 702 1199 qui,
734 1125 1044 1181 secundum
1073 1125 1223 1195 quod
1248 1124 1307 1178 in
1332 1123 1608 1195 principio
1634 1127 1757 1177 erat
1837 1124 1970 1193 quia
2002 1135 2058 1177 et
2108 1124 2167 1177 in
2210 1124 2445 1178 veritate
2483 1141 2597 1178 non
2640 1127 2817 1189 stetit,
2851 1128 3021 1182 etiam
3061 1147 3095 1184 a
3141 1132 3264 1186 luce
3303 1150 3424 1199 sua,

150 1214 419 1281 Verbum,
452 1221 770 1269 coaeternus
801 1220 887 1268 est
912 1214 1087 1277 Patri,
1115 1214 1276 1283 cujus
1321 1212 1481 1283 regni
1501 1227 1617 1267 non
1648 1211 1757 1265 erit
1838 1228 2007 1281 quam
2028 1229 2063 1265 a
2090 1212 2356 1267 Creatore
2387 1229 2501 1283 prae
2530 1213 2788 1269 omnibus
2832 1218 3104 1272 creaturis
3132 1221 3428 1277 clariorem

149 1305 291 1369 ﬁnis,
326 1308 393 1357 ut
424 1304 611 1374 possit
637 1304 787 1356 idem
817 1319 943 1356 vere
970 1301 1164 1355 sedere
1184 1300 1305 1355 Rex
1337 1301 1397 1355 in
1427 1306 1701 1355 aeternum
1729 1300 1754 1352 ?
1836 1305 2144 1371 acceperat,
2203 1300 2477 1372 superbia:
2530 1304 2751 1368 merito,
2810 1310 3083 1375 tanquam
3137 1308 3430 1365 horrendae

149 1392 415 1463 Alioquin
446 1393 522 1446 de
553 1392 852 1447 Salomone
886 1390 1118 1444 minime
1148 1394 1371 1444 constat
1398 1395 1522 1454 44
1550 1388 1754 1460 praedi-
1834 1388 2369 1456 tenebraa,exclusus
2382 1396 2485 1457 est,
2506 1395 2654 1445 recte
2675 1391 2725 1445 ei
2742 1394 3163 1464 convenitquod
3185 1398 3426 1466 Etbzeus,

152 1488 299 1534 enim
326 1480 529 1544 fuisse,
558 1481 723 1548 cujus
737 1494 878 1549 pene
905 1493 1142 1547 regnum
1160 1476 1331 1531 simul
1349 1492 1478 1530 cum
1497 1475 1617 1546 ipso
1638 1491 1757 1529 cor-
1837 1475 1894 1529 id
1919 1481 2004 1530 est
2028 1478 2295 1531 abscissus
2335 1485 2580 1533 vocatur.
2612 1480 2832 1552 Quique
2857 1482 3125 1550 cadendo,
3158 1501 3291 1539 vera
3315 1486 3431 1541 for-

152 1570 302 1623 ruit:
365 1574 425 1622 et
483 1584 655 1622 omne
704 1583 884 1637 genus
935 1566 1275 1631 Judzeorum,
1332 1564 1466 1635 quia
1511 1564 1663 1617 hunc
1695 1563 1813 1642 in_
1835 1564 2076 1619 titudine
2126 1566 2352 1633 amissa,
2395 1584 2544 1622 nunc
2571 1568 2744 1623 etiam
2789 1573 3158 1642 transﬁgurat
3193 1590 3253 1627 se
3280 1574 3433 1629 velut

153 1658 378 1712 dextera
407 1656 603 1710 Patris
634 1636 841 1725 magno
877 1654 1135 1708 videlicet
1166 1653 1224 1707 in
1254 1653 1392 1708 solio
1423 1652 1752 1706 collocatum
1772 1636 2099 1723 Bangelum
2141 1655 2298 1720 lucis,
2333 1657 2547 1711 audens
2589 1658 2773 1711 adhuc
2798 1636 3021 1729 dicere:
3045 1662 3139 1715 lux
3175 1661 3276 1716 Dei
3306 1678 3433 1717 mea

157 1746 365 1799 venisse
378 1761 497 1799 non
519 1744 778 1809 credidit,
798 1744 907 1798 huc
930 1742 1173 1812 illucque
1191 1741 1433 1813 propriis
1462 1742 1753 1812 expulsum
1835 1747 1938 1796 est.
1967 1743 2037 1796 Et
2066 1743 2197 1813 quid
2237 1743 2463 1811 mirum,
2495 1745 2541 1799 si
2570 1746 2751 1800 lucem
2778 1748 2878 1801 Dei
2906 1749 3057 1803 dicat
3083 1766 3262 1817 suam,
3305 1767 3433 1806 cum

159 1834 375 1888 sedibus
398 1834 523 1903 jam
554 1832 837 1903 disperiit.
871 1831 1135 1903 Sequitur
1167 1848 1180 1882 :
1835 1830 1904 1884 de
1934 1831 2028 1885 illo
2050 1832 2350 1902 Apostolus
2384 1834 2590 1888 clamet
2625 1852 2638 1886 :
2674 1837 3013 1890 Adversatur
3060 1843 3108 1891 et
3146 1843 3431 1893 extollitur

220 1924 399 1976 Dauid
426 1927 620 1975 autem
639 1937 741 1974 rea;
758 1924 951 1989 genuit
966 1919 1311 1975 Salomonem
1332 1935 1475 1972 eaea
1497 1935 1614 1987 qua?
1640 1920 1752 1987 fuit
1834 1935 2006 1987 supra
2054 1936 2212 1973 omne
2261 1924 2405 1989 quod
2439 1924 2664 1988 dicitur,
2709 1929 2811 1977 aut
2849 1928 2995 1993 quod
3040 1930 3244 1980 colitur
3288 1929 3432 1982 Deus

163 2013 308 2066 Uria.
344 2011 636 2075 Quaeritur
662 2026 818 2079 ergo,
848 2024 952 2063 nec
980 2008 1281 2073 immerito,
1318 2023 1446 2061 cum
1475 2012 1591 2061 tres
1619 2007 1754 2060 reli-
1836 2009 1915 2074 (ΙΙ
1945 2009 2119 2062 Thess.
2153 2023 2216 2071 ιι,
2251 2010 2323 2077 4).
2359 2011 2532 2080 Cujus
2578 2028 2710 2066 vero
2739 2013 3047 2079 Bersabea,
3080 2032 3204 2085 quae
3232 2016 3291 2070 in
3321 2016 3432 2071 La-

161 2116 274 2170 quse
303 2099 575 2154 mulieres
614 2099 674 2152 in
725 2098 830 2151 hac
858 2097 1001 2151 serie
1042 2096 1295 2150 lectionis
1332 2100 1484 2150 retro
1513 2095 1755 2166 propriis
1835 2096 2015 2150 tinam
2043 2096 2293 2167 linguam
2309 2104 2508 2167 puteus
2522 2103 2811 2167 satietatis,
2832 2103 2917 2155 vel
2941 2108 3138 2170 puteus
3165 2108 3429 2172 septimus

164 2188 477 2242 nominibus
491 2189 614 2257 jam
636 2187 751 2241 sint
768 2185 1127 2256 positae,quid
1148 2185 1222 2238 sit
1248 2185 1397 2255 quod
1417 2185 1537 2238 sola
1555 2185 1755 2238 Bersa—
1837 2185 2093 2248 vertitur,
2115 2184 2223 2239 nisi
2243 2186 2497 2242 Ecclesiae
2518 2188 2760 2257 ﬁguram
2781 2190 3089 2261 expressit?
3107 2204 3258 2246 recte
3277 2194 3431 2247 enim

164 2276 263 2329 bea
290 2294 395 2331 suo
424 2277 519 2329 hic
546 2275 777 2329 nomine
798 2291 912 2328 non
941 2273 1290 2345 exprimitur,
1314 2273 1412 2327 sed
1442 2273 1589 2343 quod
1618 2289 1758 2327 uxor
1837 2280 2161 2327 sanctorum
2193 2275 2440 2329 Ecclesia
2491 2283 2693 2347 puteus
2748 2278 3043 2345 satietatis,
3075 2280 3189 2334 sive
3224 2286 3430 2351 puteus

164 2365 321 2419 fuerit
346 2365 501 2419 Uria:
529 2365 635 2418 hoc
653 2364 837 2417 solum
866 2362 1162 2417 innuitur?
1185 2362 1271 2415 Ad
1300 2362 1447 2431 quod
1481 2377 1616 2414 sane
1645 2378 1758 2415 non
1839 2361 2113 2431 septimus
2158 2369 2392 2416 vocatur
2419 2382 2430 2430 ;
2464 2364 2597 2434 quia
2639 2365 2907 2420 nimirum
2954 2367 3052 2421 illa
3094 2368 3431 2440 septiformis

163 2455 470 2523 incongrue
502 2452 797 2521 fatendum
824 2451 1088 2514 creditur,
1120 2450 1252 2521 quia
1276 2456 1393 2503 tres
1423 2450 1757 2520 praescripta
1840 2450 2082 2520 Spiritus
2110 2450 2363 2504 doctrina
2382 2452 2440 2505 in
2462 2452 2651 2507 electis
2680 2454 2796 2508 suis
2818 2456 3067 2510 cernitur
3090 2457 3428 2526 redundare,

168 2542 402 2608 feminae,
430 2558 534 2613 per
563 2558 704 2611 quas
730 2540 939 2596 Christi
962 2556 1130 2610 opera
1150 2539 1377 2609 pietatis
1394 2538 1638 2608 insignia
1664 2543 1756 2608 ty-
1840 2554 1962 2607 quae
1990 2554 2135 2609 smpe
2172 2538 2232 2591 in
2258 2539 2461 2593 divinis
2498 2541 2873 2596 voluminibus
2901 2561 3176 2615 aquarum
3205 2546 3431 2601 ﬂuentis

170 2631 284 2700 pice
311 2631 745 2701 praesignantur,
778 2646 892 2683 non
922 2629 1102 2682 solum
1142 2627 1373 2697 culpari,
1408 2642 1599 2680 verum
1633 2627 1755 2680 lau-
1838 2626 2197 2696 apertissime
2239 2634 2618 2698 comparatur.
2669 2631 2810 2684 Hinc
2838 2632 3111 2687 Dominus
3148 2634 3206 2686 in
3252 2634 3431 2688 Evan-

166 2719 289 2772 dari
318 2725 464 2772 recte
495 2717 1002 2781 meruerint.Unde
1023 2720 1082 2770 et
1108 2716 1229 2770 sine
1248 2716 1361 2769 ullo
1392 2714 1632 2768 nominis
1650 2731 1755 2785 pu-
1837 2714 1983 2785 gelio
2003 2714 2084 2768 ait
2117 2733 2128 2768 :
2179 2716 2242 2771 Si
2268 2718 2394 2784 quis
2441 2720 2578 2782 sitit,
2614 2721 2798 2773 veniat
2828 2721 2900 2773 ad
2940 2737 3043 2787 me,
3076 2727 3124 2775 et
3154 2723 3317 2776 bibat.
3367 2725 3435 2778 Et

161 2808 295 2861 dore
312 2808 474 2878 quasi
494 2807 715 2861 virtutis
745 2806 984 2876 egregiae
1006 2805 1065 2859 in
1092 2805 1198 2859 hac
1221 2803 1551 2875 genealogia
1568 2819 1759 2856 recen-
1837 2807 1941 2874 qui
1963 2805 2135 2857 credit
2166 2806 2230 2857 in
2260 2821 2360 2868 me,
2411 2807 2554 2859 sicut
2580 2808 2717 2860 dicit
2746 2808 3065 2875 Scriptura,
3098 2812 3343 2878 ﬂumina
3369 2812 3435 2864 de

163 2904 375 2949 sentur.
399 2896 531 2950 Haec
557 2910 783 2965 quoque
808 2894 1082 2948 adulterio
1113 2894 1343 2957 fuscata,
1375 2892 1544 2946 simul
1568 2898 1625 2947 et
1653 2891 1758 2945 viri
1837 2896 2023 2945 ventre
2075 2895 2193 2960 ejus
2242 2896 2417 2962 ﬂuent
2464 2910 2618 2962 aqua
2648 2898 2779 2949 viva
2820 2897 2996 2965 (Joan.
3031 2911 3127 2962 vn,
3159 2894 3267 2966 37).
3299 2897 3435 2962 Quae

160 2984 463 3038 homicidio
492 2989 808 3050 cruentata,
840 2983 1040 3038 merito
1077 2983 1300 3037 videtur
1338 2983 1714 3054 praetermissa
1743 2986 1819 3046 :C
1839 2985 2029 3034 autem
2087 2986 2235 3035 esset
2286 2980 2411 3051 ipsa
2456 2982 2668 3052 potatio
2712 2983 3042 3039 subsecutus
3081 2985 3439 3056 Evangelista

162 3073 363 3127 saltem
393 3079 458 3127 ut
483 3073 713 3127 silentio
736 3072 1000 3135 nominis,
1036 3072 1170 3142 quia
1197 3072 1476 3142 loquendo
1500 3071 1761 3143 nequive-

164 3168 275 3227 rat,
307 3162 452 3232 quod
480 3167 648 3232 turpe
677 3160 970 3215 videbatur
998 3160 1227 3214 omnino
1253 3160 1492 3214 tacendo
1520 3165 1756 3230 tegeret.

164 3251 319 3305 Unde
337 3256 397 3304 et
416 3266 627 3305 nomen
652 3250 760 3303 viri
780 3251 924 3319 ejus,
948 3249 1095 3319 quod
1124 3255 1210 3303 est
1230 3249 1414 3312 Urias,
1445 3249 1599 3302 velut
1620 3249 1761 3318 justi

166 3340 403 3393 hominis
421 3339 657 3409 ponitur
683 3344 774 3391 :ut
796 3355 860 3391 ex
880 3338 984 3391 hoc
1002 3337 1174 3391 etiam
1194 3338 1417 3391 sceleris
1440 3336 1763 3391 immanitas

168 3428 531 3482 verecundius
556 3431 922 3491 memoretur,
944 3427 1079 3480 dum
1098 3426 1273 3497 ipsius
1298 3442 1468 3480 causa
1494 3426 1643 3480 idem
1669 3442 1762 3479 oc-

169 3518 309 3571 cisus
329 3517 399 3571 ad
430 3516 687 3570 medium
717 3520 1025 3569 revocatur.
1053 3515 1178 3568 Non
1211 3515 1359 3585 quod
1378 3515 1553 3569 David
1582 3514 1763 3585 poeni-

168 3606 299 3659 tenti
322 3606 428 3659 hoc
444 3606 574 3676 jam
597 3621 633 3658 a
658 3604 899 3659 Domino
929 3604 1227 3658 remissum
1248 3603 1553 3675 imputeter
1566 3620 1762 3674 pecca-

171 3698 281 3747 tum
306 3713 320 3747 :
343 3694 467 3759 sed,
490 3694 749 3764 quamvis
766 3693 966 3764 pudice
987 3692 1238 3763 quolibet
1254 3693 1427 3746 affatu
1448 3697 1513 3745 ut
1537 3692 1764 3746 demon—

172 3788 388 3849 straret,
414 3783 551 3853 quia
590 3782 801 3837 nostris
826 3781 988 3835 malis
1018 3782 1167 3835 Deus
1196 3797 1602 3851 nonnunquam
1625 3780 1765 3834 bene

172 3872 391 3939 utendo,
435 3872 617 3926 etiam
673 3888 773 3942 per
813 3887 881 3924 ea
925 3887 1048 3941 qua:
1102 3870 1361 3941 nequiter
1412 3876 1573 3940 gesta
1610 3876 1761 3932 sunt,

172 3962 410 4014 maxima
469 3960 957 4030 indulgentiamm
999 3958 1271 4013 beneﬁcia
1313 3960 1655 4029 prmﬂgurat.
1701 3960 1771 4033 Et

173 4050 479 4104 notandum
504 4049 655 4120 quod
671 4065 784 4102 non
810 4048 990 4103 solum
1008 4047 1359 4118 indulgentia
1378 4047 1647 4114 criminis,
1671 4047 1767 4102 sed

174 4143 225 4191 et
260 4138 576 4192 satisfactio
614 4137 673 4192 in
711 4137 887 4191 David
931 4135 1137 4207 legitur
1178 4154 1189 4189 :
1226 4136 1507 4191 Bersabea
1552 4142 1764 4199 autem,

173 4225 309 4280 sicut
336 4243 445 4281 nec
472 4226 861 4297 principaliter
911 4226 1171 4296 culpatur
1210 4225 1269 4278 in
1299 4225 1524 4289 scelere,
1557 4224 1639 4278 ita
1666 4240 1769 4278 nec

1844 3069 2100 3140 exposuit
2125 3069 2317 3124 dicens
2351 3088 2362 3121 :
2393 3072 2503 3125 Hoc
2541 3076 2726 3125 autem
2756 3074 2901 3126 dixit
2931 3075 2998 3127 de
3026 3074 3242 3142 Spiritu
3273 3092 3434 3143 quem

1839 3160 2117 3227 accepturi
2137 3164 2297 3213 erant
2318 3162 2588 3214 credentes
2602 3164 2667 3214 in
2683 3177 2828 3214 eum.
2848 3162 2991 3216 Hinc
3002 3162 3224 3217 mulieri
3245 3165 3437 3220 Sama-

1842 3247 2038 3302 ritanae
2067 3252 2265 3318 typum
2314 3248 2569 3302 Ecclesiae
2603 3250 2843 3318 gerenti,
2873 3250 2944 3303 ad
2988 3256 3221 3321 puteum
3250 3253 3389 3308 dicit
3420 3270 3433 3307 :

1845 3338 1952 3403 Qui
1973 3337 2167 3389 biberit
2192 3353 2255 3390 er
2290 3353 2437 3404 aqua
2457 3337 2575 3403 hac,
2599 3340 2745 3391 sitiet
2770 3342 3002 3399 iterum;
3033 3344 3134 3408 qui
3149 3347 3336 3395 autem
3363 3344 3440 3396 bi-

1847 3427 1984 3478 berit
2014 3442 2078 3479 ea:
2106 3442 2253 3494 aqua
2283 3442 2453 3494 quam
2497 3442 2588 3493 ego
2616 3428 2753 3480 dabo
2783 3430 2850 3492 ei,
2887 3444 2999 3482 non
3028 3432 3175 3483 sitiet
3199 3433 3262 3483 in
3289 3435 3440 3485 aster-

1846 3530 2013 3578 num;
2044 3515 2135 3567 sed
2161 3530 2309 3582 aqua
2327 3531 2496 3582 quam
2525 3531 2617 3583 ego
2645 3517 2781 3569 dabo
2802 3518 2890 3583 ﬂet
2918 3519 2969 3569 ei
2992 3519 3116 3583 fons
3135 3534 3289 3586 aqua
3306 3522 3441 3575 vivas

1844 3604 2093 3654 salientis
2120 3605 2184 3654 in
2215 3604 2387 3655 vitam
2416 3608 2678 3656 aeternam
2709 3602 2891 3672 (Joan.
2915 3621 2986 3671 ιν,
3008 3604 3111 3671 t3).
3140 3606 3320 3678 Super
3346 3624 3438 3663 so-

1847 3688 2052 3742 larium
2072 3688 2263 3759 itaque
2293 3689 2492 3743 domus
2538 3691 2758 3744 lavante
2790 3692 3087 3757 Bersabea,
3129 3695 3306 3749 David
3339 3712 3438 3751 rex

1848 3793 2020 3831 manu
2055 3777 2216 3831 fortis
2242 3777 2517 3847 petulanti
2547 3779 2704 3832 oculo
2732 3779 2888 3846 vidit,
2922 3776 3234 3851 concupivit
3254 3791 3311 3837 et
3337 3784 3438 3839 ab-

1848 3866 2025 3920 stulit.
2052 3866 2197 3929 Quia
2222 3865 2478 3919 videlicet
2496 3866 2818 3936 redemptor
2844 3874 3037 3922 noster
3057 3870 3204 3924 Deus
3233 3887 3297 3924 ac
3324 3872 3439 3926 Do-

1850 3954 2037 4009 minus
2065 3956 2093 4008 J
2099 3971 2225 4009 esus
2254 3953 2510 4010 Christus
2539 3955 2859 4022 Ecclesium,
2902 3973 3070 4028 quam
3091 3975 3157 4012 ex
3174 3959 3439 4030 gentibus

1852 4044 2164 4114 acquisivit,
2196 4044 2414 4097 lavacro
2467 4060 2626 4114 aquae
2654 4044 2710 4098 in
2748 4045 2916 4099 verbo
2945 4047 3293 4116 mandatam,
3322 4055 3439 4104 ter-

1850 4149 1988 4186 rena
2015 4133 2343 4197 calcantem,
2376 4132 2691 4187 caelestibus
2720 4134 3052 4201 inhiantem,
3077 4138 3443 4208 praedestina-

1849 4226 1964 4275 tam
1991 4222 2132 4275 vidit
2157 4221 2446 4292 providus,
2475 4228 2727 4276 vocatam
2749 4223 2946 4278 dilexit
2974 4242 3228 4296 sponsus,
3260 4234 3325 4282 ut
3347 4229 3445 4299 ju-

173 4315 522 4383 paenitentia,
554 4315 706 4384 quod
734 4314 1080 4369 consenserit
1131 4313 1189 4367 in
1217 4313 1554 4367 adulterium
1598 4313 1764 4383 regis,
1789 4298 2143 4365 Dstiﬁcatam
2162 4310 2265 4364 sibi
2296 4312 2419 4381 conj
2430 4316 2664 4381 ungeret
2688 4312 2973 4382 legitimus
2994 4313 3233 4385 spiritali
3252 4298 3444 4388 conju-

174 4392 383 4456 crian
404 4418 575 4456 suum
595 4402 825 4456 diluisse
842 4401 1158 4456 ascribitur.
1174 4402 1243 4455 Et
1266 4401 1390 4454 ideo
1411 4406 1642 4472 propter
1653 4418 1770 4472 my-

176 4490 371 4544 sticum
400 4490 593 4561 potius
614 4491 869 4544 Ecclesia:
893 4496 1325 4556 sacramentum,
1356 4506 1477 4559 quae
1495 4490 1553 4542 in
1573 4490 1769 4559 conju-

176 4579 322 4646 gium
342 4580 466 4634 veri
502 4579 670 4650 regis,
701 4579 923 4634 diabolo
951 4578 1306 4650 interempto,
1338 4578 1643 4632 clementer
1670 4578 1771 4631 ad-

176 4668 446 4735 sciscitur,
490 4685 636 4722 uxor
679 4668 825 4723 Uria:
871 4668 963 4722 hic
998 4674 1221 4722 tantum
1249 4671 1721 4721 commemoratur
1753 4683 1765 4719 :

174 4764 400 4827 propter
417 4773 584 4811 suam
613 4774 742 4811 vero
764 4758 947 4812 adhuc
960 4756 1263 4812 indeletam
1292 4757 1532 4827 culpam,
1550 4761 1615 4809 ut
1641 4771 1769 4809 con-

170 4845 316 4913 jicio,
346 4848 416 4902 de
442 4848 674 4902 nomine
708 4848 932 4918 penitus
964 4847 1247 4902 reticetur.
1278 4848 1423 4901 Nam
1447 4846 1494 4900 si
1526 4846 1631 4899 hoc
1658 4862 1767 4916 pu-

174 4932 375 4992 blicum
412 4938 592 4992 David
629 4938 781 5007 regis
818 4942 1106 5008 peccatum
1146 4935 1494 5007 inspicimus,
1533 4936 1602 4990 de
1646 4935 1767 5006 ipso

172 5026 398 5094 quidem
426 5042 599 5096 opere
626 5026 777 5079 malo
805 5042 1071 5095 magnum
1089 5024 1299 5095 aliquid
1326 5023 1535 5078 bonum
1556 5023 1765 5078 futuro-

172 5129 289 5168 rum
318 5115 720 5186 prophetatum
741 5114 1119 5185 agnoscimus.
1143 5114 1319 5168 David
1338 5129 1580 5183 namque
1600 5113 1770 5166 inter-

174 5211 445 5272 pretatur,
481 5220 655 5259 manu
684 5205 880 5271 fortis;
915 5203 1078 5258 Urias
1108 5208 1318 5269 autem,
1357 5206 1456 5256 tua:
1483 5219 1602 5256 mea
1630 5204 1727 5256 Dei
1746 5221 1764 5267 ,-

176 5290 416 5359 Ethaaus,
448 5295 754 5360 abscissus;
797 5291 1070 5346 Bersabee
1116 5297 1313 5360 puteus
1355 5293 1623 5344 satietatis
1651 5290 1768 5344 sive

176 5387 363 5447 puteus
386 5386 670 5451 septimus.
706 5382 887 5452 Cujus
924 5381 1114 5451 itaque
1159 5381 1400 5450 ﬁguram
1438 5380 1535 5433 illo
1564 5379 1623 5433 in
1652 5380 1773 5434 loco

180 5468 347 5526 David
417 5471 758 5552 manufortis
821 5470 1061 5541 gessisse
1131 5467 1395 5551 creditur,
1473 5468 1582 5526 nisi
1660 5469 1773 5526 Do-

1848 4401 1941 4470 gio
1987 4401 2241 4455 maritus.
2278 4400 2385 4454 Sed
2416 4406 2478 4454 ut
2521 4400 2809 4477 Bersabea:
2839 4403 3013 4456 David
3043 4405 3443 4475 conjungatur,

1850 4488 2014 4543 Urias
2024 4488 2109 4542 vir
2127 4489 2249 4558 ejus
2268 4488 2629 4555 interﬁcitur;
2658 4489 2790 4560 quia
2808 4496 2873 4544 ut
2888 4492 3172 4561 justorum
3197 4494 3444 4549 Ecclesia

1852 4577 2062 4631 caelesti
2085 4593 2287 4649 sponso
2316 4577 2616 4644 adhareat,
2652 4578 2870 4649 antiqui
2896 4580 3073 4635 hostis
3107 4581 3281 4639 virtus
3309 4598 3444 4638 con-

1849 4666 2132 4736 fringitur,
2158 4665 2441 4720 confracta
2462 4666 2697 4737 pedibus
2716 4669 3020 4724 electorum
3037 4671 3303 4726 calcanda
3318 4689 3446 4744 pro«

1849 4755 2137 4810 sternitur.
2158 4755 2317 4809 Unde
2330 4760 2387 4808 et
2397 4771 2499 4825 per
2512 4755 2876 4826 Evangelium
2892 4758 3141 4824 46illis
3162 4761 3444 4818 aDomino

1846 4843 2052 4898 dicitur
2077 4861 2088 4896 :
2123 4844 2248 4897 Ecce
2261 4844 2386 4897 dedi
2395 4848 2709 4912 potestatem
2722 4846 2866 4899 vobis
2883 4849 3137 4902 calcandi
3151 4866 3316 4918 super
3334 4867 3447 4906 om-

1848 4949 1973 4986 nem
1984 4934 2247 4986 virtutem
2262 4931 2731 5003 inimici(Luc.x,1
2742 4933 2814 4998 9).
2836 4933 2898 4988 Si
2908 4939 3097 4989 autem
3112 4935 3219 4990 hoc
3234 4937 3443 4994 factum

1845 5024 2005 5092 juxta
2029 5021 2346 5075 litterarum
2383 5021 2745 5089 attendimus,
2795 5022 2928 5093 quid
2970 5040 3218 5095 unquam
3255 5032 3443 5097 potest

1851 5109 2089 5163 inveniri
2102 5108 2392 5163 scelestius
2412 5109 2434 5161 Υ
2453 5109 2512 5164 Si
2530 5126 2662 5164 vero
2682 5112 3013 5181 mysterium
3034 5113 3340 5183 ﬁgurandus
3358 5116 3441 5170 rei

1851 5198 1908 5252 in
1926 5198 2045 5269 ipso
2056 5198 2201 5252 facto
2218 5198 2799 5269 consideramus,quid
2813 5199 3113 5270 aliquando
3128 5202 3274 5256 valet
3288 5220 3444 5275 repe-

1852 5286 1950 5341 riri
1964 5286 2370 5341 salubrius’tEst
2381 5292 2571 5341 autem
2584 5288 2641 5342 in
2658 5288 2763 5342 hoc
2776 5288 2921 5343 facto
2941 5290 3092 5344 aliud
3106 5291 3286 5347 adhuc
3296 5294 3446 5364 quod

1857 5376 2166 5430 evidentius
2198 5376 2493 5447 ﬁguratur.
2516 5376 2691 5431 David
2712 5378 2905 5448 itaque
2936 5378 2997 5433 in
3026 5380 3230 5435 solario
3250 5381 3446 5437 deam-

1854 5465 2076 5549 bulans,
2102 5470 2303 5538 typum
2316 5465 2580 5538 estprimit
2600 5466 3009 5539 Redemptoris.
3025 5468 3175 5526 Bene
3184 5476 3375 5538 autem
3386 5471 3450 5528 in
