3966 6206
516 211 583 269 67
1278 212 1334 265 S.
1377 210 1758 270 PASCHASII
1797 209 2161 270 RADBERTI
2197 210 2503 268 ABBATIS
2540 209 3038 268 CORBEIENSIS.
3708 208 3770 264 68

514 336 738 403 salario,
762 334 896 406 quia
918 332 979 389 in
1005 333 1122 389 sole
1144 335 1333 405 posuit
1359 336 1787 392 tabernaculum
1811 352 1994 391 suum.
2017 333 2494 396 So-Aadventum
2534 336 2940 408 Redemptoris,
2983 333 3095 388 dux
3131 331 3334 404 aliquis
3370 346 3542 402 super
3578 330 3769 387 solium

514 425 717 480 larium
750 424 957 496 quippe
1010 440 1123 480 non
1152 425 1224 478 ab
1264 441 1330 479 eo
1360 430 1581 480 tantum
1629 441 1834 479 nomen
1871 425 2102 495 accepit,

515 514 663 586 quod
680 514 752 569 ad
768 513 1194 568 similitudinem
1205 519 1368 568 terrae
1384 514 1567 569 solum
1579 513 1784 568 habeat
1800 532 1812 577 ;
1828 514 1927 568 sed
1938 513 2109 567 etiam

516 602 586 657 ab
612 620 677 657 eo
712 603 860 673 quod
889 602 1230 657 eminentius
1267 602 1481 657 ceteris
1509 602 1769 657 dominus
1797 603 1857 656 in
1887 603 2005 656 sole
2034 602 2112 655 sit

514 692 778 762 positum.
812 693 957 746 Nam
976 697 1034 746 et
1049 690 1281 745 Judaica
1294 690 1451 761 plebs
1476 707 1590 745 non
1609 691 1755 746 sicut
1770 706 1873 746 nos
1898 696 2110 745 tectum

514 796 683 851 super
709 780 914 834 solaria
936 779 1123 843 habet,
1139 778 1286 849 quod
1306 778 1365 833 in
1388 778 1633 851 Absalon
1651 779 1795 834 facto
1819 779 2111 849 Scriptura

515 867 867 923 demonstrat
880 868 1069 923 dicens
1082 890 1094 925 :
1116 867 1256 922 Cum
1274 848 1666 936 ingrederetur
1685 868 1757 923 ad
1770 848 2109 923 concubinas

515 957 693 1028 patris
704 956 969 1027 sui,quod
986 955 1227 1010 ministri
1244 957 1365 1026 ejus
1381 973 1551 1026 super
1560 956 1826 1011 solarium
1838 957 1918 1010 illi
1928 955 2112 1010 taber-

515 1046 779 1100 naculum
797 1043 1170 1099 tetendissent
1179 1044 1258 1112 (ΙΙ
1280 1046 1400 1111 Reg.
1424 1061 1530 1110 xw,
1544 1043 1657 1112 ‘22).
1674 1044 1835 1098 Unde
1853 1049 1910 1098 et
1926 1044 2114 1098 viden-

514 1133 661 1188 tibus
673 1132 904 1197 cunctis,
922 1132 1067 1187 sicut
1078 1132 1370 1202 Scriptura
1377 1137 1636 1199 testatur,
1651 1133 1722 1187 ad
1743 1133 1970 1187 easdem
1984 1149 2112 1187 con-

514 1222 744 1277 cubinas
757 1221 976 1292 ingredi
988 1221 1187 1292 potuit.
1198 1220 1345 1284 Quid
1356 1226 1545 1276 autem
1559 1220 2111 1276 estDavidBersabeae

514 1310 586 1365 ad
602 1328 664 1366 se
676 1311 1002 1381 perducere,
1017 1309 1125 1364 nisi
1138 1309 1393 1364 datorem
1421 1310 1566 1379 legis
1578 1310 1789 1365 carnali
1811 1310 2016 1381 populo
2027 1310 2111 1364 le-

512 1416 642 1471 gem
662 1401 785 1469 conj
792 1405 1020 1454 unctam
1039 1398 1279 1468 spiritali
1298 1398 1403 1453 sibi
1423 1399 1709 1454 intellectu
1722 1400 1933 1454 sociare
1945 1400 1969 1452 ?
1981 1399 2113 1454 Ber-

515 1489 685 1545 sabea
708 1494 918 1553 autem,
942 1493 1007 1543 ut
1024 1487 1240 1558 praefati
1268 1504 1482 1549 sumus,
1507 1493 1709 1557 puteus
1729 1488 2003 1558 septimus
2021 1487 2113 1541 di-

514 1578 679 1643 citur,
709 1577 841 1647 quia
870 1576 1137 1631 nimirum
1189 1592 1289 1646 per
1314 1576 1691 1646 cognitionem
1738 1576 1877 1645 legis
1905 1575 2111 1629 infusio

2192 425 2313 494 ejus
2342 425 2637 495 reperitur.
2663 426 2820 481 Unde
2842 423 3163 493 intelligant
3183 421 3437 476 mendosi
3464 420 3660 483 Judaei,
3687 423 3770 491 qui

2191 514 2315 579 sibi,
2359 520 2423 568 ut
2453 516 2572 584 jam
2602 531 2772 585 supra
2798 514 2930 578 dixi,
2988 511 3340 583 applaudunt
3368 510 3554 565 nescio
3584 509 3643 563 in
3671 526 3774 579 qua

2190 609 2472 657 terrarum
2496 604 2729 674 regione
2745 604 2813 657 de
2830 602 3004 657 David
3033 602 3207 672 stirpe
3236 599 3559 670 quempiam
3582 598 3775 670 populo

2191 709 2428 764 praeesse
2448 711 2459 745 :
2483 692 2616 763 quia
2636 709 2819 763 neque
2837 692 2895 746 in
2914 693 2942 746 J
2946 692 3079 756 uda,
3096 697 3161 745 ut
3175 688 3345 745 Jacob
3367 687 3665 760 promittit,
3690 704 3776 742 ne-

2192 799 2300 853 que
2334 782 2393 836 in
2424 783 2758 845 Jerusalem,
2796 786 2861 835 ut
2888 781 2979 834 hic
3008 796 3192 834 sermo
3220 778 3443 833 divinus
3472 781 3651 841 sonat,
3681 776 3775 830 ali-

2194 872 2337 941 quis,
2371 870 2466 941 qui
2496 887 2664 941 super
2691 869 2893 924 solium
2923 869 3082 939 regni
3109 868 3341 923 lucerna
3369 866 3443 920 sit
3473 865 3532 919 in
3563 864 3774 936 populo,

2193 964 2378 1030 potest
2402 959 2656 1030 reperiri.
2690 959 2757 1013 Et
2776 958 2901 1012 ideo
2924 974 3150 1012 necesse
3178 961 3282 1023 est,
3306 961 3371 1009 ut
3397 953 3690 1026 promissio
3706 953 3779 1008 di-

2194 1049 2323 1102 vina
2354 1064 2465 1102 non
2486 1047 2822 1113 inﬁrmetur,
2844 1047 3021 1101 alium
3039 1046 3327 1116 requirere
3347 1043 3709 1107 intellectum,
3728 1046 3779 1096 et

2194 1138 2397 1191 altiora
2424 1141 2903 1190 sacramentorum
2922 1136 3024 1189 Dei
3042 1135 3102 1189 in
3125 1151 3191 1188 eo
3219 1132 3494 1187 beneﬁcia
3520 1130 3776 1201 cogitare.

2195 1226 2328 1290 Quae
2355 1226 2431 1279 sit
2456 1230 2646 1279 autem
2676 1223 2905 1277 lucerna
2929 1223 3147 1277 cunctis
3166 1221 3362 1277 diebus
3378 1222 3571 1274 lucens
3602 1235 3776 1273 coram

2193 1315 2309 1369 Deo
2354 1314 2412 1367 in
2458 1313 2790 1377 Jerusalem,
2822 1312 2909 1367 vel
2939 1329 3062 1383 quae
3100 1314 3177 1365 sit
3206 1310 3519 1366 Jerusalem
3556 1309 3682 1374 ista,
3723 1308 3776 1364 in

2194 1420 2305 1474 qua
2340 1404 2557 1458 cunctis
2582 1402 2777 1457 diebus
2797 1402 3025 1455 lucerna
3054 1401 3245 1454 lucens
3272 1400 3343 1453 de
3371 1399 3586 1474 semine
3613 1397 3775 1453 David

2192 1469 2423 1563 propter
2434 1508 2565 1546 eum
2582 1492 2773 1546 futura
2791 1490 3223 1561 repromittitur,
3238 1469 3606 1559 Apocalypsis
3624 1488 3778 1541 Joan-

2194 1581 2281 1635 nis
2312 1582 2633 1635 manifestat
2651 1581 2872 1635 dicens:
2905 1579 2972 1633 Et
2997 1581 3182 1633 eduxit
3211 1594 3314 1643 me,
3348 1576 3551 1647 inquit,
3590 1579 3652 1630 in
3675 1579 3778 1645 spi-

514 1646 782 1737 spiritalis
795 1665 991 1736 gratiae
1006 1664 1253 1735 perfecta
1268 1664 1428 1720 nobis
1446 1664 1726 1735 sapientia
1738 1670 2105 1719 monstratur.
2128 1646 2177 1706 B
2196 1673 2312 1723 ritu
2340 1674 2403 1723 in
2426 1676 2663 1724 montem
2692 1672 2958 1723 excelsum
2982 1674 3031 1722 et
3051 1682 3341 1735 magnum,
3363 1670 3412 1719 et
3428 1646 3552 1718 bidi
3569 1668 3778 1719 Jama-

514 1754 693 1819 Quem
749 1771 878 1809 vero
920 1754 1102 1818 Urias,
1136 1753 1244 1808 nisi
1277 1752 1573 1809 Judaicum
1604 1753 1874 1824 populum
1902 1754 2106 1824 signat,

514 1846 678 1914 cujus
704 1859 930 1898 nomem
957 1842 1391 1913 interpretatum
1417 1842 1676 1907 diximus,
1702 1846 1804 1897 tua;
1831 1859 1953 1897 mea
1969 1845 2065 1896 Dei
2084 1842 2109 1895 ‘2

513 1932 780 1989 Judaicus
800 1936 990 1987 autem
1018 1931 1257 2002 populus
1273 1931 1405 2001 quia
1426 1931 1496 1985 de
1517 1936 1745 2001 accepta
1767 1931 1908 2001 legis
1928 1931 2111 1985 scien-

514 2022 595 2078 tia
617 2020 924 2091 extollitur,
950 2020 1111 2091 quasi
1140 2020 1210 2074 de
1238 2020 1340 2074 Dei
1366 2020 1490 2074 luce
1517 2019 1810 2090 gloriatur.
1845 2020 1954 2074 Sed
1982 2020 2113 2074 huic

515 2110 663 2168 Uria:
692 2110 868 2165 David
901 2124 1130 2164 uxorem
1159 2107 1410 2169 abstulit,
1435 2107 1652 2179 sibique
1681 2109 1948 2176 sociavit;
1982 2108 2116 2179 quia

514 2199 857 2270 Redemptor
875 2198 935 2253 in
956 2214 1126 2253 carne
1146 2213 1421 2268 apparens
1447 2197 1516 2252 de
1533 2215 1592 2252 se
1612 2198 1941 2268 spiritaliter
1958 2196 2113 2267 loqui

516 2288 699 2359 legem
730 2287 1010 2343 innotuit:
1042 2303 1108 2341 ac
1153 2303 1254 2357 per
1298 2287 1422 2351 hoc,
1455 2287 1600 2340 hanc
1646 2287 1877 2341 Judaico
1906 2287 2112 2359 populo

514 2382 840 2434 extraneam
869 2375 1293 2441 demonstravit,
1314 2374 1534 2445 sibique
1563 2376 1868 2445 conjunxit,
1901 2375 2034 2446 quia
2051 2391 2111 2429 se

516 2484 617 2538 per
636 2466 792 2522 illam
824 2464 1117 2535 praedicari
1146 2464 1465 2519 declaravit.
1499 2465 1566 2518 Et
1592 2464 1717 2518 ideo
1748 2464 1989 2519 carnalis
2010 2480 2111 2535 po-

513 2557 698 2629 pulus,
731 2556 867 2610 dum
897 2554 1163 2609 mandata
1196 2554 1332 2624 legis
1356 2554 1605 2608 retinens
1622 2554 1857 2625 implere
1887 2553 2107 2623 nititur,

512 2644 633 2715 ipse
662 2642 932 2698 nimirum
960 2642 1138 2696 defert
1164 2641 1435 2695 indicium
1465 2642 1625 2711 quasi
1670 2659 1772 2711 per
1810 2642 2107 2712 Epistolas,

513 2733 663 2789 unde
690 2733 1007 2787 damnetur.
1044 2730 1205 2794 Quod
1246 2730 1481 2784 forsitan
1526 2730 1715 2785 volens
1757 2730 2113 2801 Evangelista

513 2821 869 2876 credentibus
898 2820 971 2875 ad
996 2814 1439 2874 conﬁrmandam
1467 2819 1635 2873 ﬁdem
1663 2819 1977 2886 ostendere,
2008 2820 2110 2875 de-

2195 1763 2301 1813 lem
2328 1760 2733 1813 descendentem
2759 1760 2824 1812 de
2855 1762 2996 1823 emta,
3031 1761 3285 1810 ornatam
3315 1754 3621 1809 monilibus
3650 1754 3775 1820 suis,

2192 1852 2241 1900 et
2267 1834 2455 1901 lumen
2484 1851 2599 1916 ejus
2646 1852 2914 1916 tanquam
2943 1848 3084 1914 lapis
3112 1846 3176 1899 de
3213 1845 3552 1911 chrysolitho
3606 1842 3777 1911 (Apoc.

2192 1949 2302 2001 XXI,
2344 1934 2447 2004 10).
2480 1935 2549 1988 Et
2592 1935 2760 2006 paulo
2805 1939 3101 2005 postquam
3141 1931 3445 1987 introducit
3482 1931 3543 1984 in
3573 1946 3643 1984 ea
3685 1946 3779 1983 no-

2195 2023 2348 2078 mina
2372 2024 2666 2078 duodecim
2692 2022 2941 2077 tribuum
2970 2022 3213 2076 ﬁliorum
3238 2021 3431 2087 Israel,
3463 2020 3547 2073 ait
3560 2019 3778 2074 dicens:

2194 2115 2263 2167 Et
2292 2116 2557 2181 templum
2582 2128 2692 2167 non
2712 2113 2830 2166 vidi
2856 2115 2921 2166 in
2940 2128 3021 2165 ea.
3048 2113 3317 2166 Dominus
3347 2112 3497 2163 enim
3523 2111 3783 2177 templum

2196 2205 2354 2256 illius
2371 2207 2444 2255 est
2463 2207 2510 2255 et
2525 2204 2733 2269 Agnus.
2752 2202 2818 2255 Et
2837 2204 3050 2265 civitas,
3071 2199 3273 2269 inquit,
3300 2214 3414 2252 non
3431 2204 3545 2265 eget
3566 2200 3674 2252 sole
3691 2201 3783 2250 aut

2196 2294 2336 2344 luna
2354 2295 2416 2344 ut
2430 2294 2648 2345 luceant
2664 2293 2727 2344 in
2747 2306 2827 2355 ea,
2844 2292 2978 2357 quia
2994 2287 3778 2350 elaritasDeiilluminateam,

2194 2384 2243 2432 et
2266 2383 2494 2433 lucerna
2523 2383 2637 2447 ejus
2665 2383 2739 2433 est
2764 2380 2951 2445 Agnus
2976 2376 3151 2446 (Apoc.
3180 2391 3287 2441 xxi,
3320 2373 3409 2441 22,
3431 2373 3544 2442 23).
3574 2374 3650 2428 Ex
3680 2390 3783 2443 quo

2193 2467 2645 2537 profectoliquet
2673 2466 2807 2538 quia
2845 2467 2954 2521 ista
2998 2470 3086 2520 est
3124 2464 3437 2519 Jerusalem
3482 2462 3585 2515 illa
3622 2478 3785 2533 quam

2194 2556 2365 2627 elegit
2385 2556 2675 2621 Dominus,
2697 2565 2763 2610 ut
2784 2555 2857 2610 sit
2878 2560 3002 2620 48
3019 2570 3224 2608 nomen
3250 2555 3374 2623 ejus
3401 2551 3495 2617 ibi,
3516 2557 3577 2606 et
3600 2551 3787 2606 sedeat

2198 2636 2258 2699 in
2288 2662 2357 2699 ea
2385 2661 2555 2717 super
2580 2645 2847 2699 thronum
2884 2643 3059 2698 David
3098 2643 3167 2696 de
3196 2641 3408 2696 semine
3435 2642 3562 2711 ejus
3592 2641 3706 2695 Rex
3731 2639 3788 2694 in

2192 2739 2496 2801 aeternum;
2536 2738 2593 2789 et
2625 2749 2738 2788 non
2779 2734 2947 2787 istam
2989 2748 3158 2804 quam
3203 2731 3459 2788 videmus
3497 2730 3571 2784 ad
3610 2730 3783 2784 solum

2192 2839 2369 2893 usque
2398 2823 2662 2889 dirutam,
2694 2829 2751 2877 et
2779 2822 2971 2876 multis
3000 2823 3271 2877 hactenus
3302 2818 3787 2874 maledictionibus

514 2910 674 2966 duxit
714 2910 784 2964 ad
836 2909 1085 2964 medium
1121 2924 1244 2961 rem
1270 2913 1506 2983 gestam,
1540 2923 1639 2978 per
1668 2924 1836 2979 quam
1866 2910 2166 2983 carnalisn
2193 2910 2505 2981 subjacere.
2555 2913 2689 2976 Qum
2747 2912 2794 2966 si
2862 2912 3038 2966 electa
3093 2910 3399 2965 secundum
3457 2909 3785 2963 electionem

515 2999 688 3055 Israel
705 2998 875 3052 morti
904 3001 1197 3051 notaretur
1213 2995 1501 3062 obnoxius,
1531 3002 1587 3050 et
1605 2996 1873 3067 spiritalis
1898 2995 2168 3052 Christi“
2189 3001 2387 3071 gratiae
2429 3006 2596 3067 esset,
2647 3016 2935 3071 nunquam
2983 3006 3109 3071 post
3164 3004 3352 3053 tantas
3390 2996 3789 3069 promissiones

515 3086 830 3156 incorpore
877 3085 1139 3151 sociatus,
1169 3101 1359 3139 veram
1408 3084 1575 3155 Regis
1603 3086 1849 3157 conjugii
1895 3086 1954 3141 in
2000 3088 2109 3142 ﬁde

514 3175 829 3246 perciperet
854 3174 1202 3229 firmitatem.
1220 3173 1363 3238 Quia
1381 3174 1648 3229 nimirum
1669 3175 1727 3228 in
1756 3176 1843 3230 his
1868 3182 2110 3247 quatuor

515 3263 845 3320 mulieribus
874 3263 1118 3317 Ecclesia
1141 3262 1210 3317 de
1233 3262 1496 3332 gentibus
1517 3265 1909 3333 congreganda
1932 3266 2112 3319 mani-

515 3351 713 3408 featius
726 3352 1087 3423 approbatur,
1106 3356 1164 3405 et
1191 3368 1292 3422 per
1319 3368 1414 3405 eas
1440 3352 1750 3407 rectissima
1772 3355 2113 3425 genealogis;

515 3441 666 3497 linea
704 3441 1146 3511 repromittendo
1178 3441 1325 3511 quod
1363 3440 1616 3495 futurum
1665 3448 1787 3496 erat
1823 3458 2000 3514 usque
2038 3445 2109 3498 ad

516 3529 805 3586 Christum
832 3529 1101 3583 tenditur.
1133 3530 1293 3584 Unde
1322 3534 1379 3582 et
1406 3529 1661 3600 sequitur
1691 3548 1703 3583 :
2003 3586 2009 3592 ,

587 3623 709 3682 ,ιιι
761 3616 1024 3672 Salomon
1064 3622 1249 3671 autem
1286 3621 1479 3683 genuit
1508 3619 1758 3684 Roboam,
1790 3624 1839 3673 et
1876 3621 2108 3675 Roboam

514 3706 935 3775 genuitAbiam.
954 3707 1093 3760 Abia
1120 3722 1243 3760 vero
1271 3709 1399 3760 Asa.
1420 3705 1530 3761 Asa
1557 3712 1744 3761 autem
1765 3711 2040 3777 Josaphat,
2059 3715 2108 3764 et

511 3796 771 3863 Iosophat
799 3797 989 3862 genuit
1017 3796 1225 3849 Joram.
1259 3794 1401 3858 Quid
1434 3795 1509 3849 sit
1536 3800 1726 3851 autem
1748 3796 1895 3867 quod
1926 3799 1983 3850 in
2006 3798 2110 3851 Re-

509 3900 645 3955 gum
667 3884 950 3939 voluminc
967 3883 1233 3954 legimus?
1249 3886 1289 3938 A
1300 3886 1535 3951 uferam,
1551 3885 1736 3955 inquit
1751 3885 2023 3940 Dominus
2037 3886 2109 3939 ad

512 3972 810 4029 Jeroboam
857 3989 1050 4042 regem
1104 3972 1387 4036 Samariee,
1424 3989 1655 4040 regnum
1702 3976 1766 4027 de
1796 3991 1971 4028 manu
2014 3976 2108 4029 Ro-

516 4062 671 4115 boam
700 4064 809 4127 ﬁlii
837 4062 1030 4125 David,
1064 4065 1113 4113 et
1141 4062 1276 4113 dabo
1307 4062 1410 4113 tibi
1436 4063 1613 4115 decem
1642 4064 1837 4129 tribus,
1865 4065 1982 4130 ﬁlio
2010 4079 2112 4117 au-

515 4153 619 4201 tem
645 4152 781 4215 ejus,
814 4147 873 4201 id
899 4152 1005 4211 est,
1035 4147 1144 4216 ipsi
1193 4146 1461 4213 Roboam,
1496 4151 1634 4203 dabo
1665 4152 1877 4203 tribum
1907 4166 2103 4217 unam,

2193 3106 2306 3144 una
2332 3106 2459 3144 cum
2484 3090 2691 3161 populo
2727 3096 2846 3144 tam
2876 3088 3060 3143 subito
3083 3089 3406 3143 corruisset.
3437 3086 3545 3141 Ubi
3576 3086 3625 3140 si
3653 3084 3787 3138 mihi

2193 3178 2429 3249 opponis
2459 3178 2695 3233 callidus
2737 3179 3153 3249 tergiversator,
3207 3178 3341 3248 quia
3387 3176 3637 3247 peccatis
3675 3174 3788 3228 suis

2192 3267 2401 3323 factum
2452 3268 2562 3335 sit;
2602 3284 2795 3321 verum
2850 3267 3077 3321 omnino
3106 3256 3408 3338 probanius
3438 3264 3591 3336 quod
3631 3264 3784 3317 dicis.

2193 3357 2301 3413 Sed
2358 3356 2712 3427 omnipotens
2767 3357 2916 3411 Deus
2958 3356 3223 3426 praescius
3270 3355 3613 3419 futurorum,
3649 3352 3790 3407 sicut

2188 3446 2463 3517 propheta
2490 3450 2747 3511 testatur,
2781 3449 2880 3514 qui
2908 3452 2982 3499 est
3003 3450 3310 3513 conspector
3336 3447 3595 3497 omnium
3624 3458 3792 3496 sarcu-

2194 3538 2375 3589 lorum
2392 3536 2579 3601 (Evoti.
2611 3551 2787 3600 XXXVI,
2813 3532 2921 3602 19),
2947 3518 3236 3604 nunquam
3258 3550 3317 3587 se
3340 3531 3549 3586 talibus
3575 3530 3786 3599 obliga-

2191 3629 2279 3678 ret
2304 3623 2614 3694 promissis,
2648 3624 2698 3677 si
2724 3624 2833 3677 ista
2861 3628 3009 3677 esset
3030 3623 3100 3678 de
3130 3639 3243 3693 qua
3267 3622 3451 3693 typice
3488 3619 3790 3692 prOpheta-

2190 3730 2317 3767 rum
2334 3713 2553 3783 eloquia
2581 3711 3007 3783 concrepabant,
3026 3728 3196 3782 quam
3224 3711 3529 3765 secundum
3565 3708 3793 3764 electio-

2191 3818 2321 3856 nem
2343 3802 2538 3871 gratim
2567 3801 2880 3871 antiquitus
2911 3800 3049 3853 nulli
3070 3799 3303 3853 dubium
3326 3806 3412 3853 est
3436 3801 3695 3871 elegisse.
3717 3803 3794 3856 Is-

2191 3896 2308 3944 tam
2349 3906 2478 3943 vero
2523 3894 2806 3944 terrenam
2860 3888 3189 3954 Jerusalem,
3226 3903 3396 3958 quam
3424 3888 3583 3954 dicis,
3621 3890 3791 3960 elegit

2193 3978 2419 4048 quidem
2449 3977 2519 4032 ad
2550 3982 2792 4049 tempus,
2827 3977 2923 4031 sed
2950 3982 3016 4031 ut
3044 3978 3281 4047 ﬁguram
3310 3976 3552 4031 caelestis
3584 3980 3794 4033 Hieru-

2191 4067 2364 4120 salem
2415 4070 2683 4138 portaret,
2719 4082 3009 4137 quousque
3064 4065 3306 4121 venisset
3353 4066 3445 4120 ille
3475 4067 3547 4119 de
3577 4069 3792 4122 semine

2190 4154 2383 4221 David,
2432 4154 2527 4225 qui
2565 4155 2623 4208 in
2668 4171 2735 4209 ea
2770 4155 2885 4209 Rex
2924 4154 2983 4208 in
3021 4160 3293 4210 aeternum
3347 4155 3591 4209 sederet.
3632 4157 3793 4212 Unde

512 4241 574 4291 ut
606 4240 889 4290 remaneat
920 4238 1148 4289 lucerna
1168 4236 1347 4289 David
1364 4252 1515 4289 servo
1543 4253 1654 4290 meo
1682 4242 1895 4292 eunetis
1922 4241 2322 4341 diebuquuia
2336 4247 2633 4312 juraverat
2669 4246 2761 4298 illi
2788 4245 3059 4298 Dominus
3097 4246 3383 4297 veritatem
3420 4263 3435 4297 :
3479 4246 3553 4298 De
3593 4248 3791 4313 fructu

515 4339 701 4381 coram
730 4341 817 4379 me
845 4327 909 4378 in
931 4326 1236 4378 Jerusalem
1261 4327 1557 4389 civitatem,
1584 4341 1754 4393 quam
1782 4331 1918 4395 elegi
1947 4334 2008 4381 ut
2033 4346 2109 4382 es-

513 4418 587 4466 set
621 4428 817 4468 nomen
848 4429 1032 4466 meum
1077 4414 1157 4465 ibi
1195 4414 1304 4480 (Ill
1327 4415 1448 4482 Reg.
1483 4430 1556 4479 x1,
1591 4412 1698 4483 35).
1734 4415 1841 4470 Sed
1872 4423 1929 4470 et
1954 4417 2107 4473 Abite

516 4503 624 4571 (III
647 4503 769 4569 Reg.
803 4519 888 4567 xv,
920 4500 996 4567 4),
1028 4508 1256 4572 prepter
1284 4503 1457 4556 David
1488 4509 1706 4574 patrem
1734 4521 1919 4570 suum,
1952 4507 2108 4561 dedit

512 4590 785 4655 Dominus
817 4590 965 4646 Deus
1012 4591 1299 4645 lucernam
1334 4591 1391 4645 in
1420 4593 1748 4660 Jerusalem,
1782 4600 1848 4648 ut
1868 4596 2106 4650 suscita-

513 4685 603 4735 ret
630 4680 809 4736 ﬁlium
835 4681 978 4749 ejus.
999 4680 1133 4743 Quae
1164 4680 1418 4750 quamvis
1443 4681 1521 4735 sic
1532 4683 1841 4737 secundum
1857 4685 2104 4739 litteram

511 4768 809 4824 videantur
831 4784 995 4839 posse
1020 4769 1215 4839 accipi,
1239 4786 1352 4824 non
1380 4769 1614 4825 dixerim
1635 4772 1965 4844 simpliciter
1984 4791 2105 4829 esse

512 4858 963 4927 intelligendum,
991 4858 1090 4911 sed
1120 4858 1370 4929 mysticis
1395 4862 1889 4930 repromissionum
1918 4880 2106 4917 sacra-

514 4947 720 5004 mentis
740 4952 1073 5017 praasentem
1089 4947 1384 5001 historiam
1404 4948 1711 5003 involutam
1734 4953 2025 5006 esse.Nam
2048 4953 2105 5007 in

516 5052 582 5093 eo
612 5035 763 5106 quod
787 5035 923 5090 dicit
948 5052 959 5088 :
990 5037 1050 5089 Ut
1072 5042 1357 5091 remaneat
1374 5041 1603 5091 lucerna
1630 5042 1807 5093 David
1820 5057 1971 5095 servo
1991 5059 2107 5095 meo

513 5127 727 5181 cunctis
750 5126 937 5178 diebus
967 5140 1153 5178 coram
1181 5141 1266 5179 me
1291 5128 1349 5179 in
1380 5128 1704 5194 Jerusalem,
1740 5129 1950 5200 liquido
1972 5147 2105 5184 con-

512 5217 627 5270 stat
636 5214 944 5268 secundum
953 5213 1246 5268 Judaicum
1258 5231 1483 5269 sensum
1497 5220 1647 5270 stare
1663 5234 1773 5271 non
1791 5219 2106 5290 posse;quia

514 5317 617 5358 nec
644 5302 766 5373 ipsa
794 5303 1105 5357 Jerusalem
1135 5304 1352 5357 cunctis
1374 5304 1571 5358 diebus
1592 5311 1740 5361 stare
1771 5308 1978 5362 meruit
2005 5326 2105 5374 ;eo

514 5391 665 5462 quod
692 5407 803 5446 non
837 5390 912 5445 sit
937 5391 996 5444 in
1024 5407 1092 5444 ea
1129 5392 1271 5462 lapis
1303 5409 1471 5463 super
1501 5394 1744 5465 lapidem
1782 5397 2098 5452 derelictus.

512 5480 709 5552 Neque
739 5480 809 5535 de
838 5480 1056 5539 semine
1087 5480 1247 5550 regis
1266 5481 1441 5537 David
1471 5481 1529 5537 in
1558 5484 1711 5539 omni
1734 5485 1944 5555 Judsea,
1978 5493 2105 5558 post

2190 4336 2396 4387 ventris
2419 4336 2506 4386 tui
2518 4348 2724 4401 ponam
2744 4348 2909 4401 super
2925 4335 3099 4386 sedem
3122 4338 3277 4387 tuam
3299 4334 3457 4401 (Psal.
3478 4348 3662 4402 cxxxr,
3683 4334 3795 4403 11).

2191 4421 2261 4476 Et
2286 4421 2451 4476 alibi:
2489 4421 3280 4491 Stabiliam,inquit.regnum
3306 4425 3449 4490 ejus;
3484 4427 3533 4475 et
3558 4424 3796 4478 thronus

2188 4515 2303 4579 ejus
2326 4514 2385 4565 in
2401 4516 2673 4566 ater-num
2687 4513 2796 4565 erit
2814 4513 3173 4578 ﬁrmissimus
3186 4512 3237 4577 (Ι
3256 4513 3385 4565 Par.
3409 4525 3539 4571 xvn.
3570 4511 3655 4578 ll,
3675 4512 3704 4567 1
3717 4513 3793 4577 4),

2190 4616 2512 4671 quanquam
2536 4604 2853 4670 peccatores
2873 4599 3084 4653 fuerint
3097 4599 3245 4653 idem
3264 4600 3365 4653 ﬁlii
3383 4601 3800 4670 ejus,servatur

2178 4694 2378 4743 tamen
2415 4705 2637 4759 semper
2661 4689 2937 4743 successio
2965 4687 3214 4755 seminis,
3250 4694 3307 4743 et
3338 4690 3658 4744 Jerusalem
3691 4707 3791 4761 pe-

2187 4778 2338 4831 nitus
2368 4794 2480 4831 non
2508 4778 2746 4843 deletur,
2780 4778 2955 4832 donec
2986 4778 3204 4831 veniret
3228 4794 3440 4844 semen,
3467 4780 3556 4833 cui
3589 4796 3759 4849 rnprn
3778 4810 3797 4819 ς

2186 4867 2422 4921 missum
2435 4872 2520 4921 est
2535 4873 2599 4921 ut
2616 4867 2809 4921 sedeat
2828 4867 2887 4921 in
2902 4872 3192 4921 aeternum.
3212 4868 3280 4922 Et
3296 4868 3400 4922 hoc
3415 4873 3503 4922 est
3523 4869 3679 4939 quod
3704 4869 3798 4922 hic

2187 4954 2416 5008 dicitur:
2434 4956 2555 5009 Non
2577 4956 2789 5022 faciam
2796 4961 3018 5025 propter
3028 4957 3206 5010 Dauid
3219 4972 3438 5010 servum
3468 4973 3680 5024 meum,
3703 4959 3800 5012 sed

2188 5045 2324 5097 dabo
2353 5046 2468 5111 ﬁlio
2494 5048 2609 5113 eius
2640 5045 2849 5098 tribum
2867 5050 3141 5111 unam,ut
3172 5052 3452 5100 remaneat
3486 5050 3728 5102 lucerna
3745 5050 3798 5101 ei

2187 5135 2402 5189 eunetis
2427 5135 2614 5187 diebus
2644 5149 2830 5187 coram
2863 5150 2947 5186 me
2974 5136 3038 5186 in
3064 5137 3369 5189 Jerusalem
3415 5135 3524 5203 (ΙΙΙ
3549 5137 3682 5203 Reg.
3718 5154 3794 5199 XI,

2189 5220 2298 5288 35).
2320 5221 2464 5285 Quid
2483 5220 2658 5292 igitur
2676 5227 2762 5275 est
2781 5221 2990 5275 dicere:
3015 5240 3129 5277 non
3144 5222 3342 5278 faciam
3362 5229 3593 5295 propter
3609 5225 3799 5280 David

2186 5326 2407 5364 servum
2430 5327 2641 5375 meum,
2661 5309 2770 5363 nisi
2791 5327 2904 5364 non
2932 5311 3132 5365 faciam
3153 5318 3382 5383 propter
3394 5314 3800 5383 juramentum

2187 5403 2336 5470 quod
2390 5399 2441 5452 ei
2484 5398 2689 5469 juravi,
2722 5404 2787 5454 ut
2837 5415 2951 5455 non
2990 5401 3270 5456 auferrem
3308 5417 3500 5456 semen
3549 5404 3680 5473 ejus
3725 5405 3800 5459 de

2185 5491 2484 5559 conspectu
2511 5504 2656 5558 meo,
2680 5488 2780 5545 sed
2809 5488 3004 5547 darem
3027 5492 3080 5547 ei
3109 5492 3397 5548 lucernam
3415 5505 3543 5561 quae
3571 5491 3804 5549 luceret
