3966 6206
221 194 294 255 69

1058 186 1438 250 EXPOSITIO
1475 188 1556 246 IN
1589 183 2034 249 mnum.
2075 217 2140 231 —
2180 187 2317 246 LIB.
2357 192 2403 257 Ι,
2445 192 2601 248 ΟΑΡ.
2644 196 2689 250 Ι.

3435 200 3503 259 70

222 335 414 375 coram
442 334 538 374 me
562 318 625 374 in
652 319 966 375 Jerusalem
991 319 1206 374 cunctis
1234 316 1430 372 diebus
1458 317 1825 374 aeternitatis?
1841 324 2162 383 AJoathan.
2182 324 2246 379 In
2266 330 2465 395 quarto
2504 325 2680 398 igitur
2718 328 2935 400 Regum
2958 331 3239 388 volumine
3258 332 3499 405 legimus

222 408 404 473 Quam
422 408 723 463 lucernam
749 408 908 480 quasi
938 424 1125 464 coram
1155 406 1329 461 oculis
1359 407 1510 461 idem
1529 408 1704 462 David
1730 424 1824 479 po—

220 513 382 563 nens,
415 495 609 553 aiebat
636 498 828 553 dicens
859 517 871 551 :
906 499 1150 552 Lucerna
1174 497 1401 566 pedibus
1430 498 1564 550 meis
1595 498 1823 551 verbum

222 591 405 648 tuum,
431 592 482 640 et
510 591 704 641 lumen
725 589 933 641 semitis
952 589 1085 640 meis
1103 587 1212 653 (Ps.
1235 598 1418 650 cxvm,
1448 584 1593 652 104).
1616 586 1691 640 De
1718 586 1824 642 hac

218 675 498 730 nimirum
508 675 743 730 lucerna
756 680 974 730 constat
983 673 1212 729 dictum:
1225 675 1285 728 Ut
1298 678 1581 728 remaneat
1594 676 1651 729 lu
1658 690 1824 729 eerna

215 765 403 819 David
411 782 564 820 servo
578 782 697 819 meo
710 781 895 820 coram
908 780 992 818 me
1001 766 1213 818 cunctis
1224 763 1411 817 diebus
1422 765 1485 817 in
1495 764 1799 818 Jerusalem
1807 803 1819 817 .

216 853 387 920 Quia,
411 853 459 907 si
496 852 933 925 abrumperetur
958 852 1027 907 de
1054 851 1266 907 semine
1297 851 1419 922 ejus
1445 850 1719 906 successio
1748 852 1824 905 fi-

214 941 424 996 liorum
453 959 639 1014 usque
668 942 739 997 ad
771 943 1075 1008 Christum,
1107 941 1341 995 forsitan
1366 945 1590 1012 poterat
1618 945 1823 996 eventu

218 1030 557 1102 aliquolibet
573 1032 839 1086 advenire
860 1050 872 1098 ;
899 1031 1015 1097 sed,
1033 1029 1341 1108 secupdum
1362 1030 1511 1101 quod
1534 1029 1821 1084 Abraham

215 1119 471 1191 primum
504 1125 562 1174 et
608 1126 805 1192 postea
835 1119 1008 1175 David
1050 1121 1357 1191 juraverat,
1395 1117 1576 1173 omnis
1626 1135 1820 1190 repro-

215 1208 412 1263 missio
460 1210 621 1263 velut
676 1209 735 1263 in
792 1208 1016 1263 irritum
1058 1208 1373 1262 duceretur.
1408 1207 1673 1271 Quamvis
1718 1223 1821 1262 nec

217 1296 293 1351 sic
358 1298 732 1369 completum,
794 1298 942 1370 quod
1000 1297 1397 1368 repromissum
1458 1296 1642 1351 fuerat
1704 1296 1820 1350 ullo

216 1386 384 1440 modo
413 1385 670 1441 dubitari
698 1386 957 1454 deberet;
1001 1385 1135 1457 quia
1162 1385 1310 1440 Deus
1332 1390 1421 1439 est
1443 1385 1539 1456 qui
1567 1384 1819 1440 futurum

215 1476 317 1529 hoc
363 1475 491 1530 sine
521 1475 959 1529 commutatione
996 1474 1443 1546 repromisserat.
1476 1473 1655 1539 Unde,
1690 1473 1822 1544 quia

217 1568 344 1630 49
357 1580 593 1618 omnem
613 1563 1002 1635 genealogiam
1021 1579 1123 1634 per
1137 1561 1547 1617 successionem
1566 1578 1743 1632 usque
1760 1562 1819 1616 in

1908 413 2054 481 quod
2093 412 2282 467 Joram
2322 414 2619 470 Ochoziam
2648 419 2927 488 genuerit,
2957 425 3014 474 et
3041 420 3111 474 de
3141 422 3383 477 Ochozia
3425 424 3501 478 sit

1904 500 2130 570 genitus
2159 502 2288 556 Joas
2320 521 2331 555 :
2363 519 2428 558 ac
2469 504 2669 560 deinde
2711 507 2843 577 quia
2888 509 3019 563 Joas
3045 511 3306 580 genuerit
3332 512 3498 566 Ama-

1907 588 2067 655 siam,
2101 590 2190 645 cui
2228 593 2493 647 successit
2536 594 2594 647 in
2640 611 2877 665 regnum
2923 597 3013 651 hic
3051 597 3230 665 Ozias,
3265 600 3397 671 quia
3425 600 3494 654 ab

1907 678 2261 750 Evangelista
2289 680 2393 736 hoc
2420 681 2479 736 in
2505 682 2625 737 loco
2654 682 2802 739 ﬁlius
2826 686 3017 740 Joram
3041 686 3368 743 inscribitur
3396 690 3503 759 (IV

1906 768 2027 834 Reg.
2077 782 2197 833 VIII,
2244 768 2352 833 24;
2402 786 2483 837 x1,
2523 769 2586 839 2;
2648 786 2741 838 xu,
2783 772 2891 841 2i;
2945 789 3034 842 xv,
3074 776 3151 844 1).
3194 777 3355 841 Quod
3408 778 3494 831 fa-

1904 858 2057 907 ctum
2089 871 2200 909 non
2233 856 2331 910 abs
2363 874 2424 911 re
2453 858 2681 913 omnino
2712 860 2975 928 creditur,
3007 863 3053 916 si
3082 864 3318 918 intentio
3347 865 3493 919 Mat-

1904 942 2054 1003 thsei,
2085 943 2200 998 imo
2231 960 2332 1014 per
2358 961 2488 999 eum
2520 946 2761 1017 Spiritus
2782 950 2959 1003 sancti
2984 951 3053 1004 ad
3082 967 3287 1022 purum
3316 955 3494 1008 consi-

1903 1029 2150 1086 deretur.
2182 1033 2541 1103 Pr0positum
2570 1036 2718 1090 enim
2760 1042 2884 1091 erat
2911 1038 2962 1091 ei
2994 1043 3109 1093 tres
3141 1044 3491 1096 tessarescm-

1904 1119 2140 1175 decadas
2167 1121 2227 1175 in
2252 1121 2531 1177 diversum
2552 1128 2763 1179 statum
2783 1142 3009 1196 ponere,
3032 1132 3088 1180 et
3108 1128 3189 1181 ita
3211 1128 3492 1201 obtempeo

1902 1223 2028 1263 rare
2056 1213 2120 1263 ut
2161 1210 2429 1281 mysticus
2457 1218 2937 1269 sacramentorum
2970 1231 3237 1271 numerus
3262 1217 3320 1271 in
3350 1233 3491 1289 qua-

1903 1297 2164 1368 draginta
2192 1304 2249 1352 et
2271 1298 2411 1354 duos
2429 1306 2703 1371 surgeret.
2724 1302 2966 1373 Ideoque
2992 1309 3106 1358 tres
3130 1305 3266 1359 istos
3285 1306 3355 1360 de
3377 1323 3491 1361 me-

1902 1385 1995 1440 dio
2026 1387 2220 1442 tulisse
2250 1390 2516 1443 cernitur.
2552 1390 2619 1444 Et
2647 1406 2760 1445 non
2786 1391 2964 1445 solum
2995 1391 3185 1463 itaque
3205 1392 3276 1447 ob
3303 1394 3407 1448 hoc
3425 1398 3491 1449 ut

1902 1475 2051 1529 istud
2081 1477 2380 1532 conﬁceret
2406 1484 2838 1545 sacramentum,
2874 1496 3069 1539 verum
3094 1482 3263 1535 etiam
3296 1488 3361 1536 ut
3389 1499 3490 1537 nos

1900 1563 2160 1633 legaliter
2186 1565 2525 1633 institueret,
2550 1573 2607 1621 et
2632 1584 2899 1637 magnum
2923 1568 3081 1623 nobis
3104 1568 3379 1624 tribueret
3395 1570 3491 1625 do-

211 1651 527 1718 Christum,
560 1653 684 1707 sine
709 1650 971 1722 ambiguo
1000 1651 1067 1706 de
1096 1651 1273 1705 David
1302 1651 1476 1722 stirpe
1502 1656 1812 1717 teneamus,
1836 1636 2244 1707 Bcumentum.
2279 1655 2469 1709 Joram
2498 1655 2702 1727 quippe
2728 1636 2921 1727 generi
2962 1674 3020 1711 se
3049 1658 3354 1713 miscuerat
3380 1658 3490 1713 im-

209 1746 263 1796 et
298 1758 436 1797 eum
464 1741 528 1797 in
559 1747 838 1797 aeternum
862 1757 1030 1813 super
1061 1740 1263 1795 solium
1294 1743 1351 1794 et
1377 1755 1547 1811 super
1573 1756 1814 1810 regnum

205 1831 327 1902 ejus
355 1830 560 1885 sedere
591 1829 893 1895 credimus,
925 1829 1145 1884 nullum
1175 1828 1347 1883 alium
1371 1829 1490 1899 jam
1512 1834 1812 1883 venturum

207 1926 634 1991 exspectemus;
669 1936 760 1986 ne,
796 1919 944 1990 quod
976 1918 1142 1983 absit,
1170 1934 1271 1990 pro
1292 1934 1357 1971 eo
1381 1918 1809 1985 Antichristum,

208 2009 298 2080 qui
329 2009 565 2063 futurus
606 2014 692 2063 est
719 2008 778 2063 in
808 2007 1037 2074 mundo,
1066 2007 1424 2078 recipiamus.
1450 2007 1519 2061 Et
1548 2007 1593 2061 si
1624 2023 1814 2078 quem-

208 2097 355 2170 piam
387 2103 599 2165 movet,
634 2096 914 2169 quomodo
943 2097 1034 2150 hic
1061 2095 1256 2150 sedere
1284 2096 1502 2150 dicatur
1521 2112 1691 2167 super
1720 2111 1812 2150 so-

209 2187 345 2241 lium
377 2193 439 2241 et
461 2203 706 2258 regnum
735 2184 932 2249 David,
955 2200 1081 2240 cum
1104 2183 1223 2256 ipse
1250 2183 1424 2239 David
1462 2200 1575 2239 non
1606 2184 1814 2239 sederit

211 2293 300 2331 rex
325 2293 508 2348 super
538 2274 743 2331 solium
772 2280 829 2330 et
866 2291 1103 2346 regnum
1140 2274 1290 2329 illius
1323 2272 1562 2328 cmlestis
1591 2274 1812 2329 Jerusa-

210 2365 333 2432 lem,
369 2381 563 2437 neque
592 2363 851 2420 Christus
898 2379 1066 2435 super
1093 2363 1239 2418 hanc
1267 2366 1553 2417 terrenam
1582 2362 1812 2415 Jerusa-

213 2455 316 2509 lem
345 2471 447 2509 rex
488 2453 703 2508 sedisse
731 2454 987 2524 legatur;
1020 2452 1333 2524 praesertim
1360 2467 1484 2506 cum
1512 2451 1633 2522 ipse
1664 2449 1813 2504 dicat

213 2542 389 2598 Pilato
415 2562 427 2596 :
460 2545 713 2611 Regnum
740 2557 924 2596 meum
948 2558 1058 2595 non
1085 2547 1160 2595 est
1190 2542 1252 2595 de
1280 2542 1375 2594 hoc
1401 2539 1649 2593 mundo:
1677 2540 1812 2607 quia

215 2634 259 2684 si
274 2633 337 2687 de
350 2633 453 2687 hoc
473 2634 686 2686 mundo
706 2637 854 2699 esset,
872 2634 1062 2700 utique
1076 2630 1329 2683 ministri
1343 2632 1456 2681 mei
1473 2629 1813 2681 decertarent

218 2736 279 2775 ne
328 2722 586 2775 traderer
611 2721 813 2775 Judaris
843 2722 1033 2793 (Joan.
1062 2731 1217 2784 xvm,
1251 2715 1362 2786 36).
1400 2715 1649 2771 Dicimus
1679 2730 1811 2787 ergo

215 2810 357 2864 hanc
405 2809 697 2863 civitatem
725 2806 1055 2873 Jerusalem,
1098 2804 1250 2859 illius
1293 2805 1535 2877 ﬁguram
1572 2803 1810 2858 cmlestis

213 2896 494 2963 habuisse,
546 2901 603 2951 et
646 2895 752 2950 hoc
799 2910 1037 2966 regnum
1080 2893 1231 2948 illius
1274 2894 1499 2947 schema
1546 2893 1805 2963 gessisse.

1897 1740 2162 1812 piissimae
2182 1742 2401 1798 Jezabel
2428 1762 2440 1796 :
2475 1748 2532 1798 et
2559 1745 2685 1799 ideo
2712 1761 2889 1817 usque
2911 1746 2977 1799 ad
3006 1747 3232 1801 tertiam
3256 1763 3490 1817 genera-

1895 1830 2105 1885 tionem
2136 1833 2257 1902 ejus
2290 1833 2560 1887 memoria
2598 1834 2668 1887 de
2697 1840 2901 1889 sancta:
2937 1835 3246 1890 nativitatis
3294 1835 3488 1891 ordine

1894 1922 2043 1973 recte
2060 1920 2296 1974 tollitur.
2324 1921 2484 1985 Quod
2506 1924 2676 1976 etiam
2704 1922 2764 1976 in
2788 1923 2911 1995 lege
2940 1923 3097 1994 prius
3126 1941 3227 1995 per
3254 1926 3486 1996 Moysen

1893 2008 2042 2063 Deus
2059 2008 2300 2063 dixerat:
2326 2010 2436 2078 Ego
2453 2026 2577 2064 sum
2597 2011 2883 2077 Dominus,
2903 2013 3044 2066 Deus
3066 2014 3251 2080 fortis,
3273 2018 3481 2079 zelotes,

1892 2099 2127 2151 visitans
2132 2104 2352 2167 peccata
2357 2104 2590 2167 patrum
2610 2102 2674 2153 in
2685 2102 2828 2167 ﬁlios
2840 2103 2903 2154 in
2916 2102 3138 2154 tertiam
3149 2117 3215 2155 ac
3222 2108 3486 2169 quartam

1891 2189 2320 2254 generationem,
2344 2204 2536 2241 eorum
2557 2190 2655 2257 qui
2683 2188 2919 2243 oderunt
2942 2205 3053 2254 me;
3084 2194 3133 2243 et
3157 2192 3365 2257 faciens
3383 2192 3489 2244 mi-

1891 2276 2253 2330 sericordiam
2284 2279 2347 2330 in
2374 2280 2558 2331 multa
2587 2277 2795 2343 millia,
2816 2278 2900 2331 his
2922 2281 3021 2347 qui
3048 2279 3295 2346 diligunt
3320 2296 3420 2345 me,
3436 2284 3487 2333 et

1893 2365 2208 2419 custodiunt
2237 2367 2503 2420 mandata
2534 2365 2857 2436 mea(E:rod.
2890 2380 3016 2432 xxx,
3053 2368 3124 2434 5).
3158 2367 3264 2422 Ubi
3288 2373 3485 2422 notan-

1893 2450 2026 2507 dum
2056 2453 2203 2524 quod
2229 2453 2298 2509 de
2325 2454 2423 2508 illa
2454 2454 2720 2525 progenie
2744 2453 2968 2521 dicitur,
3003 2472 3126 2526 qum
3155 2455 3215 2510 in
3243 2457 3483 2527 peccatis

1892 2545 2118 2610 patrum
2142 2547 2199 2595 et
2225 2541 2285 2595 in
2314 2542 2441 2596 odio
2462 2542 2719 2613 pertinax
2738 2542 2907 2597 fuerit
2931 2544 3235 2599 virtutum:
3261 2545 3405 2600 sicut
3427 2548 3485 2599 et

1894 2628 2277 2684 misericordia
2323 2630 2379 2683 in
2427 2630 2538 2684 illis
2571 2632 2657 2699 ﬁt,
2688 2631 2783 2701 qui
2830 2631 2887 2685 in
2915 2631 3212 2687 dilectione
3259 2634 3483 2687 Domini

1894 2714 2145 2769 continui
2164 2714 2596 2786 permanserint.
2616 2716 2802 2769 Bonus
2823 2732 3068 2787 namque
3089 2717 3277 2783 homo,
3295 2734 3487 2787 quam-

1891 2802 1973 2856 vis
2009 2804 2078 2858 de
2107 2803 2271 2858 malis
2301 2803 2628 2876 parentibus
2665 2803 2740 2857 sit
2779 2809 2966 2871 natus,
3010 2805 3392 2859 misericordia
3418 2807 3485 2860 ﬁt

1892 2891 2093 2964 dignus
2113 2911 2129 2946 :
2146 2894 2290 2948 sicut
2313 2909 2344 2947 e
2368 2893 2667 2958 contrario,
2694 2894 2879 2947 malus
2904 2892 3140 2964 quilibet
3158 2910 3223 2948 ex
3234 2893 3484 2966 bonogeo

214 2988 291 3041 Ac
320 3004 422 3059 per
438 2985 618 3040 hocin
642 3002 708 3040 eo
729 3001 903 3055 regno
924 2982 1064 3037 illud
1080 2985 1199 3054 jam
1223 2982 1405 3036 inerat
1426 2998 1526 3052 per
1544 2982 1807 3052 ﬁguram,
1826 2990 1874 3052 Ο
1891 2987 2140 3043 neratus.
2165 2998 2330 3054 paena
2349 2982 2631 3054 plectitur,
2653 2982 2754 3037 Dei
2774 2982 2987 3053 judicio
3019 2982 3326 3037 rectissime
3357 3000 3483 3039 con-

213 3074 354 3129 sieut
374 3075 434 3127 in
450 3075 559 3128 isto
569 3079 796 3128 terreno
812 3069 951 3126 illud
967 3069 1190 3125 caeleste
1209 3069 1621 3142 quodammodo
1636 3070 1809 3124 fuisse

1890 3070 2206 3128 damnatus.
2233 3072 2424 3125 Joram
2452 3071 2643 3144 itaque
2673 3071 2855 3142 qualis
2882 3070 3053 3125 fuerit
3080 3071 3269 3125 divina
3295 3072 3485 3143 prodit

214 3162 434 3217 videtur
459 3179 566 3235 per
591 3161 877 3217 umbram.
901 3159 1011 3215 Sed
1030 3158 1228 3214 umbra
1247 3159 1367 3229 jam
1390 3157 1677 3213 exinanita
1694 3175 1810 3213 cer-
1889 3160 2143 3215 historia.
2166 3159 2313 3230 quod
2334 3160 2483 3214 Deus
2509 3159 2560 3213 ei
2585 3159 2790 3214 dixerit
2813 3179 2825 3213 :
2854 3160 3006 3227 Quod
3032 3176 3143 3214 non
3172 3163 3479 3215 ambulasti

213 3252 386 3317 nitur,
420 3257 487 3305 ut
514 3251 611 3306 lux
639 3267 771 3305 vera
790 3250 1137 3313 succederet;
1169 3252 1228 3303 et
1247 3248 1430 3318 ﬁgura
1454 3253 1589 3301 tunc
1609 3247 1805 3318 viguit,

211 3344 279 3395 ut
305 3340 514 3395 veritas
540 3340 759 3393 interea
778 3338 1074 3400 celaretur.
1099 3338 1275 3391 donec
1294 3334 1582 3409 plenitudo
1598 3340 1810 3406 tempo-

213 3431 293 3483 ris
330 3430 570 3484 veniret.
615 3429 685 3483 Et
730 3428 855 3482 ideo
900 3443 1033 3481 sane
1060 3432 1210 3480 recte
1251 3426 1491 3479 dicimus
1525 3424 1811 3478 Christum

213 3535 381 3591 super
407 3518 617 3572 solium
644 3516 820 3572 David
851 3514 1090 3582 sedisse;
1123 3515 1256 3585 quia
1274 3514 1332 3568 in
1353 3514 1447 3567 illo
1477 3513 1615 3568 solio
1635 3512 1811 3567 David

211 3608 324 3677 jam
351 3624 597 3678 regnum
622 3605 828 3661 Christi
852 3605 1036 3659 inerat
1056 3620 1157 3677 per
1184 3605 1443 3674 ﬁguram,
1469 3618 1639 3673 super
1664 3601 1811 3673 quod

215 3696 474 3752 eumdem
505 3694 684 3751 David
714 3700 850 3749 tunc
890 3693 1118 3757 sedisse,
1166 3708 1330 3747 nemo
1363 3692 1458 3762 qui
1486 3696 1636 3745 recte
1666 3689 1815 3761 sapit

217 3785 467 3858 ambigit.
505 3785 571 3840 In
604 3783 753 3857 quod
780 3782 1027 3855 profecto
1050 3782 1307 3836 Christus
1323 3797 1559 3851 regnum
1584 3779 1812 3833 veniens

216 3893 438 3931 carnem
466 3875 539 3929 de
563 3873 778 3929 semine
804 3873 980 3946 ipsius
1005 3872 1267 3943 suscepit,
1294 3869 1580 3925 evacuavit
1600 3869 1814 3923 futuro-

215 3984 332 4021 rum
358 3964 616 4030 umbras,
663 3968 721 4017 et
763 3962 908 4017 sedit
952 3978 1120 4033 super
1166 3960 1480 4014 claritatem
1520 3957 1661 4012 lucis
1690 3973 1812 4028 quae

214 4059 339 4110 tunc
371 4054 535 4108 intus
563 4053 625 4106 in
652 4067 828 4122 regno
857 4048 1101 4116 latebat;
1144 4064 1209 4103 ac
1237 4064 1339 4120 per
1366 4047 1471 4102 hoc
1497 4046 1687 4100 civitas
1717 4045 1815 4098 illa

217 4160 317 4199 non
367 4149 503 4217 eget
550 4142 667 4196 sole
707 4140 793 4195 vel
841 4138 992 4207 luna,
1035 4137 1168 4210 quia
1196 4135 1424 4191 lucerna
1454 4152 1577 4207 quae
1602 4135 1699 4189 diu
1728 4151 1813 4190 re-

216 4231 652 4305 promittebatur
690 4229 759 4285 de
788 4228 1000 4284 semine
1027 4227 1224 4293 David,
1262 4227 1383 4297 jam
1424 4225 1483 4279 in
1529 4224 1809 4303 eaplucet;

1891 3250 1953 3303 in
1984 3250 2087 3302 viis
2116 3249 2373 3317 Josaphat
2390 3252 2571 3317 patris
2601 3252 2704 3316 tui,
2738 3254 2787 3302 et
2810 3252 2871 3302 in
2892 3251 2998 3302 viis
3018 3251 3126 3303 Asa
3145 3251 3291 3316 regis
3308 3251 3477 3315 Iuda,

1894 3339 2163 3391 incessisti
2170 3343 2353 3391 autem
2362 3353 2462 3405 per
2476 3340 2627 3391 uiam
2643 3339 2865 3391 itineris
2881 3352 3074 3404 regum
3092 3338 3282 3404 Israel,
3300 3344 3349 3391 et
3368 3339 3482 3405 for-

1894 3429 2080 3479 nicari
2104 3427 2281 3493 fecisti
2291 3427 2495 3479 Judam
2516 3430 2564 3479 et
2585 3426 2916 3480 habitatores
2941 3428 3271 3491 Jerusalem,
3294 3429 3484 3481 imita-

1896 3520 1982 3567 tus
2004 3516 2434 3581 fornicationem
2464 3515 2657 3567 domus
2682 3515 2863 3567 Achab
2888 3533 2901 3575 ;
2950 3517 3180 3584 insuper
3200 3521 3248 3568 et
3276 3516 3482 3582 fratres

1897 3607 2034 3670 tuos,
2065 3603 2290 3655 domum
2323 3606 2503 3671 patris
2545 3605 2648 3667 tui,
2681 3605 2929 3655 meliores
2968 3609 3031 3668 te,
3062 3604 3339 3666 occidisti;
3372 3620 3482 3657 ecce

1900 3691 2164 3744 Dominus
2187 3692 2453 3759 percutiet
2488 3696 2534 3743 te
2566 3693 2734 3757 plaga
2764 3705 2967 3757 magna
2997 3707 3123 3743 cum
3150 3695 3350 3759 populo
3390 3697 3482 3745 tuo

1896 3784 1945 3832 et
1974 3781 2128 3846 ﬁliis,
2162 3783 2211 3831 et
2240 3779 2506 3831 umoribus
2536 3779 2665 3844 tuis,
2686 3782 2734 3830 et
2762 3780 3083 3831 universam
3113 3780 3481 3831 substantiam

1898 3872 2071 3933 tuam,
2108 3872 2167 3920 tu
2208 3871 2393 3920 autem.
2434 3866 2718 3933 .rgrotabis
2759 3868 2987 3933 pessimo
3019 3869 3284 3933 languore
3313 3869 3479 3932 uteri,

1894 3957 2059 4010 donec
2088 3956 2445 4023 egrediantur
2464 3956 2662 4008 vitalia
2693 3958 2788 4007 tua
2814 3956 3094 4023 paulatim
3118 3969 3219 4021 per
3235 3956 3481 4021 singulos

1894 4047 2006 4099 dies
2030 4047 2119 4115 (II
2141 4046 2270 4099 Par.
2301 4058 2415 4111 xxn,
2452 4042 2557 4112 12).
2584 4043 2653 4097 Et
2679 4043 2761 4097 ita
2786 4042 2994 4097 factum
3027 4043 3287 4112 legimus,
3313 4048 3483 4113 atque

1895 4133 1976 4188 ita
2000 4138 2363 4205 consumptus
2392 4137 2476 4187 est
2521 4131 2650 4187 tabe
2687 4138 2753 4187 ut
2780 4137 3033 4204 egereret
3068 4132 3239 4187 etiam
3271 4132 3485 4186 viscera

1894 4240 2031 4291 sua;
2072 4224 2343 4294 languore
2374 4222 2587 4293 pariter
2640 4226 2697 4275 et
2745 4222 2856 4275 vita
2884 4222 3081 4275 caruit.
3118 4222 3486 4293 Mortuusque

220 4302 266 4378 et
289 4325 387 4378 lux
412 4322 514 4377 illa
544 4322 665 4394 ipse
688 4324 774 4374 est
800 4320 1013 4390 Agnus,
1048 4317 1147 4372 diu
1174 4317 1233 4369 in
1258 4316 1441 4388 ﬁgura
1477 4330 1577 4385 pro
1608 4302 1879 4385 populoD
1896 4319 1981 4367 est
2000 4312 2329 4369 inﬁrmitate
2357 4312 2615 4383 pessima,
2642 4315 2699 4364 et
2726 4326 2839 4371 non
2866 4310 2993 4364 fecit
3020 4317 3131 4377 δι
3167 4310 3219 4364 ei
3247 4311 3485 4381 populus

221 4412 558 4468 immolatus.
603 4409 817 4465 Idcirco
848 4407 1016 4461 etiam
1045 4406 1117 4460 ad
1146 4406 1336 4459 Joram
1362 4409 1418 4458 et
1444 4403 1688 4475 reliquos
1719 4401 1814 4473 qui

222 4500 386 4557 Deum
405 4481 576 4556 malis
598 4499 714 4553 suis
734 4497 1110 4561 irritaverant,
1128 4498 1278 4548 recte
1299 4493 1507 4547 dicitur
1527 4492 1815 4546 lucernam

224 4589 582 4646 successionis
632 4592 863 4659 propter
906 4583 1080 4640 David
1128 4589 1185 4637 et
1225 4588 1454 4656 prepter
1502 4581 1815 4636 Jerusalem

225 4681 421 4734 cunctis
447 4676 651 4732 diebus
680 4692 872 4730 coram
899 4673 1138 4729 Domino
1163 4688 1502 4727 reservasse.
1529 4670 1675 4735 Quia
1701 4684 1814 4723 non

228 4768 391 4822 solum
420 4767 481 4821 in
524 4782 744 4831 eorum,
769 4765 867 4819 sed
898 4764 1070 4818 etiam
1098 4778 1202 4816 nec
1226 4760 1286 4815 in
1307 4760 1558 4815 omnium
1589 4757 1814 4814 sceleri-

228 4852 324 4921 bus,
350 4874 482 4927 quae
514 4855 623 4909 sibi
652 4853 898 4909 mundus
932 4868 1032 4923 per
1056 4855 1244 4923 partes
1268 4853 1639 4913 contraxerat,
1674 4847 1813 4903 adeo

230 4946 390 5013 potuit
420 4943 740 5018 provocari,
765 4943 850 4997 uti
875 4943 1258 5013 juramentum
1281 4937 1678 4993 misericordiae
1699 4951 1813 4990 suae

229 5024 431 5090 irritum
465 5034 721 5088 duceret.
754 5031 914 5087 Unde
945 5030 1050 5086 etsi
1079 5029 1310 5102 quidam
1346 5046 1410 5083 ex
1448 5027 1585 5100 ipsis
1622 5027 1679 5080 in
1708 5026 1813 5079 hac

233 5123 540 5194 genealogia
589 5139 703 5177 non
743 5125 1076 5176 meruerunt
1117 5116 1378 5184 adscribi,
1413 5133 1577 5171 nemo
1622 5122 1814 5170 tamen

234 5207 468 5268 inventus
495 5216 585 5266 est
614 5226 796 5283 usque
824 5210 895 5264 ad
925 5209 1231 5271 Christum,
1263 5207 1351 5261 cui
1379 5222 1479 5277 per
1506 5204 1812 5259 successio-

236 5312 341 5353 nem
367 5302 518 5355 ﬁlius
570 5305 896 5372 negaretur.
945 5298 1105 5362 Quod
1153 5296 1438 5365 continuo.
1464 5293 1814 5349 manifestius

241 5390 557 5458 approbatur
586 5390 646 5443 in
676 5386 1062 5460 sequentibus.

296 5483 410 5546 Eo
426 5482 641 5549 Joram,
668 5478 879 5550 inquit,
900 5478 1093 5546 genuit
1117 5475 1330 5532 Oxiam.
1354 5474 1421 5528 Et
1445 5473 1603 5530 Ozias
1622 5473 1815 5541 genuit

1896 4402 2202 4457 secundum
2222 4416 2437 4455 morem
2466 4399 2866 4454 combustionis
2894 4399 3202 4470 exsequias,
3231 4400 3376 4453 sicut
3400 4400 3485 4454 fe-

1897 4494 2051 4545 cerat
2076 4488 2383 4559 majoribus
2412 4489 2554 4558 ejus,
2584 4503 2768 4559 neque
2798 4486 3143 4557 sepelierunt
3163 4502 3292 4541 eum
3315 4487 3373 4540 in
3401 4503 3486 4541 se-

1894 4579 2086 4652 pulcro
2114 4594 2329 4648 regum.
2355 4577 2533 4641 Quem
2554 4582 2777 4631 secutus
2800 4592 3020 4647 quoque
3040 4575 3310 4629 Ochozias
3334 4575 3484 4630 ﬁlius

1896 4669 2037 4739 ejus,
2063 4667 2354 4737 Scriptura
2381 4670 2523 4719 teste
2557 4683 2567 4717 :
2602 4666 2884 4732 Ingressus
2916 4669 2993 4717 est
3014 4679 3115 4732 per
3142 4666 3259 4717 vias
3289 4664 3485 4717 domus

1894 4757 2095 4812 Achab.
2130 4758 2240 4825 Ipsi
2264 4758 2413 4809 enim
2442 4756 2745 4822 fueruntet
2773 4755 3092 4807 consiliarii
3113 4757 3230 4821 post
3252 4757 3483 4806 mortem

1892 4847 2074 4915 patris
2099 4847 2192 4898 sui
2218 4848 2282 4897 in
2309 4846 2603 4896 interitum
2632 4844 2747 4910 ejus
2763 4843 2843 4908 (ΙῙ
2850 4842 2979 4895 Par.
3001 4854 3137 4906 xxu,
3156 4838 3234 4911 3).
3252 4840 3362 4894 Sed
3382 4841 3485 4894 hoc

1897 4934 2125 4990 omnino
2154 4949 2256 4987 nos
2284 4936 2488 4997 movet,
2513 4930 2647 5002 quia
2668 4931 2727 4985 in
2754 4929 2895 4983 libro
2920 4929 3391 5000 Paralipomenon
3412 4930 3480 4997 (Ι,

1896 5038 2031 5089 xxu,
2049 5022 2100 5093 2)
2119 5022 2358 5092 legimus
2380 5020 2527 5091 quod
2551 5019 2925 5091 quadraginta
2945 5018 3185 5072 duorum
3207 5033 3485 5072 annorum

1897 5119 2018 5167 erat
2044 5129 2170 5166 cum
2200 5126 2436 5182 regnare
2467 5109 2741 5180 ccepisset,
2766 5108 2900 5181 quid
2921 5108 2996 5161 sit
3015 5107 3163 5178 quod
3184 5112 3345 5179 pater
3363 5107 3485 5176 ejus

1896 5202 1922 5256 J
1929 5218 2084 5255 oram
2113 5201 2345 5269 triginta
2368 5200 2607 5253 duorum
2629 5213 2908 5251 annorum
2931 5196 3103 5250 tuisse
3125 5194 3331 5265 legitur
3355 5211 3484 5248 cum

1896 5306 2133 5361 regnare
2153 5290 2429 5360 ccepisset,
2454 5298 2510 5342 et
2533 5294 2655 5341 octo
2675 5286 2835 5341 annis
2854 5286 3188 5358 regnaverit,
3203 5284 3299 5355 qui
3318 5284 3489 5337 simul

1897 5381 2043 5435 ﬁunt
2059 5378 2192 5432 anni
2213 5378 2587 5449 quadraginta
2606 5378 2686 5445 (II
2700 5379 2829 5431 Par.
2846 5390 2957 5443 xxi,
2977 5375 3090 5446 ‘20).
3110 5373 3269 5440 Quod
3290 5385 3493 5424 verum

1899 5485 2021 5525 esse
2047 5466 2275 5525 omnino
2302 5483 2416 5523 non
2449 5471 2685 5522 constat.
2717 5465 2863 5531 Quia
2888 5465 2938 5521 si
2960 5464 3230 5521 Ochozias
3251 5456 3502 5529 quadra-
