3966 6206
439 238 506 294 71
1201 232 1260 286 S.
1300 230 1678 286 PASCHASII
1716 224 2083 285 RADBERTI
2112 223 2418 283 ABBATIS
2457 226 2947 286 CORBEIENSIS.

3638 233 3708 291 72

434 361 596 431 ginta
641 373 918 414 annorum
965 360 1116 411 esset
1150 372 1279 411 cum
1305 356 1455 427 l'post
1492 360 1712 427 patrem
1739 368 1905 408 suum
1932 366 2023 404 re-
2039 351 2094 411 A
2111 355 2212 405 aut
2237 367 2273 405 a
2297 352 2421 423 lege
2440 352 2724 408 videretur
2743 353 3009 408 excedere
3030 351 3171 407 ultio
3191 351 3397 419 divina,
3415 358 3516 429 aut
3532 358 3702 422 certe,

437 465 614 520 gnare
641 448 916 518 coepisset,
949 449 1073 500 erat
1103 444 1351 516 profecto
1380 444 1528 514 patri
1554 460 1655 497 suo
1686 441 1902 495 duobus
1931 455 2028 492 an-

438 539 528 593 nis
578 543 709 591 ante
751 541 937 601 natus,
970 534 1117 605 quod
1164 534 1347 587 facere
1388 532 1612 602 penitus
1662 530 1788 600 ipsa
1831 534 2037 582 natura

436 630 715 703 prohibet.
753 628 913 683 Unde
956 629 1176 681 constat
1222 624 1362 678 illud
1387 623 1571 676 verius
1612 621 1751 687 fore,
1783 619 1933 690 quod
1972 618 2032 672 in

441 716 663 789 Regum
678 716 960 771 volumine
980 714 1235 784 legimus;
1255 711 1385 782 quia
1398 710 1597 781 viginti
1622 710 1733 764 duo
1751 723 2031 762 annorum

438 807 611 863 fuerit
656 822 784 860 cum
828 818 1065 873 regnare
1107 799 1367 870 coepisset
1395 800 1491 867 (IV
1513 800 1635 865 Reg.
1668 812 1787 863 VIII,
1818 795 1931 865 26).
1963 796 2034 849 Et

440 901 527 951 est
548 895 686 949 illud
710 893 858 964 quod
884 892 942 944 in
970 889 1163 944 multis
1184 887 1650 958 Paralipomenon
1678 885 1837 939 libris
1863 883 2031 938 habe-

437 991 550 1050 tur,
582 982 916 1052 scriptorum
944 977 1097 1043 vitio,
1130 976 1276 1030 sicut
1302 980 1359 1029 et
1403 975 1528 1029 aliis
1573 975 1632 1028 in
1672 974 1808 1027 locis
1838 987 2030 1043 quam-

440 1070 715 1144 plurimis,
747 1069 1132 1138 depravatum.
1152 1065 1429 1119 Caeterum
1449 1064 1579 1117 Joas
1600 1061 1749 1115 ﬁlius
1779 1059 2029 1116 Ochoziaa

441 1159 621 1231 qualis
649 1157 838 1223 fuerit,
863 1160 1164 1227 postquam
1192 1152 1332 1207 obiit
1360 1151 1557 1206 Joiada
1584 1149 1862 1215 sacerdos,
1889 1148 2031 1203 Scri-

438 1253 606 1319 ptura
637 1249 878 1299 testatur
899 1242 1089 1296 dicens
1121 1259 1132 1293 :
1179 1241 1284 1307 Qui
1327 1241 1564 1308 ingressi
1589 1243 1721 1292 sunt
1750 1239 2030 1306 principes

434 1337 602 1401 Juda,
627 1339 675 1388 et
702 1334 1079 1386 adoraverunt
1100 1345 1300 1396 regem,
1320 1330 1420 1396 qui
1440 1328 1706 1381 delinitus
1735 1341 1925 1379 eorum
1946 1326 2033 1378 ob-

440 1425 663 1492 sequiis,
691 1422 964 1488 acquievit
992 1420 1068 1472 eis
1084 1437 1100 1482 ;
1135 1422 1184 1471 et
1207 1418 1620 1484 dereliquerunt
1644 1417 1907 1483 templum
1932 1414 2032 1467 Do-

437 1514 588 1567 mini
622 1512 714 1564 Dei
738 1511 830 1563 sui
854 1512 1088 1577 patrum
1114 1520 1370 1571 suorum,
1396 1510 1444 1559 et
1472 1508 1785 1558 servierunt
1816 1504 1954 1556 lucis
1982 1507 2031 1555 et

439 1600 863 1669 sculptibilibus,
884 1599 931 1649 et
961 1597 1110 1663 facta
1137 1600 1211 1648 est
1238 1597 1329 1647 ira
1346 1594 1576 1647 Domini
1604 1596 1797 1645 contra
1824 1591 2031 1644 Judam

2119 439 2215 510 qui
2242 445 2468 510 patrum
2490 441 2672 496 noluit
2698 441 2910 496 imitari
2929 441 3267 512 impietates,
3291 442 3411 513 ipse
3431 459 3626 497 eorum
3649 442 3709 497 in

2117 529 2360 598 peccatis
2388 528 2675 583 videretur
2702 530 2924 583 involvi.
2960 530 3081 594 Quo
3102 530 3221 585 loco
3246 530 3534 602 probatur,
3565 531 3710 586 sicut

2104 621 2171 689 et
2197 616 2256 670 in
2276 616 2401 670 aliis
2419 634 2590 687 quam
2611 618 2887 688 plurimis,
2914 634 3375 689 unumquemque
3402 619 3461 672 in
3479 625 3706 690 peccato

2113 719 2214 758 suo
2242 705 2385 758 mori
2415 704 2620 759 debere
2651 724 2662 758 :
2697 710 2772 771 et,
2806 705 2853 758 si
2881 711 3105 760 secutus
3142 706 3313 761 fuerit
3341 723 3526 761 mores
3554 708 3706 778 prio-

2112 809 2241 846 rum
2269 799 2494 864 patrum
2523 793 2700 848 bonos
2729 794 2991 859 malosve,
3012 810 3205 864 pinnas
3224 794 3331 849 sibi
3358 801 3465 853 aut.
3475 796 3708 867 praemia

2110 879 2516 936 benedictionis
2551 882 2909 937 accumulari.
2938 883 3059 946 Quo
3087 883 3331 955 profecto
3352 890 3411 939 et
3432 886 3527 939 isti
3554 886 3709 956 peni-

2108 973 2202 1023 tus
2231 969 2361 1024 hinc
2388 970 2458 1024 de
2483 970 2666 1024 medio
2694 969 2797 1025 sub
2825 971 3048 1025 silentio
3076 971 3429 1040 auferuntur,
3453 972 3709 1028 videlicet

2110 1062 2341 1128 propter
2370 1075 2594 1130 poenam
2623 1059 2835 1130 peccati
2867 1078 2880 1126 ;
2933 1064 2991 1113 et
3025 1064 3217 1114 tamen
3266 1061 3451 1115 fructu
3479 1061 3707 1116 benedi-

2112 1146 2313 1200 ctionis
2353 1145 2414 1200 in
2459 1148 2694 1214 semine,
2741 1152 2973 1219 propter
3009 1149 3441 1219 praecedentium
3477 1156 3706 1221 patrum

2111 1233 2468 1304 repromissa,
2501 1235 2736 1290 minime
2759 1236 3068 1306 privantur.
3092 1236 3302 1294 Idcirco
3332 1243 3390 1292 et
3415 1238 3486 1293 de
3514 1241 3706 1294 Joram

2111 1327 2262 1377 recte
2290 1322 2516 1389 dicitur,
2540 1324 2690 1395 quod
2720 1328 2964 1379 noluerit
2991 1326 3261 1379 Dominus
3280 1328 3587 1395 disperdere
3614 1330 3707 1383 do-

2111 1426 2270 1464 mum
2284 1412 2460 1466 David
2475 1418 2700 1480 propter
2705 1418 2933 1481 pactum
2949 1415 3092 1481 quod
3106 1416 3316 1468 inierat
3336 1431 3462 1469 cum
3478 1432 3555 1482 eo,
3570 1420 3706 1486 quia

2105 1502 2368 1568 promisit
2406 1503 2499 1554 illi
2540 1502 2675 1554 dare
2712 1504 3011 1559 lucernam
3051 1517 3116 1555 ac
3146 1504 3280 1569 filiis
3308 1506 3424 1572 ejus
3453 1507 3517 1558 in
3546 1508 3706 1559 omni

2114 1592 2349 1655 tempore
2375 1588 2452 1652 (II
2471 1591 2601 1643 Par.
2620 1603 2731 1653 xxI,
2754 1589 2829 1653 7).
2847 1590 3029 1653 Quam
3053 1590 3339 1645 lucernam
3364 1597 3595 1663 propter
3616 1595 3707 1664 ju-

438 1696 488 1744 et
528 1689 833 1743 Jerusalem
874 1688 1098 1753 propter
1130 1683 1228 1736 hoc
1268 1685 1551 1750 peccatum
1585 1681 1657 1747 (II
1698 1682 1829 1733 Par.
1872 1681 2431 1755 xx1v,Bramentum
2460 1682 2680 1731 constat
2706 1678 2934 1733 omnino
2962 1678 3092 1749 quia
3122 1679 3312 1734 nullus
3341 1687 3700 1751 peccatorum

437 1779 531 1846 17,
546 1774 661 1845 18).
681 1773 894 1829 Occidit
924 1771 1092 1825 etiam
1112 1770 1436 1825 Zachariam
1456 1769 1806 1839 prophetam,
1827 1766 2025 1831 ﬁlium,

441 1870 506 1921 ut
533 1865 744 1929 dicunt,
765 1861 973 1916 Joiadae
995 1859 1318 1924 sacerdotis,
1337 1858 1432 1929 qui
1452 1874 1581 1911 eum
1609 1856 1669 1910 in
1693 1856 1902 1926 templo
1926 1856 2033 1909 Do-

439 1954 581 2009 mini
607 1952 888 2006 nutrierat
914 1954 972 2004 et
990 1947 1360 2003 constituerat
1386 1962 1597 2017 regem.
1623 1945 1802 2009 Quem
1830 1944 2033 1998 Zacha-

439 2043 603 2102 riam,
645 2048 774 2095 cum
806 2042 960 2093 esset
994 2037 1367 2091 collactaneus
1395 2036 1517 2105 ejus
1546 2040 1604 2088 et
1645 2033 2028 2100 consobrinus,

439 2136 497 2186 et
539 2129 781 2201 Spiritus
811 2125 1036 2182 Domini
1063 2124 1341 2179 induisset
1364 2139 1494 2177 eum
1536 2138 1601 2176 ac
1637 2122 1767 2176 fecit
1794 2128 1944 2176 stare
1972 2121 2032 2175 in

437 2222 741 2289 conspectu
770 2215 979 2287 populi,
1011 2213 1107 2285 qui
1134 2212 1276 2267 dixit
1298 2212 1350 2266 ei
1374 2230 1385 2264 :
1420 2213 1541 2266 Haec
1565 2212 1709 2264 dixit
1736 2212 2026 2279 Dominus,

439 2323 612 2377 quare
661 2304 1061 2371 transgredimi
1093 2306 1424 2369 praeceptum
1452 2301 1681 2353 Domini
1707 2300 1850 2367 quod
1886 2300 2032 2353 vobis

442 2411 554 2450 non
579 2395 848 2463 proderit,
898 2396 945 2445 et
968 2392 1270 2458 reliquistis
1295 2390 1595 2443 Dominum
1612 2392 1673 2440 ut
1696 2389 2033 2455 relinqueret

438 2500 527 2537 vos
551 2488 575 2536 Ρ
604 2483 711 2549 Qui
739 2480 1054 2547 congregati
1071 2479 1331 2531 adversus
1358 2492 1504 2539 eum,
1528 2477 1801 2529 miserunt
1828 2475 2033 2543 lapides

438 2586 602 2640 super
632 2586 758 2623 eum
776 2572 946 2637 juxta
984 2568 1128 2633 regis
1158 2566 1459 2633 imperium
1490 2567 1551 2617 in
1578 2566 1795 2618 atrium
1841 2564 2034 2616 domus

436 2660 683 2724 Domini,
713 2662 762 2711 et
807 2671 921 2710 non
967 2659 1042 2708 est
1085 2654 1400 2707 recordatus
1427 2655 1553 2707 Joas
1591 2668 1689 2705 rex
1718 2653 2034 2705 miscricor-

439 2748 543 2802 diz
561 2762 730 2815 quam
749 2746 950 2813 fecerat
968 2743 1166 2797 Joiada
1182 2746 1343 2811 pater
1363 2743 1521 2795 illius
1533 2755 1734 2804 secum,
1751 2740 1843 2793 sed
1864 2742 2033 2792 inter-

438 2837 566 2904 fecit
613 2836 797 2903 ﬁlium
851 2835 986 2901 ejus.
1029 2831 1135 2896 Qui
1181 2846 1307 2884 cum
1350 2834 1661 2883 moreretur
1701 2830 1801 2894 ait,
1854 2828 2034 2880 Videat

435 2926 707 2979 Dominus
757 2927 806 2975 et
864 2922 1117 2988 requirat
1177 2919 1359 2984 (Ibid.,
1413 2915 1503 2979 20,
1560 2915 1650 2981 21,
1707 2914 1820 2981 2‘2).
1874 2914 2033 2977 Quod

2113 1765 2327 1819 scelera
2343 1766 2625 1836 quiverint
2643 1768 3020 1838 exstinguere,
3034 1773 3092 1822 et
3109 1768 3295 1824 adhuc
3315 1770 3506 1825 miseri
3523 1772 3706 1828 Judaei

2113 1868 2214 1922 pro
2248 1854 2494 1908 caecitate
2522 1871 2623 1909 sua
2653 1856 2771 1909 suis
2800 1855 3050 1926 quotidie
3076 1861 3432 1928 peccatorum
3455 1859 3704 1916 tenebris

2113 1939 2507 1996 obscurantur.

2190 2030 2350 2084 Ozias
2372 2036 2578 2097 autem,
2600 2033 2702 2100 qui
2731 2037 2781 2085 et
2802 2032 3057 2100 Azarias,
3078 2036 3271 2103 genuit
3287 2035 3547 2089 Joathan.
3578 2036 3708 2089 Joa-

2117 2119 2267 2172 than'
2293 2134 2417 2172 vero
2463 2122 2658 2187 genuit
2701 2121 2901 2173 Achaz.
2942 2122 3124 2176 Acha:
3169 2128 3355 2177 autem
3397 2123 3708 2180 Ezechiam.
3792 2114 3797 2117 ⁷

2115 2205 2228 2280 Sub
2269 2206 2472 2277 quibus
2500 2223 2632 2277 ergo
2661 2213 2904 2278 quatuor
2940 2208 3167 2279 regibus
3208 2211 3381 2266 Isaias
3410 2211 3705 2283 propheta,

2112 2311 2222 2349 non
2256 2301 2371 2349 tam
2419 2296 2770 2366 prophetiam
2821 2297 2890 2351 de
2936 2297 3178 2364 Christo,
3227 2300 3376 2369 quod
3423 2300 3492 2354 de
3540 2301 3709 2355 domo

2119 2388 2245 2449 53
2257 2383 2435 2437 David
2454 2384 2679 2438 futurus
2690 2390 2837 2439 esset
2844 2387 3331 2458 contexuit,quam
3343 2387 3707 2459 Evangelium

2116 2470 2373 2525 omnibus
2404 2472 2742 2543 praedicavit.
2765 2474 2924 2528 Unde
2955 2491 3082 2529 cum
3110 2476 3182 2529 ad
3210 2476 3413 2543 Achaz,
3436 2477 3533 2546 qui
3561 2475 3713 2531 idola

2116 2559 2346 2625 colebat,
2369 2560 2613 2615 diceret:
2645 2563 2765 2615 Pete
2791 2565 2893 2617 tibi
2908 2566 3135 2632 signum
3157 2581 3193 2618 α
3209 2567 3312 2619 Deo
3343 2567 3406 2618 de
3428 2568 3574 2631 cazlo,
3597 2568 3713 2620 sive

2115 2649 2179 2701 de
2192 2649 2471 2716 profundo
2490 2651 2705 2716 inferni
2727 2652 2878 2719 (Isai.
2899 2665 2996 2717 vn,
3025 2651 3130 2720 11).
3149 2652 3217 2707 Et
3236 2652 3330 2706 ille
3350 2653 3546 2708 nolens
3566 2653 3712 2708 dice-

2114 2741 2203 2789 ret
2234 2754 2245 2788 :
2279 2737 2402 2790 Non
2443 2742 2650 2805 petam,
2683 2743 2730 2791 et
2779 2755 2892 2793 non
2932 2742 3146 2794 tentabo
3188 2743 3489 2795 Dominum
3517 2742 3706 2812 (Ibid.,

2119 2822 2226 2893 12),
2258 2840 2449 2879 versus
2487 2825 2559 2879 ad
2598 2842 2823 2881 omnem
2866 2827 3097 2882 domum
3141 2829 3317 2883 David
3363 2829 3567 2896 aiebat,
3621 2831 3710 2885 di-

2115 2928 2245 2966 cens
2269 2930 2280 2965 :
2310 2915 2510 2967 Audite
2538 2918 2727 2983 utique
2752 2917 2944 2970 domus
2975 2917 3171 2973 David.
3205 2919 3476 2988 Nunquid
3497 2935 3710 2987 parum

440 3010 686 3081 profecto
715 3012 912 3079 postea
936 3005 1208 3061 Dominus
1228 3009 1471 3059 testatur
1498 3004 1728 3058 dicens:
1758 3005 1823 3057 Et
1856 3005 2094 3077 requi-c
2115 3006 2188 3056 est
2218 3004 2363 3056 vobis
2402 3006 2649 3058 molestos
2676 3021 2781 3059 esse
2807 3006 3145 3073 hominibus,
3174 3010 3311 3075 quia
3340 3011 3556 3062 molesti
3583 3011 3709 3063 estis

438 3103 597 3152 retur
627 3099 808 3150 omnis
838 3098 1068 3162 sanguis
1088 3096 1187 3161 qui
1214 3096 1415 3160 e/I‘usus
1436 3098 1513 3146 est
1540 3108 1575 3145 a
1601 3094 1874 3159 sanguine
1902 3091 2035 3146 Abel

431 3187 581 3255 justi
608 3200 775 3253 usque
803 3185 875 3236 ad
902 3184 1235 3249 sanguinem
1253 3182 1551 3247 Zachariae,
1577 3197 1735 3249 quem
1763 3181 2033 3233 occidistis

440 3277 589 3340 inter
622 3275 886 3340 templum
916 3276 967 3324 et
991 3273 1170 3324 altare
1190 3269 1409 3336 (Matth.
1435 3282 1589 3333 xxm,
1619 3266 1730 3337 35).
1757 3267 2035 3322 Successit

435 3337 611 3433 igitur
634 3337 857 3414 mortuo
884 3360 1013 3414 Joas
1042 3375 1171 3428 rege
1198 3357 1347 3411 ﬁlius
1376 3358 1424 3427 ej
1436 3374 1498 3410 us
1539 3356 1796 3410 Amasias
1824 3362 1948 3422 ὗε
1975 3354 2035 3410 in

439 3466 698 3521 regnum,
732 3448 828 3519 qui
855 3452 983 3517 post
1011 3445 1220 3499 caedem
1244 3445 1640 3509 Idumaeorum,
1674 3444 1873 3497 allatos
1902 3444 2035 3498 deos

439 3539 685 3594 ﬁliorum
714 3536 839 3592 Seir
865 3534 1066 3589 statuit
1102 3533 1208 3587 sibi
1247 3532 1304 3586 in
1340 3533 1472 3587 deos
1513 3537 1570 3587 et
1599 3532 1869 3598 adoravit,
1902 3530 2036 3584 illis-

442 3645 550 3700 que
572 3626 832 3682 adolebat
851 3625 1161 3679 incensum.
1181 3621 1555 3686 Quamobrem
1572 3621 1750 3675 iratus
1764 3621 2036 3675 Dominus

440 3717 594 3772 misit
620 3716 691 3771 ad
720 3716 880 3770 illum
910 3712 1261 3785 prophetam,
1283 3710 1378 3783 qui
1399 3711 1611 3766 diceret
1633 3710 1685 3764 ei
1714 3728 1728 3764 :
1762 3710 1875 3765 Cur
1901 3711 2036 3764 ado-

440 3810 583 3863 rasti
608 3808 727 3861 deos
754 3807 854 3875 qui
884 3820 996 3857 non
1026 3804 1401 3857 liberaverunt
1425 3803 1697 3869 populum
1721 3806 1743 3853 ?
1763 3799 1867 3854 Cui
1895 3799 1989 3853 ille
2018 3816 2030 3851 :

439 3900 588 3954 Num
617 3897 973 3952 consiliarius
1004 3896 1146 3960 regis
1166 3908 1217 3945 es
1234 3898 1257 3943 7
1281 3890 1513 3956 Quiesce,
1540 3906 1607 3943 ne
1629 3891 1967 3955 inter/icium
1991 3893 2037 3941 te

442 3986 519 4057 (II
545 3990 676 4042 Par.
706 4002 835 4051 xxv,
864 3983 950 4047 15,
970 3979 1083 4045 16).
1109 3981 1238 4034 Haec
1260 3983 1448 4033 autem
1475 3978 1662 4031 omnia
1691 3977 1818 4030 ideo
1849 3975 1940 4029 hic
1966 3975 2036 4028 ad

440 4092 689 4148 praesens
718 4072 899 4144 posui,
923 4075 989 4124 ut
1015 4068 1507 4131 animadverteres,
1534 4066 1669 4137 quia
1694 4071 1810 4119 tres
1832 4064 1924 4118 isti
1947 4064 2037 4117 Jo-

440 4178 565 4217 ram
595 4166 811 4232 patrem
841 4173 1007 4211 suum
1032 4156 1091 4209 in
1122 4154 1275 4208 omni
1302 4153 1593 4224 impietate
1622 4157 1937 4223 sequentes,
1969 4168 2035 4205 ac

441 4248 770 4304 continuum
817 4247 1076 4298 tenentes
1121 4239 1310 4294 odium
1349 4238 1403 4292 in
1456 4240 1653 4303 Deum,
1688 4239 1889 4292 merito
1919 4255 2033 4309 pra:

2116 3096 2164 3144 et
2192 3091 2298 3145 Deo
2328 3098 2479 3146 meo?
2506 3094 2818 3161 Propterea,
2851 3093 3055 3165 inquit,
3088 3098 3199 3164 ipse
3239 3098 3511 3150 Dominus
3555 3098 3709 3151 dabit

2114 3180 2263 3232 vobis
2289 3182 2547 3247 signum:
2568 3181 2697 3235 Ecce
2721 3183 2877 3250 Virgo
2888 3185 3151 3251 concipiet
3170 3189 3218 3237 et
3231 3186 3415 3253 pariet
3442 3187 3711 3253 ﬁlium,et

2114 3268 2383 3320 vocabunt
2434 3284 2632 3323 nomen
2687 3273 2804 3338 ejus
2856 3270 3189 3326 Emmanuel
3246 3274 3428 3340 (Ibid.,
3463 3272 3547 3339 l3,
3587 3272 3701 3344 14).

2116 3354 2298 3424 Atque
2328 3355 2399 3409 ad
2431 3362 2741 3411 extremum
2773 3377 2785 3411 :
2820 3359 2946 3413 Nisi
2974 3361 3339 3427 credideritis,
3366 3360 3569 3433 inquit,
3596 3378 3713 3418 non

2117 3446 2456 3512 intelligetis.
2487 3445 2648 3509 Quod
2670 3446 3057 3502 testimonium
3094 3465 3195 3503 suo
3224 3449 3283 3504 in
3313 3450 3434 3504 loco
3464 3452 3578 3505 Deo
3607 3467 3714 3505 an-

2118 3536 2327 3587 nuente
2354 3533 2738 3588 tractabimus.
2770 3535 3048 3591 Caeterum
3078 3537 3337 3592 Ezechias
3369 3554 3495 3592 cum
3521 3536 3709 3594 adhuc

2120 3627 2269 3675 esset
2291 3622 2413 3676 sine
2441 3622 2650 3690 liberis,
2676 3624 2809 3694 quia
2831 3625 3088 3679 audierat
3119 3642 3155 3680 a
3181 3625 3418 3680 Domino
3444 3643 3544 3697 per
3572 3626 3715 3682 Pro-

2118 3710 2373 3781 phetam:
2398 3713 2631 3779 Dispone
2649 3714 2842 3767 domui
2867 3718 2990 3780 tua),
3005 3718 3139 3783 quia
3162 3718 3419 3768 morieris
3443 3721 3501 3769 tu
3526 3720 3574 3769 et
3599 3732 3716 3771 non

2118 3802 2259 3852 vives
2298 3799 2402 3865 (IV
2425 3801 2547 3867 Reg.
2576 3815 2664 3866 xx,
2708 3798 2767 3869 1'),
2795 3818 3095 3857 conversus
3141 3802 3213 3856 ad
3250 3804 3523 3874 parietem
3563 3803 3713 3860 illico

2119 3886 2322 3939 dixisse
2332 3887 2510 3941 fertur
2528 3906 2538 3940 :
2569 3889 3063 3957 0bsecro,Domine,
3078 3897 3367 3958 memento,
3384 3910 3715 3963 quaeso,quo-

2119 3975 2276 4027 modo
2294 3975 2699 4029 ambulaverim
2715 3992 2902 4032 coram
2924 3984 2972 4032 te
3000 3982 3063 4033 in
3084 3983 3310 4034 veritate
3334 3986 3382 4035 et
3413 3983 3571 4036 corde
3586 3998 3714 4050 per-

2116 4063 2270 4129 fecto,
2290 4067 2338 4116 et
2368 4065 2509 4131 quod
2530 4065 2733 4119 bonum
2756 4071 2830 4120 est
2859 4070 2923 4121 in
2949 4072 3120 4123 oculis
3142 4072 3253 4123 tuis
3273 4071 3517 4138 fecerim.
3539 4070 3715 4126 Flevit

2116 4151 2301 4219 itaque
2329 4153 2584 4207 Ezechias
2612 4156 2742 4223 ﬂetu
2773 4172 2993 4224 magno.
3017 4154 3195 4211 Flevit
3221 4164 3407 4213 autem
3437 4176 3549 4213 non
3576 4176 3713 4230 pro-

2116 4244 2241 4310 pter
2256 4240 2547 4311 plurimos,
2570 4240 2822 4313 inquam,
2840 4245 2967 4300 vitae
2992 4262 3187 4313 annos,
3210 4247 3343 4318 quia
3363 4249 3591 4303 omnino
3613 4266 3713 4304 no-

443 4335 703 4393 omnibus
727 4334 796 4387 de
818 4329 1149 4403 genealogia
1174 4327 1381 4382 Christi
1409 4328 1798 4382 excluduntur.
1813 4321 2101 4398 ReliquiD
2121 4335 2275 4383 verat
2301 4330 2507 4385 idcirco
2538 4331 2812 4402 placuisse
2841 4334 2957 4388 Deo
2985 4333 3338 4391 Salomonem
3365 4337 3512 4408 quod
3532 4354 3715 4393 annos

442 4426 594 4482 enim
623 4438 807 4493 reges,
832 4418 1087 4491 quamvis
1114 4417 1249 4471 mali
1279 4417 1490 4471 fuerint
1519 4421 1577 4471 et
1605 4416 1778 4487 impii,
1812 4415 2038 4471 ubicun-

442 4531 551 4586 que
574 4514 634 4567 in
652 4508 987 4583 genealogia
1010 4510 1315 4586 ponuntur,
1342 4510 1442 4559 aut
1464 4522 1497 4559 a
1521 4504 1682 4559 bonis
1702 4504 1927 4559 omnino
1944 4521 2038 4575 ge-

440 4578 730 4663 nerantur,
755 4604 855 4653 aut
882 4578 988 4669 ipsi
1014 4578 1090 4650 ide
1116 4612 1176 4650 se
1201 4578 1375 4649 bonos
1403 4599 1705 4665 generant:
1732 4594 1787 4648 id
1816 4600 1920 4659 est,
1940 4600 2038 4649 aut

439 4691 572 4746 boni
601 4690 776 4761 patris
800 4692 886 4742 est
912 4686 1081 4751 ﬁlius,
1114 4690 1214 4739 aut
1253 4690 1403 4738 certe
1432 4690 1592 4754 pater
1632 4688 1719 4737 est
1744 4683 2035 4753 cujusdam

440 4779 574 4835 boni
605 4777 724 4832 lilii.
758 4778 947 4831 Joram
978 4790 1111 4844 ergo
1138 4772 1246 4826 fuit
1274 4772 1422 4826 ﬁlius
1451 4771 1721 4843 Josaphat
1741 4771 1882 4842 justi
1910 4771 2033 4839 viri,

440 4868 537 4940 qui
567 4865 796 4937 reliquit
824 4864 932 4918 sibi
961 4863 1140 4916 tilium
1170 4861 1329 4932 regni
1355 4867 1412 4914 et
1445 4860 1752 4931 impietatis
1782 4877 1898 4915 suae
1928 4861 2039 4914 hee-

440 4957 652 5013 redem.
669 4956 849 5019 Quem
875 4952 1053 5007 secuti
1082 4966 1276 5005 omnes
1296 4949 1536 5020 ingressi
1556 4953 1689 5003 sunt
1710 4965 1811 5019 per
1831 4948 2037 5004 lineam

442 5045 699 5102 eamdem
730 5041 1021 5115 pravitatis
1071 5040 1234 5103 viam,
1277 5040 1453 5093 donec
1494 5042 1822 5108 perventum
1852 5044 1938 5092 est
1965 5038 2037 5093 ad

442 5135 653 5191 Oziam.
687 5132 795 5196 Qui
823 5131 985 5185 Ozias
1015 5146 1158 5201 pene
1188 5129 1246 5182 in
1273 5126 1529 5182 omnibus
1559 5126 1691 5180 fecit
1715 5132 1925 5181 rectum
1951 5144 2039 5182 co-

438 5241 558 5278 ram
590 5221 829 5277 Domino
863 5220 971 5274 nisi
1000 5218 1149 5289 quod
1178 5218 1236 5272 in
1265 5217 1475 5287 templo
1505 5232 1675 5287 super
1704 5216 1881 5270 altare
1906 5217 2036 5289 thy-

436 5311 719 5367 miamatis
748 5309 923 5364 voluit
949 5308 1173 5362 adolere
1198 5307 1509 5360 incensum.
1534 5306 1747 5359 Tamen
1774 5305 1871 5376 qui
1913 5306 2035 5361 ido-

436 5402 641 5456 lolatra
682 5415 795 5452 non
836 5398 960 5463 fuit,
993 5397 1182 5468 impiis
1210 5397 1279 5449 de
1308 5395 1492 5448 medio
1532 5395 1940 5465 praetermissis,
1976 5396 2035 5451 in

442 5489 702 5546 eumdem
727 5486 1070 5560 genealogiae
1098 5484 1445 5548 rectissimus
1477 5484 1613 5540 ordo
1641 5483 1921 5556 decurrit;
1962 5502 2034 5541 ne

2116 4417 2242 4472 vitae
2262 4435 2375 4473 non
2404 4420 2632 4491 petierit
2663 4422 2992 4493 ampliores;
3017 4423 3115 4478 sed
3131 4425 3260 4479 hinc
3279 4442 3506 4496 prorsus
3525 4427 3715 4482 iturus

2118 4505 2271 4561 ﬂevit
2290 4508 2426 4562 ﬂetu
2446 4525 2670 4580 magno,
2688 4517 2919 4582 prepter
2940 4513 3371 4583 promissionem
3391 4514 3616 4569 Domini
3636 4516 3713 4570 ad

2118 4594 2313 4664 David,
2331 4613 2501 4667 quam
2522 4598 2745 4654 videbat
2772 4604 2907 4655 tunc
2931 4601 2990 4655 in
3016 4618 3120 4656 sua
3148 4607 3329 4657 morte
3356 4603 3581 4675 penitus
3609 4621 3716 4675 pe-

2119 4683 2380 4741 rituram.
2405 4686 2482 4740 Eo
2510 4687 2661 4741 enim
2686 4693 2941 4761 tempore
2962 4688 3222 4746 Ezechias
3242 4692 3387 4746 ﬁlios
3406 4709 3519 4747 non
3543 4692 3716 4748 habe-

2119 4771 2234 4827 bat.
2271 4774 2430 4829 Unde
2459 4780 2531 4829 et
2557 4776 2827 4833 amariter
2856 4778 3043 4846 ﬂebat,
3077 4797 3148 4835 ne
3190 4788 3421 4853 propter
3451 4798 3581 4837 eum
3621 4783 3715 4837 lu-

2120 4878 2287 4917 cerna
2314 4863 2411 4918 diu
2438 4864 2693 4935 patribus
2721 4868 3064 4939 repromissa
3099 4870 3568 4941 exstingueretur,
3608 4888 3717 4926 aut

2118 4956 2346 5023 tequam
2394 4953 2685 5024 plenitudo
2724 4957 2996 5028 temporis
3043 4959 3349 5014 adveniret.
3400 4959 3510 5014 Pro
3559 4972 3717 5015 certo

2119 5058 2362 5112 namque
2392 5041 2603 5097 sciebat
2632 5061 2690 5098 se
2716 5045 2785 5099 de
2819 5046 2993 5100 David
3020 5047 3196 5119 stirpe
3223 5054 3576 5119 generatum,
3612 5065 3719 5120 per

2120 5147 2286 5202 quem
2315 5130 2579 5185 nimirum
2597 5133 2787 5189 venire
2808 5135 3102 5206 oportebat
3122 5137 3285 5207 juxta
3303 5138 3716 5192 successionem

2119 5219 2301 5274 carnis
2342 5219 2501 5275 illum
2541 5238 2707 5292 quem
2753 5223 2873 5293 ipse
2915 5229 2972 5278 et
3011 5225 3174 5280 multi
3203 5225 3299 5280 alii
3328 5226 3718 5298 quamplurini

2116 5314 2413 5364 venturum
2455 5309 2864 5366 desiderabant.
2899 5312 3057 5368 Unde
3084 5314 3234 5369 idem
3273 5317 3423 5370 inter
3461 5316 3719 5372 lamenta

2117 5398 2324 5451 doloris
2346 5398 2433 5452 sui
2459 5397 2665 5466 aiebat,
2689 5400 2878 5456 dicens
2911 5421 2922 5456 :
2951 5405 3185 5471 Quaesivi
3211 5406 3499 5460 residuum
3525 5422 3715 5460 anno-

2117 5503 2249 5542 rum
2279 5502 2548 5561 meorum,
2581 5490 2721 5571 dim,
2753 5506 2867 5547 non
2894 5494 3080 5548 videbo
3108 5494 3409 5549 Dominum
3439 5496 3614 5551 Deum
3642 5499 3716 5551 in
