  <div class='ocr_page' id='page_1' title='image "/cluster/home/n/w/nwhite01/storage/ocr_20150623/120/hvd.32044054759824/043.png"; bbox 0 0 3966 6206; ppageno 0'>
   <div class='ocr_carea' id='block_1_1' title="bbox 405 229 3673 307">
    <p class='ocr_par' dir='ltr' id='par_1_1' title="bbox 405 229 3673 307">
     <span class='ocr_line' id='line_1_1' title="bbox 405 229 3673 307; baseline -0.003 -12"><span class='ocrx_word' id='word_1_1' title='bbox 405 237 476 296; x_wconf 81' lang='grc'>75</span> <span class='ocrx_word' id='word_1_2' title='bbox 1164 238 1222 295; x_wconf 91' lang='lat' dir='ltr'>S.</span> <span class='ocrx_word' id='word_1_3' title='bbox 1263 235 1644 296; x_wconf 77' lang='lat' dir='ltr'>PASCHASII</span> <span class='ocrx_word' id='word_1_4' title='bbox 1679 233 2042 292; x_wconf 79' lang='lat' dir='ltr'>RADBERTI</span> <span class='ocrx_word' id='word_1_5' title='bbox 2078 233 2384 307; x_wconf 67' lang='lat' dir='ltr'>ABBATIS</span> <span class='ocrx_word' id='word_1_6' title='bbox 2422 234 2915 294; x_wconf 84' lang='lat' dir='ltr'>CORBEIENSIS.</span> <span class='ocrx_word' id='word_1_7' title='bbox 3604 229 3673 287; x_wconf 81' lang='lat'><strong>76</strong></span> 
     </span>
    </p>
   </div>
   <div class='ocr_carea' id='block_1_2' title="bbox 399 335 3676 436">
    <p class='ocr_par' dir='ltr' id='par_1_2' title="bbox 399 335 3676 436">
     <span class='ocr_line' id='line_1_2' title="bbox 399 335 3676 436; baseline -0.004 -16"><span class='ocrx_word' id='word_1_8' title='bbox 399 378 534 420; x_wconf 92' lang='lat' dir='ltr'>nem</span> <span class='ocrx_word' id='word_1_9' title='bbox 560 360 1279 435; x_wconf 80' lang='lat' dir='ltr'>Babylonis,generationes</span> <span class='ocrx_word' id='word_1_10' title='bbox 1290 335 2394 436; x_wconf 62' lang='lat' dir='ltr'>quatuordecim,totidein-Alipomenon</span> <span class='ocrx_word' id='word_1_11' title='bbox 2428 379 2558 418; x_wconf 89' lang='lat' dir='ltr'>vero</span> <span class='ocrx_word' id='word_1_12' title='bbox 2572 361 2716 416; x_wconf 89' lang='lat' dir='ltr'>liber</span> <span class='ocrx_word' id='word_1_13' title='bbox 2732 359 2907 415; x_wconf 84' lang='lat' dir='ltr'><strong>habet</strong></span> <span class='ocrx_word' id='word_1_14' title='bbox 2927 356 3076 430; x_wconf 87' lang='lat' dir='ltr'>quod</span> <span class='ocrx_word' id='word_1_15' title='bbox 3094 353 3398 410; x_wconf 90' lang='lat' dir='ltr'>Zorobabel</span> <span class='ocrx_word' id='word_1_16' title='bbox 3408 352 3676 426; x_wconf 81' lang='lat' dir='ltr'>genuerit</span> 
     </span>
    </p>
   </div>
   <div class='ocr_carea' id='block_1_3' title="bbox 402 449 1998 526">
    <p class='ocr_par' dir='ltr' id='par_1_3' title="bbox 402 449 1998 526">
     <span class='ocr_line' id='line_1_3' title="bbox 402 449 1998 526; baseline -0.004 -18"><span class='ocrx_word' id='word_1_17' title='bbox 402 469 514 526; x_wconf 92' lang='lat' dir='ltr'>que</span> <span class='ocrx_word' id='word_1_18' title='bbox 538 452 680 508; x_wconf 89' lang='lat' dir='ltr'>alias</span> <span class='ocrx_word' id='word_1_19' title='bbox 708 468 888 524; x_wconf 91' lang='lat' dir='ltr'>usque</span> <span class='ocrx_word' id='word_1_20' title='bbox 917 451 989 506; x_wconf 90' lang='lat' dir='ltr'>ad</span> <span class='ocrx_word' id='word_1_21' title='bbox 1019 452 1324 519; x_wconf 82' lang='lat' dir='ltr'>Christum,</span> <span class='ocrx_word' id='word_1_22' title='bbox 1351 469 1463 508; x_wconf 90' lang='lat' dir='ltr'>non</span> <span class='ocrx_word' id='word_1_23' title='bbox 1493 469 1588 507; x_wconf 87' lang='lat' dir='ltr'>eas</span> <span class='ocrx_word' id='word_1_24' title='bbox 1616 457 1806 505; x_wconf 91' lang='lat' dir='ltr'>tamen</span> <span class='ocrx_word' id='word_1_25' title='bbox 1837 449 1998 503; x_wconf 76' lang='lat' dir='ltr'>duxit</span> 
     </span>
    </p>
   </div>
   <div class='ocr_carea' id='block_1_4' title="bbox 398 537 1997 610">
    <p class='ocr_par' dir='ltr' id='par_1_4' title="bbox 398 537 1997 610">
     <span class='ocr_line' id='line_1_4' title="bbox 398 537 1997 610; baseline -0.003 -14"><span class='ocrx_word' id='word_1_26' title='bbox 398 541 458 596; x_wconf 91' lang='lat' dir='ltr'>in</span> <span class='ocrx_word' id='word_1_27' title='bbox 487 558 787 608; x_wconf 83' lang='lat' dir='ltr'>summam,</span> <span class='ocrx_word' id='word_1_28' title='bbox 820 546 885 596; x_wconf 90' lang='lat' dir='ltr'>ut</span> <span class='ocrx_word' id='word_1_29' title='bbox 909 541 1153 596; x_wconf 84' lang='lat' dir='ltr'>diceret:</span> <span class='ocrx_word' id='word_1_30' title='bbox 1203 542 1348 596; x_wconf 88' lang='lat' dir='ltr'>ﬁunt</span> <span class='ocrx_word' id='word_1_31' title='bbox 1388 541 1577 595; x_wconf 86' lang='lat' dir='ltr'>omnia</span> <span class='ocrx_word' id='word_1_32' title='bbox 1624 537 1997 610; x_wconf 79' lang='lat' dir='ltr'>quadraginta</span> 
     </span>
    </p>
   </div>
   <div class='ocr_carea' id='block_1_5' title="bbox 400 627 1996 702">
    <p class='ocr_par' dir='ltr' id='par_1_5' title="bbox 400 627 1996 702">
     <span class='ocr_line' id='line_1_5' title="bbox 400 627 1996 702; baseline -0.004 -16"><span class='ocrx_word' id='word_1_33' title='bbox 400 631 545 686; x_wconf 64' lang='lat' dir='ltr'>duae.</span> <span class='ocrx_word' id='word_1_34' title='bbox 573 632 731 686; x_wconf 90' lang='lat' dir='ltr'>Unus</span> <span class='ocrx_word' id='word_1_35' title='bbox 751 630 957 702; x_wconf 85' lang='lat' dir='ltr'>quippe</span> <span class='ocrx_word' id='word_1_36' title='bbox 984 630 1043 684; x_wconf 91' lang='lat' dir='ltr'>in</span> <span class='ocrx_word' id='word_1_37' title='bbox 1069 629 1184 684; x_wconf 88' lang='lat' dir='ltr'>illis</span> <span class='ocrx_word' id='word_1_38' title='bbox 1214 629 1665 701; x_wconf 83' lang='lat' dir='ltr'>progenitoribus</span> <span class='ocrx_word' id='word_1_39' title='bbox 1684 627 1770 681; x_wconf 81' lang='lat' dir='ltr'>bis</span> <span class='ocrx_word' id='word_1_40' title='bbox 1798 643 1996 681; x_wconf 86' lang='lat' dir='ltr'>nume-</span> 
     </span>
    </p>
   </div>
   <div class='ocr_carea' id='block_1_6' title="bbox 399 716 1994 789">
    <p class='ocr_par' dir='ltr' id='par_1_6' title="bbox 399 716 1994 789">
     <span class='ocr_line' id='line_1_6' title="bbox 399 716 1994 789; baseline -0.004 -13"><span class='ocrx_word' id='word_1_41' title='bbox 399 727 562 775; x_wconf 81' lang='lat' dir='ltr'><strong>ratur</strong></span> <span class='ocrx_word' id='word_1_42' title='bbox 585 719 899 786; x_wconf 80' lang='lat' dir='ltr'>Jechonias,</span> <span class='ocrx_word' id='word_1_43' title='bbox 933 719 1191 772; x_wconf 83' lang='lat' dir='ltr'>videlicet</span> <span class='ocrx_word' id='word_1_44' title='bbox 1217 735 1251 772; x_wconf 89' lang='lat' dir='ltr'>a</span> <span class='ocrx_word' id='word_1_45' title='bbox 1279 735 1390 789; x_wconf 91' lang='lat' dir='ltr'>quo</span> <span class='ocrx_word' id='word_1_46' title='bbox 1429 719 1576 772; x_wconf 88' lang='lat' dir='ltr'>facta</span> <span class='ocrx_word' id='word_1_47' title='bbox 1606 723 1691 771; x_wconf 91' lang='lat' dir='ltr'>est</span> <span class='ocrx_word' id='word_1_48' title='bbox 1719 716 1778 770; x_wconf 93' lang='lat' dir='ltr'>in</span> <span class='ocrx_word' id='word_1_49' title='bbox 1807 720 1994 770; x_wconf 87' lang='lat' dir='ltr'>extra-</span> 
     </span>
    </p>
   </div>
   <div class='ocr_carea' id='block_1_7' title="bbox 401 803 1998 880">
    <p class='ocr_par' dir='ltr' id='par_1_7' title="bbox 401 803 1998 880">
     <span class='ocr_line' id='line_1_7' title="bbox 401 803 1998 880; baseline -0.005 -15"><span class='ocrx_word' id='word_1_50' title='bbox 401 826 538 865; x_wconf 90' lang='lat' dir='ltr'>neas</span> <span class='ocrx_word' id='word_1_51' title='bbox 581 814 779 880; x_wconf 86' lang='lat' dir='ltr'>gentes</span> <span class='ocrx_word' id='word_1_52' title='bbox 827 807 1080 879; x_wconf 69' lang='lat' dir='ltr'>quaedam</span> <span class='ocrx_word' id='word_1_53' title='bbox 1126 806 1381 873; x_wconf 82' lang='lat' dir='ltr'>deﬁexio,</span> <span class='ocrx_word' id='word_1_54' title='bbox 1417 807 1642 878; x_wconf 88' lang='lat' dir='ltr'>quando</span> <span class='ocrx_word' id='word_1_55' title='bbox 1671 805 1730 859; x_wconf 91' lang='lat' dir='ltr'>in</span> <span class='ocrx_word' id='word_1_56' title='bbox 1760 803 1998 875; x_wconf 77' lang='lat' dir='ltr'>Babylo-</span> 
     </span>
    </p>
   </div>
   <div class='ocr_carea' id='block_1_8' title="bbox 397 893 1995 967">
    <p class='ocr_par' dir='ltr' id='par_1_8' title="bbox 397 893 1995 967">
     <span class='ocr_line' id='line_1_8' title="bbox 397 893 1995 967; baseline -0.005 -14"><span class='ocrx_word' id='word_1_57' title='bbox 397 898 551 953; x_wconf 92' lang='lat' dir='ltr'>niam</span> <span class='ocrx_word' id='word_1_58' title='bbox 578 895 1020 967; x_wconf 85' lang='lat' dir='ltr'>transmigravit.</span> <span class='ocrx_word' id='word_1_59' title='bbox 1052 894 1157 950; x_wconf 90' lang='lat' dir='ltr'>Ubi</span> <span class='ocrx_word' id='word_1_60' title='bbox 1186 901 1379 950; x_wconf 91' lang='lat' dir='ltr'>autem</span> <span class='ocrx_word' id='word_1_61' title='bbox 1410 895 1547 949; x_wconf 90' lang='lat' dir='ltr'>ordo</span> <span class='ocrx_word' id='word_1_62' title='bbox 1587 910 1622 948; x_wconf 90' lang='lat' dir='ltr'>a</span> <span class='ocrx_word' id='word_1_63' title='bbox 1662 893 1995 947; x_wconf 87' lang='lat' dir='ltr'>rectitudine</span> 
     </span>
    </p>
   </div>
   <div class='ocr_carea' id='block_1_9' title="bbox 398 981 1996 1056">
    <p class='ocr_par' dir='ltr' id='par_1_9' title="bbox 398 981 1996 1056">
     <span class='ocr_line' id='line_1_9' title="bbox 398 981 1996 1056; baseline -0.003 -15"><span class='ocrx_word' id='word_1_64' title='bbox 398 986 664 1054; x_wconf 78' lang='lat' dir='ltr'>flectitur,</span> <span class='ocrx_word' id='word_1_65' title='bbox 699 990 868 1056; x_wconf 90' lang='lat' dir='ltr'>atque</span> <span class='ocrx_word' id='word_1_66' title='bbox 917 987 982 1038; x_wconf 90' lang='lat' dir='ltr'>ut</span> <span class='ocrx_word' id='word_1_67' title='bbox 1006 989 1098 1038; x_wconf 92' lang='lat' dir='ltr'>eat</span> <span class='ocrx_word' id='word_1_68' title='bbox 1124 984 1184 1038; x_wconf 90' lang='lat' dir='ltr'>in</span> <span class='ocrx_word' id='word_1_69' title='bbox 1218 983 1508 1039; x_wconf 90' lang='lat' dir='ltr'>diversum</span> <span class='ocrx_word' id='word_1_70' title='bbox 1535 981 1797 1050; x_wconf 88' lang='lat' dir='ltr'>intendit,</span> <span class='ocrx_word' id='word_1_71' title='bbox 1833 981 1996 1052; x_wconf 89' lang='lat' dir='ltr'>quasi</span> 
     </span>
    </p>
   </div>
   <div class='ocr_carea' id='block_1_10' title="bbox 397 1069 1997 1146">
    <p class='ocr_par' dir='ltr' id='par_1_10' title="bbox 397 1069 1997 1146">
     <span class='ocr_line' id='line_1_10' title="bbox 397 1069 1997 1146; baseline -0.004 -16"><span class='ocrx_word' id='word_1_72' title='bbox 397 1075 670 1146; x_wconf 82' lang='lat' dir='ltr'>angulum</span> <span class='ocrx_word' id='word_1_73' title='bbox 711 1073 878 1140; x_wconf 86' lang='lat' dir='ltr'>facit;</span> <span class='ocrx_word' id='word_1_74' title='bbox 919 1077 978 1127; x_wconf 89' lang='lat' dir='ltr'>et</span> <span class='ocrx_word' id='word_1_75' title='bbox 1004 1072 1144 1126; x_wconf 90' lang='lat' dir='ltr'>illud</span> <span class='ocrx_word' id='word_1_76' title='bbox 1172 1072 1324 1143; x_wconf 91' lang='lat' dir='ltr'>quod</span> <span class='ocrx_word' id='word_1_77' title='bbox 1363 1073 1432 1126; x_wconf 69' lang='lat' dir='ltr'>in&#39;</span> <span class='ocrx_word' id='word_1_78' title='bbox 1453 1071 1659 1142; x_wconf 88' lang='lat' dir='ltr'>angulo</span> <span class='ocrx_word' id='word_1_79' title='bbox 1686 1075 1770 1126; x_wconf 91' lang='lat' dir='ltr'>est</span> <span class='ocrx_word' id='word_1_80' title='bbox 1796 1069 1855 1124; x_wconf 91' lang='lat' dir='ltr'>in</span> <span class='ocrx_word' id='word_1_81' title='bbox 1885 1071 1997 1125; x_wconf 91' lang='lat' dir='ltr'>ﬁne</span> 
     </span>
    </p>
   </div>
   <div class='ocr_carea' id='block_1_11' title="bbox 396 1157 1996 1236">
    <p class='ocr_par' dir='ltr' id='par_1_11' title="bbox 396 1157 1996 1236">
     <span class='ocr_line' id='line_1_11' title="bbox 396 1157 1996 1236; baseline -0.004 -18"><span class='ocrx_word' id='word_1_82' title='bbox 396 1163 600 1236; x_wconf 76' lang='lat' dir='ltr'>prioris</span> <span class='ocrx_word' id='word_1_83' title='bbox 636 1162 869 1230; x_wconf 83' lang='lat' dir='ltr'>ordinis,</span> <span class='ocrx_word' id='word_1_84' title='bbox 901 1166 961 1217; x_wconf 90' lang='lat' dir='ltr'>et</span> <span class='ocrx_word' id='word_1_85' title='bbox 1006 1161 1067 1216; x_wconf 92' lang='lat' dir='ltr'>in</span> <span class='ocrx_word' id='word_1_86' title='bbox 1096 1161 1282 1233; x_wconf 88' lang='lat' dir='ltr'>capite</span> <span class='ocrx_word' id='word_1_87' title='bbox 1327 1160 1504 1232; x_wconf 86' lang='lat' dir='ltr'>ipsius</span> <span class='ocrx_word' id='word_1_88' title='bbox 1532 1159 1878 1225; x_wconf 80' lang='lat' dir='ltr'>deﬁexionis,</span> <span class='ocrx_word' id='word_1_89' title='bbox 1911 1157 1996 1212; x_wconf 86' lang='lat' dir='ltr'>bis</span> 
     </span>
    </p>
   </div>
   <div class='ocr_carea' id='block_1_12' title="bbox 395 1247 1996 1320">
    <p class='ocr_par' dir='ltr' id='par_1_12' title="bbox 395 1247 1996 1320">
     <span class='ocr_line' id='line_1_12' title="bbox 395 1247 1996 1320; baseline -0.004 -12"><span class='ocrx_word' id='word_1_90' title='bbox 395 1256 748 1308; x_wconf 84' lang='lat' dir='ltr'>numeratur.</span> <span class='ocrx_word' id='word_1_91' title='bbox 802 1251 921 1306; x_wconf 86' lang='lat' dir='ltr'>Hoc</span> <span class='ocrx_word' id='word_1_92' title='bbox 969 1255 1161 1304; x_wconf 91' lang='lat' dir='ltr'>autem</span> <span class='ocrx_word' id='word_1_93' title='bbox 1206 1250 1391 1320; x_wconf 88' lang='lat' dir='ltr'>ipsum</span> <span class='ocrx_word' id='word_1_94' title='bbox 1434 1250 1554 1320; x_wconf 90' lang='lat' dir='ltr'>jam</span> <span class='ocrx_word' id='word_1_95' title='bbox 1597 1247 1996 1320; x_wconf 74' lang='lat' dir='ltr'>przeﬁgurabat</span> 
     </span>
    </p>
   </div>
   <div class='ocr_carea' id='block_1_13' title="bbox 2077 443 3674 519">
    <p class='ocr_par' dir='ltr' id='par_1_13' title="bbox 2077 443 3674 519">
     <span class='ocr_line' id='line_1_13' title="bbox 2077 443 3674 519; baseline -0.004 -15"><span class='ocrx_word' id='word_1_96' title='bbox 2077 451 2389 518; x_wconf 80' lang='lat' dir='ltr'>Mosellam,</span> <span class='ocrx_word' id='word_1_97' title='bbox 2431 451 2728 516; x_wconf 82' lang='lat' dir='ltr'>Ananiam,</span> <span class='ocrx_word' id='word_1_98' title='bbox 2785 467 2850 504; x_wconf 92' lang='lat' dir='ltr'>ac</span> <span class='ocrx_word' id='word_1_99' title='bbox 2877 447 3144 519; x_wconf 90' lang='lat' dir='ltr'>reliquos,</span> <span class='ocrx_word' id='word_1_100' title='bbox 3177 447 3328 500; x_wconf 89' lang='lat' dir='ltr'>inter</span> <span class='ocrx_word' id='word_1_101' title='bbox 3354 461 3497 516; x_wconf 90' lang='lat' dir='ltr'>quos</span> <span class='ocrx_word' id='word_1_102' title='bbox 3525 443 3674 498; x_wconf 82' lang='lat' dir='ltr'>Abiu</span> 
     </span>
    </p>
   </div>
   <div class='ocr_carea' id='block_1_14' title="bbox 2077 532 3679 612">
    <p class='ocr_par' dir='ltr' id='par_1_14' title="bbox 2077 532 3679 612">
     <span class='ocr_line' id='line_1_14' title="bbox 2077 532 3679 612; baseline -0.005 -18"><span class='ocrx_word' id='word_1_103' title='bbox 2077 555 2356 612; x_wconf 85' lang='lat' dir='ltr'>nusquam</span> <span class='ocrx_word' id='word_1_104' title='bbox 2380 545 2805 597; x_wconf 88' lang='lat' dir='ltr'>annumeratur.</span> <span class='ocrx_word' id='word_1_105' title='bbox 2834 537 2956 593; x_wconf 89' lang='lat' dir='ltr'>Tali</span> <span class='ocrx_word' id='word_1_106' title='bbox 2985 536 3159 607; x_wconf 87' lang='lat' dir='ltr'>igitur</span> <span class='ocrx_word' id='word_1_107' title='bbox 3176 536 3262 590; x_wconf 94' lang='lat' dir='ltr'>vel</span> <span class='ocrx_word' id='word_1_108' title='bbox 3290 535 3402 589; x_wconf 90' lang='lat' dir='ltr'>alio</span> <span class='ocrx_word' id='word_1_109' title='bbox 3424 532 3679 605; x_wconf 84' lang='lat' dir='ltr'>quolibet</span> 
     </span>
    </p>
   </div>
   <div class='ocr_carea' id='block_1_15' title="bbox 2078 624 3677 700">
    <p class='ocr_par' dir='ltr' id='par_1_15' title="bbox 2078 624 3677 700">
     <span class='ocr_line' id='line_1_15' title="bbox 2078 624 3677 700; baseline -0.005 -17"><span class='ocrx_word' id='word_1_110' title='bbox 2078 629 2229 683; x_wconf 84' lang='lat' dir='ltr'>exitu</span> <span class='ocrx_word' id='word_1_111' title='bbox 2251 629 2530 700; x_wconf 86' lang='lat' dir='ltr'>agendum</span> <span class='ocrx_word' id='word_1_112' title='bbox 2551 635 2656 694; x_wconf 91' lang='lat' dir='ltr'>est,</span> <span class='ocrx_word' id='word_1_113' title='bbox 2681 645 2752 682; x_wconf 90' lang='lat' dir='ltr'>ne</span> <span class='ocrx_word' id='word_1_114' title='bbox 2770 627 2960 682; x_wconf 76' lang='lat' dir='ltr'>divina</span> <span class='ocrx_word' id='word_1_115' title='bbox 2978 625 3276 680; x_wconf 88' lang='lat' dir='ltr'>dissentire</span> <span class='ocrx_word' id='word_1_116' title='bbox 3297 624 3560 678; x_wconf 88' lang='lat' dir='ltr'>videatur</span> <span class='ocrx_word' id='word_1_117' title='bbox 3580 638 3677 676; x_wconf 89' lang='lat' dir='ltr'>au-</span> 
     </span>
    </p>
   </div>
   <div class='ocr_carea' id='block_1_16' title="bbox 2078 712 3682 790">
    <p class='ocr_par' dir='ltr' id='par_1_16' title="bbox 2078 712 3682 790">
     <span class='ocr_line' id='line_1_16' title="bbox 2078 712 3682 790; baseline -0.002 -20"><span class='ocrx_word' id='word_1_118' title='bbox 2078 719 2329 772; x_wconf 88' lang='lat' dir='ltr'>ctoritas.</span> <span class='ocrx_word' id='word_1_119' title='bbox 2362 718 2629 790; x_wconf 84' lang='lat' dir='ltr'>Alioquin</span> <span class='ocrx_word' id='word_1_120' title='bbox 2675 717 3075 787; x_wconf 82' lang='lat' dir='ltr'>evangelistam</span> <span class='ocrx_word' id='word_1_121' title='bbox 3113 713 3326 770; x_wconf 77' lang='lat' dir='ltr'>rectius</span> <span class='ocrx_word' id='word_1_122' title='bbox 3369 712 3682 784; x_wconf 85' lang='lat' dir='ltr'>protulisse</span> 
     </span>
    </p>
   </div>
   <div class='ocr_carea' id='block_1_17' title="bbox 2079 800 3685 878">
    <p class='ocr_par' dir='ltr' id='par_1_17' title="bbox 2079 800 3685 878">
     <span class='ocr_line' id='line_1_17' title="bbox 2079 800 3685 878; baseline -0.004 -17"><span class='ocrx_word' id='word_1_123' title='bbox 2079 807 2419 862; x_wconf 90' lang='lat' dir='ltr'>credendum</span> <span class='ocrx_word' id='word_1_124' title='bbox 2441 814 2528 862; x_wconf 89' lang='lat' dir='ltr'>est</span> <span class='ocrx_word' id='word_1_125' title='bbox 2546 826 2558 874; x_wconf 90' lang='lat'><strong>;</strong></span> <span class='ocrx_word' id='word_1_126' title='bbox 2583 823 2752 878; x_wconf 87' lang='lat' dir='ltr'>super</span> <span class='ocrx_word' id='word_1_127' title='bbox 2771 805 2920 877; x_wconf 91' lang='lat' dir='ltr'>quod</span> <span class='ocrx_word' id='word_1_128' title='bbox 2939 804 3128 859; x_wconf 90' lang='lat' dir='ltr'>divina</span> <span class='ocrx_word' id='word_1_129' title='bbox 3151 808 3423 858; x_wconf 91' lang='lat' dir='ltr'>consonat</span> <span class='ocrx_word' id='word_1_130' title='bbox 3439 800 3685 856; x_wconf 86' lang='lat' dir='ltr'>auctori-</span> 
     </span>
    </p>
   </div>
   <div class='ocr_carea' id='block_1_18' title="bbox 2077 889 3682 966">
    <p class='ocr_par' dir='ltr' id='par_1_18' title="bbox 2077 889 3682 966">
     <span class='ocr_line' id='line_1_18' title="bbox 2077 889 3682 966; baseline -0.003 -17"><span class='ocrx_word' id='word_1_131' title='bbox 2077 901 2184 962; x_wconf 87' lang='lat' dir='ltr'>tas,</span> <span class='ocrx_word' id='word_1_132' title='bbox 2217 896 2387 951; x_wconf 88' lang='lat' dir='ltr'>etiam</span> <span class='ocrx_word' id='word_1_133' title='bbox 2418 896 2543 950; x_wconf 89' lang='lat' dir='ltr'>aliis</span> <span class='ocrx_word' id='word_1_134' title='bbox 2570 896 2629 950; x_wconf 91' lang='lat' dir='ltr'>in</span> <span class='ocrx_word' id='word_1_135' title='bbox 2662 893 3094 966; x_wconf 88' lang='lat' dir='ltr'>quamplurimis</span> <span class='ocrx_word' id='word_1_136' title='bbox 3126 893 3288 947; x_wconf 88' lang='lat' dir='ltr'>locis:</span> <span class='ocrx_word' id='word_1_137' title='bbox 3315 892 3397 947; x_wconf 90' lang='lat' dir='ltr'>ita</span> <span class='ocrx_word' id='word_1_138' title='bbox 3415 897 3616 946; x_wconf 87' lang='lat' dir='ltr'>tamen</span> <span class='ocrx_word' id='word_1_139' title='bbox 3634 889 3682 944; x_wconf 89' lang='lat' dir='ltr'>si</span> 
     </span>
    </p>
   </div>
   <div class='ocr_carea' id='block_1_19' title="bbox 2078 981 3684 1056">
    <p class='ocr_par' dir='ltr' id='par_1_19' title="bbox 2078 981 3684 1056">
     <span class='ocr_line' id='line_1_19' title="bbox 2078 981 3684 1056; baseline -0.002 -18"><span class='ocrx_word' id='word_1_140' title='bbox 2078 985 2196 1039; x_wconf 91' lang='lat' dir='ltr'>ulla</span> <span class='ocrx_word' id='word_1_141' title='bbox 2215 985 2284 1038; x_wconf 91' lang='lat' dir='ltr'>de</span> <span class='ocrx_word' id='word_1_142' title='bbox 2314 985 2418 1040; x_wconf 88' lang='lat' dir='ltr'>hoc</span> <span class='ocrx_word' id='word_1_143' title='bbox 2447 985 2594 1056; x_wconf 92' lang='lat' dir='ltr'>quod</span> <span class='ocrx_word' id='word_1_144' title='bbox 2620 984 2856 1039; x_wconf 90' lang='lat' dir='ltr'>dicimus</span> <span class='ocrx_word' id='word_1_145' title='bbox 2885 982 3160 1038; x_wconf 81' lang='lat' dir='ltr'>dubitatio</span> <span class='ocrx_word' id='word_1_146' title='bbox 3180 981 3359 1054; x_wconf 86' lang='lat' dir='ltr'>possit</span> <span class='ocrx_word' id='word_1_147' title='bbox 3383 981 3684 1036; x_wconf 82' lang='lat' dir='ltr'>ﬁeri.Prae-</span> 
     </span>
    </p>
   </div>
   <div class='ocr_carea' id='block_1_20' title="bbox 2077 1069 3680 1144">
    <p class='ocr_par' dir='ltr' id='par_1_20' title="bbox 2077 1069 3680 1144">
     <span class='ocr_line' id='line_1_20' title="bbox 2077 1069 3680 1144; baseline -0.003 -17"><span class='ocrx_word' id='word_1_148' title='bbox 2077 1073 2272 1128; x_wconf 88' lang='lat' dir='ltr'>sertim</span> <span class='ocrx_word' id='word_1_149' title='bbox 2309 1090 2438 1128; x_wconf 92' lang='lat' dir='ltr'>cum</span> <span class='ocrx_word' id='word_1_150' title='bbox 2470 1073 2528 1127; x_wconf 91' lang='lat' dir='ltr'>in</span> <span class='ocrx_word' id='word_1_151' title='bbox 2560 1073 2666 1128; x_wconf 91' lang='lat' dir='ltr'>hoc</span> <span class='ocrx_word' id='word_1_152' title='bbox 2697 1071 2838 1128; x_wconf 90' lang='lat' dir='ltr'>libro</span> <span class='ocrx_word' id='word_1_153' title='bbox 2869 1077 3098 1144; x_wconf 89' lang='lat' dir='ltr'>propter</span> <span class='ocrx_word' id='word_1_154' title='bbox 3140 1071 3278 1126; x_wconf 89' lang='lat' dir='ltr'>vitia</span> <span class='ocrx_word' id='word_1_155' title='bbox 3314 1069 3680 1140; x_wconf 88' lang='lat' dir='ltr'>scriptorum,</span> 
     </span>
    </p>
   </div>
   <div class='ocr_carea' id='block_1_21' title="bbox 2077 1157 3686 1233">
    <p class='ocr_par' dir='ltr' id='par_1_21' title="bbox 2077 1157 3686 1233">
     <span class='ocr_line' id='line_1_21' title="bbox 2077 1157 3686 1233; baseline -0.002 -17"><span class='ocrx_word' id='word_1_156' title='bbox 2077 1161 2224 1217; x_wconf 85' lang='lat' dir='ltr'>sicut</span> <span class='ocrx_word' id='word_1_157' title='bbox 2249 1168 2307 1216; x_wconf 93' lang='lat' dir='ltr'>et</span> <span class='ocrx_word' id='word_1_158' title='bbox 2333 1162 2392 1216; x_wconf 90' lang='lat' dir='ltr'>in</span> <span class='ocrx_word' id='word_1_159' title='bbox 2417 1162 2610 1229; x_wconf 88' lang='lat' dir='ltr'>Esdra,</span> <span class='ocrx_word' id='word_1_160' title='bbox 2641 1162 3102 1233; x_wconf 91' lang='lat' dir='ltr'>genealogiarum</span> <span class='ocrx_word' id='word_1_161' title='bbox 3132 1160 3496 1231; x_wconf 86' lang='lat' dir='ltr'>quamplures</span> <span class='ocrx_word' id='word_1_162' title='bbox 3511 1157 3686 1213; x_wconf 86' lang='lat' dir='ltr'>inter-</span> 
     </span>
    </p>
   </div>
   <div class='ocr_carea' id='block_1_22' title="bbox 2077 1248 3684 1322">
    <p class='ocr_par' dir='ltr' id='par_1_22' title="bbox 2077 1248 3684 1322">
     <span class='ocr_line' id='line_1_22' title="bbox 2077 1248 3684 1322; baseline -0.003 -17"><span class='ocrx_word' id='word_1_163' title='bbox 2077 1251 2304 1305; x_wconf 56' lang='lat' dir='ltr'>minata</span> <span class='ocrx_word' id='word_1_164' title='bbox 2323 1251 2557 1305; x_wconf 87' lang='lat' dir='ltr'>veniunt</span> <span class='ocrx_word' id='word_1_165' title='bbox 2580 1251 2936 1322; x_wconf 69' lang='lat' dir='ltr'>quaestiones.</span> <span class='ocrx_word' id='word_1_166' title='bbox 2964 1250 3124 1305; x_wconf 88' lang='lat' dir='ltr'>Unde</span> <span class='ocrx_word' id='word_1_167' title='bbox 3149 1248 3520 1320; x_wconf 82' lang='lat' dir='ltr'>etApostolus</span> <span class='ocrx_word' id='word_1_168' title='bbox 3546 1264 3559 1301; x_wconf 94' lang='lat'><strong>:</strong></span> <span class='ocrx_word' id='word_1_169' title='bbox 3584 1248 3684 1301; x_wconf 86' lang='lat' dir='ltr'>In-</span> 
     </span>
    </p>
   </div>
   <div class='ocr_carea' id='block_1_23' title="bbox 394 1337 3686 1410">
    <p class='ocr_par' dir='ltr' id='par_1_23' title="bbox 394 1337 3686 1410">
     <span class='ocr_line' id='line_1_23' title="bbox 394 1337 3686 1410; baseline -0.002 -13"><span class='ocrx_word' id='word_1_170' title='bbox 394 1341 682 1398; x_wconf 87' lang='lat' dir='ltr'>Christum</span> <span class='ocrx_word' id='word_1_171' title='bbox 711 1357 747 1394; x_wconf 90' lang='lat' dir='ltr'>a</span> <span class='ocrx_word' id='word_1_172' title='bbox 773 1339 1196 1395; x_wconf 90' lang='lat' dir='ltr'>circumcisione</span> <span class='ocrx_word' id='word_1_173' title='bbox 1230 1338 1301 1392; x_wconf 89' lang='lat' dir='ltr'>ad</span> <span class='ocrx_word' id='word_1_174' title='bbox 1329 1337 1686 1410; x_wconf 73' lang='lat' dir='ltr'>praeputium,</span> <span class='ocrx_word' id='word_1_175' title='bbox 1719 1342 1992 1408; x_wconf 85' lang='lat' dir='ltr'>tanquam</span> <span class='ocrx_word' id='word_1_176' title='bbox 2073 1342 3353 1409; x_wconf 81' lang='lat' dir='ltr'>utilesautemetinterminatusgenealogiarum</span> <span class='ocrx_word' id='word_1_177' title='bbox 3366 1338 3686 1408; x_wconf 55' lang='lat' dir='ltr'>quaestiones</span> 
     </span>
    </p>
   </div>
   <div class='ocr_carea' id='block_1_24' title="bbox 391 1423 3680 1500">
    <p class='ocr_par' dir='ltr' id='par_1_24' title="bbox 391 1423 3680 1500">
     <span class='ocr_line' id='line_1_24' title="bbox 391 1423 3680 1500; baseline -0.002 -14"><span class='ocrx_word' id='word_1_178' title='bbox 391 1430 464 1486; x_wconf 91' lang='lat' dir='ltr'>ab</span> <span class='ocrx_word' id='word_1_179' title='bbox 495 1429 851 1485; x_wconf 89' lang='lat' dir='ltr'>Hierusalem</span> <span class='ocrx_word' id='word_1_180' title='bbox 882 1427 952 1482; x_wconf 87' lang='lat' dir='ltr'>ad</span> <span class='ocrx_word' id='word_1_181' title='bbox 983 1426 1325 1498; x_wconf 83' lang='lat' dir='ltr'>Babylonem</span> <span class='ocrx_word' id='word_1_182' title='bbox 1355 1426 1766 1498; x_wconf 88' lang='lat' dir='ltr'>quodammodo</span> <span class='ocrx_word' id='word_1_183' title='bbox 1789 1425 1994 1496; x_wconf 84' lang='lat' dir='ltr'>migra-</span> <span class='ocrx_word' id='word_1_184' title='bbox 2075 1430 2254 1482; x_wconf 78' lang='lat' dir='ltr'>devita</span> <span class='ocrx_word' id='word_1_185' title='bbox 2281 1428 2573 1498; x_wconf 74' lang='lat' dir='ltr'>(T-it.m,9l.</span> <span class='ocrx_word' id='word_1_186' title='bbox 2598 1430 2678 1484; x_wconf 79' lang='lat' dir='ltr'>Ex</span> <span class='ocrx_word' id='word_1_187' title='bbox 2700 1429 2830 1484; x_wconf 90' lang='lat' dir='ltr'>hinc</span> <span class='ocrx_word' id='word_1_188' title='bbox 2873 1444 3096 1500; x_wconf 91' lang='lat' dir='ltr'>quoque</span> <span class='ocrx_word' id='word_1_189' title='bbox 3127 1443 3322 1481; x_wconf 90' lang='lat' dir='ltr'>eorum</span> <span class='ocrx_word' id='word_1_190' title='bbox 3356 1425 3454 1498; x_wconf 89' lang='lat' dir='ltr'>qui</span> <span class='ocrx_word' id='word_1_191' title='bbox 3476 1423 3680 1480; x_wconf 86' lang='lat' dir='ltr'>inscri-</span> 
     </span>
    </p>
   </div>
   <div class='ocr_carea' id='block_1_25' title="bbox 395 1512 3685 1589">
    <p class='ocr_par' dir='ltr' id='par_1_25' title="bbox 395 1512 3685 1589">
     <span class='ocr_line' id='line_1_25' title="bbox 395 1512 3685 1589; baseline -0.002 -15"><span class='ocrx_word' id='word_1_192' title='bbox 395 1525 610 1585; x_wconf 87' lang='lat' dir='ltr'>turum,</span> <span class='ocrx_word' id='word_1_193' title='bbox 633 1522 804 1588; x_wconf 90' lang='lat' dir='ltr'>atque</span> <span class='ocrx_word' id='word_1_194' title='bbox 834 1515 1088 1587; x_wconf 89' lang='lat' dir='ltr'>utrisque</span> <span class='ocrx_word' id='word_1_195' title='bbox 1118 1515 1177 1570; x_wconf 90' lang='lat' dir='ltr'>in</span> <span class='ocrx_word' id='word_1_196' title='bbox 1205 1532 1265 1570; x_wconf 92' lang='lat' dir='ltr'>se</span> <span class='ocrx_word' id='word_1_197' title='bbox 1293 1515 1648 1570; x_wconf 88' lang='lat' dir='ltr'>credentibus</span> <span class='ocrx_word' id='word_1_198' title='bbox 1677 1515 1807 1569; x_wconf 90' lang='lat' dir='ltr'>hinc</span> <span class='ocrx_word' id='word_1_199' title='bbox 1823 1520 1994 1585; x_wconf 88' lang='lat' dir='ltr'>atque</span> <span class='ocrx_word' id='word_1_200' title='bbox 2080 1516 2289 1572; x_wconf 88' lang='lat' dir='ltr'>bantur</span> <span class='ocrx_word' id='word_1_201' title='bbox 2313 1535 2492 1589; x_wconf 91' lang='lat' dir='ltr'>usque</span> <span class='ocrx_word' id='word_1_202' title='bbox 2520 1519 2590 1572; x_wconf 92' lang='lat' dir='ltr'>ad</span> <span class='ocrx_word' id='word_1_203' title='bbox 2619 1518 2925 1584; x_wconf 88' lang='lat' dir='ltr'>Christum,</span> <span class='ocrx_word' id='word_1_204' title='bbox 2943 1517 3000 1570; x_wconf 90' lang='lat' dir='ltr'>in</span> <span class='ocrx_word' id='word_1_205' title='bbox 3015 1516 3190 1587; x_wconf 88' lang='lat' dir='ltr'>gestis</span> <span class='ocrx_word' id='word_1_206' title='bbox 3205 1512 3685 1570; x_wconf 85' lang='lat' dir='ltr'>sanctarumScri-</span> 
     </span>
    </p>
   </div>
   <div class='ocr_carea' id='block_1_26' title="bbox 396 1603 3684 1679">
    <p class='ocr_par' dir='ltr' id='par_1_26' title="bbox 396 1603 3684 1679">
     <span class='ocr_line' id='line_1_26' title="bbox 396 1603 3684 1679; baseline -0.002 -15"><span class='ocrx_word' id='word_1_207' title='bbox 396 1607 548 1675; x_wconf 89' lang='lat' dir='ltr'>hinc,</span> <span class='ocrx_word' id='word_1_208' title='bbox 569 1612 843 1677; x_wconf 87' lang='lat' dir='ltr'>tanquam</span> <span class='ocrx_word' id='word_1_209' title='bbox 865 1604 1112 1676; x_wconf 89' lang='lat' dir='ltr'>lapidem</span> <span class='ocrx_word' id='word_1_210' title='bbox 1139 1605 1488 1675; x_wconf 88' lang='lat' dir='ltr'>angularem,</span> <span class='ocrx_word' id='word_1_211' title='bbox 1514 1605 1763 1659; x_wconf 90' lang='lat' dir='ltr'>medium</span> <span class='ocrx_word' id='word_1_212' title='bbox 1779 1604 2001 1658; x_wconf 83' lang='lat' dir='ltr'>adfutu-</span> <span class='ocrx_word' id='word_1_213' title='bbox 2018 1677 2048 1679; x_wconf 88' lang='lat'><em>_</em></span> <span class='ocrx_word' id='word_1_214' title='bbox 2083 1612 2377 1679; x_wconf 89' lang='lat' dir='ltr'>pturarum</span> <span class='ocrx_word' id='word_1_215' title='bbox 2407 1608 2619 1662; x_wconf 88' lang='lat' dir='ltr'>nullam</span> <span class='ocrx_word' id='word_1_216' title='bbox 2651 1607 2961 1678; x_wconf 77' lang='lat' dir='ltr'>reperimus</span> <span class='ocrx_word' id='word_1_217' title='bbox 2991 1605 3360 1660; x_wconf 88' lang='lat' dir='ltr'>mentionem.</span> <span class='ocrx_word' id='word_1_218' title='bbox 3389 1605 3502 1660; x_wconf 90' lang='lat' dir='ltr'>Sed</span> <span class='ocrx_word' id='word_1_219' title='bbox 3544 1603 3684 1658; x_wconf 87' lang='lat' dir='ltr'>ﬁdes</span> 
     </span>
    </p>
   </div>
   <div class='ocr_carea' id='block_1_27' title="bbox 397 1677 3683 1767">
    <p class='ocr_par' dir='ltr' id='par_1_27' title="bbox 397 1677 3683 1767">
     <span class='ocr_line' id='line_1_27' title="bbox 397 1677 3683 1767; baseline -0.002 -15"><span class='ocrx_word' id='word_1_220' title='bbox 397 1713 547 1752; x_wconf 86' lang='lat' dir='ltr'>rum.</span> <span class='ocrx_word' id='word_1_221' title='bbox 580 1697 711 1751; x_wconf 60' lang='lat' dir='ltr'>Haec</span> <span class='ocrx_word' id='word_1_222' title='bbox 743 1694 969 1765; x_wconf 90' lang='lat' dir='ltr'>quidem</span> <span class='ocrx_word' id='word_1_223' title='bbox 999 1698 1134 1747; x_wconf 91' lang='lat' dir='ltr'>tunc</span> <span class='ocrx_word' id='word_1_224' title='bbox 1169 1692 1229 1747; x_wconf 93' lang='lat' dir='ltr'>in</span> <span class='ocrx_word' id='word_1_225' title='bbox 1259 1693 1440 1762; x_wconf 90' lang='lat' dir='ltr'>ﬁgura</span> <span class='ocrx_word' id='word_1_226' title='bbox 1467 1691 1818 1763; x_wconf 79' lang='lat' dir='ltr'>praeparabat</span> <span class='ocrx_word' id='word_1_227' title='bbox 1847 1692 1996 1746; x_wconf 81' lang='lat' dir='ltr'>Deus</span> <span class='ocrx_word' id='word_1_228' title='bbox 2017 1677 2064 1736; x_wconf 82' lang='grc' dir='ltr'>Β</span> <span class='ocrx_word' id='word_1_229' title='bbox 2083 1677 2335 1767; x_wconf 79' lang='lat' dir='ltr'>apostolo</span> <span class='ocrx_word' id='word_1_230' title='bbox 2355 1701 2411 1750; x_wconf 91' lang='lat' dir='ltr'>et</span> <span class='ocrx_word' id='word_1_231' title='bbox 2446 1677 2800 1766; x_wconf 75' lang='lat' dir='ltr'>evangelistae</span> <span class='ocrx_word' id='word_1_232' title='bbox 2837 1702 2925 1750; x_wconf 90' lang='lat' dir='ltr'>est</span> <span class='ocrx_word' id='word_1_233' title='bbox 2946 1693 3597 1759; x_wconf 88' lang='lat' dir='ltr'>accommodanda;cum</span> <span class='ocrx_word' id='word_1_234' title='bbox 3624 1695 3683 1745; x_wconf 93' lang='lat' dir='ltr'>et</span> 
     </span>
    </p>
   </div>
   <div class='ocr_carea' id='block_1_28' title="bbox 400 1780 1996 1851">
    <p class='ocr_par' dir='ltr' id='par_1_28' title="bbox 400 1780 1996 1851">
     <span class='ocr_line' id='line_1_28' title="bbox 400 1780 1996 1851; baseline -0.003 -13"><span class='ocrx_word' id='word_1_235' title='bbox 400 1783 571 1839; x_wconf 86' lang='lat' dir='ltr'>rebus</span> <span class='ocrx_word' id='word_1_236' title='bbox 607 1783 667 1837; x_wconf 89' lang='lat' dir='ltr'>in</span> <span class='ocrx_word' id='word_1_237' title='bbox 695 1781 932 1837; x_wconf 85' lang='lat' dir='ltr'>veritate</span> <span class='ocrx_word' id='word_1_238' title='bbox 966 1780 1238 1836; x_wconf 88' lang='lat' dir='ltr'>venturis.</span> <span class='ocrx_word' id='word_1_239' title='bbox 1268 1781 1414 1836; x_wconf 88' lang='lat' dir='ltr'>Nam</span> <span class='ocrx_word' id='word_1_240' title='bbox 1453 1786 1510 1834; x_wconf 90' lang='lat' dir='ltr'>et</span> <span class='ocrx_word' id='word_1_241' title='bbox 1534 1780 1655 1851; x_wconf 91' lang='lat' dir='ltr'>ipse</span> <span class='ocrx_word' id='word_1_242' title='bbox 1681 1780 1996 1845; x_wconf 84' lang='lat' dir='ltr'>Jechonias,</span> 
     </span>
    </p>
   </div>
   <div class='ocr_carea' id='block_1_29' title="bbox 398 1870 2002 1943">
    <p class='ocr_par' dir='ltr' id='par_1_29' title="bbox 398 1870 2002 1943">
     <span class='ocr_line' id='line_1_29' title="bbox 398 1870 2002 1943; baseline -0.003 -16"><span class='ocrx_word' id='word_1_243' title='bbox 398 1871 498 1928; x_wconf 89' lang='lat' dir='ltr'>ubi</span> <span class='ocrx_word' id='word_1_244' title='bbox 545 1872 788 1943; x_wconf 89' lang='lat' dir='ltr'>angulus</span> <span class='ocrx_word' id='word_1_245' title='bbox 829 1870 937 1925; x_wconf 89' lang='lat' dir='ltr'>iste</span> <span class='ocrx_word' id='word_1_246' title='bbox 975 1871 1367 1942; x_wconf 64' lang='lat' dir='ltr'>praaﬁguratus</span> <span class='ocrx_word' id='word_1_247' title='bbox 1396 1873 1500 1938; x_wconf 87' lang='lat' dir='ltr'>est,</span> <span class='ocrx_word' id='word_1_248' title='bbox 1539 1872 1876 1938; x_wconf 57' lang='lat' dir='ltr'>praparatio</span> <span class='ocrx_word' id='word_1_249' title='bbox 1902 1871 2002 1925; x_wconf 89' lang='lat' dir='ltr'>Dei</span> 
     </span>
    </p>
   </div>
   <div class='ocr_carea' id='block_1_30' title="bbox 398 1957 1998 2032">
    <p class='ocr_par' dir='ltr' id='par_1_30' title="bbox 398 1957 1998 2032">
     <span class='ocr_line' id='line_1_30' title="bbox 398 1957 1998 2032; baseline -0.003 -16"><span class='ocrx_word' id='word_1_250' title='bbox 398 1961 825 2032; x_wconf 76' lang='lat' dir='ltr'>interpretatur.</span> <span class='ocrx_word' id='word_1_251' title='bbox 839 1960 920 2013; x_wconf 84' lang='lat' dir='ltr'>Ac</span> <span class='ocrx_word' id='word_1_252' title='bbox 947 1974 1050 2030; x_wconf 90' lang='lat' dir='ltr'>per</span> <span class='ocrx_word' id='word_1_253' title='bbox 1075 1959 1180 2013; x_wconf 91' lang='lat' dir='ltr'>hoc</span> <span class='ocrx_word' id='word_1_254' title='bbox 1194 1959 1314 2029; x_wconf 87' lang='lat' dir='ltr'>jam</span> <span class='ocrx_word' id='word_1_255' title='bbox 1333 1973 1445 2012; x_wconf 94' lang='lat' dir='ltr'>non</span> <span class='ocrx_word' id='word_1_256' title='bbox 1459 1957 1834 2029; x_wconf 81' lang='lat' dir='ltr'>quadraginta</span> <span class='ocrx_word' id='word_1_257' title='bbox 1853 1958 1998 2030; x_wconf 62' lang='lat' dir='ltr'>dure,</span> 
     </span>
    </p>
   </div>
   <div class='ocr_carea' id='block_1_31' title="bbox 401 2046 2000 2122">
    <p class='ocr_par' dir='ltr' id='par_1_31' title="bbox 401 2046 2000 2122">
     <span class='ocr_line' id='line_1_31' title="bbox 401 2046 2000 2122; baseline -0.003 -17"><span class='ocrx_word' id='word_1_258' title='bbox 401 2049 550 2122; x_wconf 91' lang='lat' dir='ltr'>quod</span> <span class='ocrx_word' id='word_1_259' title='bbox 581 2048 796 2104; x_wconf 90' lang='lat' dir='ltr'>faciunt</span> <span class='ocrx_word' id='word_1_260' title='bbox 822 2052 910 2102; x_wconf 91' lang='lat' dir='ltr'>ter</span> <span class='ocrx_word' id='word_1_261' title='bbox 937 2046 1364 2119; x_wconf 88' lang='lat' dir='ltr'>quatuordecim</span> <span class='ocrx_word' id='word_1_262' title='bbox 1389 2065 1402 2114; x_wconf 91' lang='lat'><strong>;</strong></span> <span class='ocrx_word' id='word_1_263' title='bbox 1435 2046 1534 2101; x_wconf 91' lang='lat' dir='ltr'>sed</span> <span class='ocrx_word' id='word_1_264' title='bbox 1565 2052 1794 2119; x_wconf 90' lang='lat' dir='ltr'>propter</span> <span class='ocrx_word' id='word_1_265' title='bbox 1823 2064 2000 2102; x_wconf 89' lang='lat' dir='ltr'>unum</span> 
     </span>
    </p>
   </div>
   <div class='ocr_carea' id='block_1_32' title="bbox 396 2136 2001 2208">
    <p class='ocr_par' dir='ltr' id='par_1_32' title="bbox 396 2136 2001 2208">
     <span class='ocr_line' id='line_1_32' title="bbox 396 2136 2001 2208; baseline -0.002 -16"><span class='ocrx_word' id='word_1_266' title='bbox 396 2137 486 2194; x_wconf 91' lang='lat' dir='ltr'>bis</span> <span class='ocrx_word' id='word_1_267' title='bbox 527 2143 889 2194; x_wconf 88' lang='lat' dir='ltr'>numeratum</span> <span class='ocrx_word' id='word_1_268' title='bbox 926 2136 1305 2208; x_wconf 87' lang='lat' dir='ltr'>quadraginta</span> <span class='ocrx_word' id='word_1_269' title='bbox 1351 2142 1409 2190; x_wconf 90' lang='lat' dir='ltr'>et</span> <span class='ocrx_word' id='word_1_270' title='bbox 1457 2151 1572 2189; x_wconf 88' lang='lat' dir='ltr'>una</span> <span class='ocrx_word' id='word_1_271' title='bbox 1607 2136 2001 2207; x_wconf 88' lang='lat' dir='ltr'>generationes</span> 
     </span>
    </p>
   </div>
   <div class='ocr_carea' id='block_1_33' title="bbox 400 2224 1999 2297">
    <p class='ocr_par' dir='ltr' id='par_1_33' title="bbox 400 2224 1999 2297">
     <span class='ocr_line' id='line_1_33' title="bbox 400 2224 1999 2297; baseline -0.001 -15"><span class='ocrx_word' id='word_1_272' title='bbox 400 2228 564 2283; x_wconf 88' lang='lat' dir='ltr'>ﬁunt.</span> <span class='ocrx_word' id='word_1_273' title='bbox 596 2228 678 2283; x_wconf 91' lang='lat' dir='ltr'>De</span> <span class='ocrx_word' id='word_1_274' title='bbox 709 2242 820 2297; x_wconf 92' lang='lat' dir='ltr'>quo</span> <span class='ocrx_word' id='word_1_275' title='bbox 846 2231 1062 2297; x_wconf 89' lang='lat' dir='ltr'>postea,</span> <span class='ocrx_word' id='word_1_276' title='bbox 1087 2225 1330 2280; x_wconf 90' lang='lat' dir='ltr'>Domino</span> <span class='ocrx_word' id='word_1_277' title='bbox 1368 2226 1616 2295; x_wconf 76' lang='lat' dir='ltr'>iuvante,</span> <span class='ocrx_word' id='word_1_278' title='bbox 1647 2224 1866 2296; x_wconf 89' lang='lat' dir='ltr'>plenius</span> <span class='ocrx_word' id='word_1_279' title='bbox 1897 2241 1999 2280; x_wconf 93' lang='lat' dir='ltr'>suo</span> 
     </span>
    </p>
   </div>
   <div class='ocr_carea' id='block_1_34' title="bbox 399 2312 2000 2383">
    <p class='ocr_par' dir='ltr' id='par_1_34' title="bbox 399 2312 2000 2383">
     <span class='ocr_line' id='line_1_34' title="bbox 399 2312 2000 2383; baseline -0.001 -13"><span class='ocrx_word' id='word_1_280' title='bbox 399 2315 462 2370; x_wconf 91' lang='lat' dir='ltr'>in</span> <span class='ocrx_word' id='word_1_281' title='bbox 489 2315 611 2369; x_wconf 92' lang='lat' dir='ltr'>loco</span> <span class='ocrx_word' id='word_1_282' title='bbox 640 2314 911 2369; x_wconf 90' lang='lat' dir='ltr'>dicemus.</span> <span class='ocrx_word' id='word_1_283' title='bbox 943 2313 1119 2368; x_wconf 91' lang='lat' dir='ltr'>Porro</span> <span class='ocrx_word' id='word_1_284' title='bbox 1147 2312 1398 2368; x_wconf 87' lang='lat' dir='ltr'>Joachim</span> <span class='ocrx_word' id='word_1_285' title='bbox 1429 2317 1589 2383; x_wconf 90' lang='lat' dir='ltr'>pater</span> <span class='ocrx_word' id='word_1_286' title='bbox 1613 2313 2000 2380; x_wconf 71' lang='lat' dir='ltr'>Jechoniaa,se-</span> 
     </span>
    </p>
   </div>
   <div class='ocr_carea' id='block_1_35' title="bbox 401 2400 2002 2472">
    <p class='ocr_par' dir='ltr' id='par_1_35' title="bbox 401 2400 2002 2472">
     <span class='ocr_line' id='line_1_35' title="bbox 401 2400 2002 2472; baseline -0.002 -13"><span class='ocrx_word' id='word_1_287' title='bbox 401 2403 651 2459; x_wconf 89' lang='lat' dir='ltr'>cundum</span> <span class='ocrx_word' id='word_1_288' title='bbox 696 2401 950 2472; x_wconf 88' lang='lat' dir='ltr'>ejusdem</span> <span class='ocrx_word' id='word_1_289' title='bbox 995 2401 1241 2456; x_wconf 86' lang='lat' dir='ltr'>doctoris</span> <span class='ocrx_word' id='word_1_290' title='bbox 1276 2400 1730 2471; x_wconf 86' lang='lat' dir='ltr'>intelligentiam,</span> <span class='ocrx_word' id='word_1_291' title='bbox 1771 2418 1872 2456; x_wconf 91' lang='lat' dir='ltr'>cur</span> <span class='ocrx_word' id='word_1_292' title='bbox 1926 2402 2002 2456; x_wconf 91' lang='lat' dir='ltr'>sit</span> 
     </span>
    </p>
   </div>
   <div class='ocr_carea' id='block_1_36' title="bbox 399 2489 2000 2564">
    <p class='ocr_par' dir='ltr' id='par_1_36' title="bbox 399 2489 2000 2564">
     <span class='ocr_line' id='line_1_36' title="bbox 399 2489 2000 2564; baseline -0.002 -16"><span class='ocrx_word' id='word_1_293' title='bbox 399 2491 813 2564; x_wconf 71' lang='lat' dir='ltr'>praetermissus</span> <span class='ocrx_word' id='word_1_294' title='bbox 861 2506 974 2546; x_wconf 87' lang='lat' dir='ltr'>non</span> <span class='ocrx_word' id='word_1_295' title='bbox 1007 2489 1144 2544; x_wconf 89' lang='lat' dir='ltr'>satis</span> <span class='ocrx_word' id='word_1_296' title='bbox 1171 2491 1378 2544; x_wconf 90' lang='lat' dir='ltr'>elucet:</span> <span class='ocrx_word' id='word_1_297' title='bbox 1411 2490 1560 2560; x_wconf 89' lang='lat' dir='ltr'>quod</span> <span class='ocrx_word' id='word_1_298' title='bbox 1593 2490 1822 2544; x_wconf 91' lang='lat' dir='ltr'>reticuit</span> <span class='ocrx_word' id='word_1_299' title='bbox 1847 2491 2000 2545; x_wconf 90' lang='lat' dir='ltr'>idem</span> 
     </span>
    </p>
   </div>
   <div class='ocr_carea' id='block_1_37' title="bbox 399 2578 2000 2651">
    <p class='ocr_par' dir='ltr' id='par_1_37' title="bbox 399 2578 2000 2651">
     <span class='ocr_line' id='line_1_37' title="bbox 399 2578 2000 2651; baseline -0.002 -14"><span class='ocrx_word' id='word_1_300' title='bbox 399 2581 748 2637; x_wconf 88' lang='lat' dir='ltr'>occultarum</span> <span class='ocrx_word' id='word_1_301' title='bbox 773 2595 962 2634; x_wconf 87' lang='lat' dir='ltr'>rerum</span> <span class='ocrx_word' id='word_1_302' title='bbox 974 2579 1348 2650; x_wconf 58' lang='lat' dir='ltr'>quastionum</span> <span class='ocrx_word' id='word_1_303' title='bbox 1377 2578 1712 2650; x_wconf 89' lang='lat' dir='ltr'>conspicuus</span> <span class='ocrx_word' id='word_1_304' title='bbox 1739 2596 2000 2651; x_wconf 82' lang='lat' dir='ltr'>perscru-</span> 
     </span>
    </p>
   </div>
   <div class='ocr_carea' id='block_1_38' title="bbox 399 2667 2000 2740">
    <p class='ocr_par' dir='ltr' id='par_1_38' title="bbox 399 2667 2000 2740">
     <span class='ocr_line' id='line_1_38' title="bbox 399 2667 2000 2740; baseline -0.001 -15"><span class='ocrx_word' id='word_1_305' title='bbox 399 2675 571 2725; x_wconf 87' lang='lat' dir='ltr'>tator.</span> <span class='ocrx_word' id='word_1_306' title='bbox 601 2667 723 2724; x_wconf 89' lang='lat' dir='ltr'>Nisi</span> <span class='ocrx_word' id='word_1_307' title='bbox 749 2668 891 2723; x_wconf 77' lang='lat' dir='ltr'>forte</span> <span class='ocrx_word' id='word_1_308' title='bbox 935 2667 1187 2740; x_wconf 85' lang='lat' dir='ltr'>accipere</span> <span class='ocrx_word' id='word_1_309' title='bbox 1229 2667 1535 2722; x_wconf 89' lang='lat' dir='ltr'>debeamus</span> <span class='ocrx_word' id='word_1_310' title='bbox 1577 2668 1727 2739; x_wconf 91' lang='lat' dir='ltr'>quod</span> <span class='ocrx_word' id='word_1_311' title='bbox 1766 2686 2000 2739; x_wconf 86' lang='lat' dir='ltr'>evange-</span> 
     </span>
    </p>
   </div>
   <div class='ocr_carea' id='block_1_39' title="bbox 395 2756 1999 2828">
    <p class='ocr_par' dir='ltr' id='par_1_39' title="bbox 395 2756 1999 2828">
     <span class='ocr_line' id='line_1_39' title="bbox 395 2756 1999 2828; baseline -0.002 -14"><span class='ocrx_word' id='word_1_312' title='bbox 395 2758 546 2825; x_wconf 85' lang='lat' dir='ltr'>lista,</span> <span class='ocrx_word' id='word_1_313' title='bbox 577 2762 643 2813; x_wconf 89' lang='lat' dir='ltr'>ut</span> <span class='ocrx_word' id='word_1_314' title='bbox 665 2763 866 2828; x_wconf 87' lang='lat' dir='ltr'>typum</span> <span class='ocrx_word' id='word_1_315' title='bbox 897 2756 1106 2812; x_wconf 86' lang='lat' dir='ltr'>Christi</span> <span class='ocrx_word' id='word_1_316' title='bbox 1134 2756 1360 2822; x_wconf 90' lang='lat' dir='ltr'>faceret,</span> <span class='ocrx_word' id='word_1_317' title='bbox 1395 2756 1520 2811; x_wconf 91' lang='lat' dir='ltr'>ideo</span> <span class='ocrx_word' id='word_1_318' title='bbox 1551 2757 1882 2812; x_wconf 88' lang='lat' dir='ltr'>Jechoniam</span> <span class='ocrx_word' id='word_1_319' title='bbox 1912 2757 1999 2812; x_wconf 89' lang='lat' dir='ltr'>bis</span> 
     </span>
    </p>
   </div>
   <div class='ocr_carea' id='block_1_40' title="bbox 396 2844 1999 2916">
    <p class='ocr_par' dir='ltr' id='par_1_40' title="bbox 396 2844 1999 2916">
     <span class='ocr_line' id='line_1_40' title="bbox 396 2844 1999 2916; baseline 0.001 -17"><span class='ocrx_word' id='word_1_320' title='bbox 396 2846 639 2901; x_wconf 88' lang='lat' dir='ltr'>voluerit</span> <span class='ocrx_word' id='word_1_321' title='bbox 664 2845 953 2900; x_wconf 89' lang='lat' dir='ltr'>numerari</span> <span class='ocrx_word' id='word_1_322' title='bbox 981 2863 995 2914; x_wconf 87' lang='lat'><strong>;</strong></span> <span class='ocrx_word' id='word_1_323' title='bbox 1034 2850 1092 2899; x_wconf 91' lang='lat' dir='ltr'>et</span> <span class='ocrx_word' id='word_1_324' title='bbox 1124 2844 1400 2915; x_wconf 84' lang='lat' dir='ltr'>Joachim,</span> <span class='ocrx_word' id='word_1_325' title='bbox 1426 2860 1497 2899; x_wconf 90' lang='lat' dir='ltr'>ne</span> <span class='ocrx_word' id='word_1_326' title='bbox 1523 2861 1795 2901; x_wconf 86' lang='lat' dir='ltr'>numerus</span> <span class='ocrx_word' id='word_1_327' title='bbox 1823 2862 1999 2916; x_wconf 90' lang='lat' dir='ltr'>auge-</span> 
     </span>
    </p>
   </div>
   <div class='ocr_carea' id='block_1_41' title="bbox 397 2933 1310 3006">
    <p class='ocr_par' dir='ltr' id='par_1_41' title="bbox 397 2933 1310 3006">
     <span class='ocr_line' id='line_1_41' title="bbox 397 2933 1310 3006; baseline -0.004 -16"><span class='ocrx_word' id='word_1_328' title='bbox 397 2940 576 3001; x_wconf 89' lang='lat' dir='ltr'>retur,</span> <span class='ocrx_word' id='word_1_329' title='bbox 599 2933 955 3006; x_wconf 73' lang='lat' dir='ltr'>praatermitti</span> <span class='ocrx_word' id='word_1_330' title='bbox 978 2933 1310 2989; x_wconf 87' lang='lat' dir='ltr'>decreverit.</span> 
     </span>
    </p>
   </div>
   <div class='ocr_carea' id='block_1_42' title="bbox 2081 1780 3687 1857">
    <p class='ocr_par' dir='ltr' id='par_1_42' title="bbox 2081 1780 3687 1857">
     <span class='ocr_line' id='line_1_42' title="bbox 2081 1780 3687 1857; baseline -0.002 -19"><span class='ocrx_word' id='word_1_331' title='bbox 2081 1785 2151 1839; x_wconf 90' lang='lat' dir='ltr'>de</span> <span class='ocrx_word' id='word_1_332' title='bbox 2181 1784 2382 1853; x_wconf 89' lang='lat' dir='ltr'>vicino,</span> <span class='ocrx_word' id='word_1_333' title='bbox 2416 1785 2668 1857; x_wconf 89' lang='lat' dir='ltr'>quamvis</span> <span class='ocrx_word' id='word_1_334' title='bbox 2698 1786 2756 1839; x_wconf 92' lang='lat' dir='ltr'>in</span> <span class='ocrx_word' id='word_1_335' title='bbox 2784 1785 3022 1840; x_wconf 90' lang='lat' dir='ltr'>archivis</span> <span class='ocrx_word' id='word_1_336' title='bbox 3049 1784 3370 1839; x_wconf 68' lang='lat' dir='ltr'>Iudaeorum</span> <span class='ocrx_word' id='word_1_337' title='bbox 3399 1780 3687 1853; x_wconf 87' lang='lat' dir='ltr'>quiverint</span> 
     </span>
    </p>
   </div>
   <div class='ocr_carea' id='block_1_43' title="bbox 2081 1869 3687 1945">
    <p class='ocr_par' dir='ltr' id='par_1_43' title="bbox 2081 1869 3687 1945">
     <span class='ocr_line' id='line_1_43' title="bbox 2081 1869 3687 1945; baseline -0.003 -17"><span class='ocrx_word' id='word_1_338' title='bbox 2081 1873 2338 1940; x_wconf 89' lang='lat' dir='ltr'>inveniri,</span> <span class='ocrx_word' id='word_1_339' title='bbox 2372 1880 2593 1945; x_wconf 86' lang='lat' dir='ltr'>poterat</span> <span class='ocrx_word' id='word_1_340' title='bbox 2613 1875 2716 1929; x_wconf 92' lang='lat' dir='ltr'>hoc</span> <span class='ocrx_word' id='word_1_341' title='bbox 2734 1889 3083 1944; x_wconf 88' lang='lat' dir='ltr'>cognoscere,</span> <span class='ocrx_word' id='word_1_342' title='bbox 3117 1878 3176 1927; x_wconf 83' lang='lat' dir='ltr'>et</span> <span class='ocrx_word' id='word_1_343' title='bbox 3196 1888 3297 1944; x_wconf 91' lang='lat' dir='ltr'>per</span> <span class='ocrx_word' id='word_1_344' title='bbox 3332 1869 3687 1942; x_wconf 87' lang='lat' dir='ltr'>diligentiam</span> 
     </span>
    </p>
   </div>
   <div class='ocr_carea' id='block_1_44' title="bbox 2083 1958 3794 2034">
    <p class='ocr_par' dir='ltr' id='par_1_44' title="bbox 2083 1958 3794 2034">
     <span class='ocr_line' id='line_1_44' title="bbox 2083 1958 3794 2034; baseline -0.003 -17"><span class='ocrx_word' id='word_1_345' title='bbox 2083 1969 2384 2034; x_wconf 89' lang='lat' dir='ltr'>parentum</span> <span class='ocrx_word' id='word_1_346' title='bbox 2426 1963 2632 2018; x_wconf 90' lang='lat' dir='ltr'>litteris</span> <span class='ocrx_word' id='word_1_347' title='bbox 2680 1963 2968 2029; x_wconf 90' lang='lat' dir='ltr'>mandare,</span> <span class='ocrx_word' id='word_1_348' title='bbox 3001 1962 3149 2034; x_wconf 91' lang='lat' dir='ltr'>quod</span> <span class='ocrx_word' id='word_1_349' title='bbox 3191 1959 3452 2016; x_wconf 90' lang='lat' dir='ltr'>omnibus</span> <span class='ocrx_word' id='word_1_350' title='bbox 3478 1958 3690 2014; x_wconf 69' lang='lat' dir='ltr'>Iudaeis</span> <span class='ocrx_word' id='word_1_351' title='bbox 3785 2023 3794 2030; x_wconf 91' lang='lat'>_</span> 
     </span>
    </p>
   </div>
   <div class='ocr_carea' id='block_1_45' title="bbox 2083 2047 3692 2124">
    <p class='ocr_par' dir='ltr' id='par_1_45' title="bbox 2083 2047 3692 2124">
     <span class='ocr_line' id='line_1_45' title="bbox 2083 2047 3692 2124; baseline -0.004 -18"><span class='ocrx_word' id='word_1_352' title='bbox 2083 2058 2282 2106; x_wconf 90' lang='lat' dir='ltr'>notum</span> <span class='ocrx_word' id='word_1_353' title='bbox 2321 2058 2462 2119; x_wconf 88' lang='lat' dir='ltr'>erat,</span> <span class='ocrx_word' id='word_1_354' title='bbox 2495 2053 2628 2124; x_wconf 89' lang='lat' dir='ltr'>quia</span> <span class='ocrx_word' id='word_1_355' title='bbox 2663 2052 2733 2107; x_wconf 80' lang='lat' dir='ltr'>de</span> <span class='ocrx_word' id='word_1_356' title='bbox 2761 2051 2936 2106; x_wconf 87' lang='lat' dir='ltr'>David</span> <span class='ocrx_word' id='word_1_357' title='bbox 2966 2067 3135 2106; x_wconf 90' lang='lat' dir='ltr'>carne</span> <span class='ocrx_word' id='word_1_358' title='bbox 3165 2050 3424 2106; x_wconf 84' lang='lat' dir='ltr'>Christus</span> <span class='ocrx_word' id='word_1_359' title='bbox 3453 2047 3692 2104; x_wconf 89' lang='lat' dir='ltr'>deberet</span> 
     </span>
    </p>
   </div>
   <div class='ocr_carea' id='block_1_46' title="bbox 2083 2137 3688 2212">
    <p class='ocr_par' dir='ltr' id='par_1_46' title="bbox 2083 2137 3688 2212">
     <span class='ocr_line' id='line_1_46' title="bbox 2083 2137 3688 2212; baseline -0.002 -19"><span class='ocrx_word' id='word_1_360' title='bbox 2083 2140 2291 2196; x_wconf 90' lang='lat' dir='ltr'>venire.</span> <span class='ocrx_word' id='word_1_361' title='bbox 2311 2141 2470 2196; x_wconf 92' lang='lat' dir='ltr'>Unde</span> <span class='ocrx_word' id='word_1_362' title='bbox 2499 2147 2556 2196; x_wconf 90' lang='lat' dir='ltr'>et</span> <span class='ocrx_word' id='word_1_363' title='bbox 2581 2140 2906 2212; x_wconf 89' lang='lat' dir='ltr'>diligentius</span> <span class='ocrx_word' id='word_1_364' title='bbox 2931 2140 3115 2195; x_wconf 91' lang='lat' dir='ltr'>omnis</span> <span class='ocrx_word' id='word_1_365' title='bbox 3145 2139 3246 2194; x_wconf 92' lang='lat' dir='ltr'>illa</span> <span class='ocrx_word' id='word_1_366' title='bbox 3274 2137 3549 2210; x_wconf 91' lang='lat' dir='ltr'>prosapia</span> <span class='ocrx_word' id='word_1_367' title='bbox 3573 2153 3688 2190; x_wconf 88' lang='lat' dir='ltr'>me-</span> 
     </span>
    </p>
   </div>
   <div class='ocr_carea' id='block_1_47' title="bbox 2082 2226 3687 2299">
    <p class='ocr_par' dir='ltr' id='par_1_47' title="bbox 2082 2226 3687 2299">
     <span class='ocr_line' id='line_1_47' title="bbox 2082 2226 3687 2299; baseline -0.002 -16"><span class='ocrx_word' id='word_1_368' title='bbox 2082 2229 2274 2284; x_wconf 67' lang='lat' dir='ltr'>moria:</span> <span class='ocrx_word' id='word_1_369' title='bbox 2300 2235 2427 2296; x_wconf 65' lang='lat'><strong>59</strong></span> <span class='ocrx_word' id='word_1_370' title='bbox 2456 2230 2806 2285; x_wconf 85' lang='lat' dir='ltr'>tradebatur.</span> <span class='ocrx_word' id='word_1_371' title='bbox 2830 2229 2971 2284; x_wconf 87' lang='lat' dir='ltr'>Hinc</span> <span class='ocrx_word' id='word_1_372' title='bbox 3000 2235 3087 2284; x_wconf 91' lang='lat' dir='ltr'>est</span> <span class='ocrx_word' id='word_1_373' title='bbox 3111 2229 3259 2284; x_wconf 88' lang='lat' dir='ltr'>enim</span> <span class='ocrx_word' id='word_1_374' title='bbox 3290 2227 3442 2299; x_wconf 90' lang='lat' dir='ltr'>quod</span> <span class='ocrx_word' id='word_1_375' title='bbox 3468 2226 3687 2281; x_wconf 81' lang='lat' dir='ltr'>Africa-</span> 
     </span>
    </p>
   </div>
   <div class='ocr_carea' id='block_1_48' title="bbox 2081 2315 3682 2389">
    <p class='ocr_par' dir='ltr' id='par_1_48' title="bbox 2081 2315 3682 2389">
     <span class='ocr_line' id='line_1_48' title="bbox 2081 2315 3682 2389; baseline -0.001 -17"><span class='ocrx_word' id='word_1_376' title='bbox 2081 2333 2208 2384; x_wconf 91' lang='lat' dir='ltr'>nus,</span> <span class='ocrx_word' id='word_1_377' title='bbox 2241 2318 2310 2372; x_wconf 90' lang='lat' dir='ltr'>de</span> <span class='ocrx_word' id='word_1_378' title='bbox 2336 2320 2703 2374; x_wconf 89' lang='lat' dir='ltr'>consonantia</span> <span class='ocrx_word' id='word_1_379' title='bbox 2729 2318 3199 2389; x_wconf 86' lang='lat' dir='ltr'>evangelistarum</span> <span class='ocrx_word' id='word_1_380' title='bbox 3227 2315 3500 2381; x_wconf 86' lang='lat' dir='ltr'>scribens,</span> <span class='ocrx_word' id='word_1_381' title='bbox 3525 2332 3682 2386; x_wconf 63' lang='lat' dir='ltr'>qum-</span> 
     </span>
    </p>
   </div>
   <div class='ocr_carea' id='block_1_49' title="bbox 2082 2405 3683 2480">
    <p class='ocr_par' dir='ltr' id='par_1_49' title="bbox 2082 2405 3683 2480">
     <span class='ocr_line' id='line_1_49' title="bbox 2082 2405 3683 2480; baseline -0.001 -20"><span class='ocrx_word' id='word_1_382' title='bbox 2082 2406 2159 2460; x_wconf 92' lang='lat' dir='ltr'>rit</span> <span class='ocrx_word' id='word_1_383' title='bbox 2187 2407 2320 2478; x_wconf 92' lang='lat' dir='ltr'>quid</span> <span class='ocrx_word' id='word_1_384' title='bbox 2341 2409 2417 2462; x_wconf 91' lang='lat' dir='ltr'>sit</span> <span class='ocrx_word' id='word_1_385' title='bbox 2443 2409 2592 2480; x_wconf 92' lang='lat' dir='ltr'>quod</span> <span class='ocrx_word' id='word_1_386' title='bbox 2621 2408 2917 2463; x_wconf 75' lang='lat' dir='ltr'>Matthzeus</span> <span class='ocrx_word' id='word_1_387' title='bbox 2937 2407 3071 2461; x_wconf 90' lang='lat' dir='ltr'>dicit</span> <span class='ocrx_word' id='word_1_388' title='bbox 3086 2407 3290 2477; x_wconf 79' lang='lat' dir='ltr'>Joseph</span> <span class='ocrx_word' id='word_1_389' title='bbox 3306 2405 3486 2460; x_wconf 90' lang='lat' dir='ltr'>ﬁlium</span> <span class='ocrx_word' id='word_1_390' title='bbox 3507 2405 3683 2459; x_wconf 84' lang='lat' dir='ltr'>fuisse</span> 
     </span>
    </p>
   </div>
   <div class='ocr_carea' id='block_1_50' title="bbox 2080 2493 3675 2562">
    <p class='ocr_par' dir='ltr' id='par_1_50' title="bbox 2080 2493 3675 2562">
     <span class='ocr_line' id='line_1_50' title="bbox 2080 2493 3675 2562; baseline 0.001 -13"><span class='ocrx_word' id='word_1_391' title='bbox 2080 2495 2268 2562; x_wconf 82' lang='lat' dir='ltr'>Jacob,</span> <span class='ocrx_word' id='word_1_392' title='bbox 2288 2503 2346 2550; x_wconf 89' lang='lat' dir='ltr'>et</span> <span class='ocrx_word' id='word_1_393' title='bbox 2359 2497 2536 2552; x_wconf 90' lang='lat' dir='ltr'>Lucas</span> <span class='ocrx_word' id='word_1_394' title='bbox 2557 2513 2685 2552; x_wconf 89' lang='lat' dir='ltr'>eum</span> <span class='ocrx_word' id='word_1_395' title='bbox 2701 2501 3108 2551; x_wconf 88' lang='lat' dir='ltr'>commemorat</span> <span class='ocrx_word' id='word_1_396' title='bbox 3119 2495 3299 2550; x_wconf 87' lang='lat' dir='ltr'>ﬁlium</span> <span class='ocrx_word' id='word_1_397' title='bbox 3313 2495 3490 2549; x_wconf 87' lang='lat' dir='ltr'>fuisse</span> <span class='ocrx_word' id='word_1_398' title='bbox 3516 2493 3675 2550; x_wconf 87' lang='lat' dir='ltr'>Heli.</span> 
     </span>
    </p>
   </div>
   <div class='ocr_carea' id='block_1_51' title="bbox 2079 2582 3687 2657">
    <p class='ocr_par' dir='ltr' id='par_1_51' title="bbox 2079 2582 3687 2657">
     <span class='ocr_line' id='line_1_51' title="bbox 2079 2582 3687 2657; baseline -0.001 -19"><span class='ocrx_word' id='word_1_399' title='bbox 2079 2585 2265 2654; x_wconf 83' lang='lat' dir='ltr'>Atque</span> <span class='ocrx_word' id='word_1_400' title='bbox 2282 2603 2478 2641; x_wconf 89' lang='lat' dir='ltr'>rursus</span> <span class='ocrx_word' id='word_1_401' title='bbox 2497 2586 2622 2640; x_wconf 88' lang='lat' dir='ltr'>Heli</span> <span class='ocrx_word' id='word_1_402' title='bbox 2646 2586 2794 2657; x_wconf 91' lang='lat' dir='ltr'>quod</span> <span class='ocrx_word' id='word_1_403' title='bbox 2814 2585 2985 2641; x_wconf 85' lang='lat' dir='ltr'>fuerit</span> <span class='ocrx_word' id='word_1_404' title='bbox 2995 2584 3231 2650; x_wconf 85' lang='lat' dir='ltr'>Mathat,</span> <span class='ocrx_word' id='word_1_405' title='bbox 3245 2589 3302 2639; x_wconf 91' lang='lat' dir='ltr'>et</span> <span class='ocrx_word' id='word_1_406' title='bbox 3313 2582 3483 2638; x_wconf 84' lang='lat' dir='ltr'>Jacob</span> <span class='ocrx_word' id='word_1_407' title='bbox 3503 2583 3687 2637; x_wconf 85' lang='lat' dir='ltr'>ﬁlium</span> 
     </span>
    </p>
   </div>
   <div class='ocr_carea' id='block_1_52' title="bbox 2081 2671 3682 2746">
    <p class='ocr_par' dir='ltr' id='par_1_52' title="bbox 2081 2671 3682 2746">
     <span class='ocr_line' id='line_1_52' title="bbox 2081 2671 3682 2746; baseline -0.001 -19"><span class='ocrx_word' id='word_1_408' title='bbox 2081 2673 2311 2728; x_wconf 87' lang='lat' dir='ltr'>Mathan</span> <span class='ocrx_word' id='word_1_409' title='bbox 2328 2675 2616 2730; x_wconf 68' lang='lat' dir='ltr'>Matthazus</span> <span class='ocrx_word' id='word_1_410' title='bbox 2638 2675 2980 2746; x_wconf 87' lang='lat' dir='ltr'>evangelista</span> <span class='ocrx_word' id='word_1_411' title='bbox 2990 2673 3208 2746; x_wconf 89' lang='lat' dir='ltr'>probat.</span> <span class='ocrx_word' id='word_1_412' title='bbox 3222 2673 3455 2740; x_wconf 76' lang='lat' dir='ltr'>Mathat,</span> <span class='ocrx_word' id='word_1_413' title='bbox 3472 2671 3682 2744; x_wconf 88' lang='lat' dir='ltr'>inquit,</span> 
     </span>
    </p>
   </div>
   <div class='ocr_carea' id='block_1_53' title="bbox 2080 2762 3687 2833">
    <p class='ocr_par' dir='ltr' id='par_1_53' title="bbox 2080 2762 3687 2833">
     <span class='ocr_line' id='line_1_53' title="bbox 2080 2762 3687 2833; baseline -0.001 -17"><span class='ocrx_word' id='word_1_414' title='bbox 2080 2767 2128 2816; x_wconf 83' lang='lat' dir='ltr'>et</span> <span class='ocrx_word' id='word_1_415' title='bbox 2164 2763 2394 2816; x_wconf 70' lang='lat' dir='ltr'>Mat/ian</span> <span class='ocrx_word' id='word_1_416' title='bbox 2419 2765 2631 2818; x_wconf 79' lang='lat' dir='ltr'>diverso</span> <span class='ocrx_word' id='word_1_417' title='bbox 2655 2766 2810 2832; x_wconf 85' lang='lat' dir='ltr'>fuere</span> <span class='ocrx_word' id='word_1_418' title='bbox 2828 2769 3083 2833; x_wconf 85' lang='lat' dir='ltr'>tempore,</span> <span class='ocrx_word' id='word_1_419' title='bbox 3115 2765 3215 2832; x_wconf 88' lang='lat' dir='ltr'>qui</span> <span class='ocrx_word' id='word_1_420' title='bbox 3233 2763 3296 2816; x_wconf 84' lang='lat' dir='ltr'>de</span> <span class='ocrx_word' id='word_1_421' title='bbox 3317 2777 3436 2815; x_wconf 89' lang='lat' dir='ltr'>una</span> <span class='ocrx_word' id='word_1_422' title='bbox 3464 2762 3687 2815; x_wconf 81' lang='lat' dir='ltr'>eadem-</span> 
     </span>
    </p>
   </div>
   <div class='ocr_carea' id='block_1_54' title="bbox 2079 2853 3684 2921">
    <p class='ocr_par' dir='ltr' id='par_1_54' title="bbox 2079 2853 3684 2921">
     <span class='ocr_line' id='line_1_54' title="bbox 2079 2853 3684 2921; baseline -0.001 -17"><span class='ocrx_word' id='word_1_423' title='bbox 2079 2865 2182 2918; x_wconf 87' lang='lat' dir='ltr'>que</span> <span class='ocrx_word' id='word_1_424' title='bbox 2196 2867 2370 2905; x_wconf 70' lang='lat' dir='ltr'>uxore</span> <span class='ocrx_word' id='word_1_425' title='bbox 2391 2853 2558 2906; x_wconf 76' lang='lat' dir='ltr'>Est/ta</span> <span class='ocrx_word' id='word_1_426' title='bbox 2579 2856 2801 2907; x_wconf 81' lang='lat' dir='ltr'>nomine</span> <span class='ocrx_word' id='word_1_427' title='bbox 2822 2856 3070 2921; x_wconf 83' lang='lat' dir='ltr'>singulos</span> <span class='ocrx_word' id='word_1_428' title='bbox 3106 2855 3252 2919; x_wconf 78' lang='lat' dir='ltr'>ﬁlios</span> <span class='ocrx_word' id='word_1_429' title='bbox 3283 2854 3684 2920; x_wconf 85' lang='lat' dir='ltr'>procrearunt.</span> 
     </span>
    </p>
   </div>
   <div class='ocr_carea' id='block_1_55' title="bbox 2082 2940 3687 3011">
    <p class='ocr_par' dir='ltr' id='par_1_55' title="bbox 2082 2940 3687 3011">
     <span class='ocr_line' id='line_1_55' title="bbox 2082 2940 3687 3011; baseline -0.001 -18"><span class='ocrx_word' id='word_1_430' title='bbox 2082 2940 2224 3007; x_wconf 79' lang='lat' dir='ltr'>Quia</span> <span class='ocrx_word' id='word_1_431' title='bbox 2253 2941 2501 3007; x_wconf 81' lang='lat' dir='ltr'>Mathan,</span> <span class='ocrx_word' id='word_1_432' title='bbox 2523 2958 2618 3010; x_wconf 77' lang='lat' dir='ltr'>qui</span> <span class='ocrx_word' id='word_1_433' title='bbox 2637 2957 2738 3011; x_wconf 89' lang='lat' dir='ltr'>per</span> <span class='ocrx_word' id='word_1_434' title='bbox 2761 2941 3108 2997; x_wconf 87' lang='lat' dir='ltr'>Salomonem</span> <span class='ocrx_word' id='word_1_435' title='bbox 3137 2941 3430 3005; x_wconf 74' lang='lat' dir='ltr'>descendit,</span> <span class='ocrx_word' id='word_1_436' title='bbox 3451 2955 3687 2993; x_wconf 72' lang='lat' dir='ltr'>uxorem</span> 
     </span>
    </p>
   </div>
   <div class='ocr_carea' id='block_1_56' title="bbox 467 3023 3691 3099">
    <p class='ocr_par' dir='ltr' id='par_1_56' title="bbox 467 3023 3691 3099">
     <span class='ocr_line' id='line_1_56' title="bbox 467 3023 3691 3099; baseline 0.001 -21"><span class='ocrx_word' id='word_1_437' title='bbox 467 3023 751 3082; x_wconf 79' lang='lat' dir='ltr'>Jechonias</span> <span class='ocrx_word' id='word_1_438' title='bbox 769 3027 956 3076; x_wconf 88' lang='lat' dir='ltr'>autem</span> <span class='ocrx_word' id='word_1_439' title='bbox 970 3027 1089 3091; x_wconf 85' lang='lat' dir='ltr'>post</span> <span class='ocrx_word' id='word_1_440' title='bbox 1123 3023 1682 3090; x_wconf 87' lang='lat' dir='ltr'>transmigrationem</span> <span class='ocrx_word' id='word_1_441' title='bbox 1701 3023 1997 3091; x_wconf 82' lang='lat' dir='ltr'>Babylonis</span> <span class='ocrx_word' id='word_1_442' title='bbox 2013 3027 2057 3089; x_wconf 77' lang='grc' dir='ltr'>Ο</span> <span class='ocrx_word' id='word_1_443' title='bbox 2074 3043 2194 3082; x_wconf 87' lang='lat' dir='ltr'>eam</span> <span class='ocrx_word' id='word_1_444' title='bbox 2208 3032 2430 3098; x_wconf 85' lang='lat' dir='ltr'>primus</span> <span class='ocrx_word' id='word_1_445' title='bbox 2452 3036 2748 3099; x_wconf 89' lang='lat' dir='ltr'>acceperat,</span> <span class='ocrx_word' id='word_1_446' title='bbox 2762 3034 2813 3084; x_wconf 86' lang='lat' dir='ltr'>et</span> <span class='ocrx_word' id='word_1_447' title='bbox 2834 3032 3022 3084; x_wconf 86' lang='lat' dir='ltr'>relicto</span> <span class='ocrx_word' id='word_1_448' title='bbox 3043 3045 3156 3083; x_wconf 85' lang='lat' dir='ltr'>uno</span> <span class='ocrx_word' id='word_1_449' title='bbox 3176 3032 3292 3097; x_wconf 80' lang='lat' dir='ltr'>ﬁlio</span> <span class='ocrx_word' id='word_1_450' title='bbox 3311 3029 3474 3084; x_wconf 90' lang='lat' dir='ltr'>Jacob</span> <span class='ocrx_word' id='word_1_451' title='bbox 3507 3030 3691 3082; x_wconf 86' lang='lat' dir='ltr'>nomi-</span> 
     </span>
    </p>
   </div>
   <div class='ocr_carea' id='block_1_57' title="bbox 397 3108 3688 3188">
    <p class='ocr_par' dir='ltr' id='par_1_57' title="bbox 397 3108 3688 3188">
     <span class='ocr_line' id='line_1_57' title="bbox 397 3108 3688 3188; baseline 0.001 -22"><span class='ocrx_word' id='word_1_452' title='bbox 397 3113 594 3180; x_wconf 84' lang='lat' dir='ltr'>genuit</span> <span class='ocrx_word' id='word_1_453' title='bbox 620 3108 906 3165; x_wconf 83' lang='lat' dir='ltr'>Salathiel.</span> <span class='ocrx_word' id='word_1_454' title='bbox 935 3109 1207 3165; x_wconf 83' lang='lat' dir='ltr'>Salathiet</span> <span class='ocrx_word' id='word_1_455' title='bbox 1243 3115 1432 3164; x_wconf 87' lang='lat' dir='ltr'>autem</span> <span class='ocrx_word' id='word_1_456' title='bbox 1460 3113 1652 3178; x_wconf 79' lang='lat' dir='ltr'>genuit</span> <span class='ocrx_word' id='word_1_457' title='bbox 1683 3112 1993 3167; x_wconf 87' lang='lat' dir='ltr'>Zorobabet.</span> <span class='ocrx_word' id='word_1_458' title='bbox 2079 3132 2165 3182; x_wconf 89' lang='lat' dir='ltr'>ne,</span> <span class='ocrx_word' id='word_1_459' title='bbox 2199 3119 2489 3184; x_wconf 85' lang='lat' dir='ltr'>defunctus</span> <span class='ocrx_word' id='word_1_460' title='bbox 2504 3121 2737 3174; x_wconf 87' lang='lat' dir='ltr'>est.Post</span> <span class='ocrx_word' id='word_1_461' title='bbox 2757 3122 2914 3188; x_wconf 80' lang='lat' dir='ltr'>cujus</span> <span class='ocrx_word' id='word_1_462' title='bbox 2943 3120 3174 3186; x_wconf 88' lang='lat' dir='ltr'>obitum,</span> <span class='ocrx_word' id='word_1_463' title='bbox 3207 3118 3688 3187; x_wconf 71' lang='lat' dir='ltr'>quodlexoiduam</span> 
     </span>
    </p>
   </div>
   <div class='ocr_carea' id='block_1_58' title="bbox 399 3196 3688 3277">
    <p class='ocr_par' dir='ltr' id='par_1_58' title="bbox 399 3196 3688 3277">
     <span class='ocr_line' id='line_1_58' title="bbox 399 3196 3688 3277; baseline 0.001 -21"><span class='ocrx_word' id='word_1_464' title='bbox 399 3199 561 3266; x_wconf 86' lang='lat' dir='ltr'>Quod</span> <span class='ocrx_word' id='word_1_465' title='bbox 581 3202 772 3254; x_wconf 90' lang='lat' dir='ltr'>autem</span> <span class='ocrx_word' id='word_1_466' title='bbox 791 3196 1094 3252; x_wconf 89' lang='lat' dir='ltr'>Zorobabel</span> <span class='ocrx_word' id='word_1_467' title='bbox 1105 3197 1336 3252; x_wconf 91' lang='lat' dir='ltr'>sitﬁlius</span> <span class='ocrx_word' id='word_1_468' title='bbox 1347 3198 1636 3265; x_wconf 89' lang='lat' dir='ltr'>Salathiel,</span> <span class='ocrx_word' id='word_1_469' title='bbox 1651 3199 1843 3254; x_wconf 90' lang='lat' dir='ltr'>multis</span> <span class='ocrx_word' id='word_1_470' title='bbox 1855 3200 2000 3255; x_wconf 87' lang='lat' dir='ltr'>Scri-</span> <span class='ocrx_word' id='word_1_471' title='bbox 2078 3207 2193 3260; x_wconf 83' lang='lat' dir='ltr'>alio</span> <span class='ocrx_word' id='word_1_472' title='bbox 2204 3209 2324 3260; x_wconf 86' lang='lat' dir='ltr'>viro</span> <span class='ocrx_word' id='word_1_473' title='bbox 2345 3222 2455 3261; x_wconf 89' lang='lat' dir='ltr'>non</span> <span class='ocrx_word' id='word_1_474' title='bbox 2480 3212 2622 3262; x_wconf 79' lang='lat' dir='ltr'>vetat</span> <span class='ocrx_word' id='word_1_475' title='bbox 2644 3210 2863 3275; x_wconf 88' lang='lat' dir='ltr'>nubere,</span> <span class='ocrx_word' id='word_1_476' title='bbox 2880 3209 3220 3277; x_wconf 79' lang='lat' dir='ltr'>Mathot,qui</span> <span class='ocrx_word' id='word_1_477' title='bbox 3226 3223 3328 3276; x_wconf 88' lang='lat' dir='ltr'>per</span> <span class='ocrx_word' id='word_1_478' title='bbox 3346 3207 3576 3262; x_wconf 84' lang='lat' dir='ltr'>Nathan</span> <span class='ocrx_word' id='word_1_479' title='bbox 3591 3222 3688 3274; x_wconf 86' lang='lat' dir='ltr'>ge-</span> 
     </span>
    </p>
   </div>
   <div class='ocr_carea' id='block_1_59' title="bbox 397 3286 3691 3363">
    <p class='ocr_par' dir='ltr' id='par_1_59' title="bbox 397 3286 3691 3363">
     <span class='ocr_line' id='line_1_59' title="bbox 397 3286 3691 3363; baseline 0.002 -19"><span class='ocrx_word' id='word_1_480' title='bbox 397 3294 696 3361; x_wconf 88' lang='lat' dir='ltr'>pturarum</span> <span class='ocrx_word' id='word_1_481' title='bbox 723 3291 1047 3343; x_wconf 86' lang='lat' dir='ltr'>sanctarum</span> <span class='ocrx_word' id='word_1_482' title='bbox 1076 3286 1136 3341; x_wconf 90' lang='lat' dir='ltr'>in</span> <span class='ocrx_word' id='word_1_483' title='bbox 1182 3286 1318 3341; x_wconf 91' lang='lat' dir='ltr'>locis</span> <span class='ocrx_word' id='word_1_484' title='bbox 1343 3287 1465 3342; x_wconf 92' lang='lat' dir='ltr'>sine</span> <span class='ocrx_word' id='word_1_485' title='bbox 1492 3287 1756 3359; x_wconf 89' lang='lat' dir='ltr'>ambiguo</span> <span class='ocrx_word' id='word_1_486' title='bbox 1789 3289 1998 3360; x_wconf 86' lang='lat' dir='ltr'>reperi-</span> <span class='ocrx_word' id='word_1_487' title='bbox 2079 3309 2187 3348; x_wconf 85' lang='lat' dir='ltr'>nus</span> <span class='ocrx_word' id='word_1_488' title='bbox 2217 3295 2391 3360; x_wconf 84' lang='lat' dir='ltr'>ducit,</span> <span class='ocrx_word' id='word_1_489' title='bbox 2423 3311 2551 3350; x_wconf 90' lang='lat' dir='ltr'>cum</span> <span class='ocrx_word' id='word_1_490' title='bbox 2581 3302 2714 3350; x_wconf 84' lang='lat' dir='ltr'>esset</span> <span class='ocrx_word' id='word_1_491' title='bbox 2757 3313 2821 3351; x_wconf 77' lang='lat' dir='ltr'>ea:</span> <span class='ocrx_word' id='word_1_492' title='bbox 2850 3298 3030 3351; x_wconf 84' lang='lat' dir='ltr'>eadem</span> <span class='ocrx_word' id='word_1_493' title='bbox 3067 3297 3238 3363; x_wconf 86' lang='lat' dir='ltr'>tribu,</span> <span class='ocrx_word' id='word_1_494' title='bbox 3266 3298 3359 3350; x_wconf 87' lang='lat' dir='ltr'>sed</span> <span class='ocrx_word' id='word_1_495' title='bbox 3378 3312 3494 3351; x_wconf 86' lang='lat' dir='ltr'>non</span> <span class='ocrx_word' id='word_1_496' title='bbox 3518 3312 3585 3350; x_wconf 67' lang='lat' dir='ltr'>ex</span> <span class='ocrx_word' id='word_1_497' title='bbox 3607 3311 3691 3350; x_wconf 85' lang='lat' dir='ltr'>eo-</span> 
     </span>
    </p>
   </div>
   <div class='ocr_carea' id='block_1_60' title="bbox 397 3375 3689 3455">
    <p class='ocr_par' dir='ltr' id='par_1_60' title="bbox 397 3375 3689 3455">
     <span class='ocr_line' id='line_1_60' title="bbox 397 3375 3689 3455; baseline 0.001 -19"><span class='ocrx_word' id='word_1_498' title='bbox 397 3384 513 3436; x_wconf 71' lang='grc' dir='ltr'>ιω.</span> <span class='ocrx_word' id='word_1_499' title='bbox 529 3377 639 3434; x_wconf 82' lang='lat' dir='ltr'>Sed</span> <span class='ocrx_word' id='word_1_500' title='bbox 662 3377 723 3432; x_wconf 93' lang='lat' dir='ltr'>in</span> <span class='ocrx_word' id='word_1_501' title='bbox 741 3375 1208 3448; x_wconf 89' lang='lat' dir='ltr'>Paralipomenon</span> <span class='ocrx_word' id='word_1_502' title='bbox 1221 3380 1340 3441; x_wconf 62' lang='lat'>53</span> <span class='ocrx_word' id='word_1_503' title='bbox 1363 3376 1528 3446; x_wconf 91' lang='lat' dir='ltr'>longe</span> <span class='ocrx_word' id='word_1_504' title='bbox 1543 3376 1707 3431; x_wconf 89' lang='lat' dir='ltr'>aliter</span> <span class='ocrx_word' id='word_1_505' title='bbox 1732 3377 1992 3433; x_wconf 90' lang='lat' dir='ltr'>habetur.</span> <span class='ocrx_word' id='word_1_506' title='bbox 2076 3383 2199 3437; x_wconf 82' lang='lat' dir='ltr'>dem</span> <span class='ocrx_word' id='word_1_507' title='bbox 2231 3399 2440 3452; x_wconf 85' lang='lat' dir='ltr'>genere,</span> <span class='ocrx_word' id='word_1_508' title='bbox 2478 3386 2730 3438; x_wconf 88' lang='lat' dir='ltr'>relictam</span> <span class='ocrx_word' id='word_1_509' title='bbox 2758 3387 2986 3441; x_wconf 55' lang='lat' dir='ltr'>Martha</span> <span class='ocrx_word' id='word_1_510' title='bbox 3015 3389 3217 3455; x_wconf 80' lang='lat' dir='ltr'>accepit</span> <span class='ocrx_word' id='word_1_511' title='bbox 3242 3401 3471 3441; x_wconf 68' lang='lat' dir='ltr'>uxorem</span> <span class='ocrx_word' id='word_1_512' title='bbox 3487 3401 3554 3440; x_wconf 73' lang='lat' dir='ltr'>ea:</span> <span class='ocrx_word' id='word_1_513' title='bbox 3571 3400 3689 3454; x_wconf 86' lang='lat' dir='ltr'>qua</span> 
     </span>
    </p>
   </div>
   <div class='ocr_carea' id='block_1_61' title="bbox 471 3464 3692 3545">
    <p class='ocr_par' dir='ltr' id='par_1_61' title="bbox 471 3464 3692 3545">
     <span class='ocr_line' id='line_1_61' title="bbox 471 3464 3692 3545; baseline 0.001 -21"><span class='ocrx_word' id='word_1_514' title='bbox 471 3467 566 3524; x_wconf 89' lang='lat' dir='ltr'>Sic</span> <span class='ocrx_word' id='word_1_515' title='bbox 593 3466 745 3522; x_wconf 88' lang='lat' dir='ltr'>enim</span> <span class='ocrx_word' id='word_1_516' title='bbox 777 3464 918 3520; x_wconf 91' lang='lat' dir='ltr'>inibi</span> <span class='ocrx_word' id='word_1_517' title='bbox 950 3464 1189 3535; x_wconf 87' lang='lat' dir='ltr'>legimus</span> <span class='ocrx_word' id='word_1_518' title='bbox 1242 3464 1391 3536; x_wconf 91' lang='lat' dir='ltr'>quod</span> <span class='ocrx_word' id='word_1_519' title='bbox 1437 3465 1716 3521; x_wconf 67' lang='lat' dir='ltr'>Jechoniaz</span> <span class='ocrx_word' id='word_1_520' title='bbox 1744 3466 1844 3520; x_wconf 78' lang='lat' dir='ltr'>ﬁlii</span> <span class='ocrx_word' id='word_1_521' title='bbox 1872 3467 1995 3522; x_wconf 86' lang='lat' dir='ltr'>fue-</span> <span class='ocrx_word' id='word_1_522' title='bbox 2077 3477 2126 3526; x_wconf 86' lang='lat' dir='ltr'>et</span> <span class='ocrx_word' id='word_1_523' title='bbox 2143 3475 2253 3542; x_wconf 87' lang='lat' dir='ltr'>ipse</span> <span class='ocrx_word' id='word_1_524' title='bbox 2281 3475 2484 3541; x_wconf 86' lang='lat' dir='ltr'>accepit</span> <span class='ocrx_word' id='word_1_525' title='bbox 2506 3476 2691 3540; x_wconf 79' lang='lat' dir='ltr'>ﬁlium</span> <span class='ocrx_word' id='word_1_526' title='bbox 2720 3477 2944 3529; x_wconf 87' lang='lat' dir='ltr'>nomine</span> <span class='ocrx_word' id='word_1_527' title='bbox 2969 3476 3110 3542; x_wconf 83' lang='lat' dir='ltr'>Heli,</span> <span class='ocrx_word' id='word_1_528' title='bbox 3133 3491 3235 3544; x_wconf 87' lang='lat' dir='ltr'>per</span> <span class='ocrx_word' id='word_1_529' title='bbox 3253 3476 3398 3545; x_wconf 87' lang='lat' dir='ltr'>quod</span> <span class='ocrx_word' id='word_1_530' title='bbox 3422 3491 3487 3529; x_wconf 71' lang='lat' dir='ltr'>ea:</span> <span class='ocrx_word' id='word_1_531' title='bbox 3505 3476 3692 3529; x_wconf 80' lang='lat' dir='ltr'>diver-</span> 
     </span>
    </p>
   </div>
   <div class='ocr_carea' id='block_1_62' title="bbox 398 3553 3694 3632">
    <p class='ocr_par' dir='ltr' id='par_1_62' title="bbox 398 3553 3694 3632">
     <span class='ocr_line' id='line_1_62' title="bbox 398 3553 3694 3632; baseline 0.002 -20"><span class='ocrx_word' id='word_1_532' title='bbox 398 3561 554 3622; x_wconf 88' lang='lat' dir='ltr'>runt,</span> <span class='ocrx_word' id='word_1_533' title='bbox 603 3555 750 3622; x_wconf 84' lang='lat' dir='ltr'>Azir,</span> <span class='ocrx_word' id='word_1_534' title='bbox 800 3553 1088 3621; x_wconf 89' lang='lat' dir='ltr'>Salathiel,</span> <span class='ocrx_word' id='word_1_535' title='bbox 1141 3553 1457 3621; x_wconf 89' lang='lat' dir='ltr'>Melchiam,</span> <span class='ocrx_word' id='word_1_536' title='bbox 1509 3559 1566 3608; x_wconf 91' lang='lat' dir='ltr'>et</span> <span class='ocrx_word' id='word_1_537' title='bbox 1616 3555 1884 3610; x_wconf 88' lang='lat' dir='ltr'>Phadaia.</span> <span class='ocrx_word' id='word_1_538' title='bbox 1921 3556 1996 3611; x_wconf 89' lang='lat' dir='ltr'>De</span> <span class='ocrx_word' id='word_1_539' title='bbox 2079 3579 2136 3616; x_wconf 93' lang='lat' dir='ltr'>so</span> <span class='ocrx_word' id='word_1_540' title='bbox 2168 3567 2401 3632; x_wconf 80' lang='lat' dir='ltr'>patrum</span> <span class='ocrx_word' id='word_1_541' title='bbox 2437 3579 2629 3631; x_wconf 88' lang='lat' dir='ltr'>genere</span> <span class='ocrx_word' id='word_1_542' title='bbox 2667 3565 2994 3631; x_wconf 84' lang='lat' dir='ltr'>efﬁciuntur</span> <span class='ocrx_word' id='word_1_543' title='bbox 3035 3566 3198 3618; x_wconf 88' lang='lat' dir='ltr'>Jacob</span> <span class='ocrx_word' id='word_1_544' title='bbox 3230 3569 3280 3618; x_wconf 91' lang='lat' dir='ltr'>et</span> <span class='ocrx_word' id='word_1_545' title='bbox 3312 3566 3436 3618; x_wconf 80' lang='lat' dir='ltr'>Heli</span> <span class='ocrx_word' id='word_1_546' title='bbox 3466 3566 3694 3620; x_wconf 82' lang='lat' dir='ltr'>uterini</span> 
     </span>
    </p>
   </div>
   <div class='ocr_carea' id='block_1_63' title="bbox 396 3639 1998 3716">
    <p class='ocr_par' dir='ltr' id='par_1_63' title="bbox 396 3639 1998 3716">
     <span class='ocr_line' id='line_1_63' title="bbox 396 3639 1998 3716; baseline -0.001 -13"><span class='ocrx_word' id='word_1_547' title='bbox 396 3643 652 3703; x_wconf 87' lang='lat' dir='ltr'>Phadaia</span> <span class='ocrx_word' id='word_1_548' title='bbox 689 3649 884 3699; x_wconf 90' lang='lat' dir='ltr'>autem</span> <span class='ocrx_word' id='word_1_549' title='bbox 911 3639 1021 3716; x_wconf 77' lang='lat' dir='ltr'>orti</span> <span class='ocrx_word' id='word_1_550' title='bbox 1048 3647 1182 3697; x_wconf 92' lang='lat' dir='ltr'>sunt</span> <span class='ocrx_word' id='word_1_551' title='bbox 1209 3642 1516 3698; x_wconf 80' lang='lat' dir='ltr'>Zorobabel</span> <span class='ocrx_word' id='word_1_552' title='bbox 1548 3648 1606 3698; x_wconf 91' lang='lat' dir='ltr'>et</span> <span class='ocrx_word' id='word_1_553' title='bbox 1646 3645 1850 3700; x_wconf 90' lang='lat' dir='ltr'>Semei.</span> <span class='ocrx_word' id='word_1_554' title='bbox 1883 3646 1998 3700; x_wconf 89' lang='lat' dir='ltr'>Nos</span> 
     </span>
    </p>
   </div>
   <div class='ocr_carea' id='block_1_64' title="bbox 398 3731 2000 3806">
    <p class='ocr_par' dir='ltr' id='par_1_64' title="bbox 398 3731 2000 3806">
     <span class='ocr_line' id='line_1_64' title="bbox 398 3731 2000 3806; baseline 0 -17"><span class='ocrx_word' id='word_1_555' title='bbox 398 3741 591 3791; x_wconf 85' lang='lat' dir='ltr'>autem</span> <span class='ocrx_word' id='word_1_556' title='bbox 622 3733 757 3806; x_wconf 90' lang='lat' dir='ltr'>quid</span> <span class='ocrx_word' id='word_1_557' title='bbox 787 3731 859 3786; x_wconf 91' lang='lat' dir='ltr'>de</span> <span class='ocrx_word' id='word_1_558' title='bbox 889 3731 996 3785; x_wconf 89' lang='lat' dir='ltr'>hoc</span> <span class='ocrx_word' id='word_1_559' title='bbox 1023 3731 1272 3785; x_wconf 88' lang='lat' dir='ltr'>medium</span> <span class='ocrx_word' id='word_1_560' title='bbox 1293 3731 1546 3786; x_wconf 88' lang='lat' dir='ltr'>dicamus</span> <span class='ocrx_word' id='word_1_561' title='bbox 1574 3749 1686 3788; x_wconf 90' lang='lat' dir='ltr'>non</span> <span class='ocrx_word' id='word_1_562' title='bbox 1716 3734 1877 3789; x_wconf 90' lang='lat' dir='ltr'>facile</span> <span class='ocrx_word' id='word_1_563' title='bbox 1906 3752 2000 3789; x_wconf 89' lang='lat' dir='ltr'>re-</span> 
     </span>
    </p>
   </div>
   <div class='ocr_carea' id='block_1_65' title="bbox 396 3815 1998 3897">
    <p class='ocr_par' dir='ltr' id='par_1_65' title="bbox 396 3815 1998 3897">
     <span class='ocr_line' id='line_1_65' title="bbox 396 3815 1998 3897; baseline -0.001 -18"><span class='ocrx_word' id='word_1_564' title='bbox 396 3823 636 3897; x_wconf 89' lang='lat' dir='ltr'>peritur.</span> <span class='ocrx_word' id='word_1_565' title='bbox 681 3820 842 3887; x_wconf 88' lang='lat' dir='ltr'>Quod</span> <span class='ocrx_word' id='word_1_566' title='bbox 885 3819 933 3874; x_wconf 91' lang='lat' dir='ltr'>si</span> <span class='ocrx_word' id='word_1_567' title='bbox 980 3815 1284 3876; x_wconf 84' lang='lat' dir='ltr'>dixerimus</span> <span class='ocrx_word' id='word_1_568' title='bbox 1331 3821 1480 3892; x_wconf 92' lang='lat' dir='ltr'>quod</span> <span class='ocrx_word' id='word_1_569' title='bbox 1531 3822 1590 3876; x_wconf 89' lang='lat' dir='ltr'>hi</span> <span class='ocrx_word' id='word_1_570' title='bbox 1638 3822 1749 3878; x_wconf 93' lang='lat' dir='ltr'>duo</span> <span class='ocrx_word' id='word_1_571' title='bbox 1795 3824 1998 3878; x_wconf 87' lang='lat' dir='ltr'>fratres</span> 
     </span>
    </p>
   </div>
   <div class='ocr_carea' id='block_1_66' title="bbox 396 3909 1996 3983">
    <p class='ocr_par' dir='ltr' id='par_1_66' title="bbox 396 3909 1996 3983">
     <span class='ocr_line' id='line_1_66' title="bbox 396 3909 1996 3983; baseline -0.001 -14"><span class='ocrx_word' id='word_1_572' title='bbox 396 3929 572 3969; x_wconf 90' lang='lat' dir='ltr'>unam</span> <span class='ocrx_word' id='word_1_573' title='bbox 603 3911 824 3966; x_wconf 91' lang='lat' dir='ltr'>diverso</span> <span class='ocrx_word' id='word_1_574' title='bbox 853 3909 914 3964; x_wconf 88' lang='lat' dir='ltr'>in</span> <span class='ocrx_word' id='word_1_575' title='bbox 937 3915 1189 3981; x_wconf 90' lang='lat' dir='ltr'>tempore</span> <span class='ocrx_word' id='word_1_576' title='bbox 1211 3909 1501 3966; x_wconf 83' lang='lat' dir='ltr'>duxissent</span> <span class='ocrx_word' id='word_1_577' title='bbox 1521 3927 1773 3980; x_wconf 85' lang='lat' dir='ltr'>uxorem,</span> <span class='ocrx_word' id='word_1_578' title='bbox 1800 3930 1865 3966; x_wconf 81' lang='lat' dir='ltr'>ex</span> <span class='ocrx_word' id='word_1_579' title='bbox 1885 3929 1996 3983; x_wconf 90' lang='lat' dir='ltr'>qua</span> 
     </span>
    </p>
   </div>
   <div class='ocr_carea' id='block_1_67' title="bbox 398 3998 2000 4072">
    <p class='ocr_par' dir='ltr' id='par_1_67' title="bbox 398 3998 2000 4072">
     <span class='ocr_line' id='line_1_67' title="bbox 398 3998 2000 4072; baseline -0.002 -15"><span class='ocrx_word' id='word_1_580' title='bbox 398 4002 542 4056; x_wconf 90' lang='lat' dir='ltr'>alter</span> <span class='ocrx_word' id='word_1_581' title='bbox 567 3999 831 4072; x_wconf 88' lang='lat' dir='ltr'>genuerit</span> <span class='ocrx_word' id='word_1_582' title='bbox 857 3998 1058 4063; x_wconf 89' lang='lat' dir='ltr'>ﬁlium,</span> <span class='ocrx_word' id='word_1_583' title='bbox 1098 3998 1197 4067; x_wconf 88' lang='lat' dir='ltr'>qui</span> <span class='ocrx_word' id='word_1_584' title='bbox 1225 3999 1389 4052; x_wconf 88' lang='lat' dir='ltr'>alteri</span> <span class='ocrx_word' id='word_1_585' title='bbox 1420 4015 1486 4053; x_wconf 85' lang='lat' dir='ltr'>ex</span> <span class='ocrx_word' id='word_1_586' title='bbox 1515 3999 1639 4069; x_wconf 90' lang='lat' dir='ltr'>lege</span> <span class='ocrx_word' id='word_1_587' title='bbox 1668 4000 1743 4054; x_wconf 92' lang='lat' dir='ltr'>sit</span> <span class='ocrx_word' id='word_1_588' title='bbox 1761 4001 2000 4072; x_wconf 87' lang='lat' dir='ltr'>adopta-</span> 
     </span>
    </p>
   </div>
   <div class='ocr_carea' id='block_1_68' title="bbox 397 4085 1999 4155">
    <p class='ocr_par' dir='ltr' id='par_1_68' title="bbox 397 4085 1999 4155">
     <span class='ocr_line' id='line_1_68' title="bbox 397 4085 1999 4155; baseline -0.001 -10"><span class='ocrx_word' id='word_1_589' title='bbox 397 4097 512 4155; x_wconf 90' lang='lat' dir='ltr'>tus,</span> <span class='ocrx_word' id='word_1_590' title='bbox 563 4088 829 4142; x_wconf 90' lang='lat' dir='ltr'>refellunt</span> <span class='ocrx_word' id='word_1_591' title='bbox 861 4085 964 4139; x_wconf 90' lang='lat' dir='ltr'>hoc</span> <span class='ocrx_word' id='word_1_592' title='bbox 1009 4085 1133 4155; x_wconf 91' lang='lat' dir='ltr'>ipsa</span> <span class='ocrx_word' id='word_1_593' title='bbox 1179 4085 1600 4154; x_wconf 86' lang='lat' dir='ltr'>Scripturarum</span> <span class='ocrx_word' id='word_1_594' title='bbox 1641 4087 1828 4154; x_wconf 89' lang='lat' dir='ltr'>verba,</span> <span class='ocrx_word' id='word_1_595' title='bbox 1862 4089 1999 4143; x_wconf 92' lang='lat' dir='ltr'>dum</span> 
     </span>
    </p>
   </div>
   <div class='ocr_carea' id='block_1_69' title="bbox 2079 3651 3693 3721">
    <p class='ocr_par' dir='ltr' id='par_1_69' title="bbox 2079 3651 3693 3721">
     <span class='ocr_line' id='line_1_69' title="bbox 2079 3651 3693 3721; baseline 0.002 -16"><span class='ocrx_word' id='word_1_596' title='bbox 2079 3654 2305 3720; x_wconf 81' lang='lat' dir='ltr'>fratres.</span> <span class='ocrx_word' id='word_1_597' title='bbox 2333 3651 2583 3718; x_wconf 80' lang='lat' dir='ltr'>Quorum</span> <span class='ocrx_word' id='word_1_598' title='bbox 2605 3655 2768 3719; x_wconf 85' lang='lat' dir='ltr'>alter,</span> <span class='ocrx_word' id='word_1_599' title='bbox 2791 3653 2852 3706; x_wconf 88' lang='lat' dir='ltr'>id</span> <span class='ocrx_word' id='word_1_600' title='bbox 2875 3657 2968 3719; x_wconf 89' lang='lat' dir='ltr'>est,</span> <span class='ocrx_word' id='word_1_601' title='bbox 2989 3655 3170 3719; x_wconf 89' lang='lat' dir='ltr'>Jacob,</span> <span class='ocrx_word' id='word_1_602' title='bbox 3194 3655 3397 3721; x_wconf 82' lang='lat' dir='ltr'>fratris</span> <span class='ocrx_word' id='word_1_603' title='bbox 3415 3655 3543 3708; x_wconf 79' lang='lat' dir='ltr'>Heli</span> <span class='ocrx_word' id='word_1_604' title='bbox 3564 3655 3693 3708; x_wconf 81' lang='lat' dir='ltr'>sine</span> 
     </span>
    </p>
   </div>
   <div class='ocr_carea' id='block_1_70' title="bbox 2081 3742 3691 3812">
    <p class='ocr_par' dir='ltr' id='par_1_70' title="bbox 2081 3742 3691 3812">
     <span class='ocr_line' id='line_1_70' title="bbox 2081 3742 3691 3812; baseline 0.002 -18"><span class='ocrx_word' id='word_1_605' title='bbox 2081 3742 2271 3794; x_wconf 88' lang='lat' dir='ltr'>liberis</span> <span class='ocrx_word' id='word_1_606' title='bbox 2296 3742 2548 3808; x_wconf 78' lang='lat' dir='ltr'>defuncti</span> <span class='ocrx_word' id='word_1_607' title='bbox 2584 3757 2809 3795; x_wconf 72' lang='lat' dir='ltr'>uxorem</span> <span class='ocrx_word' id='word_1_608' title='bbox 2855 3757 2921 3795; x_wconf 74' lang='lat' dir='ltr'>ea;</span> <span class='ocrx_word' id='word_1_609' title='bbox 2952 3742 3217 3795; x_wconf 85' lang='lat' dir='ltr'>mandato</span> <span class='ocrx_word' id='word_1_610' title='bbox 3246 3745 3378 3811; x_wconf 87' lang='lat' dir='ltr'>legis</span> <span class='ocrx_word' id='word_1_611' title='bbox 3405 3745 3691 3812; x_wconf 86' lang='lat' dir='ltr'>accipiens</span> 
     </span>
    </p>
   </div>
   <div class='ocr_carea' id='block_1_71' title="bbox 2081 3830 3692 3900">
    <p class='ocr_par' dir='ltr' id='par_1_71' title="bbox 2081 3830 3692 3900">
     <span class='ocr_line' id='line_1_71' title="bbox 2081 3830 3692 3900; baseline 0.002 -18"><span class='ocrx_word' id='word_1_612' title='bbox 2081 3830 2272 3896; x_wconf 87' lang='lat' dir='ltr'>genuit</span> <span class='ocrx_word' id='word_1_613' title='bbox 2292 3830 2500 3898; x_wconf 85' lang='lat' dir='ltr'>Joseph,</span> <span class='ocrx_word' id='word_1_614' title='bbox 2521 3835 2730 3884; x_wconf 87' lang='lat' dir='ltr'>natura</span> <span class='ocrx_word' id='word_1_615' title='bbox 2751 3831 2972 3900; x_wconf 82' lang='lat' dir='ltr'>quidem</span> <span class='ocrx_word' id='word_1_616' title='bbox 2998 3833 3272 3898; x_wconf 79' lang='lat' dir='ltr'>genuinis</span> <span class='ocrx_word' id='word_1_617' title='bbox 3290 3834 3692 3899; x_wconf 78' lang='lat' dir='ltr'>suum/ilium.</span> 
     </span>
    </p>
   </div>
   <div class='ocr_carea' id='block_1_72' title="bbox 2078 3919 3690 3990">
    <p class='ocr_par' dir='ltr' id='par_1_72' title="bbox 2078 3919 3690 3990">
     <span class='ocr_line' id='line_1_72' title="bbox 2078 3919 3690 3990; baseline 0.004 -21"><span class='ocrx_word' id='word_1_618' title='bbox 2078 3921 2304 3985; x_wconf 86' lang='lat' dir='ltr'>propter</span> <span class='ocrx_word' id='word_1_619' title='bbox 2321 3919 2464 3984; x_wconf 86' lang='lat' dir='ltr'>quod</span> <span class='ocrx_word' id='word_1_620' title='bbox 2485 3923 2534 3971; x_wconf 86' lang='lat' dir='ltr'>et</span> <span class='ocrx_word' id='word_1_621' title='bbox 2561 3921 2851 3973; x_wconf 87' lang='lat' dir='ltr'>scribitur:</span> <span class='ocrx_word' id='word_1_622' title='bbox 2873 3920 3034 3974; x_wconf 87' lang='lat' dir='ltr'>Jacob</span> <span class='ocrx_word' id='word_1_623' title='bbox 3055 3924 3243 3974; x_wconf 79' lang='lat' dir='ltr'>autem</span> <span class='ocrx_word' id='word_1_624' title='bbox 3256 3923 3450 3989; x_wconf 87' lang='lat' dir='ltr'>genuit</span> <span class='ocrx_word' id='word_1_625' title='bbox 3465 3922 3690 3990; x_wconf 83' lang='lat' dir='ltr'>Joseph.</span> 
     </span>
    </p>
   </div>
   <div class='ocr_carea' id='block_1_73' title="bbox 2083 4003 3693 4078">
    <p class='ocr_par' dir='ltr' id='par_1_73' title="bbox 2083 4003 3693 4078">
     <span class='ocr_line' id='line_1_73' title="bbox 2083 4003 3693 4078; baseline 0.003 -20"><span class='ocrx_word' id='word_1_626' title='bbox 2083 4003 2399 4059; x_wconf 88' lang='lat' dir='ltr'>Secundum</span> <span class='ocrx_word' id='word_1_627' title='bbox 2428 4009 2560 4073; x_wconf 89' lang='lat' dir='ltr'>legis</span> <span class='ocrx_word' id='word_1_628' title='bbox 2589 4023 2709 4061; x_wconf 84' lang='lat' dir='ltr'>vero</span> <span class='ocrx_word' id='word_1_629' title='bbox 2724 4013 3055 4078; x_wconf 70' lang='lat' dir='ltr'>praeceptum</span> <span class='ocrx_word' id='word_1_630' title='bbox 3080 4010 3206 4063; x_wconf 86' lang='lat' dir='ltr'>Ileli</span> <span class='ocrx_word' id='word_1_631' title='bbox 3224 4011 3472 4077; x_wconf 80' lang='lat' dir='ltr'>efﬁcitur</span> <span class='ocrx_word' id='word_1_632' title='bbox 3485 4012 3650 4076; x_wconf 77' lang='lat' dir='ltr'>ﬁlius</span> <span class='ocrx_word' id='word_1_633' title='bbox 3673 4027 3693 4063; x_wconf 90' lang='lat'><strong><em>:</em></strong></span> 
     </span>
    </p>
   </div>
   <div class='ocr_carea' id='block_1_74' title="bbox 2081 4094 3696 4164">
    <p class='ocr_par' dir='ltr' id='par_1_74' title="bbox 2081 4094 3696 4164">
     <span class='ocr_line' id='line_1_74' title="bbox 2081 4094 3696 4164; baseline 0.006 -19"><span class='ocrx_word' id='word_1_634' title='bbox 2081 4095 2239 4160; x_wconf 86' lang='lat' dir='ltr'>cujus</span> <span class='ocrx_word' id='word_1_635' title='bbox 2257 4094 2437 4160; x_wconf 87' lang='lat' dir='ltr'>Jacob,</span> <span class='ocrx_word' id='word_1_636' title='bbox 2461 4097 2596 4163; x_wconf 87' lang='lat' dir='ltr'>quia</span> <span class='ocrx_word' id='word_1_637' title='bbox 2606 4097 2786 4162; x_wconf 90' lang='lat' dir='ltr'>frater</span> <span class='ocrx_word' id='word_1_638' title='bbox 2805 4102 3180 4164; x_wconf 76' lang='lat' dir='ltr'>erat,u;rorem</span> <span class='ocrx_word' id='word_1_639' title='bbox 3199 4099 3274 4151; x_wconf 89' lang='lat' dir='ltr'>ad</span> <span class='ocrx_word' id='word_1_640' title='bbox 3293 4099 3696 4154; x_wconf 86' lang='lat' dir='ltr'>suscitandum</span> 
     </span>
    </p>
   </div>
   <div class='ocr_carea' id='block_1_75' title="bbox 399 4171 3696 4254">
    <p class='ocr_par' dir='ltr' id='par_1_75' title="bbox 399 4171 3696 4254">
     <span class='ocr_line' id='line_1_75' title="bbox 399 4171 3696 4254; baseline 0.004 -25"><span class='ocrx_word' id='word_1_641' title='bbox 399 4175 700 4230; x_wconf 63' lang='lat' dir='ltr'>Mattheus</span> <span class='ocrx_word' id='word_1_642' title='bbox 729 4172 870 4226; x_wconf 90' lang='lat' dir='ltr'>dicit</span> <span class='ocrx_word' id='word_1_643' title='bbox 896 4171 1046 4240; x_wconf 93' lang='lat' dir='ltr'>quod</span> <span class='ocrx_word' id='word_1_644' title='bbox 1085 4171 1355 4225; x_wconf 87' lang='lat' dir='ltr'>Salathiel</span> <span class='ocrx_word' id='word_1_645' title='bbox 1385 4175 1649 4242; x_wconf 89' lang='lat' dir='ltr'>genuerit</span> <span class='ocrx_word' id='word_1_646' title='bbox 1674 4176 1996 4231; x_wconf 91' lang='lat' dir='ltr'>Zorobabel.</span> <span class='ocrx_word' id='word_1_647' title='bbox 2080 4197 2260 4234; x_wconf 84' lang='lat' dir='ltr'>semen</span> <span class='ocrx_word' id='word_1_648' title='bbox 2288 4183 2488 4250; x_wconf 87' lang='lat' dir='ltr'>fratris</span> <span class='ocrx_word' id='word_1_649' title='bbox 2508 4189 2803 4253; x_wconf 86' lang='lat' dir='ltr'>acceperat.</span> <span class='ocrx_word' id='word_1_650' title='bbox 2822 4184 2899 4240; x_wconf 86' lang='lat' dir='ltr'>Ac</span> <span class='ocrx_word' id='word_1_651' title='bbox 2924 4201 3023 4254; x_wconf 85' lang='lat' dir='ltr'>per</span> <span class='ocrx_word' id='word_1_652' title='bbox 3051 4186 3148 4240; x_wconf 85' lang='lat' dir='ltr'>hoc</span> <span class='ocrx_word' id='word_1_653' title='bbox 3169 4191 3297 4240; x_wconf 87' lang='lat' dir='ltr'>rata</span> <span class='ocrx_word' id='word_1_654' title='bbox 3323 4189 3625 4241; x_wconf 81' lang='lat' dir='ltr'>invenitur</span> <span class='ocrx_word' id='word_1_655' title='bbox 3640 4193 3696 4241; x_wconf 79' lang='lat' dir='ltr'>et</span> 
     </span>
    </p>
   </div>
   <div class='ocr_carea' id='block_1_76' title="bbox 399 4256 3695 4346">
    <p class='ocr_par' dir='ltr' id='par_1_76' title="bbox 399 4256 3695 4346">
     <span class='ocr_line' id='line_1_76' title="bbox 399 4256 3695 4346; baseline 0.004 -30"><span class='ocrx_word' id='word_1_656' title='bbox 399 4264 488 4316; x_wconf 83' lang='lat' dir='ltr'>Ac</span> <span class='ocrx_word' id='word_1_657' title='bbox 523 4259 726 4316; x_wconf 89' lang='lat' dir='ltr'>deinde</span> <span class='ocrx_word' id='word_1_658' title='bbox 769 4256 1242 4346; x_wconf 72' lang='lat' dir='ltr'>Paralipomenon</span> <span class='ocrx_word' id='word_1_659' title='bbox 1267 4257 1428 4346; x_wconf 74' lang='lat' dir='ltr'>liber</span> <span class='ocrx_word' id='word_1_660' title='bbox 1455 4259 1723 4330; x_wconf 89' lang='lat' dir='ltr'>loquitur,</span> <span class='ocrx_word' id='word_1_661' title='bbox 1765 4264 1898 4334; x_wconf 90' lang='lat' dir='ltr'>quia</span> <span class='ocrx_word' id='word_1_662' title='bbox 1927 4264 1996 4318; x_wconf 92' lang='lat' dir='ltr'>de</span> <span class='ocrx_word' id='word_1_663' title='bbox 2014 4271 2300 4346; x_wconf 74' lang='lat' dir='ltr'>nintegra</span> <span class='ocrx_word' id='word_1_664' title='bbox 2323 4275 2620 4338; x_wconf 76' lang='lat' dir='ltr'>generatio.</span> <span class='ocrx_word' id='word_1_665' title='bbox 2639 4273 2758 4327; x_wconf 72' lang='lat' dir='ltr'>llaec</span> <span class='ocrx_word' id='word_1_666' title='bbox 2785 4279 2988 4340; x_wconf 89' lang='lat' dir='ltr'>autem,</span> <span class='ocrx_word' id='word_1_667' title='bbox 3009 4273 3160 4329; x_wconf 91' lang='lat' dir='ltr'>idem</span> <span class='ocrx_word' id='word_1_668' title='bbox 3178 4274 3505 4346; x_wconf 87' lang='lat' dir='ltr'>inquit,non</span> <span class='ocrx_word' id='word_1_669' title='bbox 3529 4277 3695 4330; x_wconf 86' lang='lat' dir='ltr'>nobis</span> 
     </span>
    </p>
   </div>
   <div class='ocr_carea' id='block_1_77' title="bbox 400 4343 3699 4433">
    <p class='ocr_par' dir='ltr' id='par_1_77' title="bbox 400 4343 3699 4433">
     <span class='ocr_line' id='line_1_77' title="bbox 400 4343 3699 4433; baseline 0.004 -27"><span class='ocrx_word' id='word_1_670' title='bbox 400 4347 654 4407; x_wconf 88' lang='lat' dir='ltr'>Phadaia</span> <span class='ocrx_word' id='word_1_671' title='bbox 682 4345 791 4400; x_wconf 90' lang='lat' dir='ltr'>orti</span> <span class='ocrx_word' id='word_1_672' title='bbox 819 4349 952 4400; x_wconf 91' lang='lat' dir='ltr'>sunt</span> <span class='ocrx_word' id='word_1_673' title='bbox 982 4343 1284 4433; x_wconf 84' lang='lat' dir='ltr'>Zorobabel</span> <span class='ocrx_word' id='word_1_674' title='bbox 1314 4351 1372 4399; x_wconf 91' lang='lat' dir='ltr'>et</span> <span class='ocrx_word' id='word_1_675' title='bbox 1402 4347 1606 4402; x_wconf 90' lang='lat' dir='ltr'>Semei.</span> <span class='ocrx_word' id='word_1_676' title='bbox 1624 4351 1785 4433; x_wconf 25' lang='lat' dir='ltr'>.Nam</span> <span class='ocrx_word' id='word_1_677' title='bbox 1815 4368 1997 4424; x_wconf 90' lang='lat' dir='ltr'>neque</span> <span class='ocrx_word' id='word_1_678' title='bbox 2016 4343 2156 4412; x_wconf 76' lang='lat' dir='ltr'>&quot;ad</span> <span class='ocrx_word' id='word_1_679' title='bbox 2176 4360 2420 4413; x_wconf 86' lang='lat' dir='ltr'>subitum</span> <span class='ocrx_word' id='word_1_680' title='bbox 2453 4366 2685 4430; x_wconf 88' lang='lat' dir='ltr'>reperta,</span> <span class='ocrx_word' id='word_1_681' title='bbox 2700 4367 2801 4415; x_wconf 89' lang='lat' dir='ltr'>aut</span> <span class='ocrx_word' id='word_1_682' title='bbox 2817 4363 3016 4432; x_wconf 87' lang='lat' dir='ltr'>absque</span> <span class='ocrx_word' id='word_1_683' title='bbox 3041 4366 3176 4419; x_wconf 87' lang='lat' dir='ltr'>ullis</span> <span class='ocrx_word' id='word_1_684' title='bbox 3189 4343 3520 4418; x_wconf 61' lang='lat' dir='ltr'>auctoribus</span> <span class='ocrx_word' id='word_1_685' title='bbox 3533 4381 3699 4419; x_wconf 89' lang='lat' dir='ltr'>com-</span> 
     </span>
    </p>
   </div>
   <div class='ocr_carea' id='block_1_78' title="bbox 401 4431 3697 4519">
    <p class='ocr_par' dir='ltr' id='par_1_78' title="bbox 401 4431 3697 4519">
     <span class='ocr_line' id='line_1_78' title="bbox 401 4431 3697 4519; baseline 0.006 -30"><span class='ocrx_word' id='word_1_686' title='bbox 401 4439 594 4508; x_wconf 83' lang='lat' dir='ltr'>genuit</span> <span class='ocrx_word' id='word_1_687' title='bbox 622 4434 851 4490; x_wconf 88' lang='lat' dir='ltr'>aliunde</span> <span class='ocrx_word' id='word_1_688' title='bbox 877 4437 1064 4504; x_wconf 89' lang='lat' dir='ltr'>potest</span> <span class='ocrx_word' id='word_1_689' title='bbox 1090 4431 1181 4486; x_wconf 90' lang='lat' dir='ltr'>hic</span> <span class='ocrx_word' id='word_1_690' title='bbox 1201 4431 1458 4504; x_wconf 91' lang='lat' dir='ltr'>intelligi,</span> <span class='ocrx_word' id='word_1_691' title='bbox 1484 4431 1654 4507; x_wconf 88' lang='lat' dir='ltr'>quam</span> <span class='ocrx_word' id='word_1_692' title='bbox 1685 4440 1818 4510; x_wconf 91' lang='lat' dir='ltr'>quia</span> <span class='ocrx_word' id='word_1_693' title='bbox 1839 4441 1999 4498; x_wconf 90' lang='lat' dir='ltr'>illum</span> <span class='ocrx_word' id='word_1_694' title='bbox 2081 4453 2326 4502; x_wconf 85' lang='lat' dir='ltr'>mentata</span> <span class='ocrx_word' id='word_1_695' title='bbox 2341 4456 2490 4515; x_wconf 90' lang='lat' dir='ltr'>sunt,</span> <span class='ocrx_word' id='word_1_696' title='bbox 2507 4452 2598 4504; x_wconf 84' lang='lat' dir='ltr'>sed</span> <span class='ocrx_word' id='word_1_697' title='bbox 2618 4453 2726 4519; x_wconf 87' lang='lat' dir='ltr'>ipsi</span> <span class='ocrx_word' id='word_1_698' title='bbox 2739 4452 2848 4506; x_wconf 69' lang='lat' dir='ltr'>haec</span> <span class='ocrx_word' id='word_1_699' title='bbox 2867 4431 3170 4507; x_wconf 77' lang='lat' dir='ltr'>Saluatoris</span> <span class='ocrx_word' id='word_1_700' title='bbox 3183 4455 3364 4507; x_wconf 86' lang='lat' dir='ltr'>nostri</span> <span class='ocrx_word' id='word_1_701' title='bbox 3375 4454 3697 4508; x_wconf 86' lang='lat' dir='ltr'>secundum</span> 
     </span>
    </p>
   </div>
   <div class='ocr_carea' id='block_1_79' title="bbox 401 4519 3695 4607">
    <p class='ocr_par' dir='ltr' id='par_1_79' title="bbox 401 4519 3695 4607">
     <span class='ocr_line' id='line_1_79' title="bbox 401 4519 3695 4607; baseline 0.001 -13"><span class='ocrx_word' id='word_1_702' title='bbox 401 4526 474 4580; x_wconf 69' lang='lat' dir='ltr'>de</span> <span class='ocrx_word' id='word_1_703' title='bbox 488 4523 705 4579; x_wconf 66' lang='lat' dir='ltr'>semine</span> <span class='ocrx_word' id='word_1_704' title='bbox 718 4521 942 4593; x_wconf 72' lang='grc' dir='ltr'>ΡΓοΡΓίο</span> <span class='ocrx_word' id='word_1_705' title='bbox 957 4519 1590 4594; x_wconf 69' lang='grc' dir='ltr'>εθηθνθνίι-Νθιιυεονιί</span> <span class='ocrx_word' id='word_1_706' title='bbox 1599 4534 1730 4581; x_wconf 90' lang='lat' dir='ltr'>sunt</span> <span class='ocrx_word' id='word_1_707' title='bbox 1750 4529 1996 4599; x_wconf 90' lang='lat' dir='ltr'>aliunde,</span> <span class='ocrx_word' id='word_1_708' title='bbox 2081 4551 2305 4591; x_wconf 87' lang='lat' dir='ltr'>carnem</span> <span class='ocrx_word' id='word_1_709' title='bbox 2341 4541 2648 4607; x_wconf 87' lang='lat' dir='ltr'>propinqui</span> <span class='ocrx_word' id='word_1_710' title='bbox 2676 4556 2770 4594; x_wconf 88' lang='lat' dir='ltr'>seu</span> <span class='ocrx_word' id='word_1_711' title='bbox 2798 4542 2980 4594; x_wconf 87' lang='lat' dir='ltr'>studio</span> <span class='ocrx_word' id='word_1_712' title='bbox 3007 4544 3155 4596; x_wconf 87' lang='lat' dir='ltr'>tanti</span> <span class='ocrx_word' id='word_1_713' title='bbox 3180 4543 3412 4596; x_wconf 89' lang='lat' dir='ltr'>seminis</span> <span class='ocrx_word' id='word_1_714' title='bbox 3452 4544 3695 4597; x_wconf 86' lang='lat' dir='ltr'>demon-</span> 
     </span>
    </p>
   </div>
   <div class='ocr_carea' id='block_1_80' title="bbox 402 4608 3694 4707">
    <p class='ocr_par' dir='ltr' id='par_1_80' title="bbox 402 4608 3694 4707">
     <span class='ocr_line' id='line_1_80' title="bbox 402 4608 3694 4707; baseline 0.006 -39"><span class='ocrx_word' id='word_1_715' title='bbox 402 4613 514 4707; x_wconf 75' lang='lat' dir='ltr'>nisi</span> <span class='ocrx_word' id='word_1_716' title='bbox 537 4612 620 4707; x_wconf 40' lang='lat' dir='ltr'>de.</span> <span class='ocrx_word' id='word_1_717' title='bbox 634 4610 800 4666; x_wconf 79' lang='lat' dir='ltr'>istius</span> <span class='ocrx_word' id='word_1_718' title='bbox 829 4625 998 4707; x_wconf 56' lang='lat' dir='ltr'>carne</span> <span class='ocrx_word' id='word_1_719' title='bbox 1017 4608 1155 4707; x_wconf 85' lang='lat' dir='ltr'>nati.</span> <span class='ocrx_word' id='word_1_720' title='bbox 1182 4608 1292 4707; x_wconf 80' lang='lat' dir='ltr'>Sed</span> <span class='ocrx_word' id='word_1_721' title='bbox 1308 4610 1476 4666; x_wconf 91' lang='lat' dir='ltr'>simul</span> <span class='ocrx_word' id='word_1_722' title='bbox 1501 4613 1570 4668; x_wconf 92' lang='lat' dir='ltr'>de</span> <span class='ocrx_word' id='word_1_723' title='bbox 1599 4615 1893 4673; x_wconf 89' lang='lat' dir='ltr'>amborum</span> <span class='ocrx_word' id='word_1_724' title='bbox 1914 4637 1997 4675; x_wconf 88' lang='lat' dir='ltr'>se-</span> <span class='ocrx_word' id='word_1_725' title='bbox 2079 4628 2321 4692; x_wconf 78' lang='lat' dir='ltr'>strandi,</span> <span class='ocrx_word' id='word_1_726' title='bbox 2349 4643 2441 4680; x_wconf 90' lang='lat' dir='ltr'>seu</span> <span class='ocrx_word' id='word_1_727' title='bbox 2479 4629 2708 4683; x_wconf 87' lang='lat' dir='ltr'>docendi</span> <span class='ocrx_word' id='word_1_728' title='bbox 2725 4645 2845 4698; x_wconf 68' lang='lat' dir='ltr'>qua:</span> <span class='ocrx_word' id='word_1_729' title='bbox 2873 4632 3180 4685; x_wconf 86' lang='lat' dir='ltr'>secundum</span> <span class='ocrx_word' id='word_1_730' title='bbox 3208 4634 3500 4686; x_wconf 84' lang='lat' dir='ltr'>veritatem</span> <span class='ocrx_word' id='word_1_731' title='bbox 3528 4639 3694 4700; x_wconf 86' lang='lat' dir='ltr'>gesta</span> 
     </span>
    </p>
   </div>
   <div class='ocr_carea' id='block_1_81' title="bbox 402 4695 3695 4794">
    <p class='ocr_par' dir='ltr' id='par_1_81' title="bbox 402 4695 3695 4794">
     <span class='ocr_line' id='line_1_81' title="bbox 402 4695 3695 4794; baseline 0.006 -37"><span class='ocrx_word' id='word_1_732' title='bbox 402 4695 1085 4794; x_wconf 38' lang='lat' dir='ltr'>mine,ip-sa.prphibcnte</span> <span class='ocrx_word' id='word_1_733' title='bbox 1107 4702 1330 4794; x_wconf 70' lang='lat' dir='ltr'>natura,</span> <span class='ocrx_word' id='word_1_734' title='bbox 1365 4705 1531 4794; x_wconf 70' lang='lat' dir='ltr'>natos</span> <span class='ocrx_word' id='word_1_735' title='bbox 1565 4720 1658 4794; x_wconf 82' lang='lat' dir='ltr'>eos</span> <span class='ocrx_word' id='word_1_736' title='bbox 1687 4705 1997 4764; x_wconf 89' lang='lat' dir='ltr'>absurdum</span> <span class='ocrx_word' id='word_1_737' title='bbox 2077 4719 2228 4780; x_wconf 87' lang='lat' dir='ltr'>sunt,</span> <span class='ocrx_word' id='word_1_738' title='bbox 2259 4717 2632 4771; x_wconf 88' lang='lat' dir='ltr'>tradiderunt.</span> <span class='ocrx_word' id='word_1_739' title='bbox 2659 4717 2714 4772; x_wconf 89' lang='lat' dir='ltr'>Si</span> <span class='ocrx_word' id='word_1_740' title='bbox 2732 4695 2888 4772; x_wconf 69' lang='lat' dir='ltr'>enim</span> <span class='ocrx_word' id='word_1_741' title='bbox 2911 4718 3402 4792; x_wconf 89' lang='lat' dir='ltr'>historiographus</span> <span class='ocrx_word' id='word_1_742' title='bbox 3425 4695 3695 4777; x_wconf 41' lang='lat' dir='ltr'>iste&#39;tan-</span> 
     </span>
    </p>
   </div>
   <div class='ocr_carea' id='block_1_82' title="bbox 401 4783 3696 4882">
    <p class='ocr_par' dir='ltr' id='par_1_82' title="bbox 401 4783 3696 4882">
     <span class='ocr_line' id='line_1_82' title="bbox 401 4783 3696 4882; baseline 0.006 -36"><span class='ocrx_word' id='word_1_743' title='bbox 401 4795 490 4882; x_wconf 81' lang='lat' dir='ltr'>est</span> <span class='ocrx_word' id='word_1_744' title='bbox 515 4783 972 4882; x_wconf 66' lang='lat' dir='ltr'>intelligi.Unde1</span> <span class='ocrx_word' id='word_1_745' title='bbox 999 4783 1142 4882; x_wconf 75' lang='lat' dir='ltr'>sicut</span> <span class='ocrx_word' id='word_1_746' title='bbox 1172 4785 1406 4882; x_wconf 68' lang='lat' dir='ltr'>tradunt</span> <span class='ocrx_word' id='word_1_747' title='bbox 1426 4789 1670 4882; x_wconf 68' lang='lat' dir='ltr'>llebraei,</span> <span class='ocrx_word' id='word_1_748' title='bbox 1701 4810 1892 4850; x_wconf 90' lang='lat' dir='ltr'>verum</span> <span class='ocrx_word' id='word_1_749' title='bbox 1913 4803 2000 4852; x_wconf 90' lang='lat' dir='ltr'>est</span> <span class='ocrx_word' id='word_1_750' title='bbox 2077 4807 2195 4855; x_wconf 89' lang='lat' dir='ltr'>tam</span> <span class='ocrx_word' id='word_1_751' title='bbox 2214 4819 2406 4859; x_wconf 88' lang='lat' dir='ltr'>curam</span> <span class='ocrx_word' id='word_1_752' title='bbox 2437 4805 2632 4861; x_wconf 87' lang='lat' dir='ltr'>habuit</span> <span class='ocrx_word' id='word_1_753' title='bbox 2660 4808 3022 4878; x_wconf 90' lang='lat' dir='ltr'>perquirendi</span> <span class='ocrx_word' id='word_1_754' title='bbox 3050 4783 3696 4882; x_wconf 60' lang='lat' dir='ltr'>reiveritatem,quanto</span> 
     </span>
    </p>
   </div>
   <div class='ocr_carea' id='block_1_83' title="bbox 400 4871 3695 4969">
    <p class='ocr_par' dir='ltr' id='par_1_83' title="bbox 400 4871 3695 4969">
     <span class='ocr_line' id='line_1_83' title="bbox 400 4871 3695 4969; baseline 0.005 -30"><span class='ocrx_word' id='word_1_755' title='bbox 400 4875 734 4969; x_wconf 52' lang='grc' dir='ltr'>ξιξίηίξῑῐξίιιῐξι</span> <span class='ocrx_word' id='word_1_756' title='bbox 764 4889 896 4969; x_wconf 59' lang='lat' dir='ltr'>9am</span> <span class='ocrx_word' id='word_1_757' title='bbox 943 4871 1134 4969; x_wconf 46' lang='lat' dir='ltr'>fuisse,</span> <span class='ocrx_word' id='word_1_758' title='bbox 1164 4872 1375 4969; x_wconf 56' lang='lat' dir='ltr'>Sfiilicct</span> <span class='ocrx_word' id='word_1_759' title='bbox 1406 4877 1540 4969; x_wconf 53' lang='lat' dir='ltr'>.Asir</span> <span class='ocrx_word' id='word_1_760' title='bbox 1565 4886 1622 4934; x_wconf 90' lang='lat' dir='ltr'>et</span> <span class='ocrx_word' id='word_1_761' title='bbox 1645 4881 1914 4938; x_wconf 84' lang='lat' dir='ltr'>Salathiel</span> <span class='ocrx_word' id='word_1_762' title='bbox 1941 4891 1999 4940; x_wconf 91' lang='lat' dir='ltr'>et</span> <span class='ocrx_word' id='word_1_763' title='bbox 2079 4891 2259 4961; x_wconf 91' lang='lat' dir='ltr'>magis</span> <span class='ocrx_word' id='word_1_764' title='bbox 2286 4895 2644 4964; x_wconf 88' lang='lat' dir='ltr'>evangelista,</span> <span class='ocrx_word' id='word_1_765' title='bbox 2660 4871 2912 4967; x_wconf 70' lang='lat' dir='ltr'>quicum</span> <span class='ocrx_word' id='word_1_766' title='bbox 2931 4897 3052 4969; x_wconf 92' lang='lat' dir='ltr'>ipso</span> <span class='ocrx_word' id='word_1_767' title='bbox 3073 4899 3312 4953; x_wconf 91' lang='lat' dir='ltr'>Domino</span> <span class='ocrx_word' id='word_1_768' title='bbox 3341 4871 3604 4955; x_wconf 73' lang='lat' dir='ltr'>moratus</span> <span class='ocrx_word' id='word_1_769' title='bbox 3626 4899 3695 4955; x_wconf 88' lang='lat' dir='ltr'>in</span> 
     </span>
    </p>
   </div>
   <div class='ocr_carea' id='block_1_84' title="bbox 403 4963 1998 5036">
    <p class='ocr_par' dir='ltr' id='par_1_84' title="bbox 403 4963 1998 5036">
     <span class='ocr_line' id='line_1_84' title="bbox 403 4963 1998 5036; baseline 0.004 -15"><span class='ocrx_word' id='word_1_770' title='bbox 403 4965 672 5021; x_wconf 89' lang='lat' dir='ltr'>Phadaia.</span> <span class='ocrx_word' id='word_1_771' title='bbox 688 4965 1101 5031; x_wconf 87' lang='lat' dir='ltr'>Interpretatur</span> <span class='ocrx_word' id='word_1_772' title='bbox 1118 4966 1309 5016; x_wconf 89' lang='lat' dir='ltr'>autem</span> <span class='ocrx_word' id='word_1_773' title='bbox 1325 4963 1454 5017; x_wconf 86' lang='lat' dir='ltr'>Asir</span> <span class='ocrx_word' id='word_1_774' title='bbox 1477 4971 1998 5036; x_wconf 65' lang='lat' dir='ltr'>cacatus,Salathiel</span> 
     </span>
    </p>
   </div>
   <div class='ocr_carea' id='block_1_85' title="bbox 403 5049 1998 5124">
    <p class='ocr_par' dir='ltr' id='par_1_85' title="bbox 403 5049 1998 5124">
     <span class='ocr_line' id='line_1_85' title="bbox 403 5049 1998 5124; baseline 0.006 -16"><span class='ocrx_word' id='word_1_775' title='bbox 403 5057 594 5124; x_wconf 72' lang='lat' dir='ltr'>frutex</span> <span class='ocrx_word' id='word_1_776' title='bbox 621 5054 736 5119; x_wconf 86' lang='lat' dir='ltr'>Dei,</span> <span class='ocrx_word' id='word_1_777' title='bbox 760 5049 1011 5104; x_wconf 82' lang='lat' dir='ltr'>Phadaia</span> <span class='ocrx_word' id='word_1_778' title='bbox 1026 5050 1334 5118; x_wconf 85' lang='lat' dir='ltr'>redemptus</span> <span class='ocrx_word' id='word_1_779' title='bbox 1352 5053 1599 5110; x_wconf 84' lang='lat' dir='ltr'>Domini.</span> <span class='ocrx_word' id='word_1_780' title='bbox 1623 5058 1738 5113; x_wconf 86' lang='lat' dir='ltr'>Aut</span> <span class='ocrx_word' id='word_1_781' title='bbox 1748 5059 1998 5117; x_wconf 83' lang='lat' dir='ltr'>fortassis</span> 
     </span>
    </p>
   </div>
   <div class='ocr_carea' id='block_1_86' title="bbox 402 5137 1996 5212">
    <p class='ocr_par' dir='ltr' id='par_1_86' title="bbox 402 5137 1996 5212">
     <span class='ocr_line' id='line_1_86' title="bbox 402 5137 1996 5212; baseline 0.006 -15"><span class='ocrx_word' id='word_1_782' title='bbox 402 5143 484 5197; x_wconf 89' lang='lat' dir='ltr'>sic</span> <span class='ocrx_word' id='word_1_783' title='bbox 511 5137 896 5212; x_wconf 88' lang='lat' dir='ltr'>accipiendum</span> <span class='ocrx_word' id='word_1_784' title='bbox 925 5141 1028 5203; x_wconf 84' lang='lat' dir='ltr'>est,</span> <span class='ocrx_word' id='word_1_785' title='bbox 1063 5137 1209 5208; x_wconf 88' lang='lat' dir='ltr'>quod</span> <span class='ocrx_word' id='word_1_786' title='bbox 1244 5137 1512 5195; x_wconf 86' lang='lat' dir='ltr'>Salathiel</span> <span class='ocrx_word' id='word_1_787' title='bbox 1546 5148 1603 5197; x_wconf 87' lang='lat' dir='ltr'>et</span> <span class='ocrx_word' id='word_1_788' title='bbox 1623 5145 1870 5203; x_wconf 87' lang='lat' dir='ltr'>Phadaia</span> <span class='ocrx_word' id='word_1_789' title='bbox 1885 5151 1996 5206; x_wconf 90' lang='lat' dir='ltr'>duo</span> 
     </span>
    </p>
   </div>
   <div class='ocr_carea' id='block_1_87' title="bbox 400 5225 1998 5307">
    <p class='ocr_par' dir='ltr' id='par_1_87' title="bbox 400 5225 1998 5307">
     <span class='ocr_line' id='line_1_87' title="bbox 400 5225 1998 5307; baseline 0.006 -21"><span class='ocrx_word' id='word_1_790' title='bbox 400 5231 625 5294; x_wconf 72' lang='lat' dir='ltr'>fratres,</span> <span class='ocrx_word' id='word_1_791' title='bbox 648 5227 792 5283; x_wconf 89' lang='lat' dir='ltr'>ﬁlios</span> <span class='ocrx_word' id='word_1_792' title='bbox 820 5240 961 5298; x_wconf 88' lang='lat' dir='ltr'>quos</span> <span class='ocrx_word' id='word_1_793' title='bbox 979 5225 1298 5295; x_wconf 81' lang='lat' dir='ltr'>genuerint,</span> <span class='ocrx_word' id='word_1_794' title='bbox 1337 5227 1506 5284; x_wconf 89' lang='lat' dir='ltr'>simul</span> <span class='ocrx_word' id='word_1_795' title='bbox 1534 5237 1770 5307; x_wconf 90' lang='lat' dir='ltr'>uterque</span> <span class='ocrx_word' id='word_1_796' title='bbox 1803 5253 1998 5295; x_wconf 90' lang='lat' dir='ltr'>eorum</span> 
     </span>
    </p>
   </div>
   <div class='ocr_carea' id='block_1_88' title="bbox 401 5311 1992 5394">
    <p class='ocr_par' dir='ltr' id='par_1_88' title="bbox 401 5311 1992 5394">
     <span class='ocr_line' id='line_1_88' title="bbox 401 5311 1992 5394; baseline 0.007 -20"><span class='ocrx_word' id='word_1_797' title='bbox 401 5318 694 5394; x_wconf 85' lang='lat' dir='ltr'>proprium</span> <span class='ocrx_word' id='word_1_798' title='bbox 721 5311 1022 5372; x_wconf 82' lang='lat' dir='ltr'>Zorobabel</span> <span class='ocrx_word' id='word_1_799' title='bbox 1052 5315 1346 5380; x_wconf 87' lang='lat' dir='ltr'>vocaverit,</span> <span class='ocrx_word' id='word_1_800' title='bbox 1388 5315 1469 5372; x_wconf 88' lang='lat' dir='ltr'>ita</span> <span class='ocrx_word' id='word_1_801' title='bbox 1508 5325 1573 5374; x_wconf 89' lang='lat' dir='ltr'>ut</span> <span class='ocrx_word' id='word_1_802' title='bbox 1598 5323 1708 5378; x_wconf 90' lang='lat' dir='ltr'>duo</span> <span class='ocrx_word' id='word_1_803' title='bbox 1736 5326 1992 5384; x_wconf 90' lang='lat' dir='ltr'>fuissent.</span> 
     </span>
    </p>
   </div>
   <div class='ocr_carea' id='block_1_89' title="bbox 404 5401 1999 5482">
    <p class='ocr_par' dir='ltr' id='par_1_89' title="bbox 404 5401 1999 5482">
     <span class='ocr_line' id='line_1_89' title="bbox 404 5401 1999 5482; baseline 0.008 -19"><span class='ocrx_word' id='word_1_804' title='bbox 404 5406 568 5473; x_wconf 86' lang='lat' dir='ltr'>Quod</span> <span class='ocrx_word' id='word_1_805' title='bbox 607 5420 721 5460; x_wconf 86' lang='lat' dir='ltr'>non</span> <span class='ocrx_word' id='word_1_806' title='bbox 748 5401 1020 5474; x_wconf 89' lang='lat' dir='ltr'>approbo,</span> <span class='ocrx_word' id='word_1_807' title='bbox 1054 5401 1296 5457; x_wconf 83' lang='lat' dir='ltr'>maxime</span> <span class='ocrx_word' id='word_1_808' title='bbox 1324 5419 1454 5462; x_wconf 89' lang='lat' dir='ltr'>cum</span> <span class='ocrx_word' id='word_1_809' title='bbox 1481 5413 1822 5482; x_wconf 88' lang='lat' dir='ltr'>evangelista</span> <span class='ocrx_word' id='word_1_810' title='bbox 1847 5418 1999 5474; x_wconf 87' lang='lat' dir='ltr'>dicat</span> 
     </span>
    </p>
   </div>
   <div class='ocr_carea' id='block_1_90' title="bbox 405 5488 1998 5578">
    <p class='ocr_par' dir='ltr' id='par_1_90' title="bbox 405 5488 1998 5578">
     <span class='ocr_line' id='line_1_90' title="bbox 405 5488 1998 5578; baseline -0.003 -22"><span class='ocrx_word' id='word_1_811' title='bbox 405 5495 478 5578; x_wconf 82' lang='lat' dir='ltr'>de</span> <span class='ocrx_word' id='word_1_812' title='bbox 503 5495 612 5559; x_wconf 81' lang='lat' dir='ltr'>isto</span> <span class='ocrx_word' id='word_1_813' title='bbox 639 5489 942 5554; x_wconf 83' lang='lat' dir='ltr'>Zorobabel</span> <span class='ocrx_word' id='word_1_814' title='bbox 971 5488 1118 5551; x_wconf 82' lang='lat' dir='ltr'>Abiu</span> <span class='ocrx_word' id='word_1_815' title='bbox 1147 5505 1369 5566; x_wconf 85' lang='lat' dir='ltr'>quoque</span> <span class='ocrx_word' id='word_1_816' title='bbox 1394 5497 1650 5568; x_wconf 80' lang='lat' dir='ltr'>genitum</span> <span class='ocrx_word' id='word_1_817' title='bbox 1671 5517 1812 5570; x_wconf 81' lang='lat' dir='ltr'>esse.</span> <span class='ocrx_word' id='word_1_818' title='bbox 1827 5505 1998 5566; x_wconf 62' lang='lat' dir='ltr'>Pura.</span> 
     </span>
    </p>
   </div>
   <div class='ocr_carea' id='block_1_91' title="bbox 2080 4981 3694 5060">
    <p class='ocr_par' dir='ltr' id='par_1_91' title="bbox 2080 4981 3694 5060">
     <span class='ocr_line' id='line_1_91' title="bbox 2080 4981 3694 5060; baseline 0.006 -26"><span class='ocrx_word' id='word_1_819' title='bbox 2080 4994 2264 5046; x_wconf 88' lang='lat' dir='ltr'>carne,</span> <span class='ocrx_word' id='word_1_820' title='bbox 2277 4981 2446 5037; x_wconf 86' lang='lat' dir='ltr'>etiam</span> <span class='ocrx_word' id='word_1_821' title='bbox 2473 4984 2623 5038; x_wconf 90' lang='lat' dir='ltr'>inter</span> <span class='ocrx_word' id='word_1_822' title='bbox 2643 4991 2902 5056; x_wconf 90' lang='lat' dir='ltr'>parentes</span> <span class='ocrx_word' id='word_1_823' title='bbox 2931 4987 3104 5058; x_wconf 85' lang='lat' dir='ltr'>ipsius</span> <span class='ocrx_word' id='word_1_824' title='bbox 3134 4988 3384 5060; x_wconf 89' lang='lat' dir='ltr'>quotidie</span> <span class='ocrx_word' id='word_1_825' title='bbox 3414 4988 3694 5044; x_wconf 82' lang='lat' dir='ltr'>versaba-</span> 
     </span>
    </p>
   </div>
   <div class='ocr_carea' id='block_1_92' title="bbox 2079 5067 3696 5150">
    <p class='ocr_par' dir='ltr' id='par_1_92' title="bbox 2079 5067 3696 5150">
     <span class='ocr_line' id='line_1_92' title="bbox 2079 5067 3696 5150; baseline 0.009 -30"><span class='ocrx_word' id='word_1_826' title='bbox 2079 5067 2211 5120; x_wconf 88' lang='lat' dir='ltr'>tur?</span> <span class='ocrx_word' id='word_1_827' title='bbox 2233 5068 2631 5128; x_wconf 89' lang='lat' dir='ltr'>Verumtamen</span> <span class='ocrx_word' id='word_1_828' title='bbox 2658 5074 2806 5146; x_wconf 92' lang='lat' dir='ltr'>quod</span> <span class='ocrx_word' id='word_1_829' title='bbox 2827 5075 2917 5129; x_wconf 89' lang='lat' dir='ltr'>hic</span> <span class='ocrx_word' id='word_1_830' title='bbox 2945 5075 3117 5131; x_wconf 89' lang='lat' dir='ltr'>etiam</span> <span class='ocrx_word' id='word_1_831' title='bbox 3145 5083 3204 5132; x_wconf 91' lang='lat' dir='ltr'>et</span> <span class='ocrx_word' id='word_1_832' title='bbox 3224 5082 3482 5133; x_wconf 88' lang='lat' dir='ltr'>nostrum</span> <span class='ocrx_word' id='word_1_833' title='bbox 3502 5077 3696 5150; x_wconf 85' lang='lat' dir='ltr'>aliqui</span> 
     </span>
    </p>
   </div>
   <div class='ocr_carea' id='block_1_93' title="bbox 2079 5157 3690 5238">
    <p class='ocr_par' dir='ltr' id='par_1_93' title="bbox 2079 5157 3690 5238">
     <span class='ocr_line' id='line_1_93' title="bbox 2079 5157 3690 5238; baseline 0.007 -27"><span class='ocrx_word' id='word_1_834' title='bbox 2079 5157 2284 5229; x_wconf 88' lang='lat' dir='ltr'>Joseph</span> <span class='ocrx_word' id='word_1_835' title='bbox 2313 5160 2505 5216; x_wconf 91' lang='lat' dir='ltr'>dicunt</span> <span class='ocrx_word' id='word_1_836' title='bbox 2521 5163 2699 5218; x_wconf 86' lang='lat' dir='ltr'>ﬁlium</span> <span class='ocrx_word' id='word_1_837' title='bbox 2719 5164 2839 5218; x_wconf 84' lang='lat' dir='ltr'>Heli</span> <span class='ocrx_word' id='word_1_838' title='bbox 2854 5164 3045 5232; x_wconf 83' lang='lat' dir='ltr'>fuisse,</span> <span class='ocrx_word' id='word_1_839' title='bbox 3071 5181 3184 5220; x_wconf 92' lang='lat' dir='ltr'>non</span> <span class='ocrx_word' id='word_1_840' title='bbox 3211 5166 3374 5238; x_wconf 88' lang='lat' dir='ltr'>quasi</span> <span class='ocrx_word' id='word_1_841' title='bbox 3396 5183 3463 5222; x_wconf 85' lang='lat' dir='ltr'>ex</span> <span class='ocrx_word' id='word_1_842' title='bbox 3483 5182 3690 5233; x_wconf 86' lang='lat' dir='ltr'>carne,</span> 
     </span>
    </p>
   </div>
   <div class='ocr_carea' id='block_1_94' title="bbox 2079 5247 3696 5327">
    <p class='ocr_par' dir='ltr' id='par_1_94' title="bbox 2079 5247 3696 5327">
     <span class='ocr_line' id='line_1_94' title="bbox 2079 5247 3696 5327; baseline 0.007 -27"><span class='ocrx_word' id='word_1_843' title='bbox 2079 5247 2177 5300; x_wconf 89' lang='lat' dir='ltr'>sed</span> <span class='ocrx_word' id='word_1_844' title='bbox 2213 5249 2373 5318; x_wconf 87' lang='lat' dir='ltr'>quasi</span> <span class='ocrx_word' id='word_1_845' title='bbox 2401 5267 2467 5304; x_wconf 83' lang='lat' dir='ltr'>ex</span> <span class='ocrx_word' id='word_1_846' title='bbox 2493 5251 2651 5323; x_wconf 87' lang='lat' dir='ltr'>lege;</span> <span class='ocrx_word' id='word_1_847' title='bbox 2686 5253 2819 5325; x_wconf 90' lang='lat' dir='ltr'>quia</span> <span class='ocrx_word' id='word_1_848' title='bbox 2866 5253 3035 5309; x_wconf 89' lang='lat' dir='ltr'>Jacob</span> <span class='ocrx_word' id='word_1_849' title='bbox 3073 5255 3389 5327; x_wconf 89' lang='lat' dir='ltr'>susceperit</span> <span class='ocrx_word' id='word_1_850' title='bbox 3425 5255 3696 5312; x_wconf 87' lang='lat' dir='ltr'>defuncti</span> 
     </span>
    </p>
   </div>
   <div class='ocr_carea' id='block_1_95' title="bbox 2078 5332 3686 5416">
    <p class='ocr_par' dir='ltr' id='par_1_95' title="bbox 2078 5332 3686 5416">
     <span class='ocr_line' id='line_1_95' title="bbox 2078 5332 3686 5416; baseline 0.008 -28"><span class='ocrx_word' id='word_1_851' title='bbox 2078 5332 2269 5390; x_wconf 83' lang='lat' dir='ltr'>fratris</span> <span class='ocrx_word' id='word_1_852' title='bbox 2296 5353 2544 5405; x_wconf 83' lang='lat' dir='ltr'>uxorem,</span> <span class='ocrx_word' id='word_1_853' title='bbox 2595 5341 2666 5396; x_wconf 91' lang='lat' dir='ltr'>ad</span> <span class='ocrx_word' id='word_1_854' title='bbox 2696 5343 3084 5400; x_wconf 88' lang='lat' dir='ltr'>suscitandum</span> <span class='ocrx_word' id='word_1_855' title='bbox 3114 5361 3310 5400; x_wconf 92' lang='lat' dir='ltr'>semen</span> <span class='ocrx_word' id='word_1_856' title='bbox 3340 5345 3389 5416; x_wconf 89' lang='lat' dir='ltr'>ej</span> <span class='ocrx_word' id='word_1_857' title='bbox 3401 5362 3485 5411; x_wconf 91' lang='lat' dir='ltr'>us,</span> <span class='ocrx_word' id='word_1_858' title='bbox 3519 5345 3686 5402; x_wconf 83' lang='lat' dir='ltr'>sicut</span> 
     </span>
    </p>
   </div>
   <div class='ocr_carea' id='block_1_96' title="bbox 2079 5429 3696 5502">
    <p class='ocr_par' dir='ltr' id='par_1_96' title="bbox 2079 5429 3696 5502">
     <span class='ocr_line' id='line_1_96' title="bbox 2079 5429 3696 5502; baseline 0.009 -26"><span class='ocrx_word' id='word_1_859' title='bbox 2079 5430 2300 5480; x_wconf 89' lang='lat' dir='ltr'>constat</span> <span class='ocrx_word' id='word_1_860' title='bbox 2342 5442 2406 5480; x_wconf 84' lang='lat' dir='ltr'>ex</span> <span class='ocrx_word' id='word_1_861' title='bbox 2461 5429 2602 5500; x_wconf 90' lang='lat' dir='ltr'>lege,</span> <span class='ocrx_word' id='word_1_862' title='bbox 2630 5431 2763 5502; x_wconf 89' lang='lat' dir='ltr'>quia</span> <span class='ocrx_word' id='word_1_863' title='bbox 2786 5432 2908 5488; x_wconf 89' lang='lat' dir='ltr'>sine</span> <span class='ocrx_word' id='word_1_864' title='bbox 2937 5433 3128 5489; x_wconf 88' lang='lat' dir='ltr'>liberis</span> <span class='ocrx_word' id='word_1_865' title='bbox 3157 5433 3406 5490; x_wconf 88' lang='lat' dir='ltr'>obierat:</span> <span class='ocrx_word' id='word_1_866' title='bbox 3451 5433 3696 5491; x_wconf 87' lang='lat' dir='ltr'>videtur</span> 
     </span>
    </p>
   </div>
   <div class='ocr_carea' id='block_1_97' title="bbox 2077 5510 3695 5609">
    <p class='ocr_par' dir='ltr' id='par_1_97' title="bbox 2077 5510 3695 5609">
     <span class='ocr_line' id='line_1_97' title="bbox 2077 5510 3695 5609; baseline 0.01 -40"><span class='ocrx_word' id='word_1_867' title='bbox 2077 5510 2353 5593; x_wconf 82' lang='lat' dir='ltr'>inﬁrmari</span> <span class='ocrx_word' id='word_1_868' title='bbox 2378 5514 2497 5576; x_wconf 81' lang='lat' dir='ltr'>haec</span> <span class='ocrx_word' id='word_1_869' title='bbox 2521 5518 2724 5579; x_wconf 88' lang='lat' dir='ltr'>solutio</span> <span class='ocrx_word' id='word_1_870' title='bbox 2759 5523 3101 5598; x_wconf 84' lang='lat' dir='ltr'>quaestionis,</span> <span class='ocrx_word' id='word_1_871' title='bbox 3126 5524 3278 5600; x_wconf 86' lang='lat' dir='ltr'>quod</span> <span class='ocrx_word' id='word_1_872' title='bbox 3293 5522 3550 5609; x_wconf 73' lang='lat' dir='ltr'>defuncti</span> <span class='ocrx_word' id='word_1_873' title='bbox 3566 5523 3695 5606; x_wconf 64' lang='lat' dir='ltr'>fra-</span> 
     </span>
    </p>
   </div>
  </div>
