3966 6206
227 186 292 245 77
1027 193 1409 259 EXPOSITIO
1447 199 1527 256 IN
1564 197 2014 258 MA'I‘THIEUM.
2053 225 2126 240 -ο
2160 197 2298 256 LIB.
2338 197 2385 266 I,
2428 197 2585 259 CAP.
2626 200 2673 257 Ι.

3416 197 3490 264 78

224 294 322 370 tris
346 330 558 406 nomen
582 315 794 374 habere
835 319 1120 388 debuerat,
1154 327 1220 377 ut
1246 322 1304 378 in
1333 341 1399 379 eo
1421 341 1624 381 nomen
1637 325 1812 399 patris
1828 329 1880 387 Α
1898 340 2010 379 non
2039 322 2359 396 adoptatus,
2375 323 2472 380 sed
2490 324 2718 396 genitus
2738 327 2879 381 erat.
2909 325 3244 399 Quanquam
3265 327 3489 406 etiamsi

222 404 602 473 suscitaretur,
616 407 766 464 sicut
793 425 860 464 ex
880 411 1001 482 lege
1020 428 1221 466 sonare
1249 411 1472 470 videtur
1502 434 1516 479 ;
1544 416 1654 470 nisi
1672 415 1815 471 forte

218 493 536 550 inveniatur
560 496 630 552 de
659 497 767 553 hoc
810 500 923 554 alia
951 501 1214 572 quaelibet
1237 503 1586 559 rationabilis
1623 521 1810 573 causa,

220 600 318 656 per
344 601 516 656 quam
535 587 810 657 probetur
827 589 907 644 sic
930 591 1274 662 praemissam
1310 598 1459 648 stare
1478 611 1660 666 posse.
1693 611 1817 650 sen-

219 674 802 732 tentiam-Praesertim
820 695 947 734 cum
960 682 1054 735 etJ
1063 680 1171 736 uda
1188 681 1247 736 in
1265 682 1511 737 Thamar
1529 700 1675 738 nuru
1691 700 1812 752 sua,

220 761 349 818 licet
368 763 567 835 ignaro
587 766 1101 825 suscitantesemen
1127 771 1375 826 defuncti
1402 771 1520 837 ﬁlii,
1553 789 1667 827 non
1690 772 1816 828 ideo

221 867 415 908 eorum
445 854 704 927 quisque,
743 857 842 928 qui
869 875 936 913 ex
958 859 1064 914 hoc
1083 875 1196 915 uno
1224 859 1521 916 concubitu
1547 877 1820 932 generan-

221 946 328 1009 tur,
363 943 484 997 Her
511 949 739 1000 vocatus
759 946 931 1002 fuisse
959 947 1168 1020 legitur
1201 969 1216 1015 ;
1248 949 1346 1004 sed
1377 949 1623 1021 profecto
1676 951 1821 1006 alter

222 1047 416 1086 eorum
444 1032 680 1100 Phares,
714 1035 860 1090 alter
881 1053 1011 1092 vero
1065 1038 1203 1092 Zara
1231 1038 1509 1093 vocitatus
1546 1044 1651 1094 est.
1692 1045 1822 1105 59

223 1119 378 1175 Unde
396 1137 517 1176 non
545 1127 743 1178 contra
770 1126 1164 1181 auctoritatem
1217 1127 1436 1183 Veteris
1477 1127 1822 1184 Testamenti

221 1209 410 1264 venire
435 1210 733 1281 probatur,
754 1213 903 1283 quod
925 1213 1016 1268 hic
1041 1215 1070 1269 J
1075 1214 1270 1286 oseph,
1283 1221 1340 1269 et
1353 1231 1466 1270 non
1486 1214 1593 1282 Eli,
1629 1233 1824 1288 quam-

220 1297 299 1352 vis
326 1297 482 1353 ﬁlius
521 1300 646 1370 ejus
675 1300 750 1356 sit
786 1318 887 1373 per
915 1303 1116 1373 legem,
1163 1303 1274 1359 alio
1327 1309 1555 1359 vocatus
1593 1305 1823 1360 nomine

223 1387 518 1459 accipitur.
557 1389 833 1445 Similiter
863 1397 922 1445 et
945 1392 1090 1446 Booz
1137 1409 1264 1447 cum
1313 1393 1618 1465 accepisset
1670 1394 1824 1448 Ruth

222 1492 285 1532 ex
305 1477 452 1548 lege,
489 1477 670 1532 ﬁlium
700 1478 798 1550 qui
816 1495 882 1534 ex
910 1496 978 1535 ea
1005 1487 1172 1536 natus
1200 1487 1304 1546 est,
1337 1498 1450 1537 non
1479 1481 1820 1549 Abimelech,

222 1564 279 1620 in
343 1567 513 1636 cujus
575 1568 803 1622 nomine
858 1569 1178 1636 suscitatur,
1251 1571 1350 1625 sed
1405 1570 1588 1626 Obeth
1641 1571 1825 1626 vocari

1897 415 2075 469 Lucas
2102 414 2356 486 genitum
2389 414 2602 470 diceret
2627 414 2832 488 Joseph
2873 413 2943 470 ab
2980 416 3126 483 Heli,
3153 433 3258 473 nec
3281 418 3360 474 sic
3385 433 3490 473 nos

1897 503 2003 558 hoc
2030 503 2262 558 verbum
2311 503 2640 575 perturbare
2691 503 2940 570 deberet,
2965 510 3030 561 ut
3058 505 3212 561 aliud
3240 507 3492 562 credere-

1897 608 2045 660 mus,
2077 609 2245 664 quam
2257 591 2328 647 ab
2349 610 2461 648 uno
2490 609 2684 648 eorum
2698 594 3042 665 gignentem,
3068 594 3138 650 ab
3155 595 3333 650 altero
3359 612 3492 651 vero

1898 681 2258 752 adoptantem
2286 686 2505 753 patrem
2532 681 2706 737 fuisse
2739 688 3259 739 commemoratum.
3294 684 3493 756 Neque

1899 769 2049 824 enim
2081 769 2322 824 absurde
2355 771 2593 842 quisque
2611 770 2834 839 dicitur,
2862 788 2975 828 non
3003 789 3188 839 carne,
3221 772 3321 827 sed
3364 773 3495 828 cha-

1899 859 2338 929 ritategenuisse
2357 859 2536 913 ﬁlium
2566 876 2735 931 quem
2763 859 2868 915 sibi
2916 861 3305 932 adaptaverat.
3331 861 3496 918 Unde

1901 952 1959 1002 et
1983 947 2154 1015 Deus,
2177 945 2378 1018 quibus
2398 952 2736 1018 potestatem
2753 947 2910 1004 dedit
2919 949 3063 1004 ﬁlios
3090 949 3191 1004 Dei
3215 949 3358 1014 ﬁeri,
3379 965 3494 1005 non

1900 1041 2111 1091 natura
2151 1052 2248 1091 eos
2272 1041 2442 1107 atque
2471 1035 2790 1100 substantia
2813 1037 3030 1109 genuit,
3063 1037 3210 1093 sicut
3263 1037 3496 1094 unicum

1902 1125 2125 1192 Filium,
2157 1125 2255 1180 sed
2283 1125 2480 1196 utique
2517 1125 2816 1180 dilectione
2869 1126 3174 1198 adoptavit,
3205 1133 3287 1195 ut,
3344 1128 3500 1199 Apo-

1904 1214 2081 1269 stolus
2099 1213 2298 1286 inquit,
2332 1215 2677 1283 adoptionem
2706 1208 2956 1281 ﬁliorum
2983 1216 3081 1270 Dei
3134 1219 3500 1286 reciperemus

1907 1302 2044 1374 (Gal.
2078 1316 2150 1369 Iv,
2186 1303 2261 1372 5).
2296 1303 2363 1358 Et
2407 1307 2598 1358 tamen
2648 1301 2888 1357 dicimur
2938 1308 3166 1375 accepta
3219 1308 3499 1375 potestate

1905 1391 2026 1445 nati
2057 1407 2124 1446 ex
2153 1392 2288 1459 Deo,
2321 1397 2386 1446 ut
2404 1391 2506 1447 ﬁlii
2533 1393 2656 1462 ejus
2685 1392 3012 1458 efﬁciamur,
3048 1392 3144 1464 qui
3165 1393 3288 1463 jam
3314 1393 3502 1450 homi-

1907 1496 2007 1534 nes
2035 1497 2280 1536 eramus.
2313 1479 2602 1535 Efﬁcimur
2629 1497 2762 1552 ergo
2807 1480 2909 1535 ﬁlii
2937 1497 3040 1552 per
3067 1481 3330 1552 gratiam,
3385 1497 3503 1539 non

1907 1585 2008 1640 per
2032 1576 2316 1624 naturam.
2357 1570 2503 1624 Nam
2530 1569 2577 1624 si
2606 1585 2708 1640 per
2753 1575 3019 1624 naturam
3073 1569 3174 1625 ﬁlii
3227 1586 3500 1638 essemus,

223 1654 452 1724 placuit.
489 1657 637 1728 Ergo
666 1657 715 1710 si
747 1673 812 1711 ex
839 1658 962 1728 lege
988 1659 1319 1714 mandatum
1339 1665 1487 1714 esset
1511 1677 1704 1715 semen
1734 1646 1885 1716 de-B
1906 1674 2196 1730 nunquam
2226 1658 2377 1714 aliud
2394 1657 2712 1714 fuissemus.
2745 1659 2959 1714 Tamen
2978 1658 3112 1730 quia
3133 1675 3235 1731 per
3252 1659 3506 1731 adoptio-

224 1743 399 1798 iuncti
429 1761 549 1799 non
577 1745 688 1800 alio
718 1762 883 1818 posse
904 1747 1090 1802 vocari
1119 1749 1348 1804 nomine
1395 1765 1567 1820 quam
1623 1751 1746 1820 ejus
1766 1749 1826 1804 in

224 1833 382 1903 cujus
413 1833 818 1903 suscitabatur,
852 1852 1209 1908 nequaquam
1261 1837 1541 1893 credimus
1570 1838 1718 1894 viros
1770 1844 1828 1895 et

224 1923 493 1978 mulieres
521 1924 797 1980 virtutum
851 1931 1047 1981 contra
1099 1927 1278 1998 legem
1329 1928 1521 1984 venire
1561 1929 1823 1984 voluisse.

223 2012 380 2069 Unde
415 2013 640 2084 liquido
667 2019 890 2069 constat
915 2015 1061 2070 hanc
1091 2016 1455 2088 quaestionem
1484 2017 1564 2073 sic
1590 2017 1829 2073 solidam

223 2117 474 2169 manere,
509 2102 659 2158 sicut
686 2119 720 2157 a
750 2104 1059 2174 majoribus
1088 2105 1383 2177 explanata
1424 2112 1595 2178 atque
1622 2106 1828 2162 litteris

221 2190 623 2246 commendata
670 2193 936 2248 cernitur.
971 2195 1249 2249 Caeterum
1312 2196 1461 2267 quod
1504 2195 1823 2261 Matthaeus,

219 2283 410 2350 genuit
436 2281 534 2335 hic
551 2287 653 2336 aut
678 2285 795 2348 ille,
825 2299 927 2354 per
944 2283 1134 2338 omnia
1151 2284 1325 2356 ponit,
1373 2285 1574 2357 probat
1597 2303 1658 2341 se
1687 2285 1830 2340 ﬁlios

219 2375 444 2425 tantum
466 2370 659 2426 carnis
675 2371 744 2425 de
764 2371 978 2427 semine
1001 2372 1442 2446 uniuscujusque
1462 2375 1738 2446 posuisse.
1759 2375 1834 2428 At

219 2476 348 2516 vero
367 2460 581 2527 Lucas,
605 2459 704 2531 qui
720 2459 866 2514 dixit
887 2463 988 2530 qui
1029 2464 1144 2529 fuit
1169 2464 1312 2529 Heli,
1335 2466 1436 2532 qui
1459 2466 1574 2531 fuit
1593 2464 1824 2530 Malhat,

219 2549 297 2603 sic
325 2549 568 2604 demum
597 2554 655 2603 et
683 2548 743 2604 in
771 2549 1024 2621 reliquis,
1054 2551 1302 2606 ostendit
1329 2569 1390 2606 se
1436 2551 1606 2607 etiam
1636 2553 1696 2606 in
1725 2553 1832 2607 hac

220 2637 562 2708 genealogia
591 2638 734 2693 alios
779 2655 949 2710 quam
978 2639 1163 2694 carnis
1193 2640 1337 2696 ﬁlios
1365 2641 1638 2713 posuisse.
1669 2641 1831 2698 Unde

220 2732 275 2783 et
302 2727 514 2782 beatus
543 2726 897 2798 Augustinus
921 2728 981 2783 in
1014 2727 1154 2784 libro
1182 2729 1487 2785 concordiae
1538 2729 1832 2801 Evangeli-

222 2820 444 2871 starum
471 2835 489 2870 :
517 2834 546 2870 α
592 2816 744 2881 Quos
773 2822 984 2884 autem,
1009 2817 1212 2888 inquit,
1247 2824 1450 2886 movet,
1486 2819 1635 2890 quod
1694 2819 1832 2874 alios

221 2905 619 2977 progenitores
673 2905 976 2960 Mattheus
1036 2913 1350 2973 enumerat,
1404 2908 1748 2963 descendens
1799 2925 1836 2963 a

1906 1763 2038 1802 nem
2063 1764 2130 1802 ex
2156 1748 2273 1803 Deo
2293 1748 2412 1802 nati
2433 1747 2690 1815 dicimur,
2713 1763 3006 1819 nunquam
3059 1748 3308 1804 alienum
3355 1753 3505 1804 esset

1908 1851 1943 1890 a
1969 1835 2221 1903 veritate,
2255 1836 2301 1890 si
2321 1837 2498 1891 Lucas
2528 1837 2700 1892 etiam
2730 1835 2801 1890 ab
2831 1836 2928 1891 illo
2953 1853 3076 1892 esse
3105 1837 3312 1910 Joseph
3338 1836 3504 1908 geni-

1907 1930 2032 1980 tum
2060 1924 2289 1992 diceret,
2313 1942 2347 1980 a
2371 1941 2480 1998 quo
2532 1925 2718 1980 fuerat
2768 1925 3088 1997 adoptatus.
3149 1926 3242 1981 Sic
3297 1926 3506 1999 quippe

1909 2029 2040 2068 eum
2067 2012 2265 2084 genuit
2283 2029 2396 2068 non
2423 2019 2488 2068 ut
2522 2013 2690 2068 homo
2719 2019 2888 2080 esset,
2919 2015 3018 2070 sed
3047 2020 3113 2070 ut
3130 2014 3304 2070 Filius
3335 2018 3504 2080 esset,

1908 2101 2050 2157 sicut
2081 2119 2183 2158 nos
2209 2103 2407 2173 genuit
2443 2103 2610 2168 Deus,
2643 2109 2708 2158 ut
2734 2102 2836 2158 ﬁlii
2890 2104 3013 2174 ejus
3057 2119 3328 2170 essemus,
3360 2119 3509 2174 quos

1910 2190 2124 2247 dudum
2152 2191 2360 2246 fecerat
2378 2195 2441 2246 ut
2471 2191 2725 2247 homines
2750 2208 3020 2247 essemus.
3051 2191 3293 2248 Unicum
3316 2197 3511 2248 autem

1909 2281 2125 2352 genuit,
2159 2298 2272 2336 non
2301 2281 2484 2336 solum
2513 2288 2578 2337 ut
2606 2282 2781 2337 Filius
2828 2287 2994 2348 esset,
3025 2283 3176 2354 quod
3202 2287 3364 2354 pater
3395 2298 3510 2338 non

1915 2375 2018 2436 est,
2053 2370 2152 2426 sed
2181 2370 2351 2425 etiam
2372 2376 2438 2425 ut
2463 2371 2615 2426 Deus
2635 2376 2783 2426 esset
2808 2371 2956 2443 quod
2976 2377 3034 2426 et
3063 2371 3228 2426 Pater
3257 2377 3364 2427 est.
3398 2371 3511 2427 Sed

1911 2459 1961 2514 si
1988 2460 2094 2514 hoc
2107 2458 2276 2514 verbo
2307 2460 2484 2514 Lucas
2515 2465 2791 2525 uteretur,
2825 2458 3151 2531 ambiguum
3180 2465 3330 2516 esset
3385 2458 3512 2532 quis

1912 2564 2108 2603 eorum
2127 2548 2642 2619 adoptantem,quis
2665 2565 2731 2603 ex
2749 2549 2977 2620 propria
2996 2565 3165 2604 carne
3178 2549 3512 2620 gignentem

1912 2642 2131 2709 patrem
2160 2641 2671 2691 commemorasset.
2732 2637 2815 2691 De
2861 2643 3062 2692 caetero
3117 2637 3252 2709 quid
3308 2638 3514 2692 horum

1913 2726 2095 2797 magis
2119 2725 2468 2797 sequendum
2492 2724 2584 2792 sit,
2609 2729 2803 2780 utrum
2827 2741 2894 2779 ex
2911 2726 3052 2796 lege,
3084 2741 3157 2781 an
3183 2741 3286 2796 per
3310 2741 3517 2796 quam-

1913 2814 2053 2870 libet
2076 2813 2435 2885 adoptionem
2464 2813 2614 2868 ﬁlius
2641 2812 2812 2868 fuerit
2831 2813 2973 2880 Heli,
3007 2813 3217 2868 frustra
3242 2817 3514 2882 certatur,

1915 2903 2050 2959 dum
2105 2902 2428 2958 omnimodo
2459 2907 2728 2975 utrosque
2769 2901 3152 2973 Evangelistas
3202 2918 3399 2959 verum
3425 2900 3517 2960 di-

220 2995 400 3050 David
417 2994 908 3066 usqueIadJoseph
927 3013 940 3063 ;
963 2995 1102 3051 alios
1118 3001 1309 3052 autem
1327 2997 1506 3052 Lucas
1525 2997 1830 3053 ascendens
1845 3005 1891 3068 ο
1914 2993 2057 3048 xisse
2085 2991 2409 3064 probamus.

223 3101 258 3138 a
285 3083 508 3155 Joseph
535 3099 716 3154 usque
740 3084 813 3138 ad
847 3084 1022 3139 David
1056 3101 1070 3140 :
1101 3085 1262 3140 facile
1287 3091 1371 3142 est
1413 3091 1481 3141 ut
1538 3086 1836 3142 advertant
1871 3097 1875 3100 '

224 3173 440 3244 Joseph
468 3171 617 3226 duos
645 3177 836 3244 patres
863 3172 1071 3229 habere
1097 3174 1363 3246 potuisse,
1400 3191 1579 3231 unum
1629 3192 1665 3230 a
1721 3192 1832 3248 quo

223 3263 476 3333 genitus,
505 3262 750 3316 alterum
779 3279 814 3316 a
846 3279 955 3335 quo
986 3263 1158 3318 fuerit
1213 3265 1532 3336 adoptatus.
1586 3266 1836 3336 Antiqua

225 3357 306 3406 est
327 3351 493 3406 enim
523 3351 870 3406 consuetudo
887 3352 1214 3424 adoptandi,
1239 3353 1409 3408 etiam
1429 3353 1488 3408 in
1510 3353 1606 3408 illo
1627 3355 1834 3426 populo

225 3440 342 3507 Dei,
375 3446 446 3495 ut
466 3439 580 3494 sibi
601 3440 744 3494 ﬁlios
771 3439 1022 3496 facerent
1043 3458 1183 3513 quos
1210 3442 1406 3514 utique
1425 3459 1538 3497 non
1591 3443 1701 3514 ipsi
1742 3461 1838 3515 ge-

226 3529 510 3586 nuissent.
533 3529 702 3593 Nam,
733 3535 959 3601 excepto
978 3531 1128 3602 quod
1150 3531 1266 3585 ﬁlia
1281 3531 1590 3586 Pharaonis
1606 3533 1837 3604 Moysen

229 3617 622 3690 adoptaverat,
655 3618 754 3673 illa
783 3618 990 3690 quippe
1018 3619 1336 3691 alienigena
1362 3619 1488 3686 fuit,
1519 3621 1640 3692 ipse
1667 3619 1837 3675 Jacob

228 3713 462 3780 nepotes
509 3723 662 3773 suos,
691 3723 758 3761 ex
794 3708 998 3780 Joseph
1042 3713 1224 3778 natos,
1267 3709 1449 3765 verbis
1503 3709 1839 3764 manifestis-

228 3795 384 3850 simis
412 3795 728 3867 adoptavit,
759 3795 947 3852 dicens
977 3816 988 3850 :
1021 3798 1188 3854 Nunc
1212 3800 1397 3868 itaque
1416 3801 1524 3853 duo
1572 3801 1684 3868 ﬁlii
1729 3799 1833 3866 tui,

231 3888 326 3955 qui
339 3886 484 3952 facti
497 3890 633 3938 sunt
656 3886 758 3938 tibi
765 3888 1102 3956 priusquam
1127 3889 1202 3941 ad
1213 3892 1260 3942 te
1275 3889 1655 3955 venirem,mei
1682 3892 1833 3954 sunt,

235 3975 438 4041 ἔπι-ειη
477 3975 727 4030 videlicet
783 3979 834 4028 et
873 3977 1169 4044 Manasses,
1231 3982 1501 4046 tanquam
1557 3979 1744 4033 Ruben
1786 3980 1835 4030 et

234 4061 609 4129 Simeon,mei
636 4068 804 4118 erunt
823 4082 840 4130 ;
863 4067 1004 4120 alios
1016 4070 1202 4120 autem
1235 4082 1366 4135 quos
1387 4070 1572 4135 postea
1582 4067 1839 4135 genueris

1987 3082 2146 3146 Quod
2162 3086 2354 3137 autem
2380 3081 2660 3153 sequitur,
2672 3081 2807 3154 quia
2822 3083 2986 3137 Jacob
3003 3084 3198 3151 genuit
3223 3083 3414 3154 Joseph
3433 3085 3521 3140 vi-

1915 3187 2049 3225 rum
2079 3172 2359 3237 Mariamde
2387 3187 2498 3240 qua
2514 3177 2682 3225 natus
2701 3175 2776 3225 est
2800 3171 3072 3238 Christus,
3093 3187 3209 3227 non
3237 3172 3517 3228 credenti-

1915 3259 2021 3315 bus
2049 3259 2245 3332 utique
2273 3259 2410 3314 satis
2439 3259 2830 3314 difﬁcillimam
2847 3264 3085 3330 generat
3121 3260 3512 3332 qumstionem,

1917 3348 2053 3422 quid
2081 3349 2363 3421 pertineat
2392 3348 2464 3403 ad
2495 3349 2780 3404 Christum
2794 3349 3086 3420 generatio
3101 3366 3169 3404 ex
3189 3349 3363 3406 David
3409 3350 3520 3408 ori-

1917 3439 2048 3510 gine
2066 3439 2137 3492 ad
2157 3437 2364 3510 Joseph
2377 3453 2555 3509 usque
2565 3437 2823 3503 deducta,
2845 3454 2975 3498 cum
2987 3439 3518 3505 omnes,secundum

1921 3527 2270 3598 Scripturam
2310 3527 2576 3595 divinam,
2627 3526 2898 3582 catholica
2953 3529 3328 3586 conﬁteamur
3381 3528 3519 3602 quia

1919 3616 2177 3672 Christus
2203 3616 2273 3670 de
2303 3616 2508 3687 Joseph
2561 3616 2776 3670 semine
2803 3631 2916 3670 non
2940 3616 3016 3670 sit
3043 3623 3229 3685 natus,
3286 3618 3386 3673 sed
3445 3618 3519 3674 de

1920 3703 2133 3775 Spiritu
2162 3708 2355 3758 sancto
2384 3720 2450 3758 ex
2471 3703 2651 3757 Maria
2680 3703 2933 3773 Virgine,
2967 3704 3112 3760 sicut
3139 3706 3200 3760 in
3217 3718 3231 3729 '
3251 3705 3519 3776 Symbolo

1919 3793 2270 3859 conﬁtemur,
2302 3796 2647 3863 procreatus.
2679 3791 2894 3856 Quibus
2928 3793 3175 3863 primum
3230 3793 3394 3849 facile
3430 3811 3519 3850 re-

1919 3881 2308 3952 spondendum
2333 3886 2437 3948 est,
2469 3897 2583 3936 non
2603 3897 2728 3936 esse
2745 3881 3167 3938 consuetudinis
3193 3887 3519 3940 sanctarum

1919 3970 2356 4041 Scripturarum,
2386 3976 2452 4025 ut
2478 3969 2777 4025 mulierum
2800 3969 2858 4025 in
2881 3970 3341 4041 generationibus
3387 3975 3512 4043 οι

1923 4059 2058 4114 ordo
2083 4064 2325 4127 texatur,
2365 4059 2514 4131 quod
2543 4076 2609 4114 ex
2636 4059 2895 4115 omnibus
2914 4059 3072 4116 libris
3127 4060 3327 4116 divinae
3375 4061 3518 4134 legis

238 4153 338 4206 tibi
391 4157 563 4206 erunt
597 4152 748 4219 (Gen.
779 4166 975 4220 xmu,
1004 4152 1082 4223 5).
1112 4153 1272 4209 Unde
1301 4158 1359 4208 et
1384 4153 1592 4209 factum
1643 4158 1730 4208 est
1777 4157 1844 4208 ut
1923 4147 2160 4220 probare
2181 4165 2498 4220 possumus.
2527 4149 2597 4203 Et
2617 4148 2744 4204 ideo
2773 4165 2886 4204 non
2904 4165 3005 4222 per
3019 4149 3257 4205 Mariam
3283 4167 3519 4221 genera-

237 4239 538 4295 duodecim
565 4239 748 4295 tribus
768 4241 1153 4296 essent.Israel
1167 4241 1380 4314 absque
1399 4241 1551 4297 tribu
1563 4242 1842 4313 Levi,qute

1923 4236 2093 4292 tionis
2121 4238 2294 4293 series
2321 4237 2624 4305 inducitur,
2658 4237 2756 4293 sed
2784 4255 2886 4310 per
2936 4239 3162 4310 Joseph,
3187 4244 3254 4295 ut
3305 4240 3521 4297 idioma

239 4329 450 4402 templo
473 4329 771 4384 serviebat.
794 4349 817 4381 ι
839 4329 923 4384 Ex
934 4347 1044 4402 quo
1069 4329 1406 4402 intelligitur
1418 4332 1598 4386 Lucas
1620 4324 1904 4403 patremD
1923 4326 2341 4398 Scripturarum
2365 4327 2425 4382 in
2454 4325 2734 4398 principio
2756 4342 2868 4381 non
2897 4326 3155 4382 violetur.
3199 4327 3414 4384 Deinde
3451 4345 3520 4385 ex

239 4418 447 4490 Joseph
478 4434 595 4473 non
615 4434 651 4472 a
681 4435 793 4490 quo
817 4419 1063 4490 genitus,
1095 4419 1192 4474 sed
1223 4436 1257 4474 a
1283 4436 1393 4492 quo
1427 4424 1613 4476 fuerat
1664 4421 1839 4492 adop-

240 4511 393 4561 tatus
411 4505 473 4561 in
521 4506 823 4578 Evangelia
875 4524 977 4562 suo
1033 4508 1360 4580 suscepisse,
1389 4509 1552 4580 cujus
1584 4508 1842 4581 progeni-

242 4599 392 4650 tores
411 4611 639 4650 sursum
656 4612 850 4651 versus
866 4603 1348 4664 commemoraret,
1373 4598 1551 4652 donec
1574 4597 1646 4652 ad
1668 4596 1842 4652 David

246 4685 435 4739 exiret.
470 4684 651 4748 Quem
681 4684 857 4755 igitur
879 4685 1224 4757 probabilius
1254 4686 1574 4759 adoptantis
1591 4687 1842 4742 tenuisse

247 4773 537 4844 originem,
571 4789 741 4844 quam
782 4791 913 4829 eum
959 4775 1054 4847 qui
1110 4776 1294 4831 noluit
1331 4777 1538 4848 Joseph
1585 4776 1842 4848 genitum

249 4861 428 4917 dicere
444 4861 516 4918 ab
534 4863 632 4918 illo
652 4865 813 4934 cujus
832 4879 963 4919 eum
991 4881 1112 4920 esse
1132 4865 1312 4920 ﬁlium
1342 4865 1652 4920 narrabat?
1682 4866 1844 4920 Com-

251 4950 470 5006 modius
488 4950 639 5006 enim
669 4951 822 5007 ﬁlius
841 4953 963 5024 ejus
983 4953 1166 5008 dictus
1183 4959 1290 5019 est,
1314 4970 1346 5008 a
1365 4971 1474 5026 quo
1502 4955 1688 5010 fuerat
1710 4954 1844 5008 ado-

253 5042 454 5108 ptatus,
491 5056 662 5112 quam
683 5042 729 5097 si
756 5041 1038 5098 diceretur
1065 5042 1135 5097 ab
1166 5060 1232 5098 eo
1259 5043 1504 5114 genitus,
1561 5043 1631 5098 de
1680 5043 1842 5115 cujus

255 5140 413 5183 carne
439 5145 552 5184 non
571 5135 694 5185 erat
713 5137 900 5187 natus.
925 5133 1070 5186 Nam
1096 5133 1392 5188 Mattheus
1431 5133 1620 5188 dicens
1643 5134 1845 5189 :Abra-

261 5213 382 5270 ham
407 5222 603 5286 genuit
629 5224 763 5285 σθ
777 5223 949 5287 Isaac,
965 5226 1134 5294 atque
1163 5221 1244 5280 ita
1271 5221 1332 5278 in
1353 5222 1458 5277 hoc
1474 5221 1659 5288 verbo,
1694 5221 1844 5293 quod

259 5308 339 5358 est
359 5311 571 5374 genuit,
591 5309 1106 5379 perdurans,donec
1124 5311 1184 5366 in
1207 5311 1406 5366 ultimo
1435 5312 1662 5378 diceret,
1682 5313 1845 5366 Jacob

260 5398 436 5449 autem
455 5401 649 5465 genuit
675 5399 886 5469 Joseph,
909 5400 1046 5455 satis
1075 5401 1350 5472 expressit
1375 5401 1446 5456 ad
1467 5417 1596 5456 eum
1623 5404 1844 5472 patrem

1921 4431 2035 4470 una
2064 4415 2214 4470 tribu
2237 4415 2447 4487 Joseph
2469 4419 2528 4469 et
2551 4414 2786 4469 Mariam
2814 4413 2987 4470 fuisse
3015 4414 3338 4486 probamus,
3368 4417 3520 4474 unde

1923 4509 1982 4559 et
2009 4509 2284 4576 praecepto
2305 4503 2442 4575 legis
2471 4519 2595 4558 eam
2621 4502 2781 4576 quasi
2817 4503 3192 4575 propinquam
3214 4503 3519 4576 cogebatur

1923 4594 2192 4667 accipere,
2224 4610 2294 4648 ne
2315 4610 2376 4648 se
2399 4591 2580 4648 tribus
2605 4592 2664 4647 in
2683 4591 2854 4646 aliam
2867 4592 3258 4648 commisceret
3274 4593 3517 4661 tribum;

1923 4684 2021 4738 sed
2047 4682 2430 4755 unusquisque
2458 4683 2528 4737 de
2545 4680 2809 4737 suatribu
2821 4681 3075 4753 legitime
3103 4681 3210 4738 sibi
3239 4683 3520 4756 acciperet

1923 4789 2174 4828 uxorem.
2206 4773 2274 4826 Et
2303 4772 2428 4826 ideo
2443 4788 2569 4827 cum
2599 4771 2897 4842 descriptio
2925 4770 3110 4843 prima
3149 4772 3388 4829 Romani
3405 4773 3519 4830 im-

1924 4862 2066 4936 perii
2085 4861 2418 4928 celebratur,
2441 4866 2506 4916 ut
2524 4860 2732 4931 singuli
2753 4860 2812 4914 in
2825 4875 2990 4916 suam
3011 4861 3415 4932 proﬁterentur
3440 4862 3518 4918 ci-

1924 4951 2173 5018 vitatem,
2197 4950 2404 5021 Joseph
2429 4955 2487 5004 et
2509 4948 2699 5016 Maria,
2733 4964 2849 5004 non
2881 4949 3065 5005 solum
3095 4949 3256 5022 quasi
3284 4950 3354 5006 de
3401 4967 3518 5006 una

1924 5040 2093 5108 tribu,
2108 5055 2301 5095 verum
2314 5038 2484 5093 etiam
2503 5038 2656 5094 velut
2669 5038 2739 5094 de
2750 5053 2865 5094 una
2875 5038 3050 5110 stirpe
3063 5038 3520 5110 generati,simul

1925 5131 1984 5186 in
2009 5129 2296 5185 Bethleem
2325 5131 2626 5184 censentur
2641 5127 2887 5185 nomine.
2919 5126 3046 5191 Ubi.
3067 5128 3116 5182 si
3145 5144 3258 5184 non
3279 5133 3428 5187 esset
3445 5131 3518 5188 de

1923 5236 2040 5275 una
2066 5218 2218 5274 tribu
2245 5234 2310 5273 ac
2337 5216 2407 5272 de
2426 5217 2624 5273 eadem
2658 5216 2902 5284 civitate,
2941 5231 3056 5272 non
3091 5215 3390 5287 diceretur,
3421 5222 3520 5280 As—

1925 5311 2103 5367 cendit
2123 5313 2307 5363 autem
2331 5313 2381 5364 et
2403 5308 2596 5377 Joseph
2623 5323 2660 5362 a
2714 5307 2942 5365 Galilaea
2972 5307 3036 5362 de
3078 5309 3300 5363 civitate
3326 5311 3518 5368 Nam-

1927 5400 2049 5455 reth
2065 5402 2130 5453 in
2146 5399 2394 5454 Iudaeam
2421 5398 2700 5452 civitatem
2723 5397 2919 5463 David,
2975 5411 3095 5468 qua
3141 5402 3371 5454 vocatur
3419 5401 3520 5459 Βο.

265 5497 478 5558 semper
496 5485 726 5552 duxisse
743 5486 1000 5556 ordinem
1019 5489 1484 5574 genemﬁumm
1511 5506 1622 5568 quo
1639 5489 1848 5564 Joseph
1931 5489 2144 5561 thleem,
2177 5503 2234 5548 eo
2256 5487 2401 5561 quod
2421 5489 2549 5546 esset
2578 5486 2644 5546 de
2679 5487 2838 5547 domo
2863 5500 2930 5544 ac
2975 5486 3205 5556 familia
3231 5485 3432 5558 David,
3456 5493 3525 5546 ut
