3966 6206
358 341 434 401 83

1124 335 1182 396 S.
1221 333 1604 397 PASCHASII
1641 331 2003 397 RADBERTI
2037 335 2345 398 ABBATIS
2382 333 2873 399 CORBEIENSIS,

3555 335 3626 397 84

350 464 523 524 ﬁdem
550 463 611 522 in
625 461 888 524 cordibus
906 463 1135 534 nostris,
1156 430 1258 522 aut
1276 463 1660 537 intelligendo,
1675 469 1776 520 aut
1795 468 1944 519 certe
1962 465 2015 526 Α
2033 466 2181 539 quod
2210 465 2455 522 charitas
2473 467 2765 540 procreata
2777 461 2998 536 jugiter
3014 459 3339 533 inardescit,
3357 465 3414 520 et
3429 464 3628 522 contra

353 557 633 614 credendo
678 555 863 625 debet,
904 556 1081 613 donec
1126 557 1186 612 in
1222 555 1312 611 via
1348 572 1562 611 sumus.
1593 555 1752 610 Unde
1798 555 1948 626 quod

355 647 560 703 coelum
589 651 648 702 et
684 651 840 702 terra
865 645 1098 701 minime
1127 644 1372 717 capiunt,
1407 644 1534 698 sinu
1567 642 1697 697 ﬁdei
1728 648 1949 714 oportet

353 736 865 809 comprehendere;
910 741 969 791 ct
1007 735 1077 790 de
1119 735 1256 798 Deo,
1289 738 1352 787 ut
1380 738 1485 799 est,
1513 733 1760 799 sentire;
1806 737 1863 786 et
1890 732 1950 787 in

356 825 617 885 omnibus
638 826 810 882 etiam
831 840 954 898 quae
981 821 1566 894 incomprehensibilia
1587 821 1864 888 videntur,
1886 827 1953 877 ut

357 932 418 971 se
448 916 529 970 rei
557 915 764 971 veritas
788 913 976 980 habet,
1021 928 1123 984 per
1162 911 1331 966 ﬁdem
1364 911 1554 967 omnia
1580 911 1950 982 comprehen-

356 1003 783 1074 dere.Alioquin
795 1017 954 1056 error
968 1001 1149 1072 magis
1161 1016 1329 1072 quam
1347 1000 1484 1055 ﬁdes
1499 1005 1585 1055 est
1594 1000 1947 1071 appellanda,

355 1093 409 1149 si
436 1093 589 1148 aliud
619 1092 729 1146 ﬁde
757 1090 1086 1162 concipitur,
1112 1107 1281 1162 quam
1299 1090 1447 1162 quod
1466 1090 1615 1144 Deus
1635 1094 1740 1156 est,
1759 1093 1815 1144 et
1834 1089 1953 1161 ipse

358 1182 432 1236 de
449 1197 508 1237 se
521 1179 878 1235 credentibus
899 1185 964 1235 ut
974 1180 1269 1234 crederent
1297 1178 1541 1250 Spiritus
1554 1184 1782 1233 sanctus
1801 1178 1953 1233 Deus

362 1269 648 1325 revelavit.
679 1269 829 1326 Nam
873 1269 1012 1323 ﬁdes
1061 1284 1287 1323 omnem
1336 1268 1785 1339 intelligentiam,
1818 1269 1956 1324 dum

357 1372 556 1414 sumus
572 1357 665 1413 hic
689 1358 748 1413 in
769 1358 877 1425 via,
901 1357 1205 1412 antecellit.
1243 1356 1522 1422 Quoniam
1555 1357 1827 1429 quidquid
1870 1363 1958 1413 est

360 1447 512 1519 quod
550 1447 864 1518 intelligere
887 1446 1000 1501 non
1013 1447 1280 1513 valemus,
1303 1447 1434 1518 quia
1451 1445 1600 1502 Deus
1612 1447 1816 1501 veritas
1843 1463 1957 1502 non

361 1537 657 1602 mentitur,
681 1536 791 1590 ﬁde
821 1535 1183 1603 credimus,et
1211 1535 1269 1590 in
1296 1536 1404 1590 ﬁde
1430 1553 1532 1608 per
1557 1535 1952 1604 substantiam,

363 1625 638 1698 quidquid
660 1631 746 1680 est
771 1625 910 1680 illud
935 1625 1084 1697 quod
1114 1630 1218 1690 est,
1235 1627 1355 1696 jam
1377 1631 1655 1681 tenemus.
1673 1626 1832 1680 Hanc
1849 1625 1959 1698 igi-

361 1717 460 1769 tur
477 1714 884 1787 sperandorum
910 1714 1284 1769 substantiam
1304 1715 1373 1769 ad
1393 1715 1802 1787 liquidunrnon
1825 1733 1960 1788 quo-

2029 557 2220 612 omnia
2249 557 2499 612 carnalia
2537 556 2808 610 dimicans
2841 555 2973 610 vitia
3008 555 3352 627 supplantat.
3387 555 3495 610 Sed
3526 572 3628 611 cur

2029 663 2131 718 per
2176 647 2347 702 Jacob
2395 645 2726 700 charitatem
2773 644 3082 714 signiﬁcari
3130 645 3386 710 dixerim,
3415 645 3465 700 si
3505 646 3630 701 dili-

2030 743 2231 808 genter
2244 734 2761 798 animadvertimus,
2781 733 3039 788 facillime
3061 733 3346 805 quibimus
3376 735 3588 790 intueri
3611 753 3626 803 ;

2033 826 2341 899 praesertim
2371 825 2419 880 si
2459 825 2599 879 duas
2632 828 2853 879 tantum
2883 839 3083 878 uxores
3107 824 3250 894 ejus,
3290 824 3450 879 Liam
3474 824 3632 879 vide-

2032 915 2164 970 licet
2188 920 2357 985 atque
2377 913 2605 977 Rachel,
2637 912 2695 966 in
2725 911 2972 966 medium
2998 911 3362 967 deducamus.
3378 913 3632 977 Quarum

2032 1005 2135 1059 Lia
2155 1006 2415 1058 laborans
2435 1003 2862 1072 interpretatur,
2876 1000 3085 1055 Rachel
3108 1017 3238 1057 vero
3265 1005 3447 1056 visum
3470 1005 3634 1072 prin-

2034 1095 2245 1162 cipium
2283 1091 2531 1145 dicitur:
2567 1106 2737 1162 quam
2781 1089 2887 1143 sibi
2928 1089 3172 1144 charitas
3209 1090 3346 1146 dum
3383 1089 3634 1163 primum

2035 1184 2186 1234 recte
2215 1178 2432 1250 appetit
2458 1178 2516 1232 in
2557 1177 2902 1248 conjugium,
2926 1177 3218 1248 praesentis
3246 1178 3374 1233 vitae
3411 1177 3636 1236 labores

2035 1269 2303 1323 ardenter
2319 1267 2541 1322 tolerat.
2572 1267 2641 1322 Et
2670 1266 2943 1338 quidquid
2972 1266 3238 1321 eximium
3267 1272 3353 1322 est
3377 1267 3634 1339 periculi,

2036 1358 2158 1412 sine
2173 1357 2485 1412 cessatione
2504 1371 2684 1428 usque
2700 1355 2770 1410 ad
2786 1361 3025 1410 mortem
3041 1372 3142 1428 per
3156 1356 3490 1427 patientiam
3505 1373 3637 1411 con-

2037 1446 2299 1502 certendo
2311 1447 2631 1518 superat.In
2649 1450 2869 1500 tantum
2884 1449 2948 1500 ut
2964 1461 3163 1517 parum
3173 1452 3300 1513 68
3312 1445 3364 1500 ei
3377 1446 3636 1501 videatur

2039 1535 2188 1608 quod
2209 1535 2444 1602 laborat,
2471 1535 2518 1589 si
2546 1533 2687 1589 forte
2707 1535 2885 1606 possit
2911 1534 3203 1607 pervenire
3222 1535 3293 1590 ad
3314 1551 3440 1590 eam
3464 1552 3638 1607 quam

2040 1629 2213 1680 amat.
2246 1625 2406 1680 Unde
2449 1624 2717 1696 scriptum
2748 1629 2835 1678 est
2865 1641 2880 1678 :
2920 1627 3236 1693 Concupisti
3279 1627 3640 1696 sapientiam,

2040 1730 2196 1768 serva
2206 1715 2491 1781 mandata,
2510 1718 2557 1768 et
2572 1715 2842 1768 Dominus
2855 1714 2958 1767 tibi
2969 1715 3131 1768 illam
3145 1714 3397 1782 praebebit
3414 1714 3580 1785 gEccl.
3593 1727 3637 1781 ι,

363 1802 533 1858 modo
565 1809 655 1858 est
681 1803 939 1870 scientes,
973 1803 1070 1858 sed
1109 1804 1242 1876 quia
1266 1809 1352 1858 est
1378 1805 1703 1876 plenissime
1731 1805 2022 1872 creden—B
2046 1800 2157 1874 33).
2200 1803 2310 1858 Sed
2356 1802 2475 1869 Lia,
2525 1800 2782 1856 videlicet
2816 1801 2933 1856 vita
2973 1801 3174 1869 activa,
3233 1801 3392 1874 prior
3436 1803 3642 1874 nuptui

363 1897 482 1960 tes;
523 1893 630 1947 etsi
657 1892 909 1948 nondum
938 1892 1120 1948 adhuc
1143 1892 1202 1948 in
1230 1909 1293 1948 re
1322 1898 1565 1960 tantum,
1598 1895 1732 1966 quia
1769 1894 1828 1949 in
1861 1912 1959 1967 spe

362 1980 612 2053 profecto
637 1981 1028 2052 gratulamur;
1059 1981 1260 2036 merito
1283 1981 1341 2036 in
1372 1982 1546 2049 Isaac,
1577 1982 1674 2054 qui
1704 1983 1851 2038 risus
1878 1983 1962 2038 in-

363 2074 729 2142 terpretatur,
761 2075 1250 2126 castrametamur.
1283 2072 1442 2126 Isaac
1478 2071 1684 2143 quippe
1710 2076 1863 2127 totus
1901 2073 1961 2127 in

362 2174 484 2230 spe,
517 2159 666 2230 quod
695 2159 1068 2230 repromissus
1109 2159 1422 2232 concipitur
1458 2177 1560 2232 per
1587 2161 1776 2227 ﬁdem,
1811 2162 1962 2233 quod

363 2247 618 2302 nascitur
633 2264 735 2320 per
745 2248 1010 2318 gratiam,
1023 2248 1292 2320 gaudium
1310 2249 1636 2320 parentibus
1650 2249 1958 2321 generavit.

350 2335 456 2390 -Ita
474 2349 610 2390 sane
630 2339 688 2391 et
706 2337 1007 2410 Apostolus
1029 2338 1148 2409 ipse
1161 2338 1475 2409 gaudentes
1491 2355 1592 2393 nos
1613 2356 1736 2393 esse
1758 2339 1957 2407 voluit;

368 2423 505 2496 quia
525 2424 606 2494 de
622 2425 721 2497 spe
739 2424 898 2480 bona;
926 2427 1298 2493 conscientiae,
1326 2443 1494 2498 quam
1525 2427 1582 2481 in
1611 2427 1834 2482 Christo
1862 2445 1963 2500 per

365 2512 558 2579 ﬁdem,
574 2526 699 2585 qua
717 2531 818 2586 per
827 2514 1181 2571 dilectionem
1202 2521 1484 2587 cperatur,
1507 2515 1798 2583 habemus,
1815 2517 1960 2572 risus

366 2601 529 2657 nobis
549 2619 616 2657 ex
633 2604 820 2674 gratia
837 2609 1160 2674 generatur.
1176 2610 1300 2670 ου
1322 2605 1466 2660 Hinc
1486 2605 1691 2677 quippe
1711 2611 1798 2660 est
1816 2606 1965 2677 quod

367 2691 574 2746 virtute
603 2708 833 2764 cperam
863 2693 1082 2759 damus,
1113 2698 1177 2748 ut
1222 2694 1281 2748 in
1321 2710 1439 2765 spe,
1467 2693 1639 2748 veluti
1666 2695 1842 2761 Isaac,
1873 2712 1964 2748 se-

365 2785 558 2836 rentes
584 2781 782 2835 eodem
811 2797 978 2848 anno,
1011 2782 1069 2837 id
1105 2787 1193 2838 est
1220 2783 1280 2838 in
1315 2783 1577 2855 praesenti
1606 2783 1739 2849 vita,
1771 2789 1965 2839 centu-

365 2868 524 2940 plum
561 2871 832 2943 accipere,
875 2877 933 2926 et
973 2871 1032 2927 in
1071 2871 1264 2928 futuro
1291 2873 1464 2927 vitam
1491 2877 1759 2928 aeternam
1789 2874 1964 2945 possi-

367 2958 502 3012 dere
524 2956 831 3015 valeamus.
859 2959 968 3015 Sed
999 2959 1131 3032 quia
1159 2961 1218 3016 in
1241 2962 1398 3016 Isaac
1425 2977 1553 3034 spes
1582 2961 1707 3017 vitae
1735 2963 1962 3033 negotio

366 3046 665 3117 ﬁguratur,
697 3039 924 3104 necesse
963 3054 1051 3104 est
1091 3053 1156 3104 ut
1183 3049 1507 3118 Rebeccam,
1537 3067 1661 3122 quae
1685 3055 1961 3122 patientia

2039 1896 2210 1947 noctu
2238 1891 2500 1958 traditur,
2526 1891 2662 1945 dum
2684 1891 2776 1945 hic
2803 1891 3086 1962 proximos
3115 1891 3346 1946 interim
3374 1907 3476 1963 per
3506 1893 3645 1946 cha-

2040 1981 2265 2036 ritatem
2281 1981 2518 2051 diligere
2524 1979 2811 2051 jubemur.
2827 1980 2972 2044 Quia
2981 1980 3028 2034 si
3040 1980 3287 2052 primum
3297 1982 3643 2052 proximum,

2043 2087 2212 2142 quem
2231 2069 2503 2134 videmus,
2524 2069 2756 2124 minime
2784 2068 3092 2140 diligimus,
3117 2069 3448 2136 Dominum,
3476 2086 3646 2142 quem

2042 2177 2156 2216 non
2170 2159 2444 2224 videmus,
2458 2158 2692 2229 diligere
2707 2164 2771 2213 ut
2783 2163 3007 2230 oportet
3026 2174 3138 2213 non
3151 2158 3574 2214 valemus.Nam
3591 2163 3651 2218 et

2042 2249 2193 2303 idem
2224 2248 2548 2319 patriarcha
2575 2247 2820 2319 primum
2852 2246 3040 2314 Jacob,
3064 2247 3267 2302 deinde
3289 2247 3465 2303 Israel
3494 2254 3650 2306 recte

2043 2337 2268 2393 dicitur.
2294 2337 2439 2402 Quia
2459 2337 2655 2391 eadem
2675 2336 2926 2391 charitas
2943 2341 3112 2392 antea
3129 2353 3230 2409 per
3255 2335 3480 2392 labores
3506 2337 3649 2393 vitia

2043 2428 2414 2499 supplantans
2441 2426 2613 2481 vitam
2642 2425 2949 2498 practicam
2978 2426 3364 2498 complexatur
3397 2444 3409 2480 :
3452 2432 3652 2498 postea

2045 2533 2291 2588 namque
2309 2533 2410 2588 per
2429 2515 2961 2587 contemplationem
2982 2515 3160 2570 Deum
3182 2514 3321 2570 facie
3337 2515 3408 2569 ad
3424 2515 3650 2584 faciem,

2046 2604 2211 2659 sicuti
2253 2609 2341 2659 est
2387 2605 2700 2659 certissime
2746 2604 3078 2676 perfruitur.
3129 2604 3290 2660 Unde
3320 2604 3644 2676 Apostolus,

2047 2694 2212 2748 Nunc
2251 2698 2457 2762 autem,
2507 2694 2712 2765 inquit,
2745 2698 2975 2748 manent
3024 2695 3172 2762 ﬁdes,
3213 2709 3347 2762 spes,
3381 2693 3649 2760 charitas,

2049 2783 2165 2836 tria
2195 2783 2324 2847 haec,
2357 2785 2542 2853 major
2569 2787 2754 2836 autem
2785 2783 3030 2836 charitas
3059 2783 3111 2846 (1
3137 2784 3260 2838 Cor.
3292 2795 3413 2848 xm,
3434 2779 3546 2850 13).
3582 2781 3654 2836 Et

2045 2886 2145 2925 cur
2175 2871 2400 2942 major?
2443 2871 2553 2925 nisi
2596 2872 2730 2942 quia
2756 2886 2884 2926 cum
2930 2871 3154 2926 ﬁnitum
3185 2871 3357 2927 fuerit
3394 2869 3542 2942 quod
3581 2885 3652 2925 ex

2045 2965 2206 3031 parte
2227 2965 2332 3018 est.
2365 2960 2487 3016 sola
2505 2960 2780 3015 charitate
2805 2959 3034 3015 fruituri
3064 2960 3211 3032 quod
3230 2960 3540 3032 perfectum
3561 2964 3650 3014 est

2045 3048 2572 3121 contemplabimur,
2606 3050 2762 3104 illam
2805 3049 3141 3121 sapientiam
3171 3065 3295 3121 quae
3339 3049 3490 3105 Deus
3526 3054 3646 3117 est;

367 3135 795 3208 interpretatur,
825 3137 883 3192 in
911 3138 1238 3210 conjugium
1267 3155 1587 3208 sumamus;
1621 3157 1692 3195 ne
1723 3141 1843 3195 sine
1869 3158 1965 3213 pa-
1984 3124 2031 3187 Ο
2048 3144 2217 3209 atque
2248 3138 2330 3193 ita
2358 3155 2486 3193 cum
2523 3139 2621 3194 illa
2649 3146 2707 3194 et
2734 3155 2835 3212 per
2873 3139 3031 3194 illam
3059 3138 3220 3194 beate
3248 3139 3507 3206 viventes,
3539 3138 3646 3213 ipsi

367 3225 571 3279 tientia
593 3241 721 3296 spes
748 3225 859 3280 cito
878 3225 1173 3298 frangatur
1215 3228 1343 3296 Sed,
1363 3228 1508 3283 sicut
1535 3230 1619 3284 ait
1642 3230 1961 3302 Apostolus,

363 3310 470 3382 Spe
494 3315 808 3382 gaudentes,
824 3319 889 3370 in
911 3314 1272 3371 tribulatione
1286 3319 1552 3386 patientes
1567 3318 1962 3390 (Rom.xn,l2).

369 3399 532 3456 Unde
542 3407 602 3456 et
609 3401 861 3475 Rebecca
872 3403 931 3458 in
942 3404 1348 3476 Mesopotamia
1357 3411 1493 3460 nata
1505 3405 1736 3462 dicitur:
1759 3408 1966 3480 quippe

369 3490 506 3562 quia
528 3485 934 3563 Mesopotamia
953 3493 1280 3548 fluminibus
1303 3494 1699 3562 circumdatur,
1724 3502 1790 3550 ut
1817 3497 1968 3551 inter

365 3580 708 3635 tentationes
726 3595 791 3635 ac
816 3581 1244 3637 tribulationum
1264 3583 1554 3655 procellas,
1579 3585 1773 3640 multis
1793 3602 1968 3657 angu-

369 3668 609 3724 stiarum
639 3669 864 3741 injuriis
883 3671 1125 3736 erudita,
1145 3672 1288 3726 sciat
1318 3672 1387 3727 de
1408 3679 1681 3745 conceptu
1701 3675 1821 3746 spei
1849 3676 1964 3730 Deo

368 3757 516 3812 ﬁlios
533 3773 850 3829 procreare,
870 3766 928 3815 et
945 3761 1238 3816 meditanti
1267 3763 1423 3818 Isaac
1441 3764 1500 3818 in
1521 3781 1676 3834 agro,
1694 3765 1966 3821 virtutum

367 3846 540 3918 pallio
568 3855 832 3920 cooperta
851 3856 1110 3906 verenter
1128 3868 1437 3910 occurrere.
1457 3853 1516 3908 Si
1540 3853 1766 3924 quidem
1787 3855 1962 3923 Isaac,

368 3951 498 4007 spes
544 3936 802 3994 videlicet
839 3941 1246 4010 promissorum
1281 3941 1402 4008 Dei,
1435 3941 1494 3996 in
1538 3958 1604 3996 eo
1657 3943 1968 3997 meditatur

367 4039 524 4094 agro,
555 4042 664 4096 quo
691 4028 1020 4083 thesaurum
1050 4030 1205 4084 novit
1236 4030 1607 4096 reconditum,
1640 4035 1698 4084 et
1723 4031 1968 4086 occurrit

366 4112 421 4166 ei
447 4113 723 4182 patientia
751 4117 978 4186 conjux,
1003 4132 1126 4188 qua:
1138 4133 1241 4171 suo
1269 4119 1560 4188 complexu
1589 4126 1792 4174 cuncta
1817 4136 1967 4174 com-

366 4205 572 4270 ponat;
596 4206 661 4255 ut
681 4218 782 4272 per
801 4202 1021 4258 labores
1041 4209 1100 4258 et
1115 4205 1424 4259 certamina
1438 4206 1766 4262 thesaurum
1789 4209 1966 4278 possit

367 4287 630 4355 effodere,
649 4296 707 4344 et
723 4290 795 4344 ad
823 4292 1158 4362 promissam
1184 4309 1340 4365 spem
1364 4294 1699 4366 quandoque
1729 4297 1965 4352 feliciter

2048 3227 2217 3281 etiam
2249 3226 2398 3282 beati
2421 3228 2677 3282 erimus?
2715 3228 2953 3300 Propter
2979 3244 3149 3300 quam
3177 3228 3447 3283 nimirum
3475 3231 3649 3286 servit

2047 3317 2231 3372 omnis
2256 3317 2573 3388 religiosus,
2589 3323 2647 3372 et
2665 3317 2901 3374 desudat
2921 3318 3141 3372 fortiter
3169 3318 3228 3373 in
3240 3319 3460 3389 agonia,
3474 3319 3649 3390 hujus

2048 3405 2372 3460 desiderans
2418 3405 2652 3460 nimiam
2683 3407 3179 3478 pulchritudinem,
3216 3408 3264 3461 si
3305 3408 3646 3480 quandoque

2047 3500 2332 3550 mereatur
2354 3495 2632 3566 attingere
2658 3495 2796 3569 illud
2825 3497 3004 3552 visum
3029 3496 3386 3569 principium,
3418 3503 3476 3552 et
3494 3497 3552 3552 in
3576 3514 3646 3554 eo

2047 3585 2280 3640 feliciter
2309 3585 2595 3640 delectari.
2621 3585 2818 3657 Neque
2847 3585 2997 3640 enim
3018 3601 3079 3640 se
3110 3586 3351 3657 quisque
3370 3588 3646 3642 convertit

2048 3675 2258 3729 servire
2283 3675 2521 3746 justitiae
2542 3691 2647 3746 per
2663 3673 3016 3741 charitatem,
3049 3674 3158 3729 nisi
3187 3680 3252 3730 ut
3279 3675 3468 3746 quiete
3497 3675 3652 3731 vivat

2047 3763 2106 3818 in
2123 3763 2308 3828 verbo,
2324 3780 2426 3834 per
2448 3763 2597 3835 quod
2612 3764 2833 3818 videtur
2846 3763 3185 3835 principium
3206 3764 3355 3835 quod
3371 3770 3457 3819 est
3471 3765 3644 3833 Deus,

2049 3858 2106 3906 et
2137 3852 2452 3922 requiescat
2495 3853 2755 3924 protinus
2782 3859 2909 3924 post
2937 3852 3207 3912 laborem.
3239 3853 3376 3918 Quis
3411 3853 3650 3909 tandem

2047 3940 2317 3994 amaverit
2357 3941 2423 3996 in
2470 3940 2732 4013 operibus
2774 3941 3013 4012 justitize
3057 3941 3353 4008 desudare,
3394 3941 3650 3998 laborem

2046 4029 2393 4100 passionum,
2417 4045 2531 4084 non
2556 4037 2786 4102 propter
2808 4031 3035 4098 Rachel,
3066 4031 3180 4085 imo
3208 4037 3437 4103 propter
3458 4032 3643 4101 Liam,

2045 4117 2279 4172 subire?
2326 4119 2464 4182 Quis
2491 4135 2616 4174 eam
2645 4120 2819 4174 vitam
2845 4125 3076 4192 propter
3115 4121 3355 4192 seipsam
3391 4137 3649 4192 unquam

2045 4207 2352 4278 expetivit?
2391 4213 2491 4263 aut
2517 4209 2652 4280 Tquis
2681 4225 2806 4263 eam
2834 4225 2937 4281 per
2966 4214 3207 4264 mortem
3244 4209 3427 4280 petiit,
3469 4226 3644 4280 quam

2045 4312 2239 4350 omnes
2269 4297 2561 4352 moriendo
2589 4298 2902 4354 deserunt?
2933 4298 3077 4353 Hinc
3105 4315 3349 4370 namque
3379 4303 3466 4353 est
3493 4299 3644 4370 quod

365 4377 659 4448 pervenire
683 4397 697 4447 ;
729 4395 831 4451 pro
860 4396 972 4451 qua
998 4380 1197 4436 beatus
1217 4383 1520 4454 Apostolus
1547 4400 1679 4440 suos
1700 4386 1966 4442 monebat
1986 4434 2036 4454 ἢ
2051 4384 2294 4441 charitas
2314 4387 2494 4442 Deum
2516 4403 2583 4442 ex
2610 4392 2729 4443 toto
2750 4387 2934 4454 corde,
2959 4392 3017 4442 et
3035 4403 3103 4442 ex
3128 4392 3250 4442 tota
3267 4387 3474 4454 anima,
3500 4393 3558 4442 et
3577 4405 3648 4442 ex

366 4464 655 4521 auditores
680 4484 692 4521 :
724 4469 875 4523 Juste
902 4473 951 4523 et
973 4472 1065 4539 pie
1082 4461 1334 4526 vivamus
1361 4474 1425 4526 in
1447 4473 1544 4528 hoc
1564 4478 1756 4529 saeculo
1786 4493 1962 4546 exspe-

363 4559 572 4612 ctantes
596 4557 806 4611 beatam
829 4573 977 4628 spem
993 4564 1042 4613 et
1064 4561 1362 4616 adventum
1381 4563 1610 4617 Domini
1624 4565 1752 4634 (Tit.
1769 4579 1826 4632 η,
1847 4565 1955 4636 13).

361 4643 481 4700 Ista
507 4647 594 4699 est
618 4660 861 4718 namque
889 4663 1036 4719 spes,
1064 4665 1186 4721 quae
1205 4652 1477 4722 processit
1503 4669 1682 4724 usque
1711 4655 1782 4709 ad
1809 4655 1959 4710 inte-

360 4732 515 4787 riora
540 4733 834 4790 velaminis
862 4737 1106 4805 Christi;
1157 4744 1214 4793 et
1250 4740 1402 4796 velut
1444 4757 1650 4797 aurora
1679 4743 1814 4799 dum
1843 4744 1956 4800 illi-

359 4819 518 4876 ditur
544 4822 827 4892 ﬂuctibus,
855 4825 989 4897 quia
1024 4827 1297 4898 patientia
1340 4829 1568 4898 sociata,
1601 4835 1763 4887 tanta
1787 4839 1958 4905 atque

359 4911 664 4967 immobilis
703 4921 1038 4985 perseverat,
1088 4921 1147 4972 et
1191 4918 1360 4974 nullis
1398 4919 1750 4992 periclitatur
1775 4939 1956 4994 angu-

359 5001 504 5055 stiis.
537 5001 719 5066 Quam
743 5009 895 5059 recte
923 5005 1254 5076 patientiam
1285 5014 1420 5064 tunc
1442 5009 1503 5064 in
1529 5009 1955 5069 tabernaculum

359 5089 512 5146 Sara:
547 5090 975 5161 introducimus,
1013 5111 1142 5150 cum
1189 5097 1460 5169 quidquid
1504 5098 1786 5156 laboribus
1821 5101 1954 5156 fati-

356 5195 578 5249 gamur,
595 5181 1002 5252 patientissime
1018 5189 1200 5240 totum
1217 5187 1415 5257 gratiae
1429 5189 1833 5244 committimus
1848 5191 1954 5245 Re-

356 5265 683 5339 demptoris.
703 5269 784 5325 De
801 5271 1002 5344 quibus
1018 5273 1264 5345 profecto
1288 5276 1634 5347 parentibus,
1649 5279 1782 5350 quid
1797 5280 1951 5335 aliud

355 5371 528 5426 quam
552 5357 798 5414 charitas
816 5363 1162 5432 generatur?
1190 5365 1334 5430 Quia
1351 5366 1621 5422 nimirum
1642 5384 1769 5440 spes
1789 5368 1950 5423 nobis

352 5444 493 5499 talia
521 5449 885 5518 repromittit,
917 5452 1106 5522 qualia
1133 5470 1236 5508 nec
1264 5455 1458 5510 oculus
1488 5455 1645 5523 vidit,
1671 5474 1772 5512 nec
1796 5459 1948 5514 auris

351 5533 586 5598 audivit.
599 5551 703 5591 nec
722 5537 782 5592 in
801 5555 898 5594 cor
911 5540 1156 5597 hominis
1176 5543 1532 5615 aliquatenus
1551 5547 1944 5615 ascenderunt,

349 5623 547 5698 procul
572 5624 744 5683 dubio
768 5643 881 5686 non
907 5647 1206 5705 possumus
1225 5649 1340 5692 non
1368 5650 1578 5692 amare.
1593 5635 1664 5691 Et
1682 5635 1811 5692 inde
1838 5643 1944 5707 est,

1986 4434 2039 4496 D

2049 4481 2171 4530 tota
2211 4475 2436 4543 virtute,
2468 4492 2582 4531 non
2623 4475 2693 4530 ob
2739 4477 2891 4531 aliud
2934 4494 3101 4548 quam
3130 4482 3360 4549 propter
3395 4476 3648 4548 seipsum

2040 4565 2226 4637 diligit
2253 4584 2266 4634 ;
2321 4566 2638 4637 proximum
2670 4581 2801 4620 vero
2840 4582 2954 4621 non
2983 4571 3214 4638 propter
3247 4566 3517 4637 seipsum,
3544 4565 3646 4620 sed

2039 4661 2270 4728 propter
2299 4655 2479 4710 Deum
2501 4671 2693 4710 amare
2716 4655 2983 4728 disponit,
3007 4660 3066 4710 et
3093 4655 3144 4710 ei
3177 4672 3278 4728 per
3304 4655 3644 4710 charitatem

2039 4745 2246 4800 servire
2258 4744 2974 4799 contendit.Verumtamen
2986 4745 3240 4816 quamvis
3251 4750 3481 4817 propter
3492 4760 3646 4799 eam-

2039 4833 2167 4888 dem
2189 4833 2419 4900 Rachel,
2452 4833 2508 4887 id
2533 4839 2620 4888 est
2639 4838 2868 4905 propter
2891 4833 3072 4887 visum
3102 4838 3324 4887 aeternae
3342 4833 3470 4888 vitae
3491 4833 3646 4904 prin-

2037 4923 2266 4994 cipium,
2281 4927 2484 4976 cuncta
2495 4922 2788 4977 devotione
2805 4922 3078 4976 virtutum
3095 4938 3266 4994 Opera
3277 4939 3638 4994 peragamus,

2036 5012 2138 5067 Lia
2154 5011 2314 5066 nobis
2330 5012 2574 5082 primum
2585 5017 2748 5067 nocte
2763 5011 3116 5083 supponitur,
3134 5012 3267 5084 quia
3279 5028 3380 5084 per
3391 5013 3637 5084 seipsam

2036 5101 2150 5156 vita
2177 5099 2456 5156 laboriosa
2493 5100 2652 5171 diligi
2695 5117 2808 5155 non
2844 5099 3087 5172 poterat,
3119 5107 3184 5155 ut
3221 5117 3324 5172 per
3365 5118 3491 5156 eam
3520 5102 3640 5157 Deo

2034 5190 2306 5245 virtutum
2327 5191 2469 5244 ﬁlios
2495 5194 2832 5261 generantes
2855 5190 3192 5262 quandoque
3212 5190 3284 5245 ad
3306 5190 3496 5245 dulces
3520 5207 3635 5246 (ιω-

2034 5279 2190 5334 lestis
2232 5280 2357 5334 vita:
2395 5279 2788 5351 perveniamus
2829 5279 3141 5351 amplexus.
3167 5280 3464 5336 Toleratur
3500 5280 3632 5349 ista,

2031 5375 2097 5424 ut
2125 5368 2447 5440 perfruatur
2477 5368 2592 5422 illa.
2629 5368 2738 5424 Sed
2759 5368 2893 5423 dum
2917 5371 3190 5440 quaeritur
3219 5369 3334 5437 illa,
3365 5369 3478 5424 ista
3503 5386 3636 5442 sup-

2031 5459 2349 5530 ponitur,ut
2364 5463 2490 5529 post
2507 5458 2672 5512 istam
2688 5459 3049 5530 perveniatur
3061 5459 3133 5513 ad
3147 5459 3323 5513 illam.
3339 5459 3628 5515 Servimus

2030 5552 2221 5602 autem
2235 5546 2637 5617 primum,cum
2648 5563 2682 5601 a
2696 5546 2858 5601 nobis
2868 5553 2997 5612 oo
3012 5547 3114 5602 Lia
3125 5547 3628 5618 diligitur,septem

2027 5636 2214 5707 annis,
2227 5635 2284 5692 id
2296 5641 2381 5692 est
2396 5641 2616 5717 septem
2629 5635 2774 5708 legis
2795 5641 3072 5717 pracepta
3089 5641 3397 5705 servantes,
3414 5652 3540 5716 quae
3553 5636 3626 5692 ad
