3966 6206
257 292 326 350 85

1091 289 1474 352 EXPOSITIO
1510 290 1590 352 IN
1629 291 2075 353 MATTHJEUM.
2117 324 2182 339 -
2223 295 2358 353 LIB.
2400 296 2446 364 Ι,
2487 294 2644 351 ΟΛΡ.
2685 289 2732 350 Ῑ.

3477 297 3550 356 88

255 415 502 491 proximi
536 407 829 489 pertinent
853 415 1184 475 charitatem
1211 439 1223 474 :
1257 419 1459 476 deinde
1485 419 1626 475 alios
1657 425 1872 492 septem
1889 427 1936 486 Α
1955 422 2133 478 stolus
2160 422 2425 478 divinitus
2451 421 2776 477 exhortatur
2805 437 2817 475 :
2840 420 2904 478 Si
2918 423 3342 479 consurrewistis
3367 422 3549 494 igitur

254 510 426 580 juxta
443 506 857 579 perfectionem
869 508 993 562 vitae
1005 525 1200 564 rursus
1212 510 1614 565 reinsumimus
1624 511 1873 577 annos,si

262 597 553 668 quomodo
581 597 654 650 ad
687 596 866 662 illam,
900 614 1068 668 quam
1113 599 1576 670 concupiscimus,
1610 599 1875 654 ardenter

260 685 679 757 ingrediamur.
712 687 856 740 Hinc
884 703 1125 758 namque
1149 687 1357 742 dicitur
1389 704 1401 740 :
1436 691 1585 742 Beati
1606 705 1873 758 pauperes

259 778 498 845 spiritu,
533 777 804 844 quoniam
831 777 1086 845 ipsorum
1115 782 1188 831 est
1212 793 1448 845 regnum
1477 782 1753 833 caelorum.
1781 779 1868 845 Et,

261 865 419 920 Beati
443 867 624 930 mites,
658 868 927 934 quoniam
956 867 1066 934 ipsi
1086 867 1437 934 possidebunt
1467 873 1698 922 terram.
1722 871 1873 924 Beati

263 967 480 1023 quoque
509 956 775 1022 lugentes,
808 957 944 1022 quia
988 956 1441 1011 consolabuntur.
1475 955 1563 1020 Et,
1598 959 1748 1011 Beati
1775 960 1874 1027 qui

265 1045 533 1098 esuriant
561 1058 630 1098 ac
651 1044 1170 1111 sitiuntjustitiam,
1186 1059 1424 1113 quorum
1441 1049 1514 1098 est
1530 1049 1744 1100 eterna
1754 1049 1875 1101 vita

264 1134 566 1186 saturitas.
590 1131 680 1198 Et,
703 1133 856 1186 Beati
882 1133 1259 1186 misericordes
1274 1148 1340 1185 ac
1353 1135 1481 1201 paci
1482 1136 1574 1201 ﬁci
1577 1173 1590 1199 ,
1609 1137 1874 1202 quoniam

265 1225 526 1290 ipsorum
554 1226 634 1275 est
662 1236 898 1289 regnum
928 1223 1185 1275 calorum
1198 1221 1410 1292 (Matth.
1428 1238 1480 1287 v,
1502 1221 1555 1288 3,
1582 1223 1634 1287 4,
1660 1222 1711 1288 5,
1735 1219 1782 1284 6.
1800 1223 1872 1292 7).

264 1310 481 1365 Felices
510 1315 650 1364 sunt
679 1325 811 1380 ergo
840 1308 1119 1376 monachi,
1153 1325 1392 1380 quorum
1419 1309 1557 1363 talia
1585 1315 1719 1364 sunt
1745 1310 1880 1365 inci-

263 1402 529 1452 tamenta
547 1399 844 1453 virtutum.
861 1397 1006 1462 Quia
1030 1397 1078 1451 si
1099 1413 1229 1451 vere
1257 1403 1391 1452 sunt
1412 1399 1560 1470 quod
1590 1399 1874 1465 dicuntur,

265 1487 324 1542 in
354 1503 562 1542 eorum
588 1487 704 1541 vita
721 1487 832 1541 ista
843 1486 1116 1541 virtutum
1134 1486 1483 1541 incrementa
1499 1486 1876 1542 beatitudines

1954 529 2081 567 cum
2109 513 2340 578 Christo,
2366 528 2482 581 qua
2499 527 2725 565 sursum
2738 516 2871 565 sunt
2894 513 3084 581 sapite,
3109 528 3222 567 non
3247 529 3366 581 quae
3383 529 3549 582 super

1956 603 2402 656 terram.Mortui
2415 603 2566 654 enim
2588 604 2787 665 estis,et
2807 603 2921 654 vita
2940 606 3118 655 vestra
3136 603 3454 656 abscondita
3473 607 3549 656 est

1955 706 2080 745 cum
2102 690 2314 746 Christo
2340 695 2404 744 in
2432 693 2574 745 caelis
2601 691 2820 757 (001.111,
2853 691 2929 761 1).
2959 691 3122 745 Tales
3149 707 3394 763 namque
3413 708 3548 764 spes

1953 779 2084 834 facit
2100 780 2411 849 gaudentes
2423 795 2544 847 nos,
2567 784 2623 834 et
2635 779 2793 834 Isaac
2806 779 3031 843 nomine
3045 780 3293 836 dedicari
3308 799 3319 834 :
3336 781 3470 853 quia
3487 782 3550 837 in

1953 869 2214 942 praesenti
2232 869 2347 922 vita
2358 869 2511 938 juste
2528 869 2730 939 pieque
2749 868 3014 933 viventes,
3038 869 3180 923 nihil
3205 870 3357 925 aliud
3376 885 3549 942 quam

1954 957 2178 1013 beatam
2216 957 2599 1011 desiderantes
2645 972 2822 1028 spem,
2856 957 3158 1012 adventum
3199 946 3426 1014 Domini
3451 975 3551 1014 ex-

1955 1052 2293 1119 spectamus.
2321 1045 2572 1110 Quorum
2604 1046 2737 1116 quia
2763 1047 2912 1101 Deus
2949 1046 3133 1118 portio
3163 1051 3220 1101 et
3251 1046 3554 1104 hereditas

1955 1135 2255 1201 invenitur,
2280 1135 2429 1189 Deus
2450 1135 2625 1200 Isaac,
2644 1134 2700 1188 id
2727 1138 2813 1189 est
2828 1152 2927 1206 spe
2943 1135 3330 1206 gaudentium,
3347 1137 3552 1192 merito

1958 1229 2334 1295 nuncupatur.
2384 1224 2560 1278 Porro
2591 1223 2724 1294 quia
2749 1224 2899 1278 Deus
2941 1223 3110 1278 Jacob
3153 1225 3342 1296 potius
3382 1242 3556 1296 quam

1958 1314 2132 1368 Israel
2163 1312 2387 1367 interim
2411 1311 2728 1377 ascribitur,
2755 1311 3017 1383 designat
3041 1312 3376 1367 charitatem
3397 1314 3553 1369 illam

1961 1419 2082 1473 quae
2111 1419 2212 1474 per
2236 1401 2592 1455 dilectionem
2619 1400 2860 1472 proximi
2892 1400 3121 1454 hiccum
3147 1401 3258 1456 ﬁde
3281 1401 3555 1457 hactenus

1961 1497 2242 1563 operatur,
2283 1496 2341 1545 et
2367 1490 2653 1560 negotium
2684 1489 2877 1544 activae
2909 1488 3035 1543 vitae
3061 1489 3120 1543 in
3158 1506 3257 1561 spe
3285 1491 3505 1561 peragit
3535 1509 3548 1546 :

263 1581 475 1649 parant
494 1576 680 1647 regni.
713 1575 831 1630 Etsi
860 1576 1110 1630 nondum
1137 1575 1197 1629 in
1225 1592 1309 1642 re,
1340 1575 1398 1629 in
1428 1593 1527 1647 spe
1547 1581 1737 1630 tamen
1758 1576 1880 1631 tali-
1961 1581 2095 1652 quia
2122 1580 2255 1634 dum
2284 1596 2412 1634 cum
2442 1579 2562 1634 istis
2604 1578 2822 1646 vivitur,
2865 1578 3075 1633 visione
3130 1578 3232 1633 Dei
3261 1578 3426 1633 sicuti
3470 1583 3558 1634 est

265 1665 370 1721 bus
387 1666 649 1737 quotidie
668 1669 1029 1720 coronantur.
1050 1664 1272 1719 Vellent
1290 1665 1514 1731 enim,si
1530 1666 1650 1719 fieri
1665 1671 1874 1736 posset,
1959 1670 2052 1724 hic
2077 1669 2266 1723 nullus
2289 1668 2515 1723 fruitur.
2542 1669 2611 1722 Et
2627 1667 2752 1722 ideo
2781 1667 2999 1722 interea
3013 1667 3201 1738 potius
3224 1668 3372 1722 Deus
3386 1666 3560 1722 Jacob

265 1754 388 1810 sine
415 1753 731 1809 tolerantia
764 1753 991 1820 laboris,
1024 1769 1150 1824 qua:
1179 1753 1237 1807 in
1266 1753 1483 1824 agendo
1511 1752 1875 1826 faciendoque
1898 1743 1946 1804 Β
1963 1774 2132 1830 quam
2153 1757 2327 1811 Israel
2355 1762 2504 1810 recte
2533 1757 2880 1828 appellatur;
2915 1772 2986 1810 ne
3015 1756 3164 1827 quod
3193 1755 3443 1811 nondum
3471 1760 3558 1810 est

265 1841 854 1915 amplectitur,statim
871 1843 942 1896 ad
955 1842 1195 1914 pulchrae
1207 1847 1376 1914 atque
1393 1842 1650 1914 perfecta:
1663 1843 1882 1915 sapien-
1961 1847 2072 1900 illis
2086 1846 2180 1917 qui
2201 1846 2384 1900 adhuc
2404 1850 2538 1899 sunt
2564 1846 2623 1900 in
2651 1845 2958 1900 certamine
2979 1845 3101 1899 sine
3121 1844 3404 1899 fruitionis
3430 1861 3562 1916 gra-

263 1933 356 1986 tiae
380 1931 622 1986 delicias
650 1931 962 2002 pervenire.
987 1931 1095 1986 Sed
1125 1947 1260 1986 sane
1286 1931 1392 1985 hoc
1407 1947 1519 1985 non
1550 1936 1739 2002 potest
1765 1932 1872 1997 hic,
1961 1935 2042 1990 tia
2068 1935 2460 1989 nominetenus
2484 1935 2850 1989 condonetur.
2883 1935 3000 1988 Nec
3028 1933 3251 1987 mireris
3283 1933 3417 2004 quia
3443 1933 3560 1987 dixi

264 2023 402 2076 dum
430 2019 644 2074 vivitur
671 2020 732 2075 in
774 2025 930 2074 terra
973 2021 1350 2075 morientium.
1395 2021 1465 2075 Et
1494 2021 1600 2075 hoc
1629 2020 1772 2075 forte
1797 2021 1878 2074 vi-
1959 2024 2142 2079 tribus
2170 2024 2294 2078 istis
2321 2024 2574 2078 omnium
2602 2022 3029 2078 universitatem
3071 2022 3374 2076 electorum
3405 2021 3562 2076 velut

265 2111 432 2165 detur
456 2109 804 2180 signiﬁcare,
837 2108 986 2180 quod
1033 2109 1244 2164 dictum
1293 2113 1380 2164 est
1419 2109 1491 2163 ad
1531 2109 1722 2176 Jacob,
1753 2111 1880 2164 Non
1961 2129 2064 2185 per
2091 2112 2334 2184 speciem
2379 2111 2696 2182 designari;
2737 2127 2865 2165 cum
2910 2110 3044 2164 alibi
3086 2111 3206 2165 Noe
3242 2126 3307 2165 ac
3351 2109 3456 2164 Job
3502 2115 3562 2165 et

266 2205 336 2255 est
366 2203 551 2253 moris
576 2201 642 2252 in
667 2202 780 2253 loco
809 2203 1012 2263 nostra,
1031 2203 1094 2251 ut
1116 2200 1307 2251 minor
1317 2201 1484 2267 prius
1506 2214 1676 2267 quam
1696 2202 1882 2267 major
1961 2201 2178 2267 Daniel,
2209 2219 2311 2273 pro
2357 2201 2634 2256 universis
2664 2201 3030 2271 accipiantur,
3073 2200 3170 2271 qui
3213 2199 3318 2254 soli
3355 2215 3459 2254 sua
3497 2198 3560 2254 in

268 2290 441 2343 nubat
473 2287 632 2354 (Gen.
666 2301 810 2352 xxxx,
839 2285 950 2356 26).
985 2286 1118 2350 Quae
1145 2285 1270 2340 ideo
1300 2292 1452 2341 recte
1481 2289 1664 2356 major
1693 2287 1899 2358 appel-z
1963 2290 2228 2346 extremis
2267 2289 2491 2360 justitia
2519 2288 2925 2343 liberabuntur.
2959 2289 3092 2354 Sua,
3138 2288 3393 2359 inquam,
3426 2288 3563 2360 quia.

271 2378 439 2444 latur,
466 2377 609 2448 quia
644 2380 898 2447 tempore
922 2375 1077 2447 prior
1105 2379 1463 2446 est,'propter
1501 2375 1878 2430 eruditionem
1958 2380 2137 2451 gratis
2165 2395 2266 2450 per
2293 2379 2462 2433 ﬁdem
2478 2377 2793 2448 justiﬁcati,
2825 2393 3020 2432 eorum
3041 2381 3266 2449 patrum
3297 2376 3561 2449 Operibus

271 2466 474 2521 divinae
518 2465 858 2532 voluntatis;
892 2464 1145 2536 quamvis
1183 2465 1280 2518 illa
1309 2464 1510 2518 merito
1552 2465 1871 2531 antecellat,

271 2560 506 2627 propter
534 2559 828 2625 aspectum
871 2553 1071 2607 divinae
1117 2551 1568 2624 pulchritudinis.
1612 2553 1728 2607 Ista
1771 2558 1875 2619 est,

269 2645 527 2714 inquam,
555 2643 822 2707 charitas,
846 2658 948 2713 per
972 2641 1141 2697 Jacob
1165 2647 1335 2713 atque
1357 2641 1531 2696 Israel
1550 2641 1770 2696 duobus
1787 2657 1883 2696 no-

269 2733 522 2789 minibus
551 2732 849 2802 designata
882 2750 894 2786 :
927 2747 1049 2802 quae
1095 2747 1222 2785 cum
1250 2729 1421 2785 fuerit
1457 2746 1635 2801 usque
1661 2729 1732 2783 ad
1777 2745 1882 2784 au-

272 2839 467 2878 roram
500 2821 798 2876 matutinae
831 2819 970 2874 lucis
996 2818 1397 2874 certaminibus
1423 2818 1677 2889 fatigata,
1706 2818 1878 2873 Israel

271 2918 501 2967 tantum
529 2910 821 2965 vocabitur
849 2927 862 2962 :
911 2909 1046 2980 quia
1091 2908 1371 2979 deinceps,
1405 2913 1470 2962 ut
1502 2908 1662 2974 dixit,
1695 2908 1878 2962 Deum

267 3003 412 3057 facie
441 3001 516 3055 ad
561 2999 763 3054 faciem
793 2998 1038 3052 Charitas
1067 2996 1558 3068 contemplabitur,
1588 3003 1646 3051 et
1672 2997 1728 3051 in
1753 3013 1877 3051 am-

1961 2468 2304 2535 inhmrendo,
2336 2483 2577 2538 quorum
2605 2467 2966 2538 praesignavit
2992 2466 3240 2534 nomina,
3261 2464 3363 2521 Dei
3387 2467 3562 2536 justi-

1960 2558 2102 2612 tiam
2143 2561 2551 2617 conservantes.
2599 2556 2886 2627 propriam
2913 2555 3021 2609 sibi
3067 2557 3183 2609 suis
3216 2554 3433 2610 meritis
3462 2571 3563 2609 ac-

1963 2646 2296 2718 quisierunt.
2331 2645 2603 2700 Similiter
2654 2649 2712 2697 et
2751 2644 2811 2697 in
2853 2643 2958 2709 his,
2992 2649 3058 2698 ut
3104 2643 3366 2709 diximus,
3409 2644 3561 2700 Deus

1965 2751 2160 2792 eorum
2183 2733 2473 2805 accipitur,
2508 2732 2605 2804 qui
2627 2748 2728 2803 per
2753 2731 2924 2786 ﬁdem
2953 2749 3018 2786 ac
3046 2747 3205 2803 spem
3235 2736 3291 2785 et
3310 2730 3564 2786 dilectio-

1958 2839 2110 2889 nem,
2135 2822 2388 2894 patribus
2414 2821 2768 2892 copulantur,
2784 2825 2842 2874 et
2859 2820 3036 2875 cultui
3065 2819 3251 2874 divino
3271 2820 3558 2885 serviunt:

1959 2913 2112 2983 quia,
2136 2911 2282 2966 sicut
2310 2911 2526 2982 liquido
2569 2915 2806 2976 constat,
2840 2910 3032 2965 nullus
3061 2909 3181 2964 sine
3216 2909 3339 2964 istis
3375 2908 3560 2965 tribus

1965 3005 2017 3066 υ
2037 3006 2078 3068 ι
2108 2999 2410 3054 virtutibus
2425 3000 2540 3054 Deo
2559 2999 3180 3071 appropinquat,neque
3192 2999 3342 3053 Deus
3361 3013 3562 3053 eorum

273 3091 530 3165 plexibus
559 3093 845 3161 perpetuae
867 3087 1008 3142 lucis
1030 3086 1433 3157 jocundabitur
1445 3087 1567 3140 sine
1596 3087 1726 3140 ﬁne.
1756 3087 1873 3140 Has
1893 3104 1936 3166 α
1957 3094 2190 3145 vocatur
2213 3104 2279 3143 ex
2307 3087 2526 3154 merito,
2562 3104 2801 3160 quorum
2829 3104 2943 3143 non
2973 3092 3106 3142 sunt
3132 3087 3258 3142 ista
3283 3087 3560 3143 virtutum

268 3196 517 3252 namque
529 3184 648 3232 tres
669 3177 943 3231 virtutum
958 3175 1297 3242 mansiones,
1313 3175 1411 3246 qui
1429 3175 1545 3228 vult
1560 3175 1618 3228 in
1639 3174 1878 3230 Abrahae

272 3272 491 3324 semine
520 3267 792 3334 benedici,
825 3271 883 3320 et
911 3267 1060 3320 inter
1085 3265 1229 3318 filios
1263 3264 1596 3335 computari,
1629 3264 1877 3336 primum

275 3375 505 3415 necesse
535 3365 626 3412 est
651 3355 1022 3426 ingrediatur,
1047 3371 1112 3409 ac
1140 3353 1342 3408 deinde
1363 3354 1435 3408 ad
1471 3353 1716 3424 reliquas
1737 3367 1879 3424 quo-

232 3473 260 3500 ο
275 3450 408 3505 tidie
434 3446 784 3520 proﬁciendo
805 3449 1251 3500 castrametetur.
1271 3442 1415 3508 Quia
1429 3442 1551 3497 sine
1569 3442 1692 3496 istis
1721 3441 1878 3496 nulla

277 3539 550 3592 virtutum
585 3550 759 3606 opera
786 3549 889 3606 per
905 3533 1072 3599 viam,
1102 3549 1226 3603 quae
1249 3531 1505 3586 Christus
1535 3535 1640 3596 est,
1671 3529 1744 3583 ad
1782 3544 1878 3600 pa-

279 3627 441 3683 triam
471 3641 581 3680 nos
611 3624 915 3679 deducunt.
938 3622 1098 3678 Unde
1125 3620 1362 3693 conjicio
1391 3626 1562 3685 recte,
1584 3619 1732 3690 quod
1747 3618 1882 3673 isto-

280 3732 400 3771 rum
419 3717 577 3770 Deus
600 3718 823 3768 tantum
843 3712 968 3767 ideo
988 3711 1324 3783 appelletur,
1341 3715 1406 3764 ut
1422 3726 1524 3781 per
1538 3725 1634 3763 eos
1652 3709 1881 3761 demon-

283 3811 488 3860 straret
529 3805 676 3871 illos,
723 3803 820 3875 qui
871 3802 1178 3857 secundum
1211 3800 1535 3854 interiorem
1590 3797 1878 3852 hominem

285 3896 461 3950 tn'bus
510 3894 637 3948 istis
697 3891 995 3948 virtutibus
1046 3895 1430 3965 propagantur
1467 3888 1642 3943 cultui
1691 3886 1878 3940 divino

278 3983 610 4055 mancipati,
652 3998 893 4054 quorum
937 3998 1051 4036 non
1095 3978 1457 4036 confunditur
1484 3977 1634 4032 Deus
1671 3974 1875 4030 vocari.

278 4075 395 4130 Hos
423 4089 626 4128 omnes
663 4072 969 4126 secundum
1009 4070 1297 4126 electionis
1319 4067 1563 4140 gratiam
1585 4065 1694 4120 sibi
1722 4064 1881 4119 dedi-

279 4164 426 4218 cavit
451 4163 515 4217 in
543 4178 755 4216 servos.
789 4162 935 4216 Nam
962 4161 1167 4222 dicere,
1201 4159 1310 4227 Ego
1349 4175 1475 4212 sum
1513 4157 1654 4211 Deus
1700 4153 1882 4211 Abra-

281 4255 431 4319 ham,
465 4255 609 4308 Deus
636 4253 809 4317 Isaac,
849 4255 899 4304 et
941 4251 1082 4304 Deus
1107 4249 1271 4302 Jacob
1303 4247 1489 4314 (Exod.
1531 4257 1614 4310 m,
1641 4242 1720 4313 6),
1764 4246 1887 4306 ἀθ

285 4343 418 4415 quid
435 4341 594 4397 aliud
624 4345 712 4394 est
739 4355 909 4411 quam
929 4344 1125 4410 aperte
1153 4335 1467 4400 ostendere,
1502 4333 1651 4405 quod
1681 4332 1882 4386 horum

1959 3178 2214 3234 omnium
2235 3177 2470 3232 virtutes
2488 3177 2615 3232 vitae
2640 3176 2823 3248 operis
2837 3176 2898 3231 in
2924 3176 3170 3247 negotio.
3195 3177 3260 3231 In
3275 3176 3364 3230 his
3383 3176 3563 3247 igitur

1953 3269 2074 3339 jam
2094 3265 2480 3321 mansionibus
2509 3265 2891 3322 castrametati
2914 3265 3161 3336 reliquas
3180 3265 3402 3320 Christo
3415 3265 3561 3320 duce

1958 3356 2177 3410 facilius
2210 3355 2670 3423 commeabimus,
2703 3371 2874 3427 super
2902 3355 3042 3409 istas
3090 3359 3423 3409 ceterarum
3450 3353 3560 3408 vir-

1955 3451 2145 3500 tutum
2175 3461 2350 3517 opera
2379 3443 2756 3512 cumulando;
2788 3444 2923 3514 quia
2960 3443 3232 3498 nimirum
3277 3443 3398 3498 haec
3439 3457 3557 3498 non

1957 3534 2068 3589 nisi
2115 3533 2368 3588 omnium
2427 3533 2699 3587 virtutum
2741 3532 3111 3604 perficiuntur
3147 3532 3451 3604 operibus;
3493 3536 3560 3585 ut

1959 3639 2125 3677 verus
2155 3622 2424 3677 Hebraeus
2444 3622 2515 3676 ad
2546 3627 2778 3687 terram,
2803 3637 2926 3692 quae
2956 3621 3215 3676 Christus
3245 3625 3350 3686 est,
3383 3635 3562 3691 quan-

1961 3714 2146 3784 doque
2167 3711 2456 3783 perveniat
2472 3711 2566 3764 diu
2584 3708 2839 3780 patribus
2869 3710 3286 3780 repromissam.
3311 3708 3415 3764 Ubi
3426 3721 3559 3764 mox

1960 3807 2093 3858 ante
2121 3802 2260 3856 alios
2302 3799 2730 3871 signiﬁcantius,
2753 3802 2882 3870 post
2907 3813 3004 3852 eos
3031 3813 3171 3869 quos
3214 3797 3562 3867 evangelista

1958 3891 2250 3965 praemisit,
2265 3889 2510 3962 primum
2525 3887 2804 3943 occurritJ
2808 3886 2966 3953 udas,
2993 3886 3088 3958 qui
3117 3889 3268 3941 recte
3295 3885 3559 3953 confessio

1959 3982 2368 4052 interpretatur
2391 3996 2404 4031 :
2451 3993 2516 4032 eo
2551 3975 2700 4048 quod
2729 3980 3028 4047 postquam
3055 3973 3236 4029 tribus
3257 3973 3380 4028 istis
3402 3973 3561 4028 velut

1960 4070 2234 4124 virtutum
2262 4065 2517 4140 passibus
2549 4064 2991 4121 Christianitatis
3018 4063 3129 4118 iter
3155 4063 3428 4118 fuerimus
3467 4061 3559 4118 in-

1961 4158 2160 4230 gressi,
2187 4173 2413 4213 necesse
2432 4161 2518 4211 est
2536 4160 2600 4210 ut
2623 4155 2696 4209 ad
2715 4153 3119 4209 confessionem
3135 4152 3266 4206 fidei
3287 4151 3438 4207 illico
3456 4167 3560 4207 nos

1962 4264 2225 4321 paremus
2241 4266 2254 4301 :
2269 4251 2545 4318 quatenus
2572 4248 2704 4299 ante
2722 4259 2884 4313 reges
2910 4247 2967 4297 et
2985 4242 3271 4314 praesides,
3294 4239 3384 4295 vel
3409 4245 3561 4295 certe

1963 4353 2091 4391 cum
2119 4336 2438 4391 relaxamur
2473 4331 2880 4404 aliquantisper
2919 4347 2953 4385 a
2979 4331 3309 4396 tentatione,
3339 4327 3560 4384 confes-

283 4439 509 4487 tantum
524 4431 676 4485 Deus
705 4429 796 4496 sit,
827 4428 924 4500 qui
949 4427 1130 4482 tribus
1158 4425 1280 4482 istis
1309 4423 1614 4479 virtutibus
1642 4422 1945 4485 istorumD
1963 4427 2175 4482 sionem
2205 4441 2318 4479 non
2347 4423 2534 4478 minus
2561 4421 2728 4476 corde
2759 4437 2928 4492 quam
2958 4436 3055 4475 ore
3095 4424 3418 4486 teneamus;
3461 4434 3555 4487 ne,

285 4523 630 4593 colliguntur
653 4518 725 4572 ad
752 4516 1065 4572 meritum?
1095 4517 1180 4583 Et,
1203 4520 1270 4570 ut
1306 4514 1492 4585 aptius
1512 4512 1712 4577 dicam,
1746 4509 1882 4580 quid

287 4611 436 4664 aliud
454 4611 516 4664 in
541 4608 732 4679 aliquo
755 4605 1170 4678 comprobatur,
1194 4604 1302 4658 nisi
1330 4605 1448 4658 haec
1469 4602 1580 4656 tria
1606 4601 1879 4654 virtutum

288 4701 523 4771 mystica
549 4697 742 4752 dona?
788 4697 898 4751 Per
922 4712 1046 4768 quae
1089 4694 1337 4766 profecto
1374 4692 1598 4746 divinus
1635 4704 1820 4745 sermo
1849 4703 1884 4741 a

287 4790 470 4862 specie
499 4788 713 4842 transit
744 4787 815 4840 ad
842 4802 1042 4856 genus,
1073 4790 1132 4839 et
1155 4783 1361 4838 dicitur
1397 4782 1547 4836 Deus
1574 4778 1879 4844 Abraham,

289 4895 481 4933 eorum
510 4877 740 4943 scilicet,
773 4875 871 4946 qui
895 4891 1024 4929 cum
1045 4873 1165 4946 ipso
1192 4889 1292 4944 per
1310 4870 1480 4926 ﬁdem
1502 4868 1887 4940 justiﬁcautur

291 4975 348 5023 et
374 4972 565 5038 patres
594 4965 904 5020 multarum
934 4965 1080 5018 ﬁunt
1108 4962 1414 5028 virtutum;
1447 4959 1590 5015 utin
1619 4956 1883 5029 idipsum,

289 5057 599 5112 secundum
626 5053 1055 5127 promissionem
1075 5051 1306 5108 seminis
1327 5067 1504 5106 unum
1524 5065 1720 5104 omnes
1739 5049 1888 5103 inve-

289 5148 537 5202 niantur.
571 5146 722 5200 Deus
752 5149 944 5199 autem
972 5142 1128 5198 Isaac
1175 5157 1370 5196 eorum
1409 5144 1561 5195 recte
1590 5140 1884 5212 accipitur,

289 5237 404 5308 qui,
423 5252 524 5308 spe
546 5235 859 5307 gaudentes
879 5231 1270 5287 tribulationes
1297 5231 1622 5303 patiuntur;
1647 5245 1887 5301 quorum

289 5343 391 5380 vox
415 5330 502 5380 est
527 5341 657 5379 cum
702 5321 970 5394 Apostolo
1000 5340 1013 5375 :
1059 5321 1198 5388 Quia
1227 5321 1492 5388 conﬁdere
1522 5335 1619 5374 nos
1646 5321 1775 5387 fecit
1823 5320 1889 5372 in

289 5417 588 5470 catestibus
611 5414 816 5484 (Ephes.
850 5425 911 5477 η,
935 5408 1009 5480 6).
1045 5411 1190 5466 Sane
1224 5409 1476 5464 nondum
1511 5408 1572 5463 in
1593 5425 1674 5474 re,
1707 5407 1806 5462 sed
1830 5407 1891 5462 in

286 5520 387 5575 spe
408 5502 734 5575 plenissime
755 5500 1084 5572 gloriantes,
1109 5504 1167 5554 et
1187 5499 1356 5554 nullis
1375 5503 1598 5554 aeterne
1619 5498 1743 5554 vitse
1757 5515 1891 5569 pro-

291 5593 652 5650 missionibus
701 5591 1089 5648 inﬁrmantur.
1116 5588 1277 5646 Unde
1315 5594 1375 5644 et
1422 5588 1712 5644 credentes
1740 5589 1891 5660 Apo-

1962 4532 2062 4588 per
2091 4514 2480 4570 inﬁrmitatem
2521 4511 2724 4577 carnis,
2750 4510 2983 4564 virtutes
3010 4525 3150 4580 quas
3193 4507 3552 4580 percipimus,

1961 4603 2146 4660 subito
2161 4603 2566 4673 relinquamus.
2591 4600 2773 4664 Quam
2793 4599 2840 4653 si
2869 4598 3098 4653 omnino
3118 4598 3320 4652 Petrus
3346 4595 3406 4650 in
3424 4611 3560 4667 pas-

1963 4694 2119 4750 sione
2129 4695 2423 4759 servasset,
2442 4690 2744 4745 discrimen
2755 4687 3073 4759 negationis
3089 4687 3524 4742 nonincurreret
3540 4704 3556 4754 ;

1962 4780 2317 4853 verum,quia
2343 4779 2628 4835 Christum
2657 4777 2914 4833 conﬁteri
2939 4776 3149 4842 timuit,
3177 4775 3309 4831 ﬁdei
3331 4790 3398 4829 ac
3425 4775 3563 4830 cha-

1967 4872 2154 4928 ritatis
2181 4871 2440 4925 ardorem
2481 4869 2541 4923 in
2569 4867 2755 4923 subito
2791 4865 3176 4939 praetermisit,
3207 4870 3264 4920 et
3293 4865 3560 4935 laqueum

1967 4960 2282 5034 negationis
2309 4975 2423 5014 non
2451 4957 2645 5013 evasit.
2670 4957 2781 5012 Sed
2801 4972 2872 5010 ne
2902 4955 2962 5010 in
2981 4953 3391 5026 desperationis
3402 4952 3562 5007 barap

1968 5053 2097 5106 thro
2115 5049 2328 5104 diutius
2353 5051 2694 5114 remaneret,
2723 5061 2852 5100 mox
2873 5045 2944 5098 ad
2969 5060 3100 5098 eum
3118 5043 3306 5098 divina
3320 5041 3567 5114 respexit

1969 5139 2284 5205 clementia,
2307 5143 2363 5192 et
2387 5137 2536 5209 quod
2563 5152 2665 5208 per
2689 5133 3127 5189 inconstantiam
3150 5131 3281 5186 fidei
3305 5130 3564 5203 deliquit,

1967 5245 2071 5302 per
2081 5227 2483 5284 confessionem
2500 5231 2697 5298 postea
2707 5222 2957 5278 amarius
2980 5221 3258 5294 purgavit.
3273 5219 3567 5292 Siquidem

1971 5317 2244 5374 confessio
2260 5316 2488 5389 gemina
2505 5331 2629 5370 esse
2649 5313 2870 5378 dicitur,
2897 5328 2963 5367 eo
2985 5311 3134 5383 quod
3153 5310 3306 5365 aliud
3335 5315 3422 5364 est
3442 5326 3574 5367 conv

1971 5407 2121 5463 ﬁteri
2144 5407 2324 5462 Deum
2341 5422 2442 5478 per
2462 5405 2651 5470 fidem,
2669 5408 2727 5458 et
2745 5403 2892 5458 hanc
2914 5400 3142 5457 omnino
3165 5399 3573 5455 confessionem

1973 5495 2263 5553 charitatis
2290 5495 2491 5550 ardore
2517 5494 2589 5548 ad
2605 5494 2777 5548 ﬁnem
2805 5507 2984 5563 usque
3004 5489 3130 5544 vitae
3141 5489 3291 5544 inter
3309 5486 3574 5541 universa

1972 5590 2259 5643 tormenta
2281 5587 2605 5641 constanter
2630 5582 2904 5648 retinere;
2936 5576 3091 5634 aliud
3120 5591 3254 5632 sane
3273 5575 3576 5643 pompam
