3966 6206
428 344 528 404 9l‘

1194 335 1252 397 S.
1292 332 1670 396 PASCHASII
1708 325 2066 392 RADBERTI
2103 326 2409 389 ABBATIS
2438 323 2939 391 CORBEIENSIS.

3629 337 3700 394 9!

433 467 800 542 dit,quisquis
803 466 1168 540 jam,Domini
1187 465 1543 539 dispensante
1552 461 2021 536 gratia,paciﬁcus
2039 456 2356 520 Asuecedit
2381 458 2674 524 virtutum,
2703 466 2769 515 ut
2793 460 2944 514 idem
2973 458 3396 533 apprehendens
3421 459 3702 534 intelliga-

432 561 602 632 digne
630 564 876 614 vocatur.
900 558 1041 613 Huic
1066 574 1199 612 sane
1228 557 1358 628 quid
1369 560 1641 626 superest,
1676 553 1860 607 nisiut
1887 551 2021 604 alio-

433 667 562 706 rum
588 649 837 722 profectu
859 649 915 702 in
937 647 1211 702 charitate
1232 645 1496 699 dilatatus
1516 661 1580 699 ac
1600 643 1884 707 fundatus,
1902 639 2021 695 ubi-

435 756 545 811 que
563 739 937 811 propagetur?
953 737 1199 792 Roboam
1212 735 1415 806 quippe
1427 735 1662 788 latitudo
1679 735 1872 801 populi
1883 747 2022 785 nun-

431 833 752 900 cupatur.1
765 826 964 892 αρυίά
975 827 1244 880 sitautem
1257 823 1496 878 latitudo
1507 819 2024 894 populi,nihilaliud

434 935 603 988 quam
628 917 869 970 charitas
898 914 1196 980 invenitur,
1227 913 1296 966 de
1329 929 1440 983 qua
1485 911 1733 982 profecto
1775 910 2020 964 dicitur:

431 1007 631 1063 Latum
652 1006 980 1059 mandatum
1003 1009 1162 1057 tuum
1194 1005 1365 1056 nimis
1377 1003 1547 1074 (Psal.
1570 1014 1762 1065 cxvm,
1785 996 1893 1068 96).
1921 1000 2020 1054 Et:

446 1097 597 1150 Viam
610 1095 1007 1147 mandatorum
1027 1097 1250 1146 tuorum
1266 1093 1512 1154 cucurri,
1537 1106 1660 1144 cum
1673 1091 1924 1143 dilatasli
1933 1104 2024 1142 cor

434 1199 620 1237 meum
652 1184 836 1248 (Ibid.,
873 1180 985 1251 32).
1025 1180 1126 1235 Ille
1167 1179 1435 1233 nimirum
1469 1180 1598 1248 jure
1637 1177 1876 1232 latitudo
1923 1193 2024 1248 po-

431 1271 552 1344 puli
579 1271 697 1326 fore
726 1269 991 1334 creditur,
1031 1269 1127 1339 qui
1157 1268 1389 1322 dilatato
1418 1267 1584 1322 corde
1619 1267 1767 1321 viam
1795 1266 2028 1320 manda-

432 1366 622 1416 torum
652 1359 755 1414 Dei
782 1358 1043 1429 operibus
1073 1357 1380 1428 adimplere
1406 1355 1692 1428 probatur;
1726 1356 1856 1427 quia
1878 1355 2027 1426 quod

434 1450 592 1515 latet,
627 1447 775 1518 quod
805 1452 977 1518 patet,
1011 1452 1193 1501 totum
1225 1445 1601 1517 circumplecti
1625 1445 1842 1499 videtur
1870 1445 2027 1498 inin-

432 1536 608 1601 timis,
631 1537 765 1590 dum
786 1536 982 1590 devote
1010 1535 1338 1590 charitatem
1353 1535 1502 1604 gerit
1524 1534 1582 1588 in
1608 1533 1875 1588 moribus.
1891 1533 2025 1588 Nul-

433 1625 523 1679 lus
551 1625 701 1679 enim
733 1625 848 1680 suis
878 1625 1150 1696 excipitur
1177 1623 1524 1695 amplexibus
1547 1642 1557 1676 :
1593 1625 1725 1695 quia
1751 1639 1946 1677 omnes
1966 1622 2024 1676 in

431 1714 662 1769 Christo
689 1731 801 1768 non
827 1714 1014 1768 minus
1034 1730 1262 1768 manere
1287 1729 1455 1785 quam
1485 1713 1775 1784 pervenire
1805 1711 2024 1766 deside-

2101 553 2216 603 tur.
2243 548 2507 619 Sequitur
2533 555 2720 603 autem
2744 550 3024 614 Ezechias,
3046 553 3208 618 fortis
3228 554 3498 607 Dominus
3520 571 3538 618 ;
3569 553 3703 624 quia

2103 637 2194 691 hic
2217 637 2346 692 talis
2363 639 2481 707 jam
2511 654 2622 692 non
2653 638 2758 692 sibi
2789 639 2938 706 vivit,
2961 640 3094 694 vivit
3121 647 3312 695 autem
3341 642 3399 695 in
3443 658 3509 696 eo
3552 643 3703 697 altis-

2103 725 2247 780 sima
2275 726 2451 781 virtus
2481 727 2708 782 Christi.
2739 728 2806 782 Et
2827 728 2952 782 ideo
2981 746 3092 783 non
3116 730 3255 800 ipse,
3279 731 3375 784 sed
3405 731 3570 785 fortis
3597 731 3704 786 Do-

2105 815 2291 869 minus
2319 815 2377 869 in
2408 815 2503 869 illo
2529 815 2742 870 felicius
2761 833 2930 887 quam
2962 819 3318 873 extollentius
3349 819 3700 885 enuntiatur,

2104 919 2168 958 ac
2188 920 2289 974 per
2309 905 2428 970 hoc,
2458 904 2590 975 quia
2603 905 2723 974 jam
2748 921 2859 959 non
2879 907 2998 977 ipse
3013 912 3098 961 est
3117 925 3217 978 per
3235 907 3539 962 etlicaciam
3551 924 3704 962 men-

2104 993 2197 1059 tis,
2233 993 2326 1065 qui
2352 1011 2452 1065 per
2477 994 2658 1048 carnis
2685 994 3056 1052 substantiam
3083 997 3265 1050 adhuc
3302 997 3448 1051 inter
3473 998 3702 1053 infirma

2104 1082 2302 1136 mundi
2321 1089 2594 1150 versatur,
2629 1090 2780 1138 recte
2797 1084 3099 1140 obliviosus
3127 1086 3259 1140 huic
3277 1087 3546 1141 continuo
3576 1086 3705 1140 sub.

2103 1172 2367 1226 nectitur.
2399 1173 2655 1228 Manasse
2681 1191 2813 1244 ergo
2842 1174 2899 1228 in
2927 1174 3120 1245 lingua
3150 1182 3344 1232 nostra
3386 1178 3589 1231 oblivio
3616 1193 3706 1230 vo-

2107 1267 2286 1317 catur.
2313 1261 2474 1318 Unde
2500 1268 2558 1317 et
2578 1263 2785 1318 Paulus
2812 1265 3142 1335 praedicator
3169 1265 3447 1336 egregius,
3477 1271 3708 1337 praeter-

2106 1349 2314 1405 itorum
2341 1350 2684 1416 obliviscens,
2711 1353 2779 1406 ad
2797 1369 2862 1407 ea
2881 1370 3004 1424 quae
3019 1355 3075 1408 in
3102 1353 3355 1408 futurum
3379 1360 3514 1409 sunt
3527 1371 3707 1426 quan-

2106 1440 2285 1494 tocius
2314 1457 2374 1494 se
2413 1441 2616 1512 agebat
2646 1443 2870 1511 (Philip.
2921 1457 3004 1508 In,
3052 1442 3179 1512 13);
3234 1448 3300 1497 ut
3353 1444 3411 1497 in
3458 1445 3705 1498 Ammon

2108 1529 2290 1584 ﬁdelis
2315 1529 2678 1596 inveniretur,
2711 1535 2768 1585 et
2795 1547 2897 1602 per
2918 1531 3126 1586 Josiam
3149 1533 3301 1586 salus
3327 1531 3553 1587 Domini
3600 1533 3708 1589 sibi

2107 1635 2292 1673 comes
2321 1620 2564 1685 inventa,
2598 1620 2717 1691 ipse
2761 1625 2888 1692 post
2933 1621 3104 1677 finem
3144 1621 3269 1675 vitae
3307 1637 3435 1674 cum
3486 1621 3708 1692 angelis

2106 1708 2385 1779 gloriosus
2414 1709 2768 1764 decantaret:
2825 1710 2991 1764 Salus
3037 1712 3142 1764 Deo
3192 1716 3396 1776 nostro,
3432 1713 3533 1778 qui
3564 1712 3706 1764 sedet

430 1808 562 1870 rat;
595 1808 652 1858 et
677 1803 844 1857 castis
879 1803 1184 1857 visceribus
1211 1803 1391 1858 Deum
1428 1807 1658 1874 propter
1677 1818 1754 1869 se,
1776 1807 1833 1857 et
1847 1802 2271 1875 proxi-Bsuper
2301 1799 2582 1863 thronum,
2617 1804 2666 1852 et
2695 1815 2838 1866 agno
2871 1800 3050 1868 (Apoc.
3081 1811 3175 1865 vn,
3213 1797 3317 1866 10).
3363 1799 3494 1854 Istis
3534 1799 3712 1870 igitur

430 1903 592 1946 mum
616 1897 846 1963 propter
877 1892 1054 1946 Deum
1087 1893 1318 1962 diligere
1341 1893 1570 1963 gaudet,
1604 1898 1661 1946 et
1685 1907 1875 1946 amare
1901 1907 2028 1945 con-

432 1980 635 2035 tendit.
662 1980 928 2051 Sequitur
946 1987 1135 2036 autem
1155 1981 1314 2048 Abia,
1349 1981 1444 2052 qui
1458 1987 1620 2051 pater
1651 1982 1918 2036 Dominus
1947 1981 2030 2034 in-

432 2074 798 2140 terpretatur.
832 2070 935 2124 Hic
963 2078 1234 2142 praeterea
1260 2071 1424 2142 longe
1448 2073 1566 2142 jam
1598 2075 2030 2125 castrametatur

432 2157 505 2211 ab
523 2159 784 2230 Egypto,
799 2160 1249 2231 quandoquidem
1263 2177 1364 2232 per
1375 2160 1732 2214 latitudinem
1743 2159 2032 2214 charitatis

430 2247 584 2324 filius
613 2248 713 2302 Dei
737 2250 855 2319 jam
885 2249 1131 2314 effectus,
1164 2249 1366 2304 fratres
1385 2249 1444 2303 in
1475 2248 1696 2303 Christo
1722 2264 1916 2303 omnes
1944 2265 2032 2302 ve-

432 2337 644 2393 raciter
663 2338 791 2393 sinu
820 2339 1028 2393 amoris
1057 2339 1222 2404 fovet,
1251 2343 1574 2404 veneratur,
1625 2344 1794 2409 atque
1823 2338 2026 2408 diligit.

433 2424 542 2484 Hic
555 2427 760 2499 quippe
777 2444 888 2482 non
905 2427 1044 2482 ollas
1064 2428 1315 2482 carnium
1325 2429 1443 2498 jam
1462 2427 1728 2499 suspirat,
1741 2427 1836 2481 sed
1850 2427 2026 2481 haeres

435 2517 560 2582 Dei,
586 2517 834 2571 coheres
860 2522 1049 2570 autem
1081 2517 1307 2584 Christi,
1341 2521 1563 2571 tantum
1593 2516 1840 2570 coelestia
1857 2517 2022 2588 sapit,

436 2605 765 2672 meditatur,
781 2611 950 2676 atque
971 2605 1232 2660 intendit.
1261 2607 1435 2660 Porro
1456 2607 1585 2670 Asa,
1603 2605 1751 2660 ﬁlius
1781 2607 1920 2676 ejus,
1947 2611 2029 2660 at-

437 2697 631 2748 tollens
660 2701 809 2748 recte
839 2701 1213 2767 nuncupatur.
1259 2695 1404 2759 Quia
1432 2695 1527 2766 qui
1556 2695 1626 2749 ad
1657 2695 1761 2749 hoc
1806 2695 2027 2749 culmen

433 2782 752 2854 pervenerit
774 2784 1106 2855 sanctitatis,
1139 2801 1360 2855 semper
1387 2801 1610 2839 necesse
1643 2790 1728 2838 est
1755 2784 1826 2838 ad
1859 2783 2030 2838 subli-

433 2870 550 2925 mia
577 2887 637 2925 se
663 2872 888 2926 attollat
914 2877 972 2926 et
999 2873 1212 2940 elevet;
1246 2878 1525 2943 quatenus
1556 2889 1658 2943 per
1684 2873 2031 2926 incrementa

433 2960 704 3015 virtutum
719 2961 788 3015 de
809 2962 911 3016 hac
929 2962 1067 3015 valle
1087 2962 1464 3033 lacrymarum
1494 2961 1729 3016 festinus
1740 2961 2024 3015 ascendat.

435 3045 730 3118 Disposuit
758 3049 908 3103 enim
939 3051 1290 3104 ascensiones
1320 3051 1378 3104 in
1418 3051 1583 3105 corde
1627 3066 1748 3104 suo.
1795 3051 1864 3104 Et
1902 3050 2028 3105 ideo

2107 1887 2460 1941 mansionum
2491 1886 2837 1941 successibus
2855 1904 3019 1942 verus
3039 1887 3305 1942 Hebraeus
3325 1893 3518 1955 noster
3527 1893 3715 1942 trans-

2109 1976 2264 2040 actis,
2300 1981 2477 2030 restat
2497 1992 2644 2030 nunc
2656 1981 2720 2030 ut
2740 1977 3047 2032 secundum
3079 1977 3405 2032 Jechoniam
3426 1982 3711 2048 praeparet

2111 2083 2170 2120 se
2193 2083 2204 2132 ;
2237 2081 2349 2119 non
2375 2065 2569 2136 utique
2595 2065 2665 2119 ad
2688 2065 3104 2137 captivandum,
3143 2067 3242 2122 scd
3272 2067 3402 2120 hinc
3428 2066 3500 2120 ad
3528 2071 3716 2120 trans-

2111 2154 2490 2225 migrandum,
2514 2154 2777 2225 quoniam
2791 2154 2938 2209 beati
2956 2155 3051 2227 qui
3072 2156 3253 2227 parati
3273 2161 3711 2211 suntoccurrere

2112 2243 2354 2297 Christo.
2379 2243 2538 2298 Unde.
2557 2243 2690 2298 alibi
2711 2244 2917 2316 legitur
2941 2246 3040 2299 :Et
3067 2261 3184 2314 quas
3201 2251 3524 2314 praeparata
3544 2250 3715 2299 erant

2111 2333 2472 2386 intraverunt
2498 2349 2626 2386 cum
2647 2350 2705 2387 eo
2719 2335 2793 2387 ad
2814 2336 3039 2402 nuptias
3061 2335 3272 2406 (Matth.
3292 2349 3413 2399 xxv,
3438 2334 3549 2399 10).
3564 2333 3712 2390 Hinc

2112 2437 2334 2493 quoque
2349 2438 2477 2476 voce
2501 2421 3268 2494 Redemptorisvigilantibus
3286 2423 3458 2477 servis
3477 2423 3707 2478 dicitur:

2108 2511 2174 2564 Et
2208 2527 2296 2564 vos
2335 2516 2494 2565 estote
2516 2515 2728 2580 parati.
2771 2512 2879 2565 Per
2901 2511 3053 2566 hunc
3082 2511 3270 2583 itaque
3299 2511 3623 2566 Jechoniam
3649 2513 3711 2569 hi

2111 2617 2263 2659 recte
2294 2605 2644 2676 accipiuntur
2671 2605 2729 2659 in
2759 2604 2960 2676 quibus
2988 2610 3075 2659 est
3097 2605 3214 2659 sola
3241 2605 3467 2659 Domini
3494 2621 3714 2676 praepa-

2110 2695 2275 2758 ratio,
2310 2699 2366 2748 et
2395 2696 2517 2764 ejus
2536 2694 2752 2749 interea
2771 2695 3169 2766 praestolamur
3190 2693 3510 2759 adventum,
3529 2694 3712 2748 donec

2110 2799 2302 2837 eorum
2335 2783 2530 2854 petitio
2546 2785 2910 2855 compleatur.
2929 2783 3070 2848 Quia
3091 2783 3385 2838 Jechonias
3408 2799 3713 2853 prepara-

2111 2877 2199 2926 tus
2227 2874 2456 2926 Domini
2483 2873 2732 2944 quolibet
2753 2890 2820 2928 ex
2859 2872 3084 2944 negotio
3134 2873 3575 2927 demonstratur.
3627 2873 3713 2928 Ex

2111 2977 2220 3032 quo
2250 2960 2517 3016 nimirum
2546 2963 2815 3017 Salathiel
2844 2963 3290 3032 genitus,petitio
3315 2978 3435 3016 mea
3459 2964 3601 3017 Deus
3627 2961 3716 3017 in-

2111 3056 2471 3122 terpretatur,
2491 3067 2684 3106 eorum
2707 3051 2968 3121 designat
2987 3067 3305 3122 personam,
3321 3050 3452 3122 quid
3480 3050 3621 3104 nihil
3643 3051 3706 3106 in

435 3135 672 3195 celerius
701 3137 938 3208 adeptus
964 3143 1051 3192 est
1078 3143 1142 3193 ut
1166 3139 1436 3210 Josaphat
1473 3139 1712 3194 dicatur.
1759 3126 2090 3210 JosaphatC
2113 3147 2264 3194 terra
2292 3140 2611 3211 requirunt,
2644 3140 2740 3195 sed
2770 3141 2965 3194 dicunt
2991 3142 3187 3212 utique
3218 3156 3345 3194 cum
3382 3141 3666 3212 PrOpheta
3690 3158 3703 3195 :

435 3240 590 3295 ergo,
623 3228 734 3295 ipse
753 3229 1040 3295 judicans,
1065 3228 1152 3282 vel
1174 3229 1456 3297 judicium
1477 3230 1575 3282 Dei
1592 3233 1772 3284 sonat.
1805 3229 1862 3282 Si
1879 3229 2030 3282 enim

434 3313 563 3368 felix
589 3314 811 3370 animus
840 3316 1088 3387 quotidie
1117 3333 1176 3371 se
1198 3317 1421 3384 attollit,
1444 3322 1507 3372 ut
1535 3317 1802 3388 spiritalis
1830 3317 2032 3372 efﬁcia-

433 3406 547 3469 tur,
570 3408 692 3457 tum
706 3403 828 3475 ipse
842 3405 1104 3475 judicans
1119 3407 1248 3476 jure
1270 3406 1693 3477 interpretatur.
1711 3406 1873 3473 Quia,
1888 3406 2032 3461 sicut

433 3490 515 3544 ait
523 3492 842 3562 Apostolus,
857 3496 1133 3562 spiritalis
1149 3499 1340 3550 omnia
1352 3497 1624 3564 diiudicat
1642 3496 1692 3567 (1
1699 3496 1816 3550 Cor.
1833 3509 1892 3561 II,
1911 3497 1936 3550 1
1950 3495 2027 3564 5),

433 3587 492 3636 et
519 3582 637 3652 ipse
665 3599 700 3636 a
717 3584 942 3639 nemine
953 3585 1260 3655 judicatur.
1287 3587 1420 3657 Agit
1439 3593 1629 3642 autem
1647 3603 1836 3642 secum
1854 3587 2031 3658 quoti-

433 3669 524 3724 die
552 3671 652 3725 Dei
673 3678 1021 3742 pertractans
1037 3675 1334 3745 judicium,
1354 3692 1424 3731 ne
1444 3676 1579 3730 dum
1610 3677 1799 3730 omnia
1825 3677 2030 3731 exami-

431 3764 550 3826 nat,
581 3760 700 3831 ipse
731 3761 791 3815 in
818 3763 1006 3835 aliquo
1035 3765 1306 3836 reprobus
1334 3765 1672 3822 inveniatur.
1719 3767 1830 3822 Iste
1857 3766 2030 3838 igitur

429 3844 691 3904 habitans
720 3849 780 3904 in
805 3853 1054 3921 excelsis,
1077 3854 1147 3908 de
1175 3857 1433 3928 supernis
1463 3861 1664 3911 cuncta
1692 3857 2021 3921 considerat,

430 3937 501 3991 ad
531 3939 751 3994 excelsa
771 3941 1042 3998 virtutum
1067 3946 1384 4015 pervenisse
1403 3947 1533 4017 jure
1561 3947 1802 4001 laetatur.
1823 3947 1891 4000 Et
1903 3945 2027 4002 ideo

428 4020 620 4080 Joram
651 4029 746 4098 qui
773 4033 1030 4104 sequitur
1057 4041 1186 4105 apte
1228 4038 1480 4100 excelsus,
1532 4034 1839 4088 secundum
1883 4034 2028 4087 hanc

430 4129 601 4192 quam
622 4121 914 4191 gradimur
934 4123 1098 4184 viam,
1117 4128 1371 4185 vocatur;
1397 4127 1461 4175 ut
1475 4122 1654 4176 discat
1671 4123 1955 4192 viatorhuj
1965 4139 2029 4176 us

431 4208 670 4274 itineris,
702 4209 886 4263 dicere
909 4225 1036 4263 cum
1056 4210 1321 4280 Apostolo
1347 4229 1358 4264 :
1385 4211 1584 4265 Nostra
1605 4216 1789 4264 autem
1811 4227 2030 4265 conver-

434 4299 574 4351 satio
605 4300 668 4351 in
698 4301 839 4352 catis
866 4303 941 4351 est
972 4299 1134 4362 (Psal.
1161 4311 1244 4365 III,
1275 4297 1391 4355 20!.
1427 4299 1602 4352 Porro
1631 4299 1908 4365 Amasias,
1937 4316 2030 4369 po-

2115 3231 2290 3285 Unam
2311 3233 2450 3299 petii
2475 3231 2773 3296 aDomino,
2805 3230 3244 3299 hancrequiram
3267 3232 3432 3297 (Psal.
3451 3233 3710 3298 xxvi,1v).

2113 3319 2362 3384 Quorum
2394 3318 2577 3390 portio
2607 3324 2664 3372 et
2689 3319 2990 3373 haereditas
3018 3318 3300 3372 invenitur
3327 3319 3502 3373 Deus:
3529 3323 3586 3372 et
3614 3335 3713 3374 eo-

2112 3425 2238 3463 rum
2263 3408 2416 3479 jugis
2443 3408 2622 3462 oratio
2651 3413 2754 3474 est,
2786 3413 2851 3462 ut
2874 3408 2948 3462 sit
2975 3407 3055 3461 eis
3085 3408 3234 3462 Deus
3251 3407 3510 3462 omniain
3523 3409 3715 3462 omni-

2110 3495 2233 3565 bus,
2273 3502 2396 3562 αθ
2418 3502 2483 3552 ut
2512 3514 2636 3552 cum
2669 3513 2734 3552 eo
2766 3497 3100 3568 quandoque
3129 3503 3187 3551 et
3214 3497 3320 3568 ipsi
3349 3512 3524 3552 unum
3556 3496 3714 3551 inve-

2110 3587 2362 3644 niantur.
2393 3586 2496 3642 Cui
2514 3585 2814 3641 Zorobabel
2845 3603 3065 3658 quoque
3104 3585 3369 3651 succedit,
3387 3591 3444 3640 et
3474 3592 3714 3641 vocatur

2109 3676 2216 3731 iste
2245 3679 2508 3743 magister
2529 3677 2588 3730 in
2608 3676 2800 3746 lingua
2817 3682 3045 3740 nostra;
3079 3681 3356 3746 quatenus
3400 3691 3592 3729 eorum
3614 3691 3714 3729 ex-

2109 3765 2302 3820 hibeat
2329 3764 2716 3836 magisterium
2758 3764 3030 3830 veritatis,
3083 3765 3176 3835 qui
3229 3764 3408 3819 sciant
3450 3763 3712 3819 refellere

2108 3855 2257 3909 inter
2285 3854 2554 3924 caligines
2575 3852 2983 3908 obscuritatum
3011 3869 3207 3908 eorum
3227 3853 3577 3908 confusiones
3607 3855 3712 3925 qui

2108 3943 2469 3998 moranturin
2485 3941 2786 4014 Babylone,
2810 3949 2868 3997 et
2876 3949 3232 4014 peccatorum
3245 3959 3475 3997 suorum
3487 3942 3711 4013 laqueis

2109 4032 2346 4086 involuti
2379 4031 2561 4086 adhuc
2585 4037 2853 4087 tenentur
2888 4033 3112 4104 captivi.
3158 4033 3379 4087 Talium
3417 4031 3567 4086 enim
3609 4032 3716 4087 do-

2109 4120 2302 4176 ctrinae
2332 4121 2721 4192 magisterium
2748 4121 2807 4176 in
2834 4121 3078 4176 Ecclesia
3106 4121 3232 4176 ideo
3255 4120 3611 4192 subrogatur,
3640 4127 3714 4177 ut

2109 4211 2179 4264 de
2205 4211 2524 4282 captivitate
2555 4227 2670 4265 una
2689 4226 2816 4264 cum
2846 4211 2979 4264 Jesu
3004 4210 3267 4282 pontiﬁce
3292 4226 3518 4280 magno,
3547 4215 3711 4266 recto

2110 4299 2311 4354 itinere
2340 4299 2644 4370 praedicent
2672 4298 2984 4370 quibusque
3005 4300 3063 4354 in
3081 4299 3444 4365 Hierusalem,
3465 4299 3560 4370 qui
3580 4299 3710 4355 fue-

426 4387 599 4455 pulus
628 4389 883 4452 elevatus,
910 4392 968 4441 et
995 4387 1157 4440 Osias
1171 4390 1424 4441 robustus
1451 4389 1677 4442 Domini
1703 4394 1940 4457 sonant;
1963 4395 2026 4444 ut
2045 4393 2238 4460 Drant
2265 4405 2520 4443 errorum
2548 4389 2763 4460 laqueis
2792 4389 3080 4460 implicati,
3109 4394 3168 4444 et
3195 4388 3403 4443 faciant
3431 4389 3510 4442 eis
3538 4389 3716 4444 intel-

431 4473 600 4528 simul
623 4491 792 4547 super
812 4491 906 4530 eos
943 4476 1218 4530 cohaereat
1250 4476 1386 4532 illud
1425 4476 1850 4548 propheticum:
1904 4480 2027 4534 Ele-

433 4578 581 4630 uarc,
620 4567 846 4632 elevare,
882 4567 1246 4632 Hierusalem,
1288 4568 1458 4621 indue
1485 4568 1873 4634 fortitudinem
1906 4569 2029 4621 bra-

434 4652 622 4706 chium
655 4655 876 4708 Domini
901 4657 1025 4721 (13a.
1061 4670 1131 4720 LI,
1156 4657 1206 4720 9,
1251 4653 1352 4725 17).
1387 4657 1495 4720 Qui
1523 4661 1648 4709 tum
1675 4655 1854 4710 fidelis
1879 4664 2028 4712 recte

433 4757 495 4796 se
524 4741 704 4796 elevat
729 4743 798 4796 ad
829 4741 1110 4808 sublimia,
1143 4761 1270 4798 cum
1309 4761 1368 4798 se
1397 4745 1582 4799 induit
1609 4762 1720 4799 non
1749 4762 1852 4801 sua
1878 4746 2031 4801 forti-

433 4830 650 4898 tudine,
676 4831 772 4885 sed
802 4837 920 4897 σε
941 4834 1178 4888 assumit
1191 4833 1297 4888 sibi
1317 4833 1588 4889 auxilium
1608 4834 1897 4890 brachium
1924 4837 2031 4891 Do-

431 4919 592 4973 mini.
625 4920 837 4975 Deinde
859 4921 1098 4976 Joathan
1123 4925 1399 4991 profectus
1422 4924 1551 4993 jure
1567 4924 1859 4996 accipitur,
1895 4925 2030 4996 quia

431 5009 610 5063 sancti
639 5009 742 5064 viri
771 5009 1012 5076 animus,
1045 5011 1179 5065 dum
1209 5011 1265 5065 in
1298 5012 1402 5066 hac
1428 5012 1542 5066 vita
1571 5013 1790 5080 vivitur,
1821 5014 2029 5068 indesi-

431 5103 634 5153 nenter
654 5097 825 5153 habet
852 5099 1130 5169 profectus
1159 5116 1309 5166 suos,
1341 5101 1561 5155 etvadit
1581 5102 1796 5173 jugiter
1821 5104 1891 5158 de
1912 5103 2026 5156 vir-

430 5191 552 5241 tute
580 5187 639 5242 in
666 5188 951 5253 virtutem,
989 5194 1054 5242 ut
1081 5189 1472 5261 apprehendat
1495 5191 1672 5245 Deum
1705 5192 1940 5246 deorum
1966 5192 2025 5246 in

431 5275 586 5331 Sion.
606 5277 765 5331 Unde
789 5277 991 5341 Achaz,
1019 5279 1113 5348 qui
1132 5279 1405 5350 sequitur,
1427 5287 1556 5350 apte
1576 5283 2025 5349 comprehenderis

428 5363 854 5435 interpretatur.
878 5365 1116 5420 Perfecti
1137 5366 1240 5420 viri
1270 5383 1513 5437 namque
1539 5369 1762 5423 animus
1791 5369 2026 5424 medita-

428 5456 524 5506 tur
552 5469 679 5507 cum
707 5453 973 5524 Apostolo
997 5457 1232 5523 (Philip.
1265 5469 1349 5512 In.
1380 5455 1468 5522 1‘2)
1500 5456 1638 5510 illud
1664 5458 2025 5529 comprehen-

429 5541 562 5596 dere
589 5541 647 5596 in
675 5558 784 5613 quo
807 5543 926 5612 jam
952 5541 1141 5597 divina
1162 5543 1520 5615 dispensante
1551 5545 1849 5601 clementia
1879 5564 2026 5601 com-

428 5630 738 5702 prehensus
769 5636 874 5690 est.
897 5631 1109 5687 Idcirco
1139 5639 1264 5705 post
1292 5632 1601 5706 profectum
1638 5636 1840 5706 operis,
1888 5637 2026 5694 ordo

2109 4479 2283 4549 ligere
2314 4478 2450 4533 illud
2478 4477 2625 4549 quod
2652 4477 2798 4532 Abiu
2821 4493 3022 4532 sonare
3039 4478 3277 4532 videtur.
3295 4477 3439 4532 Abiu
3456 4494 3712 4549 namque

2104 4573 2266 4639 pater
2293 4584 2444 4621 meus
2465 4570 2562 4620 iste
2591 4566 3018 4638 interpretatur.
3055 4567 3234 4631 Quem
3254 4573 3390 4622 tunc
3406 4572 3553 4622 recte
3573 4583 3714 4623 con-

2111 4657 2257 4712 ﬁteri
2287 4655 2614 4728 probantur,
2640 4656 2687 4710 si
2702 4662 3053 4726 peccatorum
3066 4657 3305 4711 nexibus
3317 4656 3576 4724 absoluti,
3590 4672 3716 4713 non

2111 4747 2286 4800 alium
2319 4761 2486 4815 quam
2504 4759 2679 4799 unum
2693 4745 2952 4800 eumdem
2966 4762 3186 4817 quoque
3209 4747 3386 4800 Deum
3405 4747 3500 4817 qui
3513 4762 3716 4816 posse-

2111 4834 2196 4888 dit
2222 4851 2286 4887 ac
2314 4833 2445 4887 fecit
2472 4839 2531 4888 et
2551 4835 2778 4899 creavit,
2795 4835 3051 4900 adorant,
3069 4841 3410 4889 venerantur
3423 4836 3711 4892 etcolunt.

2109 4923 2190 4978 De
2220 4939 2332 4994 qua
2358 4923 2586 4978 tandem
2605 4924 2835 4994 profecti
2858 4924 3085 4994 regione
3108 4924 3385 4996 tantisper
3413 4924 3716 4979 veniamus

2108 5011 2168 5066 in
2197 5010 2492 5077 Eliachim,
2521 5011 2616 5082 qui
2646 5013 2740 5066 Dei
2771 5015 3101 5066 resurrectio
3139 5013 3434 5066 vocitatur.
3466 5012 3709 5070 Itasane

2108 5107 2420 5171 surgentes,
2447 5105 2511 5154 ut
2539 5100 2798 5172 deinceps
2829 5099 2886 5154 in
2916 5100 3298 5156 novitatevitae
3330 5101 3713 5172 ambulemus,

2109 5195 2167 5244 et
2193 5190 2293 5244 Dei
2311 5190 2491 5260 adjuti
2519 5189 2744 5250 auxilio,
2776 5189 3032 5243 inimicos
3060 5189 3261 5244 salutis
3291 5196 3496 5246 nostrae
3525 5191 3720 5247 vinca-

2107 5295 2254 5345 mus,
2287 5277 2334 5333 si
2365 5279 2644 5348 quomodo
2663 5277 2894 5332 tandem
2907 5278 3280 5350 aliquandoin
3301 5280 3520 5334 Sadoch
3549 5281 3720 5350 justi-

2107 5367 2262 5425 ficari
2293 5384 2616 5422 mereamur
2643 5367 2713 5421 ab
2742 5383 2808 5422 eo
2838 5368 2934 5439 qui
2969 5369 3243 5439 justiﬁcat
3283 5369 3506 5440 impios,
3545 5375 3603 5424 et
3637 5370 3720 5427 de

2106 5457 2490 5530 peccatoribus
2518 5457 2651 5510 facit
2680 5457 2818 5528 pios.
2846 5461 3000 5512 Azur
3027 5459 3233 5530 quippe
3250 5461 3497 5527 adjutus,
3531 5463 3589 5512 et
3611 5459 3719 5513 Sa.

2106 5547 2249 5602 doch
2269 5549 2610 5616 justiﬁcatus
2657 5546 3120 5618 interpretantur;
3170 5547 3315 5611 Quia
3345 5557 3512 5602 nemo
3551 5547 3718 5618 prius

2102 5637 2447 5710 justiﬁcatur
2457 5652 2626 5714 quam
2640 5635 2742 5692 Dei
2754 5635 2982 5706 adjutus
3004 5636 3406 5703 misericordia,
3435 5636 3716 5706 Deijusti.
