3966 6206
205 351 269 412 93
1037 347 1418 416 EXPOSITIO
1455 355 1534 418 IN
1571 353 2018 414 MA'I'I‘HEUM.
2059 384 2124 400 —
2163 352 2299 413 LIB.
2339 355 2386 426 Ι,
2427 352 2583 413 CAP.
2625 354 2670 414 Ι.

3425 352 3496 411 94

203 479 292 535 tia:
307 477 386 534 sit
401 477 532 552 subj
539 483 724 547 ectus,
738 483 804 538 ut
831 496 934 554 per
941 496 1070 538 eum
1084 485 1207 555 ejus
1219 484 1486 540 auxilium
1510 484 1816 540 invocetur.
1836 485 1886 546 Α
1901 484 2096 556 losque
2115 477 2344 554 laqueos
2363 479 2702 553 perhorruit.
2721 477 2854 535 Ideo
2875 493 2978 552 per
2994 476 3141 535 hanc
3154 477 3303 548 viam
3322 492 3495 552 super

203 567 429 625 Interea
447 569 523 624 de
543 570 805 625 Joachim
817 615 829 634 ,
846 573 943 642 qui
954 574 1136 640 frater
1152 590 1304 628 meus
1320 579 1500 637 sonat,
1518 574 1670 628 aliud
1686 573 1819 644 quid

202 674 512 730 possumus
542 659 886 731 intelligere,
907 677 1076 732 quam
1099 661 1247 732 quod
1277 663 1397 733 ipse
1416 662 1687 717 Dominus
1703 662 1814 718 ait:

199 745 261 802 Si
280 749 414 816 quis
435 749 632 815 fecerit
652 752 995 804 voluntatem
1007 753 1197 805 Patris
1219 753 1328 804 mei
1345 754 1446 819 qui
1472 754 1536 804 in
1563 754 1704 806 castis
1723 755 1817 818 est,

198 838 312 904 ipse
341 852 501 890 meus
522 838 727 905 frater,
749 844 990 904 soror,et
1013 843 1194 892 mater
1213 844 1326 892 est?
1349 841 1568 906 (Matth.
1590 853 1686 905 xu,
1703 837 1821 908 50.)

199 923 364 979 Unde
383 911 646 994 quotidie
666 927 727 981 in
746 928 1000 987 oratione
1015 927 1310 982 Dominica
1329 944 1625 982 exoramus
1645 933 1708 982 ut
1723 929 1822 982 fiat

203 1014 328 1084 ejus
353 1014 625 1070 voluntas
640 1014 701 1070 in
721 1015 884 1071 nobis
902 1033 1070 1088 super
1091 1022 1323 1082 terram,
1348 1016 1820 1088 quemadmodum

201 1103 267 1156 ﬁt
290 1108 350 1156 et
392 1102 458 1156 in
503 1104 726 1174 angelis
755 1121 926 1176 super
952 1105 1138 1160 caelos.
1174 1106 1327 1161 Talis
1355 1105 1532 1176 igitur
1566 1106 1821 1161 voluntas

201 1205 382 1247 unum
414 1208 524 1247 nos
553 1209 683 1248 cum
708 1194 826 1249 Deo
855 1194 1044 1261 efﬁcit,
1062 1200 1120 1249 et
1145 1195 1404 1266 supernis
1430 1195 1714 1250 consociat
1741 1200 1824 1249 at-

202 1296 312 1352 que
331 1281 658 1337 consolidat
672 1283 918 1338 veritati.
937 1283 1043 1338 Ubi
1061 1284 1307 1355 prudens
1327 1285 1552 1339 animus
1569 1284 1824 1354 dilligen-

202 1374 292 1424 ter
313 1369 604 1436 intendat,
641 1371 792 1442 quod
819 1388 936 1427 non
966 1373 1266 1443 qualitates
1297 1377 1397 1427 aut
1428 1378 1585 1427 actus
1625 1389 1821 1427 eorum

199 1459 364 1530 juxta
387 1459 805 1514 mortalitatem
837 1461 1232 1532 expressimus,
1250 1461 1347 1516 sed
1368 1479 1469 1532 per
1489 1461 1822 1532 interpreta-

201 1547 386 1602 tiones
406 1553 642 1603 tantum
663 1550 991 1604 earumdem
1022 1550 1270 1614 nomina,
1290 1549 1638 1622 spiritalibus
1660 1551 1820 1622 spiri-

205 1637 347 1690 talia
374 1643 782 1708 comparantes
803 1638 1084 1709 protectus
1106 1639 1376 1694 virtutum
1394 1645 1452 1694 et
1465 1640 1581 1694 veri
1598 1640 1819 1695 itineris

205 1725 570 1782 incrementa
591 1726 1047 1782 monstravimus.
1081 1728 1310 1783 Haarent
1333 1728 1484 1782 enim
1503 1728 1607 1782 sibi
1630 1729 1821 1784 omnia

1902 577 2121 627 montes
2137 571 2332 627 Bethel
2349 587 2449 624 nos
2465 570 2545 624 ire
2566 570 2757 624 docuit
2767 568 3196 640 quodammodo,
3214 584 3314 639 per
3324 582 3496 639 quam

1901 661 1972 715 ad
2003 678 2105 716 nos
2129 661 2288 715 illum
2311 659 2664 714 descendisse
2685 658 2973 729 Scriptura
3000 657 3350 712 monstravit.
3371 660 3486 723 δι

1902 750 2242 806 Inoﬂ‘ensum
2267 750 2440 820 igitur
2463 748 2571 803 iter
2588 754 2674 802 est
2695 747 2776 801 ire
2805 747 2872 800 ad
2896 749 3095 812 Deum,
3122 746 3171 800 si
3196 746 3265 800 de
3288 745 3498 801 virtute

1899 838 1959 892 in
1986 839 2250 893 virtutem
2279 837 2608 902 transimus,
2637 843 2694 890 et
2711 836 2863 890 aliud
2895 852 3064 906 quam
3095 836 3275 889 Deum
3306 849 3497 888 coram

1901 927 2097 991 oculis,
2126 943 2308 997 neque
2338 926 2408 979 ad
2429 925 2738 990 dexteram,
2765 940 2946 995 neque
2981 924 3052 978 ad
3073 923 3358 978 sinistram
3383 938 3498 978 non

1901 1017 2255 1088 respicimus.
2283 1015 2441 1070 Unde
2472 1014 2634 1069 Eliud
2659 1030 2898 1085 sequens
2918 1015 3058 1068 Deus
3082 1030 3232 1068 meus
3256 1014 3501 1084 intepre-

1901 1111 2076 1172 tatur,
2106 1106 2335 1160 Eleazar
2359 1120 2489 1158 vero
2519 1105 2659 1158 Deus
2690 1119 2841 1156 meus
2861 1104 3088 1171 adjutor
3117 1118 3316 1156 sonare
3342 1102 3500 1156 vide-

1900 1198 2012 1248 tur.
2039 1193 2316 1258 Quoniam
2337 1207 2531 1246 eorum
2558 1192 2707 1245 Deus
2730 1195 2952 1244 tantum
2975 1207 3096 1245 esse
3121 1190 3496 1262 cognoscitur,

1901 1287 1960 1336 et
1983 1283 2041 1336 hi
2061 1283 2164 1336 soli
2182 1298 2296 1336 una
2311 1298 2438 1336 cum
2461 1279 2561 1334 Dei
2580 1280 2646 1333 ad
2649 1279 2862 1350 jutorio
2882 1296 2982 1349 per
3001 1280 3144 1332 hanc
3163 1279 3504 1349 gradiuntur

1899 1370 2068 1437 viam,
2111 1370 2208 1442 qui
2236 1370 2306 1424 ad
2333 1370 2437 1424 hoc
2465 1368 2784 1440 proficiunt,
2819 1374 2884 1422 ut
2906 1367 3045 1422 nihil
3077 1368 3228 1422 aliud
3259 1368 3316 1422 in
3345 1373 3500 1422 terra

1903 1477 2072 1531 quam
2115 1460 2293 1514 Deum
2322 1457 2666 1531 possideant,
2701 1473 2868 1528 quem
2898 1473 3182 1511 summum
3211 1462 3270 1510 et
3295 1473 3498 1527 perpe-

1901 1554 2062 1604 tuum
2099 1549 2308 1603 donum
2351 1547 2408 1602 in
2454 1546 2770 1602 caelestibus
2809 1545 3014 1600 habere
3046 1545 3385 1600 desiderant.
3421 1545 3499 1599 Ex

1902 1655 2012 1710 quo
2031 1644 2180 1692 recte
2207 1638 2438 1692 Mathan
2457 1636 2624 1702 illico,
2643 1635 2739 1706 qui
2759 1636 2969 1689 donum
2998 1640 3177 1699 sonat,
3203 1634 3492 1704 subjungi~

1901 1739 2025 1794 tur;
2058 1732 2123 1782 ut
2150 1727 2220 1781 ad
2252 1727 2390 1781 illud
2411 1742 2584 1781 unum
2615 1730 3000 1795 zeternumque
3028 1723 3242 1778 avidius
3262 1723 3502 1778 tenden-

203 1812 491 1869 bonorum
523 1831 766 1886 operum
794 1815 1188 1883 instrumenta,
1225 1821 1283 1871 et
1307 1817 1388 1871 ita
1417 1817 1565 1872 inter
1593 1833 1656 1871 se
1685 1796 1882 1872 con-B
1903 1821 1989 1871 tes
2016 1815 2244 1881 donum,
2270 1815 2487 1870 interea
2507 1814 2639 1868 vitia
2671 1814 3115 1885 supplantemus.
3134 1811 3294 1876 Quod
3322 1810 3504 1882 profe-

200 1917 347 1959 nexa
387 1908 534 1959 sunt
576 1905 858 1970 universa,
892 1910 956 1960 ut
996 1906 1092 1976 qui
1121 1921 1318 1960 eorum
1347 1905 1537 1976 aliquo
1577 1906 1824 1962 caruerit

209 1992 483 2048 omnibus
497 2000 715 2048 careat.
736 1995 807 2048 Et
822 2009 893 2048 ne
910 1994 1060 2049 dicat
1076 1994 1398 2050 fastidiosus
1417 1995 1656 2062 auditor,
1674 1996 1822 2066 quod

210 2081 466 2136 noluerit
490 2081 845 2152 evangelista
870 2082 928 2136 in
956 2081 1076 2137 istis
1106 2083 1447 2151 nominibus,
1476 2083 1546 2138 ad
1576 2088 1702 2150 80
1721 2101 1823 2155 pa-

211 2171 381 2226 triam
405 2171 497 2224 ire
525 2169 981 2226 desiderantibus
1011 2171 1251 2227 ethicam
1279 2177 1708 2243 praemonstrare
1730 2173 1826 2228 do-

211 2259 461 2313 ctrinam
479 2276 494 2315 :
511 2260 776 2314 intendat
794 2276 896 2314 cur
906 2261 1277 2331 quorumdam
1291 2261 1347 2316 in
1357 2262 1612 2333 catalogo
1623 2279 1825 2332 genea-

211 2348 370 2420 logize
395 2349 616 2404 omissa
651 2349 766 2405 sint
793 2350 1042 2417 nomina,
1075 2352 1447 2422 quorumdam
1476 2369 1606 2408 vero
1635 2354 1824 2408 taliter

209 2441 508 2503 annotata,
531 2443 600 2492 ut
618 2443 678 2492 et
693 2455 930 2493 numero
950 2439 1355 2507 satisfacerent,
1375 2446 1432 2495 et
1444 2442 1717 2498 virtutum
1741 2443 1823 2498 in-

210 2527 524 2582 crementis
543 2526 795 2598 profecto
811 2535 1200 2598 congruerent.
1217 2529 1276 2584 Si
1294 2530 1444 2585 enim
1467 2531 1707 2602 populus
1727 2532 1820 2586 ille

212 2614 608 2683 Hebraeorum,
624 2632 728 2688 per
745 2616 1031 2672 desertum
1053 2618 1377 2682 ascendens,
1399 2620 1562 2689 juxta
1582 2620 1822 2674 mansio-

210 2719 346 2758 num
375 2706 903 2777 interpretationes,
935 2706 1043 2762 iter
1073 2709 1458 2763 conscendisse
1487 2709 1755 2763 virtutum
1787 2725 1822 2763 a

213 2794 505 2850 catholicis
552 2795 761 2850 dicitur
797 2795 1136 2863 doctoribus,
1172 2802 1384 2868 quanto
1415 2797 1595 2868 magis
1632 2798 1691 2852 in
1730 2797 1820 2854 his

215 2882 322 2940 iter
357 2884 492 2941 vitae
518 2885 652 2955 jure
681 2885 972 2956 accipitur,
1009 2901 1110 2956 per
1145 2902 1285 2956 quos
1315 2886 1591 2954 Christus,
1617 2903 1820 2942 secun-

217 2970 352 3028 dum
379 2973 790 3045 promissiones
815 2973 919 3029 Dei
945 2973 1004 3028 in
1039 2974 1278 3029 formam
1307 2975 1453 3030 servi
1482 2976 1554 3030 ad
1583 2993 1686 3031 nos
1723 2993 1820 3031 ve-

210 3063 359 3117 nisse
399 3061 715 3134 probatur?
763 3063 834 3117 Et
873 3063 1106 3134 dignum
1151 3064 1342 3135 itaque
1379 3069 1466 3119 est
1501 3069 1567 3118 ut
1592 3081 1694 3120 nos
1720 3081 1822 3136 per

1904 1911 1992 1960 cto
2023 1922 2261 1976 sequens
2284 1904 2452 1960 Jacob
2471 1903 2594 1959 fieri
2613 1903 2816 1957 debere
2839 1903 3106 1966 insinuat,
3121 1901 3216 1972 qui
3237 1904 3502 1970 supplan-

1907 1999 2050 2049 tator
2080 1995 2502 2066 interpretatur.
2527 1995 2673 2048 Nam
2697 1998 2754 2046 et
2780 1993 2828 2046 si
2859 2008 3029 2063 supra
3048 2006 3150 2061 per
3176 1989 3345 2044 Jacob
3374 2006 3503 2060 sup-

1904 2084 2179 2154 plantatio
2200 2084 2464 2138 vitiorum
2485 2082 2862 2154 praemittitur,
2877 2096 3073 2135 rursus
3089 2095 3190 2150 per
3201 2078 3306 2132 hoc
3321 2091 3499 2132 unum

1906 2173 2168 2244 idemque
2194 2173 2524 2228 vocabulum
2555 2172 2614 2227 in
2640 2172 2750 2226 ﬁne
2778 2173 3281 2234 commemoratur;
3325 2171 3388 2220 ut
3409 2181 3503 2220 us-

1906 2279 2015 2334 que
2056 2263 2127 2317 ad
2180 2268 2491 2316 extremum
2533 2262 2656 2316 vitae
2693 2265 2889 2315 contra
2916 2259 3052 2312 vitia
3079 2274 3182 2312 nos
3212 2260 3501 2310 certamen

1903 2351 2110 2406 habere
2138 2351 2512 2406 necessarium
2542 2350 2926 2404 existimemus
2951 2366 2965 2404 :
2986 2347 3129 2402 donc
3157 2344 3398 2418 appositi
3427 2343 3500 2398 ad

1903 2441 2100 2496 Patres
2119 2447 2338 2496 nostros
2358 2439 2658 2495 virtutibus
2679 2439 2739 2493 in
2761 2439 2984 2494 Christo
3011 2451 3322 2508 augeamur
3340 2438 3502 2490 mter-

1903 2530 2010 2584 nis.
2056 2530 2215 2594 Quod
2257 2530 2399 2584 bene
2441 2529 2647 2600 Joseph
2691 2528 3059 2592 demonstrat,
3098 2525 3194 2596 qui
3222 2527 3501 2594 appositus

1902 2618 2015 2673 sive
2067 2625 2262 2673 auctus
2307 2619 2365 2673 in
2411 2617 2764 2672 conclusione
2808 2615 3168 2687 interpretari
3206 2612 3498 2686 probatur.

1902 2707 2046 2771 Quia
2073 2712 2208 2762 tunc
2228 2707 2465 2778 quisque
2483 2706 2786 2760 virtutibus
2808 2704 3146 2770 cumulatur,
3169 2719 3296 2757 cum
3327 2701 3500 2756 fuerit

1901 2796 2189 2868 appositus
2211 2795 2420 2850 sanctis
2444 2794 2703 2849 Patribus
2724 2800 2781 2848 et
2801 2794 2859 2848 in
2879 2792 3102 2847 civitate
3114 2790 3385 2845 virtutum
3405 2807 3502 2861 pe—

1899 2885 2151 2940 renniter
2183 2885 2540 2940 habitaturus
2577 2883 2876 2938 introierit.
2908 2881 3068 2946 Quod
3096 2885 3161 2934 ut
3189 2881 3305 2945 fiat,
3335 2877 3499 2933 stella

1899 2974 2092 3041 maris,
2123 2974 2238 3029 sive
2264 2972 2631 3029 illuminatrix
2652 2972 2849 3035 Maria,
2874 2971 3022 3025 inter
3048 2968 3374 3038 ﬂuctivagas
3397 2983 3501 3021 un-

1901 3065 2001 3118 das
2026 3065 2228 3135 pelagi,
2252 3064 2362 3118 ﬁde
2385 3079 2450 3118 ac
2478 3061 2729 3116 moribus
2753 3059 3040 3132 sequenda
3059 3063 3163 3124 est,
3188 3074 3259 3111 ne
3280 3071 3499 3126 merga-

211 3151 470 3206 eamdem
491 3152 705 3206 lineam
728 3152 1044 3206 sanctitatis
1057 3153 1128 3207 ad
1151 3169 1282 3208 eum
1304 3153 1414 3208 ﬁde
1433 3153 1698 3221 nitamur,
1714 3170 1817 3225 per
1832 3155 1874 3215 C
1897 3170 2026 3208 mur
2041 3153 2207 3207 undis
2221 3153 2414 3207 diluvii
2433 3171 2446 3219 ;
2482 3152 2578 3206 sed
2592 3167 2692 3223 per
2707 3167 2832 3204 eam
2845 3149 3249 3210 illuminemur,
3263 3150 3329 3200 ut
3344 3145 3501 3200 Chri-

208 3256 379 3312 qnam
415 3240 542 3312 ipse
574 3247 890 3296 monstrare
920 3241 1184 3312 dignatus
1214 3247 1302 3296 est
1327 3242 1399 3297 ad
1438 3259 1541 3298 nos
1579 3243 1811 3298 descen-

397 3331 622 3401 Nempe
647 3330 778 3401 quia
805 3329 930 3384 ideo
951 3331 1104 3385 venit
1128 3331 1404 3386 Mediator
1418 3332 1521 3386 Dei
1543 3339 1598 3387 et
1627 3332 1812 3388 homi-

197 3435 358 3485 num,
391 3426 462 3474 ut
487 3420 653 3474 ﬁeret
681 3421 878 3474 ﬁrmus
906 3436 1052 3475 unus
1080 3421 1343 3493 idemque
1371 3422 1472 3476 Dei
1503 3423 1729 3494 pietatis
1749 3439 1815 3478 ac

200 3509 639 3566 clementiamm
685 3509 1004 3577 descensus,
1050 3516 1108 3565 et
1151 3516 1471 3566 nostrarum
1501 3527 1603 3582 per
1629 3513 1816 3582 ipsum

199 3598 454 3668 quotidie
488 3598 766 3652 virtutum
803 3614 1022 3653 census.
1056 3597 1269 3652 Idcirco
1311 3615 1513 3654 moneo
1547 3599 1815 3653 lectorem

199 3703 412 3752 meum,
428 3702 504 3740 ne
520 3686 862 3756 dedignetur
881 3687 1187 3741 secundum
1199 3687 1302 3741 has
1317 3688 1812 3758 interpretationes

198 3775 517 3840 nominum,
559 3775 671 3828 iter
705 3774 978 3829 virtutum
1007 3775 1342 3843 ascendere;
1390 3792 1493 3846 per
1529 3792 1669 3846 quos
1697 3792 1811 3830 non

195 3863 539 3934 dedignatus
565 3868 650 3917 est
680 3868 878 3918 auctor
904 3864 1050 3931 vitae,
1068 3865 1232 3934 juxta
1253 3864 1653 3936 promissiones
1674 3865 1810 3919 olim

194 3952 529 4022 promissas,
556 3952 628 4006 ad
647 3969 749 4007 nos
770 3953 1127 4008 descendere.
1160 3954 1336 4024 Cujus
1353 3954 1568 4024 alonge
1588 3954 1813 4008 descen-

196 4057 323 4097 sum
353 4057 569 4112 sponsa
599 4041 661 4095 in
691 4042 938 4097 Canticis
957 4041 1319 4114 prospiciens,
1353 4041 1556 4108 aiebat,
1579 4042 1771 4096 dicens
1795 4060 1808 4096 :

197 4131 327 4184 Ecce
354 4131 452 4185 hic
474 4133 626 4185 renit
648 4134 856 4186 saliens
874 4147 1036 4200 super
1055 4136 1283 4198 montes,
1307 4133 1631 4184 transiliens
1651 4146 1815 4199 super

196 4221 358 4274 colles
384 4219 579 4290 (Cant.
616 4233 680 4285 ιι,
702 4218 774 4282 8).
807 4219 878 4275 Et
905 4219 1036 4290 quid
1066 4225 1152 4273 est
1179 4219 1383 4286 dicere,
1415 4235 1525 4273 ecce
1550 4219 1639 4274 hic
1666 4222 1814 4274 venit

197 4312 406 4363 saliens
433 4324 602 4377 super
631 4313 878 4362 montes?
895 4309 1025 4363 Ecce
1053 4308 1203 4362 enim
1232 4308 1674 4362 demonstrantis
1705 4313 1807 4362 est.

199 4395 500 4461 Quomodo
521 4413 656 4468 ergo
672 4397 826 4452 velut
844 4397 903 4452 in
919 4397 1348 4468 praesentiarum
1366 4397 1699 4461 ostenditur,
1716 4397 1810 4468 qui

1893 3248 2043 3297 stum
2062 3248 2260 3297 natum
2273 3259 2339 3296 ex
2361 3258 2428 3295 ea
2443 3257 2546 3313 pro
2566 3241 2749 3295 salute
2765 3239 2938 3294 totius
2957 3237 3154 3292 mundi
3177 3235 3495 3290 credamus.

1894 3332 2026 3386 Haec
2054 3331 2230 3401 igitur
2256 3331 2356 3385 illa
2379 3336 2532 3386 terra
2561 3336 2665 3397 est,
2701 3345 2824 3400 quae
2852 3326 3114 3382 Patribus
3143 3325 3200 3378 in
3229 3323 3410 3394 ﬁgura
3438 3328 3498 3377 et

1896 3421 2193 3491 aenigmate
2220 3421 2652 3492 repromittitur.
2678 3419 2808 3473 Haec
2835 3423 3005 3481 terra,
3035 3416 3286 3485 inquam,
3302 3418 3406 3479 est,
3425 3411 3495 3466 de

1898 3526 2010 3581 qua
2039 3510 2216 3564 David
2244 3509 2533 3581 suspirans
2560 3508 2713 3564 canit
2738 3519 2750 3555 :
2784 3507 2950 3562 Credo
2978 3506 3162 3558 videre
3207 3505 3346 3556 bona
3390 3501 3496 3556 Do-

1896 3601 2050 3652 mini
2078 3606 2142 3653 in
2174 3605 2327 3654 terra
2353 3601 2663 3652 viventium
2684 3599 2849 3669 (Psal.
2875 3611 3026 3659 xxxx,
3056 3591 3162 3656 19).
3189 3592 3317 3645 Haec
3343 3593 3500 3642 terra

1896 3703 2142 3757 namque
2165 3693 2268 3754 est,
2303 3703 2474 3759 quam
2499 3687 2604 3740 soli
2632 3686 2797 3739 mites
2834 3683 3171 3746 inhabitant,
3197 3680 3266 3733 de
3292 3676 3498 3748 quibus

1894 3775 2126 3830 dicitur:
2143 3778 2295 3830 Beati
2310 3779 2486 3840 mites,
2505 3776 2773 3844 quoniam
2788 3774 2897 3840 ipsi
2912 3771 3262 3840 possidebunt
3285 3772 3498 3819 terram

1895 3865 2109 3934 (Matth.
2143 3881 2194 3930 v,
2230 3865 2302 3934 4).
2335 3864 2444 3918 Per
2470 3863 2571 3917 hos
2596 3877 2732 3916 sane
2761 3859 3109 3931 patriarchas
3139 3855 3211 3908 ad
3243 3857 3498 3907 nostram

1893 3953 2396 4008 salutemChristus
2420 3945 2677 4006 veniebat
2695 3950 2752 4003 in
2769 3948 3060 4003 mundum.
3078 3945 3148 4000 Et
3163 3944 3363 3997 horum
3385 3956 3500 3994 om-

1895 4042 2052 4096 nium
2079 4041 2135 4094 in
2155 4041 2338 4110 seipso
2361 4039 2594 4111 gerebat
2621 4037 2890 4105 officium,
2925 4042 2983 4090 et
3002 4052 3069 4090 ex
3090 4035 3292 4088 horum
3316 4030 3496 4084 inter-

1895 4130 2209 4203 pretatione
2241 4129 2554 4191 nominum,
2587 4133 2840 4182 nostram
2869 4123 3203 4196 designabat
3231 4120 3494 4177 salutem.

1897 4220 2056 4274 Unde
2087 4219 2333 4290 prudens
2353 4218 2720 4288 investigator
2739 4217 3041 4287 diligenter
3059 4213 3342 4269 examinet
3363 4205 3500 4285 quid

1896 4308 1966 4362 de
1997 4308 2134 4379 ipsis
2162 4307 2447 4376 Patribus,
2469 4307 2670 4377 quidve
2697 4306 2768 4360 ad
2799 4306 2948 4377 ipsos
2970 4304 3176 4376 passim
3211 4302 3501 4374 Scriptura

1894 4397 2172 4468 loquendo
2210 4397 2370 4451 nobis
2396 4396 2661 4450 insinuet.
2685 4395 2753 4449 Et
2780 4394 3044 4448 continuo
3075 4392 3322 4448 inveniet
3344 4392 3493 4464 quod

199 4486 340 4540 satis
368 4503 406 4540 a
438 4486 608 4557 longe
635 4492 906 4541 venturus
936 4486 1225 4558 Scriptura
1252 4491 1398 4542 teste
1421 4485 1812 4541 monstratur?
1828 4475 2101 4557 Dubique
2131 4485 2406 4549 Christus,
2431 4485 2586 4538 velut
2614 4500 2714 4555 per
2738 4483 3007 4538 fenestras
3036 4481 3329 4553 aspiciens,
3364 4497 3498 4552 pro-

197 4573 322 4628 Nisi
351 4575 492 4647 quia
518 4575 579 4629 in
608 4575 696 4630 his
719 4575 998 4640 omnibus,
1023 4591 1088 4629 ac
1109 4576 1158 4629 si
1182 4576 1241 4630 in
1263 4575 1476 4630 semine
1500 4577 1669 4646 juxta
1687 4590 1812 4646 pro-

198 4664 440 4718 missum
463 4680 654 4719 coram
685 4664 917 4736 positus,
953 4664 1305 4719 cernebatur.
1337 4664 1684 4720 Cernebatur
1711 4679 1811 4717 au-

196 4754 318 4807 tem
335 4754 552 4808 saliens
567 4770 737 4826 super
756 4759 996 4820 montes,
1013 4759 1113 4808 aut
1131 4753 1456 4808 transiliens
1473 4753 1660 4808 colles.
1681 4753 1810 4808 Non

198 4855 304 4912 per
341 4844 685 4915 campestria
728 4843 976 4914 quidem,
1007 4859 1110 4898 nec
1146 4859 1248 4915 per
1274 4843 1539 4897 cultivam
1576 4848 1808 4910 terram,

201 4931 300 4986 sed
328 4949 431 5004 per
452 4932 803 4997 solitudines,
829 4949 932 5004 per
953 4933 1244 4987 cacumina
1273 4932 1572 4998 montium,
1596 4948 1698 5002 per
1721 4932 1816 4985 de-

173 5009 178 5011 ’
207 5027 362 5074 serta
390 5020 622 5075 collium
652 5021 762 5076 iter
797 5020 1025 5076 faciens.
1054 5020 1213 5076 Unde
1253 5037 1357 5076 nec
1395 5020 1676 5076 immerito
1712 5035 1815 5090 per

205 5107 311 5162 hos
341 5111 492 5164 viam
516 5109 790 5164 moralem
823 5109 1171 5164 ostendimus
1201 5109 1304 5177 illi,
1338 5110 1434 5182 qui
1465 5110 1581 5164 vult
1608 5108 1678 5163 ad
1709 5125 1812 5180 pa-

203 5198 374 5253 triam
386 5199 603 5254 diutius
623 5200 1022 5271 repromissum
1034 5199 1273 5254 festinus
1287 5199 1660 5254 conscendere
1679 5217 1690 5253 :
1713 5215 1814 5270 per

205 5302 347 5358 quos
376 5295 436 5342 et
462 5289 520 5344 in
553 5288 757 5360 quibus
783 5288 1073 5345 Christum
1098 5287 1504 5353 ambulantem,
1533 5287 1686 5342 velut
1713 5303 1808 5341 ca-

1894 4575 2137 4646 spiciens
2163 4591 2265 4645 per
2284 4573 2580 4638 cancellos,
2607 4572 2936 4642 quantocius
2967 4579 3203 4642 sponsae,
3239 4570 3502 4624 videlicet

1894 4664 2152 4719 Ecclesiae
2200 4679 2333 4729 suae,
2371 4668 2671 4716 venturum
2725 4678 2784 4716 se
2826 4661 2884 4714 in
2939 4677 3105 4714 carne
3152 4659 3503 4731 pronuntiet.

1899 4754 2073 4824 Cujus
2088 4769 2278 4807 amore
2295 4768 2522 4806 necesse
2535 4757 2657 4816 εισι
2677 4755 2762 4804 est
2781 4765 3130 4820 unaquaeque
3148 4749 3340 4802 anima
3353 4748 3502 4802 vitiis

1895 4847 2151 4908 exuatur,
2176 4846 2233 4896 et
2262 4856 2292 4895 e
2323 4841 2552 4911 regione
2577 4839 2648 4893 ad
2678 4855 2737 4893 se
2760 4838 3077 4892 venientem
3103 4837 3384 4908 respiciat,
3419 4842 3503 4891 at-

1895 4947 2004 5002 que
2031 4930 2384 5002 properantis
2407 4929 2817 5000 contempletur
2839 4928 3160 4990 adventum,
3191 4942 3256 4980 ac
3287 4942 3400 4980 non
3422 4925 3500 4980 vi-

1895 5019 2158 5074 dentibus
2187 5018 2337 5073 dicat
2371 5037 2382 5072 :
2413 5019 2542 5072 Ecce
2569 5018 2658 5071 hic
2685 5020 2835 5071 venit
2861 5019 3066 5070 saliens
3092 5031 3256 5084 super
3286 5020 3496 5069 montes

1893 5111 2076 5181 (Cant.
2102 5123 2162 5174 ιι,
2197 5108 2273 5175 8).
2309 5109 2489 5179 Super
2517 5111 2736 5161 montes
2767 5105 2978 5160 scilicet
3007 5111 3072 5158 ut
3109 5104 3218 5175 ipsi
3245 5105 3494 5174 primum

1895 5198 2204 5268 suscipiant
2237 5213 2462 5268 pacem;
2505 5196 2706 5250 deinde
2737 5194 3058 5248 transiliens
3087 5193 3158 5247 ad
3212 5193 3399 5258 colles,
3430 5197 3496 5248 ut

1895 5287 2066 5342 etiam
2095 5286 2152 5339 hi
2168 5285 2467 5356 justitiam,
2484 5301 2606 5356 quae
2627 5284 2686 5338 in
2709 5283 2934 5338 Christo
2955 5287 3057 5345 est,
3080 5281 3298 5352 possint
3321 5283 3496 5337 susci-

193 5391 392 5446 pream
431 5377 850 5448 hinnulumque
879 5393 1170 5432 cervorum
1201 5378 1274 5432 ad
1321 5393 1422 5431 nos
1451 5375 1806 5430 descendisse
1890 5393 2042 5448 pere.
2061 5375 2223 5440 Quod
2244 5381 2299 5429 et
2321 5379 2403 5439 tu,
2429 5375 2476 5428 si
2504 5390 2668 5428 mons
2692 5373 2882 5438 fueris,
2911 5372 2959 5426 si
2990 5371 3120 5425 salit
3147 5372 3204 5426 in
3233 5376 3290 5425 te
3308 5387 3495 5428 sermo

192 5467 570 5534 gratulamur.
594 5467 696 5521 Ille
724 5467 879 5522 enim
909 5467 1194 5521 exsultans
1220 5472 1275 5520 et
1303 5465 1502 5520 ludens
1530 5465 1714 5520 nullas
1739 5465 1808 5520 ti-
1889 5465 2009 5531 Dei,
2040 5465 2087 5519 si
2119 5465 2188 5518 de
2207 5464 2413 5518 virtute
2439 5463 2498 5518 in
2525 5462 2794 5517 virtutem
2822 5460 3195 5527 transcendis,
3223 5460 3499 5531 percipies

192 5555 340 5608 muit
353 5556 588 5612 insidias
603 5555 934 5611 venantium
964 5573 1096 5627 erga
1116 5560 1334 5610 montes
1357 5555 1574 5622 Bethel,
1599 5555 1658 5609 in
1680 5555 1802 5626 qui-

1885 5570 2101 5626 pacem.
2135 5553 2233 5608 Sin
2263 5558 2454 5608 autem
2482 5553 2571 5606 vel
2599 5551 2876 5606 secundus
2911 5566 2945 5604 a
2977 5555 3188 5616 monte,
3224 5548 3372 5618 quod
3402 5555 3492 5602 est

194 5639 304 5705 bu:
327 5645 461 5704 istas
491 5645 776 5712 habitasse
805 5645 1065 5722 legimus,
1086 5645 1269 5704 nullas
1290 5645 1651 5717 muscipulas,
1677 5644 1802 5700 nul-
1882 5642 2056 5709 collis,
2085 5641 2279 5710 fueris,
2310 5642 2560 5700 transilit
2589 5656 2760 5711 super
2787 5645 2844 5695 te
2871 5637 3146 5695 Christus.
3181 5637 3266 5690 Ita
3296 5638 3492 5685 tamen
