3966 6206
424 336 506 416 9b

1198 341 1265 409 S,
1296 338 1677 415 PMGHASH
1710 336 2075 407 manu
2104 336 2412 402 ΔΒΒΔωε
2441 328 2942 401 COWSIS.

422 463 483 541 ξεί
496 464 697 539 im
704 456 795 536 illi;
806 460 872 536 lli
886 456 1073 543 M8
1086 464 1367 540 iﬂiitlam
1381 467 1653 538 excipere.
1673 470 1738 539 et
1751 464 2023 531 {limitum
2036 464 2328 534 Adixissc,
2356 468 2418 523 et
2440 468 2640 523 contra
2664 463 2918 534 ejusdem
2941 458 3253 534 semipale
3268 459 3530 526 astutias,
3543 459 3710 516 mitia

426 570 626 629 essm,
649 561 926 627 quem
953 559 1026 624 ed
1041 558 1331 624 Gbrisuim
1350 573 1453 628 per
1472 556 1643 619 ﬁdem
1664 555 1875 621 venias.
1892 573 2027 615 eon-

435 659 740 724 ῇηφξειῇξίρ-
760 646 871 713 Sed
903 647 1036 717 quin
1060 648 1348 717 hucusque
1373 645 1664 709 Christum
1693 651 1822 717 post
1846 645 2029 716 peris.-

427 735 554 806 τιβὲ
579 738 858 805 Memini,
1396 738 1456 795 et
1480 734 1748 805 mysticus
1775 733 2028 794 obscuri:-

888 824 1145 895 Eﬁdesia
1168 840 1287 887 suae
1326 824 1650 894 loquentem
1686 823 2023 890 audivimus,

432 916 766 985 ρρφτμξβνει
986 913 1303 985 maternum
1328 913 1678 985 nuptiarum,
1697 914 1760 971 in
1780 930 1889 984 quo
1910 913 2030 985 Spi-

438 1001 584 1079 ΐὶμμὶ
605 1008 830 1073 $2811.9th
858 1002 1050 1068 omnis
1074 1003 1482 1075 charismatum
1503 1003 1655 1063 dona
1680 1003 1916 1074 paravit,
1940 1004 2029 1062 in,

430 1091 618 1162 8.19.41.-
640 1091 752 1159 33’4
768 1091 907 1163 suis
934 1092 1176 1165 Faustus
1199 1093 1352 1153 uelut
1372 1091 1632 1163 Scorpius
1649 1093 1710 1151 in
1729 1092 1841 1152 ﬁne
1859 1092 2031 1163 hujus

430 1179 777 1261 εβιιβθιρεὶίε
805 1196 909 1247 5.11.8
936 1181 1203 1245 didundit
1232 1197 1461 1249 venena,
1485 1181 1845 1239 obsecramus
1866 1182 2033 1237 lecto.—

435 1282 560 1340 rem
582 1284 655 1337 ne
678 1268 923 1339 Philum
940 1269 1123 1347 fronte
1139 1270 1406 1339 fastidiat,
1432 1271 1582 1342 quod
1598 1287 1713 1328 non
1732 1286 1928 1327 rursus
1948 1286 2033 1326 rer

432 1357 680 1430 Ρβέββςὲρ
696 1358 935 1428 μείωυβ,
950 1374 1023 1422 ne
1040 1360 1160 1421 suis
1170 1372 1425 1419 errorum
1439 1360 1653 1431 laqueis
1664 1360 2033 1433 simpliciores

432 1461 697 1517 nuesque
727 1446 991 1513 involvet.
1008 1448 1173 1510 Unde
1198 1448 1385 1521 adhuc
1410 1450 1836 1521 propopendum
1857 1454 1942 1504 est
1961 1464 2034 1504 ne

437 1533 779 1606 893941991“?
802 1535 863 1600 in
903 1536 1015 1599 fine
1043 1537 1212 1608 hujus
1248 1538 1590 1608 genealogis
1626 1539 1775 1595 velut
1800 1554 2030 1609 serpens

439 1627 635 1693 nostra
663 1624 960 1693 insidietur
985 1626 1264 1685 calcanso.
1299 1627 1545 1691 Laborat
1567 1628 1738 1693 enim,
1768 1644 1841 1682 ne
1879 1632 2031 1689 recto

432 1713 668 1781 tramite
685 1714 815 1778 ilin
834 1715 1114 1793 possimus
1127 1716 1348 1788 ingredi
1367 1717 1439 1776 ad
1452 1717 1739 1775 Christum
1753 1717 1917 1788 longe
1935 1717 2032 1771 diu

432 1801 706 1894 lintribus
731 1804 1151 1875 repromissum.
1167 1806 1235 1881 Et
1254 1807 1410 1877 cupit
1440 1822 1707 1863 evacuare
1732 1823 1805 1862 ne
1831 1807 1903 1861 de
1927 1807 2033 1862 Da:
2053 1833 2100 1894 Β

438 1891 533 1957 vid
550 1891 727 1967 stirpe
754 1898 909 1957 ortus
929 1895 1209 1955 credatur.
1236 1895 1333 1954 Ait
1348 1894 1539 1967 itaque
1557 1895 1784 1952 sibimet
1799 1895 2034 1952 callidus

436 1997 759 2052 persuasum
782 1999 848 2045 ea
870 1982 920 2057 si
948 1984 1235 2061 dialogum
1254 1989 1467 2051 texens,
1491 1985 1591 2055 qui
1618 1985 1797 2056 possit
1820 1985 2034 2056 simpli-

440 2070 621 2135 ciores
647 2087 899 2149 quosque
925 2074 1140 2144 laqueis
1167 2075 1405 2132 irretire.
1434 2093 1464 2142 ς
1492 2075 1658 2141 Quid,
1682 2078 1888 2144 inquit,
1919 2075 2034 2128 Ma-

437 2161 620 2224 thieus
645 2161 904 2233 scripsit?
935 2164 1092 2223 Liber
1113 2166 1504 2231 generationis,
1542 2164 1642 2232 ait,
1674 2167 1799 2219 Jssu
1828 2166 2036 2219 Christi

440 2254 552 2320 ﬁlii
588 2253 784 2319 David,
816 2254 926 2319 ﬁlii
953 2253 1253 2311 Abraham.
1286 2254 1642 2320 Putaveram,
1674 2254 1879 2324 inquit,
1903 2255 2037 2325 quia

442 2344 596 2400 esset
612 2340 885 2411 dicturus,
913 2340 1080 2401 Liber
1094 2343 1525 2411 generationum
1545 2344 1679 2397 Jesu
1694 2342 1905 2398 Christi
1931 2341 2035 2397 ﬁlii

439 2429 564 2492 Dei.
584 2430 746 2491 Nunc
766 2434 958 2493 autem
981 2431 1118 2501 quia
1135 2431 1432 2489 Matthteus
1451 2432 1543 2487 hic
1562 2432 1663 2486 Dei
1684 2432 1786 2487 ﬁlii
1805 2447 2038 2502 genera-

442 2518 657 2583 tionem
686 2518 931 2579 scribere
953 2535 1067 2577 non
1088 2537 1149 2577 se
1176 2520 1402 2588 fatetur,
1424 2521 1522 2576 sed
1547 2521 1741 2588 David,
1765 2522 1874 2579 erit
1896 2521 2037 2576 mihi

444 2607 673 2671 interim
693 2608 762 2663 de
781 2609 961 2667 Maria
979 2614 1178 2677 natus;
1208 2616 1272 2665 ut
1298 2610 1368 2665 de
1393 2610 1494 2666 Dei
1517 2611 1657 2665 Filio
1677 2616 1899 2665 tantum
1919 2610 2038 2665 ani-

440 2697 780 2764 madvertas,
813 2698 962 2768 quod
996 2699 1153 2757 nulla
1171 2699 1230 2755 in
1259 2700 1365 2755 hoc
1389 2704 1545 2755 textu
1563 2702 1945 2771 generationis
1974 2702 2039 2757 fit

440 2786 674 2859 mentio,
699 2787 875 2847 donec
903 2792 1134 2845 ventum
1160 2789 1235 2845 sit
1260 2790 1333 2844 ad
1360 2788 1793 2861 baptisma.Vos
1820 2796 2031 2858 autem,

442 2880 649 2946 inquit,
681 2876 892 2935 frustra
912 2877 1168 2948 ingeritis
1196 2878 1466 2949 Scriptori
1499 2879 1642 2933 hanc
1670 2880 2031 2947 calumniam,

442 2970 714 3037 tanquam
726 2966 829 3025 Dei
848 2966 1054 3023 Filium
1076 2967 1171 3022 ille
1194 2966 1254 3022 in
1283 2971 1444 3021 utero
1470 2968 1729 3023 mulieris
1747 2968 2031 3024 clauserit.

444 3054 605 3117 Quod
616 3053 665 3110 si
680 3054 992 3124 prmeertim
1003 3055 1322 3119 consideres
1331 3057 1681 3127 propositum
1694 3057 1863 3128 hujus
1874 3075 2039 3113 evan-

2104 560 2303 628 postea
2328 553 2653 617 testimonia
2679 551 2981 624 protulisse
3006 570 3020 605 ε
3052 551 3204 623 quod
3233 550 3472 623 quisque
3516 549 3706 605 facere

2104 662 2237 705 cum
2266 644 2520 711 voluerit,
2542 644 2684 713 nihil
2705 643 2855 714 quod
2884 642 3222 715 respondeat
3249 641 3533 708 inimicus,
3552 640 3712 701 ultra

2106 733 2440 804 remanebit,
2460 738 2664 805 printer
2686 733 2829 787 illud
2851 748 2962 803 quo
2979 731 3093 786 vim
3122 726 3595 789 manifestissime
3621 745 3713 783 ve-

2108 824 2294 893 ritatis
2322 825 2382 879 in
2410 822 2613 878 divinis
2640 821 2846 877 litteris
2874 825 3112 879 conatur
3132 817 3446 879 evidentius
3468 818 3711 873 illudere

2108 919 2280 986 atque
2308 929 2598 979 evacuare,
2630 916 2696 967 ut
2720 910 2863 965 falsa
2910 910 2970 965 in
2998 909 3305 981 Scripturis
3352 909 3569 968 sanctis
3597 908 3708 962 im-

2108 1005 2284 1059 missa
2316 1002 2689 1075 respondeat;
2738 1007 2798 1055 et
2821 999 3094 1072 quidquid
3123 1003 3320 1053 contra
3344 1014 3405 1052 se
3432 997 3709 1067 senuerit,

2109 1094 2373 1150 furiosius
2401 1093 2610 1163 injecta
2630 1090 2837 1161 ubique
2851 1089 2983 1143 velit
3009 1104 3279 1151 asserere.
3301 1086 3411 1147 Sed
3428 1086 3565 1159 quia
3581 1076 3713 1140 ubi;

2111 1200 2222 1255 que
2244 1184 2383 1254 jam,
2415 1181 2641 1236 Domini
2662 1180 3025 1251 dispensante
3051 1178 3259 1250 gratia,
3285 1176 3493 1231 veritas
3522 1177 3713 1230 Evan-

2111 1272 2244 1344 gelii
2263 1271 2674 1343 praeminebat
2690 1270 2749 1324 in
2764 1269 2919 1333 omni
2934 1272 3103 1339 gente
3122 1267 3255 1321 etin
3273 1266 3429 1321 omni
3438 1265 3715 1322 varietate

2111 1363 2452 1433 linguarum,
2473 1361 2781 1415 secundum
2803 1358 3135 1421 catholicam
3155 1362 3325 1428 atqise
3344 1355 3715 1427 apostolicam

2112 1454 2303 1521 ﬁdem,
2320 1467 2496 1506 unum
2515 1466 2710 1513 omnes
2729 1448 2857 1502 libri
2884 1451 3214 1508 consonant.
3240 1442 3717 1501 considerandum

2112 1547 2199 1596 est
2213 1556 2381 1612 quam
2402 1539 2567 1610 longe
2587 1555 2622 1595 a
2640 1536 2982 1609 professione
3003 1536 3152 1590 beati
3170 1535 3422 1589 Μολιὼωὶ
3443 1533 3537 1588 hic
3556 1533 3717 1587 aber-

2112 1637 2218 1697 ret,
2244 1630 2341 1701 qui
2358 1630 2540 1685 solum
2553 1628 2839 1683 Christum
2854 1625 2924 1680 ab
2940 1624 3103 1680 initio
3118 1622 3405 1694 Evangelii
3419 1622 3509 1677 sui
3533 1639 3716 1701 usque

2112 1719 2173 1774 in
2202 1698 2373 1773 ﬁnem
2419 1718 2793 1787 eumdemque
2838 1715 2941 1770 Dei
2979 1720 3039 1769 et
3074 1713 3317 1768 hominis
3356 1698 3718 1767 commendat

2116 1809 2316 1863 ﬁlium.
2351 1808 2530 1862 Tanto
2568 1806 2744 1877 igitur
2768 1822 2802 1859 a
2829 1804 3104 1858 catholica
3142 1802 3401 1857 doctrina
3434 1801 3713 1867 dissonat,

2116 1902 2327 1970 quanto
2371 1896 2535 1959 nobis
2576 1894 2889 1949 tacentibus
2934 1910 2970 1947 a
3006 1909 3157 1959 vero,
3189 1890 3481 1962 Scriptura
3524 1890 3719 1944 divina

2113 1991 2484 2053 monstrante,
2506 1985 2826 2056 discrepare
2844 1982 3053 2054 ubique
3072 1981 3361 2054 probatur.
3376 1981 3447 2035 Et
3469 1979 3598 2034 ideo
3620 1979 3719 2050 qui

2114 2092 2279 2141 nosse
2308 2075 2549 2134 voluerit
2576 2062 3049 2146 quemadmodum
3068 2071 3364 2126 Matthasus
3386 2086 3518 2123 eum
3541 2085 3714 2140 quem

2114 2166 2252 2220 dicit
2276 2165 2458 2219 tilium
2478 2164 2656 2223 David
2676 2163 2958 2217 narrando
2987 2177 3166 2231 usque
3187 2160 3257 2214 ad
3277 2159 3597 2231 passionem
3618 2175 3717 2212 re-

2115 2255 2634 2324 surrectionemque
2655 2253 2942 2324 perducat,
2962 2252 3041 2308 ita
3060 2255 3126 2304 ut
3152 2251 3340 2321 ipsum
3359 2265 3533 2303 unum
3558 2264 3718 2301 eum-

2117 2345 2357 2415 demque
2381 2359 2562 2414 usque
2582 2343 2652 2397 ad
2670 2343 2840 2399 tinem
2859 2332 3231 2396 continuatim
3260 2338 3368 2393 Dei
3387 2326 3444 2393 et
3462 2337 3716 2392 hominis

2116 2432 2299 2489 ﬁlium
2322 2433 2599 2503 designet,
2616 2431 2866 2486 intentus
2884 2431 3053 2501 legat,
3071 2435 3130 2483 et
3141 2427 3389 2482 inveniet
3406 2427 3557 2481 hunc
3574 2442 3717 2480 sane

2118 2522 2390 2578 miserum
2409 2515 2694 2587 delirasse,
2716 2525 2775 2575 et
2793 2525 2916 2586 ῳιι
2937 2535 3122 2576 coram
3140 2516 3486 2587 simplicibus
3499 2515 3718 2569 vanilo-

2118 2612 2381 2684 quiorum
2410 2626 2642 2666 suorum
2682 2609 2914 2663 nebulas
2963 2605 3288 2677 aspersisse.
3323 2604 3468 2669 Quia
3508 2603 3716 2658 beatus

2119 2699 2480 2771 evangelista,
2504 2698 2606 2753 etsi
2629 2699 2685 2752 in
2706 2697 2979 2769 principio
2994 2712 3106 2750 non
3123 2694 3269 2748 dixit
3289 2711 3302 2747 :
3327 2692 3496 2749 Jacob
3515 2691 3718 2771 genuit

2117 2770 2327 2861 Ioseph
2345 2788 2528 2844 virum
2547 2788 2757 2853 Mariae,
2781 2787 2850 2841 de
2864 2802 2978 2856 qua
2996 2789 3163 2839 natus
3180 2788 3266 2838 est
3281 2782 3456 2837 Filius
3470 2770 3595 2850 Dei,
3611 2780 3717 2858 sed

2117 2879 2462 2951 simpliciter,
2479 2877 2600 2932 sine
2616 2876 3018 2942 additamenta,
3036 2874 3105 2928 de
3129 2889 3242 2944 qua
3259 2865 3428 2951 natus
3448 2876 3533 2925 est
3552 2870 3719 2925 Chri-

2117 2949 2244 3024 stus
2262 2988 2276 3037 ;
2308 2966 2445 3023 satis
2468 2973 2661 3022 tamen
2684 2966 2854 3019 datur
2892 2963 3134 3034 intelligi
3163 2949 3305 3034 quia.
3319 2950 3506 3033 ipsum
3534 2959 3718 3014 voluit

2117 3060 2423 3123 declarare,
2453 3072 2620 3128 quem
2634 3054 2938 3127 Apostolus
2957 3052 3091 3111 alibi
3119 3069 3187 3107 ex
3215 3042 3430 3107 semine
3449 3049 3645 3115 David,
3679 3065 3714 3103 a

439 3142 674 3212 gelistze,
698 3143 884 3213 potius
903 3143 1022 3199 vult
1047 3160 1150 3199 nos
1177 3144 1430 3215 accipere
1457 3144 1702 3200 fructum
1733 3145 2034 3217 aliquando
2051 3154 2094 3213 Ο
2117 3148 2355 3209 mortuis
2397 3146 2771 3201 resurrexisse
2808 3147 3072 3209 testatur,
3103 3148 3161 3197 et
3196 3142 3316 3214 ipse
3345 3140 3610 3195 continuo
3640 3139 3718 3193 de

440 3247 545 3303 per
566 3230 909 3302 baptismum
932 3233 1081 3303 apud
1099 3233 1312 3289 ﬂuenta
1336 3234 1596 3301 Iordanis
1621 3252 1792 3305 quam
1818 3237 1889 3290 de
1912 3237 2035 3291 Ma-

442 3319 531 3378 ria
556 3321 787 3393 Virgine
814 3327 1190 3393 procreatum.
1214 3323 1333 3383 Illic
1351 3324 1500 3379 enim
1526 3324 1661 3379 dicit
1693 3324 2035 3396 baptizatum

442 3425 573 3467 eum
602 3427 638 3467 a
665 3411 899 3477 Joanne,
926 3428 1093 3482 quem
1124 3412 1302 3482 David
1331 3412 1510 3467 ﬁlium
1536 3413 1607 3468 ab
1634 3415 1861 3479 exordio
1887 3415 2035 3471 desi-

2117 3237 2330 3309 Spiritu
2349 3240 2541 3291 sancto
2561 3239 2893 3306 conceptum
2913 3250 2977 3289 ac
2995 3238 3192 3287 natum
3211 3246 3276 3286 ex
3291 3230 3469 3285 Maria
3478 3229 3718 3299 Virgine

2115 3328 2240 3382 luce
2261 3326 2466 3381 clarius
2499 3323 2851 3392 manifestat;
2883 3324 2974 3377 cui
3001 3323 3084 3376 rei
3115 3320 3345 3377 adhibet
3370 3319 3517 3375 illico
3546 3318 3719 3373 testi-

2116 3415 2369 3471 monium
2392 3415 2463 3473 de
2490 3414 2773 3486 Propheta
2804 3431 2818 3468 :
2850 3414 2980 3468 Ecce
3002 3415 3157 3480 virgo
3176 3415 3242 3465 in
3262 3415 3420 3464 utero
3448 3411 3719 3477 concipiat

440 3499 653 3569 gnavit,
676 3500 887 3555 factum
902 3501 1204 3572 aliquando
1215 3500 1420 3556 Filium
1432 3502 1534 3557 Dei
1553 3508 1681 3575 post
1698 3520 1877 3558 annos
1895 3504 2036 3558 dun-
2116 3514 2165 3561 at
2187 3508 2372 3575 pariet
2400 3507 2605 3573 ﬁlium,
2630 3509 2679 3557 et
2696 3504 2966 3558 vocabunt
2994 3516 3194 3555 nomen
3212 3504 3328 3569 cjus
3352 3499 3710 3565 Emmanuel,

437 3592 615 3653 taxat,
634 3589 943 3653 secundum
956 3590 1122 3645 Luca‘.
1141 3590 1328 3657 ﬁdem,
1343 3591 1518 3646 ferme
1536 3593 1792 3663 triginta.
1807 3592 1911 3648 Ubi
1934 3610 2035 3648 vox
2116 3596 2261 3665 quod
2277 3600 2354 3649 est
2371 3582 2834 3663 interpretatum:
2859 3592 3149 3646 Nobiscum
3168 3592 3310 3644 Deus
3333 3590 3458 3653 (Isa.
3474 3601 3572 3653 vn,
3595 3585 3714 3657 14).

446 3676 638 3749 divina,
681 3682 806 3746 83
842 3684 977 3734 tunc
1000 3681 1248 3752 primum
1270 3680 1342 3735 ad
1372 3697 1502 3735 eum
1529 3682 1755 3752 delapsa
1795 3683 1984 3738 sonuit
2015 3702 2027 3737 :
2119 3684 2226 3740 Sed
2247 3684 2340 3738 hic
2357 3682 2556 3740 beatus
2578 3672 2892 3747 Matthaeus,
2918 3680 3032 3733 imo
3051 3695 3153 3750 per
3171 3695 3302 3733 eum
3322 3676 3562 3748 Spiritus
3583 3691 3720 3751 san-

439 3767 616 3823 Fitius
653 3784 807 3823 meus
833 3785 887 3823 es
923 3774 1004 3837 tu,
1036 3787 1128 3838 ego
1170 3771 1327 3825 hodie
1370 3774 1542 3839 genui
1579 3776 1644 3826 te.
1680 3772 1848 3826 Vides
1875 3788 2028 3843 ergo,
2117 3779 2257 3841 ctus,
2290 3789 2404 3829 non
2449 3772 2631 3827 solum
2673 3770 2765 3824 hic
2793 3769 2903 3824 alio
2933 3769 3053 3823 sine
3082 3767 3486 3833 additamento,
3512 3780 3718 3820 verum

438 3855 644 3928 inquit,
676 3857 734 3913 id
763 3858 914 3929 quod
943 3864 1141 3915 natum
1172 3864 1259 3929 est
1299 3865 1431 3915 ante
1468 3876 1646 3916 annos
1673 3861 1906 3932 triginta
1949 3864 2034 3929 (ut
2116 3863 2287 3917 etiam
2310 3861 2431 3915 sine
2459 3860 2688 3914 nomine
2718 3860 2868 3926 Jesu,
2904 3843 3052 3929 quod
3081 3855 3289 3927 ubique
3312 3856 3553 3926 jungere
3580 3870 3721 3908 con-

339 3950 344 3954 ’
435 3945 569 4002 huic
597 3947 835 4017 videtur)
857 3948 926 4003 de
952 3948 1149 4016 Maria,
1179 3966 1295 4004 non
1324 3966 1445 4004 esse
1471 3949 1656 4021 ipsum
1686 3948 1890 4004 Filium
1905 3948 2027 4015 Dei,
2114 3950 2313 4015 suevit,
2345 3940 2591 4021 primum
2613 3947 2968 4020 proposuisse
2994 3946 3262 4001 cernitur.
3287 3944 3431 4009 Quia
3453 3960 3582 3997 mox
3607 3959 3722 4014 per

439 4036 539 4090 sed
561 4036 620 4090 id
647 4037 796 4107 quod
825 4037 897 4091 de
918 4037 1254 4108 baptismate
1280 4043 1476 4108 postea
1492 4040 1721 4105 factum,
1744 4039 2032 4093 hominem
2114 4026 2379 4111 angelum
2401 4040 2507 4093 hoc
2533 4026 2741 4093 nomen
2765 4037 2849 4092 illi
2874 4036 3229 4091 inferendum
3248 4038 3394 4100 erat,
3415 4037 3481 4087 ut
3497 4031 3723 4103 glorio-

437 4123 695 4178 videlicet
712 4140 939 4191 novum,
956 4142 1125 4196 quem
1139 4126 1208 4179 de
1225 4126 1559 4195 gentilitatis
1575 4143 1766 4182 errore
1781 4129 2033 4183 conversi
2113 4130 2231 4185 sius
2260 4128 2427 4200 paulo
2455 4131 2584 4200 post
2616 4130 2861 4193 sonaret,
2891 4131 2948 4180 et
2971 4125 3238 4200 divinitus
3264 4139 3471 4178 nomen
3490 4122 3722 4197 accipe-

440 4210 513 4264 ad
526 4211 708 4282 Deum
720 4211 978 4267 videmur
989 4214 1217 4273 credere
1236 4231 1249 4280 ;
1271 4212 1421 4283 quod
1438 4215 1625 4269 nescio
1640 4220 1830 4269 tamen
1839 4221 2033 4271 utrum
2113 4224 2219 4286 ret,
2240 4196 2400 4290 quasi
2420 4196 2485 4272 sit
2505 4216 2794 4289 praesagio,
2817 4215 2913 4287 qui
2942 4214 3093 4275 solus
3112 4198 3564 4269 substantialiter
3583 4196 3722 4278 Sal-

441 4298 579 4357 satis
596 4315 727 4357 cum
755 4316 825 4355 ea
850 4300 962 4356 ﬁde
984 4300 1170 4367 faciat,
1192 4318 1362 4372 quam
1380 4318 1478 4359 vos
1498 4303 1830 4359 catholicam
1856 4305 2035 4359 nomi-
2112 4313 2273 4363 vetor
2290 4307 2656 4379 prophetatus
2674 4305 2859 4361 fuerat
2876 4321 2911 4359 a
2927 4303 3147 4359 saeculo.
3162 4302 3322 4367 Quod
3336 4299 3511 4379 igitur
3522 4300 3721 4371 majus

440 4386 608 4446 natis-
634 4387 745 4455 Sic,
779 4389 984 4460 inquit.
1015 4389 1284 4446 Matthazo
1309 4390 1539 4447 interim
1562 4392 1802 4459 videtur,
1829 4394 1878 4447 si
1899 4399 2032 4453 sunt
2113 4402 2219 4467 est,
2248 4400 2314 4451 ut
2348 4384 2441 4451 hic
2470 4395 2731 4462 assuerit,
2774 4394 2922 4467 quod
2959 4393 3141 4448 factus
3169 4395 3257 4446 est
3281 4390 3454 4445 Filius
3479 4390 3581 4444 Dei
3608 4405 3722 4462 per

439 4477 618 4576 ξξξδίιξδ
972 4495 1077 4535 nec
1103 4480 1162 4576 if!
1184 4485 1351 4552 Ρδηιι
1371 4481 1561 4576 Marias
1580 4482 1797 4576 dictum
1826 4483 2033 4553 legitur
2047 4516 2097 4576 Β
2112 4466 2475 4558 baptismum,
2496 4476 2724 4556 quando
2735 4466 2945 4539 dictum
2964 4487 3051 4536 est
3077 4500 3089 4535 :
3122 4483 3227 4536 Hic
3248 4485 3321 4535 est
3348 4480 3525 4535 Filius
3554 4476 3720 4553 meus

441 4566 584 4626 illud
602 4582 637 4622 Β
654 4567 790 4633 Βεο,
812 4569 990 4639 Filia:
1009 4568 1162 4624 metis
1180 4586 1232 4624 ιε
1253 4576 1333 4637 ιιι,
1358 4578 1430 4637 et,
1461 4570 1565 4626 Hic
1588 4576 1665 4625 est
1683 4573 1859 4632 Filius
1878 4589 2031 4628 meus
2050 4566 2091 4595 τ’
2113 4578 2342 4631 dilectus
2364 4594 2378 4638 ;
2411 4591 2485 4629 an
2505 4574 2653 4645 quod
2676 4574 2829 4628 idem
2855 4570 3157 4644 Apostolus
3178 4569 3431 4624 divinum
3451 4566 3718 4641 adhibuit

442 4656 690 4714 dilectus.
710 4674 737 4712 ι)
761 4658 900 4714 Ecce
928 4658 1020 4713 hic
1045 4675 1213 4730 quam
1232 4659 1586 4715 insanissime
1612 4661 1682 4718 de
1703 4661 1926 4716 Christo
1955 4663 2033 4717 lo-
2112 4664 2498 4720 testimonium
2528 4680 2593 4717 ex
2622 4663 2921 4734 Propheta,
2946 4660 3043 4715 ubi
3070 4660 3190 4731 ipse
3210 4662 3436 4731 partum
3452 4655 3716 4728 Virginis

442 4744 636 4815 quitur
662 4752 720 4802 et
746 4747 871 4802 sine
898 4764 1085 4815 sensu,
1115 4748 1196 4803 ita
1226 4753 1293 4803 ut
1326 4749 1494 4806 nullis
1524 4750 1596 4804 ad
1634 4750 2030 4808 revincendum
2113 4771 2214 4825 per
2228 4753 2491 4823 angelum
2507 4738 2822 4823 appellatur
2833 4751 3125 4805 Nobiscum
3140 4749 3318 4803 Deus?
3335 4746 3553 4818 Quippe
3571 4744 3715 4817 quia

442 4849 709 4904 egeamus
730 4838 1145 4908 Scripturarum
1172 4839 1510 4894 testimoniis
1533 4859 1546 4908 ;
1576 4857 1703 4895 cum
1724 4843 2033 4912 praesertim
2116 4842 2220 4898 etsi
2242 4843 2313 4897 de
2330 4842 2469 4895 caelo
2489 4842 2548 4895 in
2567 4840 2863 4912 baptismo,
2889 4843 2988 4894 aut
3016 4842 3166 4892 certe
3194 4838 3252 4891 in
3273 4841 3464 4911 monte
3484 4832 3711 4909 sonuit:

442 4924 750 4981 Dominum
765 4931 825 4984 et
842 4926 1212 4994 Salvatorem,
1229 4944 1342 4982 non
1360 4929 1528 4983 unius
1545 4930 1790 4985 auctoris
1806 4935 2033 4989 senten-
2088 4973 2093 4977 «
2114 4932 2216 4987 Hic
2242 4937 2317 4985 est
2346 4916 2523 4985 Filius.
2541 4946 2691 4984 meus
2706 4931 2934 4984 dilectus
2953 4931 3018 4982 in
3040 4944 3144 4997 quo
3162 4928 3306 4980 mihi
3326 4928 3453 4980 bene
3474 4929 3719 4994 compta-

442 5012 542 5080 tia,
572 5020 674 5070 aut
699 5014 868 5070 unius
895 5015 1022 5071 libri
1049 5017 1304 5084 assertio,
1335 5019 1432 5072 sed
1460 5020 1642 5073 omnis
1678 5020 1819 5074 Novi
1843 5021 2034 5075 Testa—
2115 5023 2209 5075 cui
2238 5021 2454 5088 (Matth.
2476 5033 2556 5085 III,
2579 5019 2686 5088 '17),
2713 5035 2826 5072 non
2848 5002 3040 5072 tamen
3068 5020 3236 5071 antea
3264 5014 3438 5070 Filius
3462 5012 3567 5069 Dei
3595 5030 3719 5069 non

441 5104 621 5160 menti
644 5105 839 5173 series,
867 5104 1335 5176 evangelistamm
1351 5108 1611 5164 videlicet
1629 5115 1798 5180 atque
1816 5114 2034 5180 aposto-
2113 5109 2239 5175 fuit,
2269 5108 2744 5180 [quandoquidem
2788 5123 2855 5161 ex
2898 5111 3060 5160 utero
3089 5105 3338 5176 Virginis
3371 5104 3467 5179 ille
3496 5104 3718 5177 accepit

442 5191 623 5259 loram
639 5194 913 5262 doctrina,
927 5211 1105 5250 unum
1121 5196 1489 5267 eumdemque
1504 5198 1707 5254 Filium
1722 5197 1821 5253 Dei
1840 5214 2035 5254 secun-
2113 5199 2352 5253 formam
2376 5197 2538 5266 servi,
2563 5199 2679 5267 qui,
2703 5213 2829 5250 cum
2849 5198 2913 5249 in
2931 5197 3115 5263 forma
3136 5196 3235 5250 Dei
3252 5199 3399 5259 esset,
3425 5210 3538 5249 non
3557 5188 3717 5263 rapi-

445 5281 583 5337 dum
602 5283 972 5352 divinitatem,
991 5290 1049 5339 et
1067 5284 1247 5339 tilium
1263 5285 1439 5339 David
1458 5288 1768 5341 secundum
1786 5304 2030 5355 carnem,
2117 5303 2251 5342 nam
2279 5289 2587 5341 arbitratus
2605 5292 2681 5341 cst
2707 5301 2812 5340 esse
2838 5301 2891 5339 se
2910 5287 3172 5353 aqualem
3191 5285 3315 5339 Deo.
3330 5283 3412 5357 De
3432 5298 3542 5355 quo
3559 5280 3713 5339 Pau-

442 5370 654 5443 ubique
693 5374 980 5428 evidenter
1021 5374 1285 5430 afﬁrmat.
1318 5374 1478 5438 Quod
1521 5375 1602 5430 ita
1627 5376 1931 5447 probamus
1968 5393 2035 5431 ex
2116 5377 2205 5431 lus
2226 5377 2511 5448 apostolus
2531 5374 2880 5455 apertissime
2901 5374 3143 5446 denique
3166 5373 3335 5428 dicit:
3361 5373 3500 5428 Cum
3520 5372 3717 5447 autem

447 5462 761 5532 Evangeliis
779 5468 838 5517 et
855 5463 1173 5535 apostolicis
1192 5463 1417 5529 litteris,
1438 5469 1504 5518 ut
1521 5479 1686 5519 nemo
1705 5466 1889 5521 valeat
1906 5483 2034 5521 con-
2115 5468 2263 5520 venit
2276 5467 2562 5535 plenitudo
2576 5460 2859 5535 temporis,
2880 5467 3036 5519 misit
3050 5466 3191 5519 Deus
3212 5463 3420 5517 Filium
3438 5478 3603 5535 suum
3626 5464 3716 5533 fa-

445 5552 739 5620 tnadicere,
756 5554 867 5608 nisi
885 5553 982 5625 qui
1000 5553 1139 5624 ipsis
1153 5552 1483 5608 contradicit
1508 5552 1731 5610 litteris.
1749 5556 1877 5611 Non
1890 5555 2035 5611 sicut
2114 5560 2265 5610 ctum
2278 5571 2346 5611 ex
2356 5558 2607 5622 muliere,
2627 5555 2842 5623 factum
2862 5555 2961 5608 sub
2983 5557 3111 5623 tege.
3127 5552 3358 5627 Factum
3372 5555 3564 5624 autem
3576 5567 3715 5621 eum

447 5640 556 5697 sibi
582 5642 822 5699 Faustus
857 5643 1169 5715 proposuit,
1210 5643 1398 5702 nescio
1438 5658 1608 5714 quem
1649 5659 1831 5715 pauca
1863 5644 2036 5700 verba
2117 5662 2184 5701 ex
2207 5644 2462 5714 muliere,
2486 5659 2601 5700 non
2616 5658 2682 5698 ex
2701 5643 3001 5716 baptismo,
3023 5642 3171 5698 sicut
3187 5640 3279 5696 hic
3305 5640 3579 5713 mentitus
3600 5644 3708 5708 est,
