3966 6206
497 219 576 281 99

1267 214 1326 270 S.
1363 213 1747 272 PASCHASII
1785 210 2146 269 RADBERTI
2183 211 2489 271 ABBATIS
2529 211 3022 274 CORBEIENSIS.

3633 221 3718 282 ιω

497 345 569 400 de
594 341 768 413 stirpe
786 338 982 405 David,
1015 337 1073 393 id
1104 343 1208 404 est,
1229 337 1300 392 de
1313 336 1461 392 tribu
1492 338 1521 392 J
1527 337 1656 402 uda,
1675 341 1732 391 et
1752 335 1988 390 dicimus
2004 334 2091 388 vel
2103 335 2155 396 Α
2174 339 2385 392 ctorem
2403 337 2596 402 alium,
2619 337 2838 392 nullum
2855 334 3208 393 admittimus
3223 337 3581 412 mendacium,
3593 344 3720 399 nulla

496 433 579 489 ita
623 430 872 505 potuisse
910 428 1104 499 accipi,
1155 427 1440 482 Christum
1471 426 1647 480 ﬁlium
1693 424 1867 480 David
1898 423 2089 478 fuisse.

500 521 648 577 Nam
677 520 782 574 etsi
828 524 1011 574 mater
1037 516 1186 571 illius
1215 516 1485 580 Joachim,
1519 531 1685 586 quem
1735 519 1952 584 patrem
1983 514 2096 566 Ma-

499 611 600 666 ria:
642 611 1046 665 commemorat
1081 606 1151 660 de
1181 604 1331 660 tribu
1359 604 1504 658 Juda
1549 609 1605 657 et
1647 619 1855 673 genere
1897 602 2088 665 David,

502 700 695 772 nupsit
716 699 773 752 in
793 698 943 752 tribu
963 695 1230 760 Levi,non
1256 691 1538 747 immerito
1553 691 1804 746 Joachim
1836 697 1892 746 et
1918 690 2099 745 Maria

501 794 559 844 et
585 789 731 844 ﬁlius
769 786 957 842 Mariae
981 784 1147 838 etiam
1178 781 1257 837 sic
1285 797 1352 836 ex
1382 781 1557 835 David
1583 780 1798 835 semine
1827 779 2098 833 veraciter

499 877 883 950 perhibentur.
917 874 1032 928 Hoc
1055 888 1186 941 ergo
1216 871 1422 942 potius,
1455 869 1540 924 vel
1581 869 1692 923 tale
1743 869 1957 939 aliquid
1983 884 2097 921 cre-

501 967 747 1022 dendum
770 968 908 1028 erat,
932 961 977 1016 si
1008 960 1156 1015 illius
1189 959 1520 1031 apocrypha:
1542 958 1832 1028 scriptura:
1860 955 2098 1011 auctori-

499 1061 633 1122 tate,
667 1053 763 1109 ubi
791 1050 1043 1107 Joachim
1096 1054 1257 1120 pater
1296 1047 1486 1102 Maria:
1515 1047 1742 1117 legitur,
1777 1052 2092 1100 coarctare-

501 1160 646 1209 mur,
698 1158 867 1214 quam
917 1137 1143 1194 mentiri
1174 1136 1559 1206 Evangelium,
1591 1135 1649 1190 in
1679 1153 1788 1208 quo
1827 1135 2098 1205 scriptum

499 1239 584 1288 est
602 1234 794 1287 Jesum
825 1229 1112 1284 Christum
1139 1226 1486 1281 Salvatorem
1508 1230 1764 1279 nostrum
1791 1224 2099 1278 secundum

498 1337 728 1377 carnem
759 1336 824 1373 ex
860 1316 1076 1372 semine
1105 1314 1280 1370 David
1312 1320 1684 1385 procreatum.
1722 1314 1798 1368 Ex
1826 1330 1935 1384 quo
1968 1329 2101 1383 pro-

496 1409 641 1467 fecto
693 1409 872 1478 liquet
899 1406 1033 1475 quia
1081 1403 1297 1458 falsitas
1329 1403 1623 1457 veritatem
1654 1419 1767 1456 non
1797 1402 2000 1473 quaerit
2040 1401 2100 1457 in

497 1497 905 1556 testimonium.
939 1495 1058 1548 Imo
1089 1492 1258 1547 dubia
1281 1497 1380 1546 aut
1417 1498 1564 1546 certe
1594 1491 1699 1546 sibi
1733 1491 2002 1545 mendosa
2027 1490 2096 1544 ad

498 1586 868 1643 muniendum
883 1599 1129 1638 errorem
1153 1582 1380 1653 quaerit;
1406 1581 1540 1652 quia
1567 1581 1801 1635 veritate
1825 1584 2098 1650 praesente

2176 424 2496 480 seducimur
2517 427 2792 493 falsitate;
2813 427 2911 481 sed
2933 426 3212 483 credimus
3239 433 3291 484 et
3314 431 3617 486 confitemur
3635 431 3720 486 hoc

2178 515 2327 585 quod
2376 516 2553 570 credit
2603 516 2936 571 universalis
2979 516 3243 582 Ecclesia,
3280 535 3400 590 quae
3446 536 3501 574 se
3534 519 3721 574 laetatur

2177 602 2384 674 ubique
2415 604 2472 659 in
2503 622 2728 660 omnem
2784 605 3072 660 veritatem
3123 607 3357 673 venisse,
3398 613 3454 662 et
3478 609 3722 664 tramitem

2181 693 2309 747 fidei
2364 694 2624 765 puritatis
2669 695 2944 750 indeflexe
2982 695 3054 750 ad
3107 699 3280 752 finem
3315 713 3487 768 usque
3517 713 3721 752 servare.

2181 782 2503 838 Sufﬁciebat
2532 801 2664 854 ergo
2694 783 2854 838 nobis
2885 785 3033 855 quod
3073 785 3389 858 Scripturae,
3424 803 3538 857 qua:
3566 785 3726 841 dicunt

2181 871 2464 927 Christum
2504 890 2569 927 ex
2597 873 2812 928 semine
2843 873 3018 928 David
3067 873 3256 940 fuisse,
3307 881 3364 929 et
3417 874 3604 946 quibus
3628 891 3728 930 cre-

2177 959 2384 1028 dimus,
2415 963 2570 1016 nulla
2599 967 2834 1033 possunt
2863 978 3112 1034 unquam
3142 962 3212 1016 ab
3241 963 3477 1018 inimicis
3521 963 3728 1018 falsitate

2177 1049 2452 1121 convinci,
2481 1050 2585 1105 etsi
2630 1051 2817 1105 minus
2860 1051 3236 1122 potuissemus
3265 1052 3319 1107 id
3360 1052 3503 1124 quod
3530 1053 3730 1107 dicimus

2181 1139 2496 1208 expressius
2520 1139 2578 1194 in
2598 1139 2808 1194 eisdem
2823 1139 3030 1194 litteris
3047 1140 3426 1211 signiﬁcatum
3455 1141 3731 1197 ostendere.

2181 1228 2344 1282 Nunc
2385 1234 2598 1296 autem,
2633 1228 2768 1300 quia
2815 1229 2940 1300 ipsa
2993 1229 3285 1300 Scriptura
3331 1229 3514 1284 divina
3561 1245 3648 1300 per
3685 1246 3735 1283 se

2181 1315 2390 1387 ubique
2436 1317 2725 1372 Christum
2776 1323 3019 1373 testatur
3073 1336 3138 1373 ex
3175 1320 3356 1374 David
3408 1318 3604 1374 semine
3637 1318 3736 1373 fore

2180 1411 2396 1471 natum,
2425 1412 2483 1460 et
2509 1407 2568 1460 in
2593 1406 2802 1461 eisdem
2834 1406 3039 1461 litteris
3057 1407 3403 1463 locutionum
3431 1407 3636 1462 indiciis
3654 1407 3735 1460 de-

2180 1491 2582 1560 prehendimus
2631 1490 2944 1546 evidentius
3003 1492 3060 1547 id
3107 1510 3452 1565 expressum,
3483 1499 3738 1547 teneamus

2180 1579 2487 1634 clarissimo
2517 1580 2775 1635 eumdem
2799 1586 2968 1652 atque
2997 1580 3302 1638 fortissimo
3323 1582 3643 1637 documento
3663 1579 3741 1633 de-

497 1677 714 1734 falsitas
735 1676 881 1730 illico
901 1671 1516 1744 superatur.Alioquin,
1541 1671 1648 1724 nisi
1668 1666 2481 1745 veritatemsub-Bsignatum,
2516 1685 2681 1739 quem
2730 1669 2971 1740 legimus
3008 1669 3215 1742 ubique
3255 1671 3316 1726 in
3347 1670 3534 1726 Veteri
3576 1670 3742 1724 Testa-

499 1766 786 1838 terfugiat,
818 1765 1001 1819 locum
1047 1761 1354 1815 mentiendi
1392 1759 1598 1814 habere
1644 1775 1756 1814 non
1794 1764 1997 1831 potest.
2031 1757 2100 1813 Et

498 1857 626 1913 ideo
673 1856 935 1918 Faustus,
976 1868 1104 1906 cum
1131 1855 1278 1905 esset
1303 1850 1568 1920 deceptus
1595 1849 1665 1903 ab
1692 1865 1758 1903 eo
1801 1847 1896 1919 qui
1925 1847 1981 1901 in
2011 1864 2100 1900 ve-

497 1947 668 2002 ritate
713 1960 826 1998 non
875 1946 1005 2006 stat,
1056 1941 1240 1994 lucem
1279 1939 1529 1993 veritatis
1563 1940 1708 1993 ferre
1755 1954 1867 1992 non
1908 1937 2100 1991 valens

497 2034 660 2091 ﬁnxit
690 2032 795 2088 sibi
834 2030 1086 2086 veritatis
1115 2029 1501 2098 Evangelium,
1548 2044 1613 2082 ac
1640 2026 1688 2082 si
1715 2026 1919 2081 falsum
1950 2029 2098 2080 esset

497 2128 556 2179 et
596 2120 982 2195 apocryphum
1011 2118 1170 2183 illud,
1203 2118 1355 2172 velut
1398 2133 1611 2182 verum,
1649 2115 1755 2170 sibi
1800 2113 1994 2168 ascivit
2036 2113 2097 2167 in

496 2210 916 2275 testimonium;
949 2213 1013 2262 ut
1031 2206 1238 2278 ubique
1259 2205 1462 2259 dubius
1487 2222 1553 2259 ex
1581 2203 1752 2258 dubio
1775 2205 2096 2256 ﬁrmaretur

494 2300 557 2357 in
594 2299 960 2362 dubietatem,
992 2302 1050 2350 et
1089 2312 1154 2349 ex
1199 2294 1488 2348 mendacio
1518 2293 1820 2347 mendosus
1849 2292 2000 2346 velut
2029 2291 2098 2345 de

496 2406 666 2463 poena
683 2385 894 2460 peccati
916 2385 972 2440 in
994 2383 1287 2439 mendacio
1305 2383 1531 2454 gravius
1547 2383 1904 2453 plecteretur.
1929 2379 2100 2434 Nulla

498 2479 652 2536 enim
678 2477 914 2532 societas
943 2474 1080 2529 lucis
1110 2473 1180 2528 ad
1201 2471 1479 2537 tenebras,
1515 2477 1572 2526 et
1598 2471 1723 2525 ideo
1748 2486 1969 2542 semper
1997 2486 2099 2524 ca:-

497 2570 641 2626 citas
671 2568 808 2622 dum
837 2564 1016 2636 magis
1045 2563 1162 2618 suis
1189 2562 1245 2616 in
1276 2560 1521 2616 tenebris
1561 2560 1883 2626 involvitur,
1916 2559 2098 2613 lucem

501 2675 615 2714 non
670 2657 817 2710 valet
854 2653 1173 2724 conspicere
1231 2650 1500 2705 veritatis.
1547 2649 1852 2713 Nimirum,
1889 2648 2021 2719 quia
2049 2647 2097 2701 si

494 2763 621 2802 eam
643 2744 988 2816 conspiceret
1001 2747 1065 2796 ut
1082 2746 1185 2807 est,
1207 2741 1326 2811 jam
1345 2740 1538 2810 utique
1562 2739 1779 2793 caecitas
1800 2754 1912 2792 non
1928 2740 2093 2791 esset.

498 2836 645 2902 Quia
683 2833 787 2889 etsi
818 2831 1125 2904 pervicacia
1155 2829 1360 2884 mentis
1392 2828 1553 2899 quasi
1581 2828 1779 2898 ignara
1807 2825 2097 2880 conscien-

493 2927 578 2980 tia
626 2940 770 2994 szepe
801 2926 997 2977 contra
1047 2919 1341 2973 veritatem
1389 2915 1724 2983 obluctatur,
1777 2920 1862 2969 est
1905 2920 2097 2968 tamen

2181 1763 2393 1822 mento,
2439 1757 2605 1825 sicut,
2637 1758 2792 1812 venit
2833 1775 2899 1812 ex
2929 1759 3171 1830 Virgine,
3201 1766 3260 1814 et
3285 1760 3508 1832 quando
3538 1757 3674 1812 venit
3689 1773 3743 1810 ex

2180 1853 2451 1919 tempore,
2475 1852 2533 1902 et
2555 1845 2653 1901 ubi
2681 1846 2834 1901 venit
2861 1847 2920 1902 in
2931 1852 3200 1920 tempore,
3230 1848 3553 1903 ﬁrmissime
3577 1861 3745 1918 repro-

2181 1936 2432 1990 missum.
2494 1937 2619 1990 Non
2649 1936 2896 2006 quidem,
2929 1942 2989 1992 ut
3028 1937 3135 1992 iste
3180 1937 3574 2002 calumniatur,
3609 1941 3745 1990 utero

2181 2024 2432 2078 mulieris
2452 2024 2728 2091 inclusus,
2759 2025 2919 2096 quasi
2950 2031 3107 2080 extra
3135 2043 3244 2080 non
3275 2027 3450 2081 fuerit
3465 2041 3624 2098 quem
3643 2022 3750 2078 caeli

2179 2130 2244 2168 ac
2271 2118 2425 2168 terra
2455 2118 2583 2179 89
2607 2131 2720 2168 non
2755 2114 3001 2186 capiunt,
3034 2115 3128 2170 sed
3167 2117 3316 2187 quod
3344 2115 3409 2172 in
3436 2133 3496 2172 se
3525 2130 3748 2179 manens,

2181 2207 2238 2256 et
2264 2203 2413 2274 apud
2468 2203 2692 2258 Patrem
2733 2221 2996 2274 regnans,
3029 2210 3087 2259 et
3115 2205 3438 2260 universam
3467 2209 3754 2261 creaturam

2179 2308 2398 2362 regens,
2433 2292 2717 2363 pertingat
2744 2309 2778 2345 a
2805 2294 2914 2348 fine
2941 2309 3120 2364 usque
3146 2294 3216 2348 ad
3248 2296 3422 2350 finem
3454 2295 3679 2356 fortiter,
3707 2295 3756 2346 et

2179 2380 2441 2452 disponat
2465 2381 2655 2436 omnia
2673 2382 2938 2436 suaviter.
2957 2393 3020 2441 In
3044 2385 3204 2454 cujus
3228 2384 3592 2455 dispositione
3611 2382 3757 2436 mira-

2181 2469 2292 2524 bile
2343 2469 2468 2536 fuit,
2519 2471 2668 2541 quod
2699 2476 2938 2526 matrem
2973 2472 3080 2526 sibi
3123 2472 3180 2527 in
3224 2479 3381 2528 terra
3426 2473 3642 2538 creavit,
3673 2486 3758 2542 per

2185 2575 2352 2630 quam
2382 2564 2440 2613 et
2465 2560 2534 2614 de
2565 2577 2676 2631 qua
2703 2561 2940 2616 formam
2971 2561 3116 2616 servi
3165 2563 3467 2634 acciperet,
3499 2568 3562 2618 ut
3588 2575 3756 2616 servos

2182 2665 2282 2720 per
2305 2666 2428 2702 eam
2458 2648 2742 2716 liberaret,
2765 2656 2934 2722 atque
2958 2650 3173 2706 devicta
3202 2657 3382 2707 morte
3414 2671 3516 2708 nos
3545 2650 3760 2706 redime-

2182 2741 2286 2791 ret.
2332 2737 2441 2791 Sed
2487 2737 2620 2808 quia
2646 2738 2869 2808 longius
2907 2738 2978 2792 ab
3008 2739 3338 2811 expositoris
3369 2741 3574 2806 officio,
3607 2740 3760 2794 ﬂante

2181 2824 2422 2895 Spiritus
2435 2842 2591 2892 aura,
2615 2827 2974 2898 prosiluimus
2989 2827 3048 2882 in
3063 2829 3425 2885 conclusione
3446 2830 3612 2900 hujus
3625 2825 3758 2890 libri,

2181 2913 2341 2983 quasi
2385 2913 2443 2968 in
2482 2914 2668 2968 media
2697 2915 2896 2970 domus
2920 2917 3115 2987 janua,
3166 2923 3502 2989 sequentem
3556 2931 3761 2972 versum

497 3012 655 3067 testis
697 3010 823 3075 sibi,
859 3009 1009 3080 quod
1049 3007 1122 3060 ad
1170 3008 1352 3060 lucem
1406 3005 1555 3059 foras
1587 3003 1775 3058 venire
1822 3003 2156 3074 detrectatc
2179 3001 2425 3056 itatenus
2453 3002 2584 3057 hinc
2609 3003 2738 3058 inde
2763 3005 3154 3076 respicientem
3182 3006 3442 3063 vivimus.

501 3101 597 3171 qui
623 3099 777 3153 intus
801 3097 858 3150 in
890 3113 950 3150 se
978 3095 1236 3150 falsitatis
1263 3093 1525 3148 tenebras
1556 3097 1760 3164 portat,
1795 3093 1940 3146 Nam
1973 3090 2096 3162 ipsa

497 3204 603 3242 sua
630 3188 753 3242 luce
781 3184 961 3254 magis
991 3188 1230 3238 caecatur
1252 3182 1506 3253 quisque,
1550 3181 1685 3235 dum
1715 3186 1773 3234 et
1802 3186 1926 3247 88
1954 3178 2098 3234 veri-

497 3283 676 3332 tatem
706 3292 820 3331 non
851 3275 1093 3346 ignorat,
1128 3277 1185 3326 et
1212 3277 1405 3326 tamen
1432 3269 1694 3324 falsitatis
1709 3269 1910 3324 umbra
1937 3284 2098 3323 men-

494 3367 688 3422 tiendo
719 3365 914 3420 fallere
945 3361 1266 3434 quempiam
1296 3376 1407 3414 non
1439 3359 1723 3414 formidat.
1757 3360 1900 3413 Hinc
1926 3358 2101 3429 igitur

500 3454 761 3526 est,quod
776 3454 1101 3520 Faustus,et
1115 3466 1255 3522 pene
1273 3449 1455 3504 omnis
1468 3448 1858 3503 haereticorum
1879 3447 2090 3515 schola,

495 3544 682 3600 conati
725 3549 876 3609 sunt,
911 3557 1025 3596 non
1071 3541 1253 3595 solum
1303 3537 1692 3608 evangelistas,
1724 3537 2094 3592 verumetiam

490 3633 794 3706 apostolos,
840 3637 898 3686 et
926 3629 1178 3685 omnium
1208 3627 1617 3682 catholicorum
1651 3627 1950 3698 magistros
1979 3627 2091 3683 vio-

491 3724 610 3779 lare
629 3739 693 3778 ac
713 3737 1089 3792 corrumpere.
1110 3718 1535 3790 Dissipaverunt
1554 3717 1744 3788 itaque
1768 3718 2086 3789 Evangelia,

490 3817 863 3885 corruperunt
875 3809 1256 3882 apostolorum
1275 3807 1714 3879 Epistolas,quas
1733 3823 1844 3860 non
1857 3807 2086 3873 Christi,

489 3903 587 3958 sed
607 3919 738 3958 suas
767 3900 1020 3974 proprias
1045 3915 1167 3954 esse
1197 3899 1469 3952 fecerunt.
1491 3895 1633 3960 Quia
1653 3895 1925 3966 quidquid
1955 3912 2089 3949 con-

488 3992 727 4048 trarium
758 3991 816 4045 in
841 3990 921 4045 eis
945 4005 1048 4043 suo
1068 3986 1318 4058 dogmati
1340 3990 1626 4048 sonuerat,
1655 3983 1880 4054 penitus
1911 3999 2092 4038 crase-

488 4086 642 4136 runt.
677 4082 753 4133 Ac
793 4077 994 4132 deinde
1038 4075 1240 4128 fortius
1286 4078 1731 4143 corrumpentes,
1781 4071 1906 4126 ausi
1958 4077 2093 4126 sunt

489 4169 676 4224 dicere
711 4185 722 4219 :
755 4166 885 4220 Haec
911 4181 1042 4235 pars
1072 4161 1358 4231 Evangelii
1378 4161 1647 4222 Matthtei,
1673 4165 1773 4214 aut
1792 4161 1954 4215 Luca:
1982 4166 2086 4228 est,

491 4262 592 4312 aut
620 4253 849 4310 alterius
869 4251 1373 4323 evangelistarum;
1401 4249 1518 4303 haec
1539 4265 1667 4302 vero
1691 4263 1872 4318 neque
1893 4249 2085 4320 ipsius,

2248 3091 2456 3145 Christi
2495 3098 2681 3147 autem
2722 3099 3002 3161 generatio
3039 3098 3117 3150 sic
3169 3101 3307 3150 erat.
3343 3098 3426 3152 Ac
3466 3097 3516 3152 si
3549 3095 3761 3159 diceret,

2174 3180 2464 3250 generatio
2493 3197 2592 3252 per
2637 3199 2807 3253 quam
2838 3183 3098 3239 Christus
3137 3185 3329 3240 venire
3370 3186 3642 3257 dignatus
3671 3189 3764 3248 est,

2180 3268 2258 3322 sic
2278 3273 2400 3323 erat
2417 3275 2482 3323 ut
2501 3286 2601 3340 per
2619 3271 2825 3342 Joseph
2837 3288 2902 3326 ex
2918 3273 3093 3328 David
3111 3274 3286 3346 stirpe
3298 3291 3536 3330 carnem
3555 3273 3769 3330 duxisse

2183 3363 2613 3426 monstraretur,
2641 3364 2698 3414 et
2718 3359 2840 3432 ipsa
2867 3377 2979 3416 non
3008 3377 3109 3433 per
3136 3362 3399 3419 eumdem
3425 3364 3660 3438 Joseph,
3677 3361 3771 3418 sed

2181 3446 2250 3499 de
2303 3446 2515 3517 Spiritu
2555 3454 2746 3502 sancto
2787 3449 3074 3505 Christum
3123 3451 3442 3523 concepisse
3495 3453 3768 3509 credatur.

2176 3535 2320 3600 Quid
2351 3536 2523 3606 igitur
2542 3537 2788 3608 pertinet
2810 3539 2880 3593 ad
2905 3540 3191 3596 Christum
3207 3543 3506 3612 generatio
3519 3560 3584 3598 ex
3605 3539 3774 3597 David

2175 3624 2432 3692 deducta,
2481 3626 2528 3679 si
2571 3643 2672 3698 per
2721 3627 2928 3698 Joseph
2962 3628 3119 3701 origo
3148 3630 3337 3685 Mariae
3380 3647 3499 3687 non
3537 3631 3776 3686 creditur

2171 3713 2575 3769 descendisse?
2607 3716 2766 3780 Quod
2803 3717 2992 3772 volens
3044 3719 3388 3790 evangelista
3422 3718 3776 3776 manifestius

2172 3803 2503 3874 exprimere,
2539 3803 2766 3871 Christi,
2794 3806 2894 3873 ait,
2925 3811 3204 3876 generatio
3227 3811 3306 3863 sic
3333 3815 3474 3866 (rat.
3517 3809 3611 3866 Sic
3639 3813 3774 3872 erat,

2172 3891 2422 3961 inquam,
2456 3898 2521 3946 ut
2564 3909 2628 3946 ex
2674 3894 2880 3966 Joseph
2919 3895 3075 3968 origo
3107 3896 3296 3952 Maria:
3339 3897 3694 3963 claresceret,
3723 3902 3778 3950 et

2173 3979 2428 4034 Christus
2449 3997 2563 4035 non
2580 3999 2644 4036 ex
2663 3984 2711 4054 ej
2721 4000 2784 4038 us
2797 3984 3135 4050 semine,sed
3147 4003 3216 4041 ex
3232 3985 3471 4058 virgine,
3486 3988 3640 4044 sicut
3658 4002 3779 4058 pro-

2173 4067 2406 4124 missum
2441 4069 2648 4138 fuerat,
2681 4072 2750 4126 de
2785 4073 2996 4144 Spiritu
3026 4080 3220 4129 sancto
3243 4081 3551 4148 conceptus
3583 4077 3777 4147 utique

2175 4165 2518 4216 nasceretur.
2552 4161 2814 4216 Nascitur
2841 4168 3032 4218 autem
3065 4164 3214 4219 Deus
3255 4170 3313 4219 et
3345 4165 3535 4222 homo.
3567 4166 3778 4221 Idcirco

2177 4264 2359 4303 sermo
2371 4250 2752 4321 generationis
2765 4251 2835 4305 ad
2849 4258 3148 4324 utramque
3163 4253 3404 4309 refertur
3422 4258 3782 4320 naturam,ut

489 4362 674 4416 neque
699 4342 971 4398 catholica
997 4347 1099 4395 est.
1135 4339 1203 4394 Et
1244 4339 1496 4393 fecerunt
1537 4335 1642 4390 sibi
1680 4333 1870 4390 omnia
1899 4337 2087 4404 dubia,
2107 4331 2158 4391 D
2174 4353 2408 4407 peream
2421 4345 2637 4410 partem
2652 4356 2762 4411 qua
2771 4341 3152 4411 generationis
3163 4341 3369 4398 ordoin
3388 4360 3560 4400 carne
3573 4341 3784 4399 descri~

489 4442 557 4492 ut
583 4436 654 4490 ad
674 4432 962 4489 scientiam
978 4429 1229 4485 veritatis
1251 4445 1524 4499 nusquam
1543 4425 1905 4496 attingerent.
1934 4427 2091 4482 Unde

490 4530 648 4598 patet
677 4523 809 4595 quia
838 4538 951 4576 non
979 4521 1206 4576 fuerunt
1233 4517 1501 4572 illustrati
1523 4521 1715 4572 sancto
1743 4514 1974 4586 Spiritu,
1998 4533 2092 4573 ne-

492 4632 601 4688 que
653 4611 985 4680 illuminati;
1021 4609 1224 4664 idcirco
1279 4604 1437 4662 eXtra
1490 4610 1902 4671 remanserunt,
1943 4605 2092 4662 infra

491 4722 622 4760 suas
667 4701 928 4758 tenebras
958 4699 1283 4754 oberrantes
1352 4699 1427 4751 At
1455 4713 1583 4751 vero
1635 4699 1829 4750 sancta
1856 4695 1956 4750 Dei
1987 4697 2089 4751 Ec-

491 4793 662 4850 clesia
709 4791 778 4846 ab
810 4791 973 4844 initio
1013 4789 1146 4860 quia
1175 4787 1446 4858 Spiritum
1477 4785 1577 4840 Dei
1621 4784 1888 4857 percepit,
1922 4786 2088 4841 nullis

489 4897 741 4954 unquam
770 4884 1025 4934 movetur
1043 4875 1346 4938 erroribus,
1382 4873 1551 4929 nullis
1578 4873 1857 4945 decipitur
1882 4873 2090 4928 fraudi-

488 4970 615 5036 bus,
646 4969 815 5024 nullis
842 4968 1095 5040 privatur
1121 4964 1430 5038 promissis.
1462 4963 1686 5018 Veritas
1715 4963 1919 5035 quippe
1949 4963 2089 5018 veri-

489 5065 666 5116 tatem
695 5056 1137 5130 repromittendo
1183 5054 1397 5108 credita
1427 5057 1531 5118 est,
1563 5058 1620 5106 et
1648 5052 1771 5107 ideo
1803 5052 1971 5107 nullis
2001 5052 2088 5107 of-

489 5148 739 5204 fuscetur
762 5145 1056 5203 erratibus.
1087 5144 1182 5199 Ait
1209 5142 1360 5197 enim
1387 5161 1398 5196 :
1429 5143 1536 5210 Ego
1561 5144 1782 5196 mittam
1807 5144 2086 5211 Spiritum

485 5241 851 5308 paraclctum,
883 5234 1162 5304 Spiritum
1210 5234 1476 5293 veritatis,
1510 5236 1559 5284 ct
1605 5233 1717 5297 ipse
1756 5233 1958 5286 docebit
1995 5249 2083 5286 vos

489 5343 707 5382 omnem
737 5329 1022 5381 veritatem
1055 5324 1233 5392 (Joan.
1268 5334 1376 5383 xvt,
1410 5316 1517 5385 13).
1551 5319 1702 5373 Nihil
1728 5319 1902 5390 igitur
1931 5326 2088 5376 extra

490 5430 717 5471 omnem
733 5413 1026 5469 veritatem
1040 5417 1125 5466 est
1143 5410 1253 5464 nisi
1275 5410 1397 5463 sola
1413 5407 1655 5474 falsitas;
1675 5413 1731 5460 et
1749 5408 1874 5463 ideo
1887 5418 2088 5480 praeter

496 5501 774 5578 Spiritum
801 5505 1076 5583 δειμαίνω,
1106 5499 1328 5581 nullum
1352 5495 1652 5571 recipimus
1669 5495 1792 5580 jam
1815 5497 1965 5581 ultra,
1993 5499 2089 5582 do.

2176 4429 2346 4498 bitur,
2367 4432 2534 4488 homo
2557 4433 2727 4490 fuisse
2747 4441 3120 4490 monstretur:
3144 4453 3245 4508 per
3270 4454 3396 4492 eam
3418 4455 3550 4493 vero
3573 4455 3693 4510 qua
3711 4437 3782 4491 de

2175 4519 2387 4590 Spiritu
2406 4528 2598 4577 sancto
2609 4539 2674 4577 ex
2688 4523 2904 4594 virgine
2920 4525 3074 4579 conci
3079 4525 3254 4597 pitur.
3274 4527 3422 4580 Deus
3437 4527 3786 4583 manifestis-

2173 4608 2311 4663 sime
2332 4609 2658 4665 declaretur.
2673 4611 2742 4666 Et
2757 4613 3066 4669 notandum
3081 4615 3230 4686 quod
3247 4632 3359 4670 non
3374 4615 3522 4671 sicut
3531 4617 3784 4672 Faustus

2174 4698 2393 4764 astruit,
2428 4715 2528 4770 per
2557 4702 3043 4771 regenerationem
3079 4704 3324 4775 Spiritus
3370 4707 3550 4760 sancti
3582 4706 3650 4761 in
3679 4705 3787 4760 ba-

2171 4787 2378 4858 ptismo
2403 4787 2581 4842 factus
2601 4795 2688 4844 est
2714 4790 2886 4845 Filius
2914 4792 3014 4848 Dei
3037 4809 3050 4845 :
3073 4795 3172 4848 sed
3196 4787 3316 4866 jam
3339 4795 3563 4867 quando
3595 4794 3788 4850 conci-

2160 4876 2342 4958 .pitur,
2374 4882 2524 4932 totus
2545 4877 2806 4951 idemque
2835 4887 2921 4935 est
2942 4881 3037 4952 qui
3067 4883 3136 4938 de
3157 4883 3370 4956 Spiritu
3398 4890 3595 4940 sancto
3606 4899 3790 4956 gene-

2169 4971 2344 5020 ratur.
2381 4967 2450 5022 Et
2480 4966 2606 5023 ideo
2637 4985 2749 5024 non
2781 4969 2840 5024 in
2865 4969 3140 5043 baptismo
3170 4974 3250 5040 ﬁt,
3277 4990 3472 5029 verum
3511 4991 3576 5028 ex
3612 4979 3791 5029 utero

2171 5054 2416 5125 Virginis
2448 5056 2698 5112 nascitur
2730 5058 3000 5127 Verbum,
3028 5077 3157 5116 caro
3186 5062 3417 5117 factum.
3452 5063 3522 5118 Et
3543 5079 3652 5134 per
3677 5063 3791 5118 hoc

2169 5145 2317 5215 quod
2349 5145 2592 5201 Verbum
2632 5152 2737 5213 est,
2771 5164 2902 5203 eum
2933 5149 3035 5204 Dei
3065 5151 3268 5207 Filium
3299 5158 3430 5208 ante
3469 5152 3683 5207 saecula
3715 5152 3794 5208 de

2170 5233 2336 5288 Patre
2361 5240 2554 5290 natum
2575 5236 2855 5293 credimus
2890 5255 2902 5291 :
2936 5256 3037 5310 per
3066 5240 3170 5295 hoc
3216 5259 3346 5297 vero
3371 5243 3505 5314 quia
3523 5258 3661 5297 caro
3694 5241 3792 5297 fa-

2167 5328 2320 5378 ctum
2340 5329 2442 5391 est,
2476 5330 2672 5380 natum
2702 5343 2769 5380 ex
2813 5327 3043 5399 Virgine
3075 5329 3241 5387 hodie
3282 5331 3342 5388 in
3368 5337 3627 5405 tempore
3661 5333 3794 5404 ple-

2169 5411 2400 5467 nissime
2427 5414 2778 5469 conﬁtemur.
2801 5416 3011 5472 Christi
3031 5417 3185 5474 enim
3205 5436 3414 5478 nomen
3432 5421 3791 5485 solum,sine

2169 5499 2553 5585 additamenta
2579 5504 2727 5582 Josu,
2741 5510 2806 5566 ut
3109 5509 3201 5569 hic
3216 5509 3473 5588 posuisse
3493 5509 3788 5582 creditur,
