  <div class='ocr_page' id='page_1' title='image "/cluster/home/n/w/nwhite01/storage/ocr_20150623/120/hvd.32044054759824/056.png"; bbox 0 0 3966 6206; ppageno 0'>
   <div class='ocr_carea' id='block_1_1' title="bbox 203 223 289 286">
    <p class='ocr_par' dir='ltr' id='par_1_1' title="bbox 203 223 289 286">
     <span class='ocr_line' id='line_1_1' title="bbox 203 223 289 286; baseline -0.047 0"><span class='ocrx_word' id='word_1_1' title='bbox 203 223 289 286; x_wconf 81' lang='grc'><strong>101</strong></span> 
     </span>
    </p>
   </div>
   <div class='ocr_carea' id='block_1_2' title="bbox 992 230 2664 323">
    <p class='ocr_par' dir='ltr' id='par_1_2' title="bbox 992 230 2664 323">
     <span class='ocr_line' id='line_1_2' title="bbox 992 230 2664 323; baseline 0.002 -36"><span class='ocrx_word' id='word_1_2' title='bbox 992 230 1373 290; x_wconf 82' lang='lat' dir='ltr'><strong>EXPOSITIO</strong></span> <span class='ocrx_word' id='word_1_3' title='bbox 1410 233 1490 291; x_wconf 84' lang='lat' dir='ltr'><strong>IN</strong></span> <span class='ocrx_word' id='word_1_4' title='bbox 1527 234 1978 323; x_wconf 62' lang='lat' dir='ltr'><strong>MA’I&#39;I‘HIEUM.</strong></span> <span class='ocrx_word' id='word_1_5' title='bbox 2019 262 2087 279; x_wconf 91' lang='lat'><strong>-</strong></span> <span class='ocrx_word' id='word_1_6' title='bbox 2124 233 2263 292; x_wconf 83' lang='lat' dir='ltr'><strong>LIB.</strong></span> <span class='ocrx_word' id='word_1_7' title='bbox 2305 235 2379 303; x_wconf 92' lang='lat' dir='ltr'><strong>II,</strong></span> <span class='ocrx_word' id='word_1_8' title='bbox 2420 235 2579 291; x_wconf 80' lang='lat' dir='ltr'><strong>CAP.</strong></span> <span class='ocrx_word' id='word_1_9' title='bbox 2619 235 2664 291; x_wconf 93' lang='lat' dir='ltr'><strong>I.</strong></span> 
     </span>
    </p>
   </div>
   <div class='ocr_carea' id='block_1_3' title="bbox 3365 235 3469 296">
    <p class='ocr_par' dir='ltr' id='par_1_3' title="bbox 3365 235 3469 296">
     <span class='ocr_line' id='line_1_3' title="bbox 3365 235 3469 296; baseline -0.01 0"><span class='ocrx_word' id='word_1_10' title='bbox 3365 235 3469 296; x_wconf 71' lang='lat'><strong>103</strong></span> 
     </span>
    </p>
   </div>
   <div class='ocr_carea' id='block_1_4' title="bbox 197 350 3467 431">
    <p class='ocr_par' dir='ltr' id='par_1_4' title="bbox 197 350 3467 431">
     <span class='ocr_line' id='line_1_4' title="bbox 197 350 3467 431; baseline 0.003 -23"><span class='ocrx_word' id='word_1_11' title='bbox 197 357 255 408; x_wconf 91' lang='lat' dir='ltr'><strong>ut</strong></span> <span class='ocrx_word' id='word_1_12' title='bbox 272 367 397 407; x_wconf 90' lang='lat' dir='ltr'><strong>eum</strong></span> <span class='ocrx_word' id='word_1_13' title='bbox 417 350 790 425; x_wconf 83' lang='lat' dir='ltr'><strong>intelligeres,</strong></span> <span class='ocrx_word' id='word_1_14' title='bbox 825 354 894 410; x_wconf 89' lang='lat' dir='ltr'><strong>de</strong></span> <span class='ocrx_word' id='word_1_15' title='bbox 924 372 1033 429; x_wconf 90' lang='lat' dir='ltr'><strong>quo</strong></span> <span class='ocrx_word' id='word_1_16' title='bbox 1054 357 1336 428; x_wconf 83' lang='lat' dir='ltr'><strong>Propheta</strong></span> <span class='ocrx_word' id='word_1_17' title='bbox 1357 356 1593 424; x_wconf 80' lang='lat' dir='ltr'><strong>dixerat,</strong></span> <span class='ocrx_word' id='word_1_18' title='bbox 1625 358 2062 431; x_wconf 69' lang='lat' dir='ltr'><strong>UnritAgentia</strong></span> <span class='ocrx_word' id='word_1_19' title='bbox 2089 358 2270 413; x_wconf 89' lang='lat' dir='ltr'><strong>carnis</strong></span> <span class='ocrx_word' id='word_1_20' title='bbox 2283 358 2418 430; x_wconf 90' lang='lat' dir='ltr'><strong>quid</strong></span> <span class='ocrx_word' id='word_1_21' title='bbox 2440 358 2710 430; x_wconf 82' lang='lat' dir='ltr'><strong>requiret,</strong></span> <span class='ocrx_word' id='word_1_22' title='bbox 2729 356 2826 413; x_wconf 93' lang='lat' dir='ltr'><strong>ubi</strong></span> <span class='ocrx_word' id='word_1_23' title='bbox 2875 361 3058 414; x_wconf 88' lang='lat' dir='ltr'><strong>totum</strong></span> <span class='ocrx_word' id='word_1_24' title='bbox 3086 363 3174 415; x_wconf 82' lang='lat' dir='ltr'><strong>est</strong></span> <span class='ocrx_word' id='word_1_25' title='bbox 3211 359 3467 417; x_wconf 89' lang='lat' dir='ltr'><strong>divinum</strong></span> 
     </span>
    </p>
   </div>
   <div class='ocr_carea' id='block_1_5' title="bbox 200 443 1784 516">
    <p class='ocr_par' dir='ltr' id='par_1_5' title="bbox 200 443 1784 516">
     <span class='ocr_line' id='line_1_5' title="bbox 200 443 1784 516; baseline 0.005 -20"><span class='ocrx_word' id='word_1_26' title='bbox 200 448 240 496; x_wconf 85' lang='lat' dir='ltr'><strong>te</strong></span> <span class='ocrx_word' id='word_1_27' title='bbox 264 443 401 496; x_wconf 84' lang='lat' dir='ltr'><strong>Deus</strong></span> <span class='ocrx_word' id='word_1_28' title='bbox 441 447 573 497; x_wconf 87' lang='lat' dir='ltr'><strong>tuus</strong></span> <span class='ocrx_word' id='word_1_29' title='bbox 591 447 706 498; x_wconf 82' lang='lat' dir='ltr'><strong>oleo</strong></span> <span class='ocrx_word' id='word_1_30' title='bbox 735 448 935 500; x_wconf 59' lang='lat' dir='ltr'><strong>latitia</strong></span> <span class='ocrx_word' id='word_1_31' title='bbox 954 463 1072 515; x_wconf 69' lang='lat' dir='ltr'><strong>prae</strong></span> <span class='ocrx_word' id='word_1_32' title='bbox 1099 449 1440 501; x_wconf 71' lang='lat' dir='ltr'><strong>consortibus</strong></span> <span class='ocrx_word' id='word_1_33' title='bbox 1474 451 1584 502; x_wconf 85' lang='lat' dir='ltr'><strong>tuis</strong></span> <span class='ocrx_word' id='word_1_34' title='bbox 1620 450 1784 516; x_wconf 82' lang='lat' dir='ltr'><strong>(Psal.</strong></span> 
     </span>
    </p>
   </div>
   <div class='ocr_carea' id='block_1_6' title="bbox 198 531 1789 606">
    <p class='ocr_par' dir='ltr' id='par_1_6' title="bbox 198 531 1789 606">
     <span class='ocr_line' id='line_1_6' title="bbox 198 531 1789 606; baseline 0.004 -21"><span class='ocrx_word' id='word_1_35' title='bbox 198 547 327 598; x_wconf 61' lang='grc' dir='ltr'><strong>κων,</strong></span> <span class='ocrx_word' id='word_1_36' title='bbox 360 531 414 599; x_wconf 88' lang='grc'><strong>9)</strong></span> <span class='ocrx_word' id='word_1_37' title='bbox 451 538 549 598; x_wconf 91' lang='lat' dir='ltr'><strong>;et</strong></span> <span class='ocrx_word' id='word_1_38' title='bbox 584 549 793 588; x_wconf 86' lang='lat' dir='ltr'><strong>nomen</strong></span> <span class='ocrx_word' id='word_1_39' title='bbox 823 535 976 597; x_wconf 88' lang='lat' dir='ltr'><strong>Jesu,</strong></span> <span class='ocrx_word' id='word_1_40' title='bbox 1007 535 1155 606; x_wconf 90' lang='lat' dir='ltr'><strong>quod</strong></span> <span class='ocrx_word' id='word_1_41' title='bbox 1204 535 1654 591; x_wconf 88' lang='lat' dir='ltr'><strong>substantialiter</strong></span> <span class='ocrx_word' id='word_1_42' title='bbox 1705 537 1789 592; x_wconf 82' lang='lat' dir='ltr'><strong>illi</strong></span> 
     </span>
    </p>
   </div>
   <div class='ocr_carea' id='block_1_7' title="bbox 197 620 1789 698">
    <p class='ocr_par' dir='ltr' id='par_1_7' title="bbox 197 620 1789 698">
     <span class='ocr_line' id='line_1_7' title="bbox 197 620 1789 698; baseline 0.004 -24"><span class='ocrx_word' id='word_1_43' title='bbox 197 620 388 680; x_wconf 90' lang='lat' dir='ltr'><strong>inerat,</strong></span> <span class='ocrx_word' id='word_1_44' title='bbox 422 622 935 692; x_wconf 86' lang='lat' dir='ltr'><strong>angelodicendum</strong></span> <span class='ocrx_word' id='word_1_45' title='bbox 960 629 1301 680; x_wconf 81' lang='lat' dir='ltr'><strong>reservaret:</strong></span> <span class='ocrx_word' id='word_1_46' title='bbox 1345 631 1408 680; x_wconf 90' lang='lat' dir='ltr'><strong>ut</strong></span> <span class='ocrx_word' id='word_1_47' title='bbox 1438 626 1534 696; x_wconf 85' lang='lat' dir='ltr'><strong>qui</strong></span> <span class='ocrx_word' id='word_1_48' title='bbox 1564 627 1632 680; x_wconf 92' lang='lat' dir='ltr'><strong>de</strong></span> <span class='ocrx_word' id='word_1_49' title='bbox 1664 626 1789 698; x_wconf 83' lang='lat' dir='ltr'><strong>Spi-</strong></span> 
     </span>
    </p>
   </div>
   <div class='ocr_carea' id='block_1_8' title="bbox 198 709 1790 784">
    <p class='ocr_par' dir='ltr' id='par_1_8' title="bbox 198 709 1790 784">
     <span class='ocr_line' id='line_1_8' title="bbox 198 709 1790 784; baseline 0.003 -21"><span class='ocrx_word' id='word_1_50' title='bbox 198 709 298 764; x_wconf 86' lang='lat' dir='ltr'><strong>ritu</strong></span> <span class='ocrx_word' id='word_1_51' title='bbox 310 716 507 764; x_wconf 87' lang='lat' dir='ltr'><strong>sancto</strong></span> <span class='ocrx_word' id='word_1_52' title='bbox 524 711 692 781; x_wconf 88' lang='lat' dir='ltr'><strong>paulo</strong></span> <span class='ocrx_word' id='word_1_53' title='bbox 707 717 832 783; x_wconf 88' lang='lat' dir='ltr'><strong>post</strong></span> <span class='ocrx_word' id='word_1_54' title='bbox 852 719 1182 784; x_wconf 91' lang='lat' dir='ltr'><strong>conceptum</strong></span> <span class='ocrx_word' id='word_1_55' title='bbox 1203 730 1332 768; x_wconf 90' lang='lat' dir='ltr'><strong>eum</strong></span> <span class='ocrx_word' id='word_1_56' title='bbox 1350 714 1602 768; x_wconf 88' lang='lat' dir='ltr'><strong>dicturus</strong></span> <span class='ocrx_word' id='word_1_57' title='bbox 1649 721 1790 781; x_wconf 89' lang='lat' dir='ltr'><strong>erat,</strong></span> 
     </span>
    </p>
   </div>
   <div class='ocr_carea' id='block_1_9' title="bbox 196 798 1796 874">
    <p class='ocr_par' dir='ltr' id='par_1_9' title="bbox 196 798 1796 874">
     <span class='ocr_line' id='line_1_9' title="bbox 196 798 1796 874; baseline 0.004 -22"><span class='ocrx_word' id='word_1_58' title='bbox 196 798 305 870; x_wconf 92' lang='lat' dir='ltr'><strong>ipse</strong></span> <span class='ocrx_word' id='word_1_59' title='bbox 334 799 607 854; x_wconf 88' lang='lat' dir='ltr'><strong>divinitus</strong></span> <span class='ocrx_word' id='word_1_60' title='bbox 627 801 1075 856; x_wconf 88' lang='lat' dir='ltr'><strong>consubtantiale</strong></span> <span class='ocrx_word' id='word_1_61' title='bbox 1105 819 1310 856; x_wconf 86' lang='lat' dir='ltr'><strong>nomen</strong></span> <span class='ocrx_word' id='word_1_62' title='bbox 1327 803 1470 872; x_wconf 82' lang='lat' dir='ltr'><strong>ejus.</strong></span> <span class='ocrx_word' id='word_1_63' title='bbox 1502 804 1653 858; x_wconf 90' lang='lat' dir='ltr'><strong>velut</strong></span> <span class='ocrx_word' id='word_1_64' title='bbox 1670 821 1796 874; x_wconf 89' lang='lat' dir='ltr'><strong>pro-</strong></span> 
     </span>
    </p>
   </div>
   <div class='ocr_carea' id='block_1_10' title="bbox 197 887 1796 964">
    <p class='ocr_par' dir='ltr' id='par_1_10' title="bbox 197 887 1796 964">
     <span class='ocr_line' id='line_1_10' title="bbox 197 887 1796 964; baseline 0.004 -23"><span class='ocrx_word' id='word_1_65' title='bbox 197 887 394 959; x_wconf 91' lang='lat' dir='ltr'><strong>prium,</strong></span> <span class='ocrx_word' id='word_1_66' title='bbox 429 895 486 943; x_wconf 90' lang='lat' dir='ltr'><strong>et</strong></span> <span class='ocrx_word' id='word_1_67' title='bbox 501 890 826 944; x_wconf 80' lang='lat' dir='ltr'><strong>salvationis</strong></span> <span class='ocrx_word' id='word_1_68' title='bbox 854 891 1054 956; x_wconf 73' lang='lat' dir='ltr'><strong>otﬁbio,</strong></span> <span class='ocrx_word' id='word_1_69' title='bbox 1085 891 1231 946; x_wconf 80' lang='lat' dir='ltr'><strong>sicut</strong></span> <span class='ocrx_word' id='word_1_70' title='bbox 1259 897 1381 945; x_wconf 90' lang='lat' dir='ltr'><strong>erat</strong></span> <span class='ocrx_word' id='word_1_71' title='bbox 1407 891 1466 944; x_wconf 93' lang='lat' dir='ltr'><strong>in</strong></span> <span class='ocrx_word' id='word_1_72' title='bbox 1513 896 1643 957; x_wconf 75' lang='lat'><strong>90</strong></span> <span class='ocrx_word' id='word_1_73' title='bbox 1670 909 1796 964; x_wconf 86' lang='lat' dir='ltr'><strong>pro-</strong></span> 
     </span>
    </p>
   </div>
   <div class='ocr_carea' id='block_1_11' title="bbox 196 977 1794 1051">
    <p class='ocr_par' dir='ltr' id='par_1_11' title="bbox 196 977 1794 1051">
     <span class='ocr_line' id='line_1_11' title="bbox 196 977 1794 1051; baseline 0.004 -21"><span class='ocrx_word' id='word_1_74' title='bbox 196 977 373 1048; x_wconf 85' lang='lat' dir='ltr'><strong>phetis</strong></span> <span class='ocrx_word' id='word_1_75' title='bbox 391 979 798 1049; x_wconf 87' lang='lat' dir='ltr'><strong>repromissum</strong></span> <span class='ocrx_word' id='word_1_76' title='bbox 828 979 1087 1034; x_wconf 91' lang='lat' dir='ltr'><strong>omnibus</strong></span> <span class='ocrx_word' id='word_1_77' title='bbox 1138 980 1280 1035; x_wconf 89' lang='lat' dir='ltr'><strong>scire</strong></span> <span class='ocrx_word' id='word_1_78' title='bbox 1309 979 1659 1051; x_wconf 89' lang='lat' dir='ltr'><strong>cupientibus</strong></span> <span class='ocrx_word' id='word_1_79' title='bbox 1698 998 1794 1036; x_wconf 89' lang='lat' dir='ltr'><strong>su-</strong></span> 
     </span>
    </p>
   </div>
   <div class='ocr_carea' id='block_1_12' title="bbox 198 1065 1794 1140">
    <p class='ocr_par' dir='ltr' id='par_1_12' title="bbox 198 1065 1794 1140">
     <span class='ocr_line' id='line_1_12' title="bbox 198 1065 1794 1140; baseline 0.004 -21"><span class='ocrx_word' id='word_1_80' title='bbox 198 1065 415 1120; x_wconf 88' lang='lat' dir='ltr'><strong>blimius</strong></span> <span class='ocrx_word' id='word_1_81' title='bbox 445 1068 779 1122; x_wconf 79' lang='lat' dir='ltr'><strong>declararet.</strong></span> <span class='ocrx_word' id='word_1_82' title='bbox 799 1069 974 1124; x_wconf 91' lang='lat' dir='ltr'><strong>Porro</strong></span> <span class='ocrx_word' id='word_1_83' title='bbox 1001 1069 1287 1124; x_wconf 85' lang='lat' dir='ltr'><strong>interdum</strong></span> <span class='ocrx_word' id='word_1_84' title='bbox 1313 1069 1794 1140; x_wconf 85' lang='lat' dir='ltr'><strong>evangelista,imo</strong></span> 
     </span>
    </p>
   </div>
   <div class='ocr_carea' id='block_1_13' title="bbox 198 1157 1793 1229">
    <p class='ocr_par' dir='ltr' id='par_1_13' title="bbox 198 1157 1793 1229">
     <span class='ocr_line' id='line_1_13' title="bbox 198 1157 1793 1229; baseline 0.002 -20"><span class='ocrx_word' id='word_1_85' title='bbox 198 1172 288 1226; x_wconf 87' lang='lat' dir='ltr'><strong>per</strong></span> <span class='ocrx_word' id='word_1_86' title='bbox 311 1173 448 1210; x_wconf 90' lang='lat' dir='ltr'><strong>eum</strong></span> <span class='ocrx_word' id='word_1_87' title='bbox 483 1157 730 1226; x_wconf 85' lang='lat' dir='ltr'><strong>Spiritus</strong></span> <span class='ocrx_word' id='word_1_88' title='bbox 764 1164 1010 1223; x_wconf 90' lang='lat' dir='ltr'><strong>sanctus,</strong></span> <span class='ocrx_word' id='word_1_89' title='bbox 1055 1158 1150 1229; x_wconf 89' lang='lat' dir='ltr'><strong>qui</strong></span> <span class='ocrx_word' id='word_1_90' title='bbox 1187 1174 1315 1212; x_wconf 91' lang='lat' dir='ltr'><strong>eum</strong></span> <span class='ocrx_word' id='word_1_91' title='bbox 1358 1158 1700 1212; x_wconf 86' lang='lat' dir='ltr'><strong>conduxerat</strong></span> <span class='ocrx_word' id='word_1_92' title='bbox 1734 1159 1793 1214; x_wconf 91' lang='lat' dir='ltr'><strong>in</strong></span> 
     </span>
    </p>
   </div>
   <div class='ocr_carea' id='block_1_14' title="bbox 199 1244 1793 1313">
    <p class='ocr_par' dir='ltr' id='par_1_14' title="bbox 199 1244 1793 1313">
     <span class='ocr_line' id='line_1_14' title="bbox 199 1244 1793 1313; baseline 0.003 -16"><span class='ocrx_word' id='word_1_93' title='bbox 199 1260 411 1298; x_wconf 88' lang='lat' dir='ltr'><strong>omnem</strong></span> <span class='ocrx_word' id='word_1_94' title='bbox 427 1244 742 1313; x_wconf 82' lang='lat' dir='ltr'><strong>veritatem,</strong></span> <span class='ocrx_word' id='word_1_95' title='bbox 756 1247 910 1301; x_wconf 90' lang='lat' dir='ltr'><strong>velut</strong></span> <span class='ocrx_word' id='word_1_96' title='bbox 919 1247 1049 1301; x_wconf 90' lang='lat' dir='ltr'><strong>hinc</strong></span> <span class='ocrx_word' id='word_1_97' title='bbox 1060 1247 1189 1302; x_wconf 92' lang='lat' dir='ltr'><strong>inde</strong></span> <span class='ocrx_word' id='word_1_98' title='bbox 1203 1247 1274 1301; x_wconf 89' lang='lat' dir='ltr'><strong>ad</strong></span> <span class='ocrx_word' id='word_1_99' title='bbox 1291 1247 1793 1302; x_wconf 87' lang='lat' dir='ltr'><strong>demonstrandum</strong></span> 
     </span>
    </p>
   </div>
   <div class='ocr_carea' id='block_1_15' title="bbox 199 1334 1795 1404">
    <p class='ocr_par' dir='ltr' id='par_1_15' title="bbox 199 1334 1795 1404">
     <span class='ocr_line' id='line_1_15' title="bbox 199 1334 1795 1404; baseline 0.002 -16"><span class='ocrx_word' id='word_1_100' title='bbox 199 1334 358 1400; x_wconf 90' lang='lat' dir='ltr'><strong>intus,</strong></span> <span class='ocrx_word' id='word_1_101' title='bbox 396 1334 635 1400; x_wconf 83' lang='lat' dir='ltr'><strong>Christi,</strong></span> <span class='ocrx_word' id='word_1_102' title='bbox 680 1335 779 1402; x_wconf 89' lang='lat' dir='ltr'><strong>ait,</strong></span> <span class='ocrx_word' id='word_1_103' title='bbox 815 1340 1094 1404; x_wconf 75' lang='lat' dir='ltr'><strong>generatio</strong></span> <span class='ocrx_word' id='word_1_104' title='bbox 1132 1339 1210 1390; x_wconf 86' lang='lat' dir='ltr'><strong>sic</strong></span> <span class='ocrx_word' id='word_1_105' title='bbox 1248 1342 1387 1390; x_wconf 85' lang='lat' dir='ltr'><strong>erat.</strong></span> <span class='ocrx_word' id='word_1_106' title='bbox 1426 1336 1517 1391; x_wconf 90' lang='lat' dir='ltr'><strong>Sic</strong></span> <span class='ocrx_word' id='word_1_107' title='bbox 1537 1343 1676 1402; x_wconf 89' lang='lat' dir='ltr'><strong>erat,</strong></span> <span class='ocrx_word' id='word_1_108' title='bbox 1711 1337 1795 1391; x_wconf 92' lang='lat' dir='ltr'><strong>in-</strong></span> 
     </span>
    </p>
   </div>
   <div class='ocr_carea' id='block_1_16' title="bbox 198 1425 1793 1496">
    <p class='ocr_par' dir='ltr' id='par_1_16' title="bbox 198 1425 1793 1496">
     <span class='ocr_line' id='line_1_16' title="bbox 198 1425 1793 1496; baseline 0.002 -19"><span class='ocrx_word' id='word_1_109' title='bbox 198 1440 376 1494; x_wconf 87' lang='lat' dir='ltr'><strong>quam,</strong></span> <span class='ocrx_word' id='word_1_110' title='bbox 411 1430 479 1478; x_wconf 89' lang='lat' dir='ltr'><strong>ut</strong></span> <span class='ocrx_word' id='word_1_111' title='bbox 510 1425 838 1495; x_wconf 65' lang='lat' dir='ltr'><strong>prescripta</strong></span> <span class='ocrx_word' id='word_1_112' title='bbox 868 1430 982 1493; x_wconf 89' lang='lat' dir='ltr'><strong>est;</strong></span> <span class='ocrx_word' id='word_1_113' title='bbox 1019 1425 1096 1480; x_wconf 92' lang='lat' dir='ltr'><strong>sic</strong></span> <span class='ocrx_word' id='word_1_114' title='bbox 1115 1425 1310 1496; x_wconf 80' lang='lat' dir='ltr'><strong>utique</strong></span> <span class='ocrx_word' id='word_1_115' title='bbox 1325 1430 1390 1479; x_wconf 91' lang='lat' dir='ltr'><strong>ut</strong></span> <span class='ocrx_word' id='word_1_116' title='bbox 1415 1425 1681 1480; x_wconf 89' lang='lat' dir='ltr'><strong>continuo</strong></span> <span class='ocrx_word' id='word_1_117' title='bbox 1698 1426 1793 1480; x_wconf 89' lang='lat' dir='ltr'><strong>lit-</strong></span> 
     </span>
    </p>
   </div>
   <div class='ocr_carea' id='block_1_17' title="bbox 195 1512 1792 1585">
    <p class='ocr_par' dir='ltr' id='par_1_17' title="bbox 195 1512 1792 1585">
     <span class='ocr_line' id='line_1_17' title="bbox 195 1512 1792 1585; baseline 0.001 -19"><span class='ocrx_word' id='word_1_118' title='bbox 195 1512 318 1566; x_wconf 85' lang='lat' dir='ltr'><strong>teris</strong></span> <span class='ocrx_word' id='word_1_119' title='bbox 354 1513 772 1580; x_wconf 80' lang='lat' dir='ltr'><strong>commendata,</strong></span> <span class='ocrx_word' id='word_1_120' title='bbox 806 1514 952 1568; x_wconf 89' lang='lat' dir='ltr'><strong>sicut</strong></span> <span class='ocrx_word' id='word_1_121' title='bbox 992 1520 1186 1585; x_wconf 88' lang='lat' dir='ltr'><strong>postea</strong></span> <span class='ocrx_word' id='word_1_122' title='bbox 1213 1513 1386 1584; x_wconf 87' lang='lat' dir='ltr'><strong>signis</strong></span> <span class='ocrx_word' id='word_1_123' title='bbox 1417 1520 1474 1567; x_wconf 91' lang='lat' dir='ltr'><strong>et</strong></span> <span class='ocrx_word' id='word_1_124' title='bbox 1520 1514 1792 1585; x_wconf 89' lang='lat' dir='ltr'><strong>prodigiis</strong></span> 
     </span>
    </p>
   </div>
   <div class='ocr_carea' id='block_1_18' title="bbox 195 1601 1784 1670">
    <p class='ocr_par' dir='ltr' id='par_1_18' title="bbox 195 1601 1784 1670">
     <span class='ocr_line' id='line_1_18' title="bbox 195 1601 1784 1670; baseline 0.001 -16"><span class='ocrx_word' id='word_1_125' title='bbox 195 1601 546 1656; x_wconf 83' lang='lat' dir='ltr'><strong>manifestius</strong></span> <span class='ocrx_word' id='word_1_126' title='bbox 567 1609 808 1656; x_wconf 89' lang='lat' dir='ltr'><strong>ostensa.</strong></span> <span class='ocrx_word' id='word_1_127' title='bbox 834 1604 1042 1657; x_wconf 70' lang='lat' dir='ltr'><strong>Christi</strong></span> <span class='ocrx_word' id='word_1_128' title='bbox 1059 1607 1244 1657; x_wconf 85' lang='lat' dir='ltr'><strong>autem</strong></span> <span class='ocrx_word' id='word_1_129' title='bbox 1254 1605 1537 1670; x_wconf 78' lang='lat' dir='ltr'><strong>generatio</strong></span> <span class='ocrx_word' id='word_1_130' title='bbox 1557 1605 1635 1656; x_wconf 87' lang='lat' dir='ltr'><strong>sic</strong></span> <span class='ocrx_word' id='word_1_131' title='bbox 1646 1607 1784 1656; x_wconf 84' lang='lat' dir='ltr'><strong>erat.</strong></span> 
     </span>
    </p>
   </div>
   <div class='ocr_carea' id='block_1_19' title="bbox 1873 446 3462 522">
    <p class='ocr_par' dir='ltr' id='par_1_19' title="bbox 1873 446 3462 522">
     <span class='ocr_line' id='line_1_19' title="bbox 1873 446 3462 522; baseline 0.003 -20"><span class='ocrx_word' id='word_1_132' title='bbox 1873 454 2041 520; x_wconf 90' lang='lat' dir='ltr'><strong>atque</strong></span> <span class='ocrx_word' id='word_1_133' title='bbox 2095 447 2371 502; x_wconf 71' lang='lat' dir='ltr'><strong>ineffabile</strong></span> <span class='ocrx_word' id='word_1_134' title='bbox 2419 449 2567 520; x_wconf 89' lang='lat' dir='ltr'><strong>quod</strong></span> <span class='ocrx_word' id='word_1_135' title='bbox 2615 446 2928 502; x_wconf 84' lang='lat' dir='ltr'><strong>narratur?</strong></span> <span class='ocrx_word' id='word_1_136' title='bbox 2976 449 3201 516; x_wconf 79' lang='lat' dir='ltr'><strong>Christi,</strong></span> <span class='ocrx_word' id='word_1_137' title='bbox 3259 449 3462 522; x_wconf 89' lang='lat' dir='ltr'><strong>inquit,</strong></span> 
     </span>
    </p>
   </div>
   <div class='ocr_carea' id='block_1_20' title="bbox 1870 536 3468 608">
    <p class='ocr_par' dir='ltr' id='par_1_20' title="bbox 1870 536 3468 608">
     <span class='ocr_line' id='line_1_20' title="bbox 1870 536 3468 608; baseline 0.003 -17"><span class='ocrx_word' id='word_1_138' title='bbox 1870 541 2146 605; x_wconf 84' lang='lat' dir='ltr'><strong>generatio</strong></span> <span class='ocrx_word' id='word_1_139' title='bbox 2175 540 2252 590; x_wconf 89' lang='lat' dir='ltr'><strong>sic</strong></span> <span class='ocrx_word' id='word_1_140' title='bbox 2279 543 2417 592; x_wconf 85' lang='lat' dir='ltr'><strong>erat.</strong></span> <span class='ocrx_word' id='word_1_141' title='bbox 2467 539 2664 608; x_wconf 87' lang='lat' dir='ltr'><strong>Itaque</strong></span> <span class='ocrx_word' id='word_1_142' title='bbox 2709 543 2773 592; x_wconf 91' lang='lat' dir='ltr'><strong>ut</strong></span> <span class='ocrx_word' id='word_1_143' title='bbox 2808 536 2975 592; x_wconf 83' lang='lat' dir='ltr'><strong>altius</strong></span> <span class='ocrx_word' id='word_1_144' title='bbox 3033 537 3304 605; x_wconf 84' lang='lat' dir='ltr'><strong>dicamus,</strong></span> <span class='ocrx_word' id='word_1_145' title='bbox 3354 557 3468 596; x_wconf 90' lang='lat' dir='ltr'><strong>non</strong></span> 
     </span>
    </p>
   </div>
   <div class='ocr_carea' id='block_1_21' title="bbox 1875 625 3469 698">
    <p class='ocr_par' dir='ltr' id='par_1_21' title="bbox 1875 625 3469 698">
     <span class='ocr_line' id='line_1_21' title="bbox 1875 625 3469 698; baseline 0.003 -19"><span class='ocrx_word' id='word_1_146' title='bbox 1875 626 2034 691; x_wconf 79' lang='lat' dir='ltr'><strong>dixit,</strong></span> <span class='ocrx_word' id='word_1_147' title='bbox 2054 625 2132 680; x_wconf 90' lang='lat' dir='ltr'><strong>sic</strong></span> <span class='ocrx_word' id='word_1_148' title='bbox 2166 625 2310 679; x_wconf 80' lang='lat' dir='ltr'><strong>facta</strong></span> <span class='ocrx_word' id='word_1_149' title='bbox 2339 632 2441 691; x_wconf 91' lang='lat' dir='ltr'><strong>est,</strong></span> <span class='ocrx_word' id='word_1_150' title='bbox 2477 627 2574 680; x_wconf 90' lang='lat' dir='ltr'><strong>sed</strong></span> <span class='ocrx_word' id='word_1_151' title='bbox 2600 627 2679 680; x_wconf 89' lang='lat' dir='ltr'><strong>sic</strong></span> <span class='ocrx_word' id='word_1_152' title='bbox 2707 633 2846 692; x_wconf 89' lang='lat' dir='ltr'><strong>erat,</strong></span> <span class='ocrx_word' id='word_1_153' title='bbox 2871 627 3002 698; x_wconf 90' lang='lat' dir='ltr'><strong>quia</strong></span> <span class='ocrx_word' id='word_1_154' title='bbox 3045 627 3251 682; x_wconf 86' lang='lat' dir='ltr'><strong>Christi</strong></span> <span class='ocrx_word' id='word_1_155' title='bbox 3293 645 3469 698; x_wconf 87' lang='lat' dir='ltr'><strong>gene-</strong></span> 
     </span>
    </p>
   </div>
   <div class='ocr_carea' id='block_1_22' title="bbox 1876 714 3471 788">
    <p class='ocr_par' dir='ltr' id='par_1_22' title="bbox 1876 714 3471 788">
     <span class='ocr_line' id='line_1_22' title="bbox 1876 714 3471 788; baseline 0.004 -22"><span class='ocrx_word' id='word_1_156' title='bbox 1876 714 2022 768; x_wconf 89' lang='lat' dir='ltr'><strong>ratio</strong></span> <span class='ocrx_word' id='word_1_157' title='bbox 2043 720 2166 768; x_wconf 85' lang='lat' dir='ltr'><strong>erat</strong></span> <span class='ocrx_word' id='word_1_158' title='bbox 2185 715 2332 784; x_wconf 88' lang='lat' dir='ltr'><strong>apud</strong></span> <span class='ocrx_word' id='word_1_159' title='bbox 2367 716 2612 781; x_wconf 88' lang='lat' dir='ltr'><strong>Patrem,</strong></span> <span class='ocrx_word' id='word_1_160' title='bbox 2646 715 2868 787; x_wconf 85' lang='lat' dir='ltr'><strong>quando</strong></span> <span class='ocrx_word' id='word_1_161' title='bbox 2902 733 3002 786; x_wconf 91' lang='lat' dir='ltr'><strong>per</strong></span> <span class='ocrx_word' id='word_1_162' title='bbox 3027 715 3170 770; x_wconf 90' lang='lat' dir='ltr'><strong>hanc</strong></span> <span class='ocrx_word' id='word_1_163' title='bbox 3222 718 3471 788; x_wconf 66' lang='lat' dir='ltr'><strong>praescri-</strong></span> 
     </span>
    </p>
   </div>
   <div class='ocr_carea' id='block_1_23' title="bbox 1878 803 3470 874">
    <p class='ocr_par' dir='ltr' id='par_1_23' title="bbox 1878 803 3470 874">
     <span class='ocr_line' id='line_1_23' title="bbox 1878 803 3470 874; baseline 0.004 -19"><span class='ocrx_word' id='word_1_164' title='bbox 1878 809 2030 872; x_wconf 89' lang='lat' dir='ltr'><strong>ptam</strong></span> <span class='ocrx_word' id='word_1_165' title='bbox 2041 803 2427 873; x_wconf 79' lang='lat' dir='ltr'><strong>genealogiam</strong></span> <span class='ocrx_word' id='word_1_166' title='bbox 2438 803 2815 874; x_wconf 89' lang='lat' dir='ltr'><strong>generabatur</strong></span> <span class='ocrx_word' id='word_1_167' title='bbox 2825 821 2889 858; x_wconf 80' lang='lat' dir='ltr'><strong>ex</strong></span> <span class='ocrx_word' id='word_1_168' title='bbox 2902 805 3267 870; x_wconf 89' lang='lat' dir='ltr'><strong>matre.Quod</strong></span> <span class='ocrx_word' id='word_1_169' title='bbox 3278 811 3470 862; x_wconf 89' lang='lat' dir='ltr'><strong>autem</strong></span> 
     </span>
    </p>
   </div>
   <div class='ocr_carea' id='block_1_24' title="bbox 1878 891 3471 966">
    <p class='ocr_par' dir='ltr' id='par_1_24' title="bbox 1878 891 3471 966">
     <span class='ocr_line' id='line_1_24' title="bbox 1878 891 3471 966; baseline 0.004 -22"><span class='ocrx_word' id='word_1_170' title='bbox 1878 897 2018 957; x_wconf 88' lang='lat' dir='ltr'><strong>erat,</strong></span> <span class='ocrx_word' id='word_1_171' title='bbox 2041 891 2234 962; x_wconf 87' lang='lat' dir='ltr'><strong>utique</strong></span> <span class='ocrx_word' id='word_1_172' title='bbox 2251 909 2474 962; x_wconf 84' lang='lat' dir='ltr'><strong>semper</strong></span> <span class='ocrx_word' id='word_1_173' title='bbox 2495 899 2634 946; x_wconf 90' lang='lat' dir='ltr'><strong>erat.</strong></span> <span class='ocrx_word' id='word_1_174' title='bbox 2662 894 2895 964; x_wconf 83' lang='lat' dir='ltr'><strong>Semper</strong></span> <span class='ocrx_word' id='word_1_175' title='bbox 2931 911 3062 964; x_wconf 90' lang='lat' dir='ltr'><strong>ergo</strong></span> <span class='ocrx_word' id='word_1_176' title='bbox 3095 900 3234 962; x_wconf 89' lang='lat' dir='ltr'><strong>erat,</strong></span> <span class='ocrx_word' id='word_1_177' title='bbox 3265 896 3360 966; x_wconf 91' lang='lat' dir='ltr'><strong>qui</strong></span> <span class='ocrx_word' id='word_1_178' title='bbox 3406 899 3471 950; x_wconf 86' lang='lat' dir='ltr'><strong>in</strong></span> 
     </span>
    </p>
   </div>
   <div class='ocr_carea' id='block_1_25' title="bbox 1872 982 3464 1052">
    <p class='ocr_par' dir='ltr' id='par_1_25' title="bbox 1872 982 3464 1052">
     <span class='ocr_line' id='line_1_25' title="bbox 1872 982 3464 1052; baseline 0.004 -20"><span class='ocrx_word' id='word_1_179' title='bbox 1872 983 2154 1049; x_wconf 81' lang='lat' dir='ltr'><strong>principio</strong></span> <span class='ocrx_word' id='word_1_180' title='bbox 2181 985 2301 1033; x_wconf 83' lang='lat' dir='ltr'><strong>erat</strong></span> <span class='ocrx_word' id='word_1_181' title='bbox 2342 982 2566 1034; x_wconf 84' lang='lat' dir='ltr'><strong>Verbum</strong></span> <span class='ocrx_word' id='word_1_182' title='bbox 2595 987 2642 1035; x_wconf 84' lang='lat' dir='ltr'><strong>et</strong></span> <span class='ocrx_word' id='word_1_183' title='bbox 2683 983 2909 1037; x_wconf 82' lang='lat' dir='ltr'><strong>Verbum</strong></span> <span class='ocrx_word' id='word_1_184' title='bbox 2940 989 3059 1038; x_wconf 82' lang='lat' dir='ltr'><strong>erat</strong></span> <span class='ocrx_word' id='word_1_185' title='bbox 3096 985 3246 1052; x_wconf 87' lang='lat' dir='ltr'><strong>apud</strong></span> <span class='ocrx_word' id='word_1_186' title='bbox 3271 986 3464 1050; x_wconf 84' lang='lat' dir='ltr'><strong>Deum,</strong></span> 
     </span>
    </p>
   </div>
   <div class='ocr_carea' id='block_1_26' title="bbox 1877 1069 3469 1141">
    <p class='ocr_par' dir='ltr' id='par_1_26' title="bbox 1877 1069 3469 1141">
     <span class='ocr_line' id='line_1_26' title="bbox 1877 1069 3469 1141; baseline 0.004 -20"><span class='ocrx_word' id='word_1_187' title='bbox 1877 1073 1926 1121; x_wconf 85' lang='lat' dir='ltr'><strong>ct</strong></span> <span class='ocrx_word' id='word_1_188' title='bbox 1949 1071 2088 1123; x_wconf 83' lang='lat' dir='ltr'><strong>Deus</strong></span> <span class='ocrx_word' id='word_1_189' title='bbox 2109 1074 2225 1123; x_wconf 83' lang='lat' dir='ltr'><strong>erat</strong></span> <span class='ocrx_word' id='word_1_190' title='bbox 2271 1069 2495 1123; x_wconf 86' lang='lat' dir='ltr'><strong>Verbum</strong></span> <span class='ocrx_word' id='word_1_191' title='bbox 2521 1071 2694 1134; x_wconf 85' lang='lat' dir='ltr'><strong>(Joan.</strong></span> <span class='ocrx_word' id='word_1_192' title='bbox 2728 1072 2800 1135; x_wconf 77' lang='grc' dir='ltr'><strong>ι).</strong></span> <span class='ocrx_word' id='word_1_193' title='bbox 2826 1073 2904 1124; x_wconf 88' lang='lat' dir='ltr'><strong>Ac</strong></span> <span class='ocrx_word' id='word_1_194' title='bbox 2935 1089 3035 1141; x_wconf 91' lang='lat' dir='ltr'><strong>per</strong></span> <span class='ocrx_word' id='word_1_195' title='bbox 3064 1071 3169 1126; x_wconf 90' lang='lat' dir='ltr'><strong>hoc</strong></span> <span class='ocrx_word' id='word_1_196' title='bbox 3206 1072 3315 1127; x_wconf 87' lang='lat' dir='ltr'><strong>nisi</strong></span> <span class='ocrx_word' id='word_1_197' title='bbox 3347 1089 3469 1128; x_wconf 88' lang='lat' dir='ltr'><strong>cre-</strong></span> 
     </span>
    </p>
   </div>
   <div class='ocr_carea' id='block_1_27' title="bbox 1875 1156 3475 1230">
    <p class='ocr_par' dir='ltr' id='par_1_27' title="bbox 1875 1156 3475 1230">
     <span class='ocr_line' id='line_1_27' title="bbox 1875 1156 3475 1230; baseline 0.004 -20"><span class='ocrx_word' id='word_1_198' title='bbox 1875 1156 2084 1212; x_wconf 90' lang='lat' dir='ltr'><strong>dideris</strong></span> <span class='ocrx_word' id='word_1_199' title='bbox 2112 1158 2354 1229; x_wconf 90' lang='lat' dir='ltr'><strong>primum</strong></span> <span class='ocrx_word' id='word_1_200' title='bbox 2376 1158 2523 1228; x_wconf 91' lang='lat' dir='ltr'><strong>quod</strong></span> <span class='ocrx_word' id='word_1_201' title='bbox 2545 1158 2753 1212; x_wconf 87' lang='lat' dir='ltr'><strong>Christi</strong></span> <span class='ocrx_word' id='word_1_202' title='bbox 2771 1161 3061 1230; x_wconf 84' lang='lat' dir='ltr'><strong>generatio</strong></span> <span class='ocrx_word' id='word_1_203' title='bbox 3087 1161 3166 1215; x_wconf 92' lang='lat' dir='ltr'><strong>sic</strong></span> <span class='ocrx_word' id='word_1_204' title='bbox 3195 1167 3334 1229; x_wconf 91' lang='lat' dir='ltr'><strong>erat,</strong></span> <span class='ocrx_word' id='word_1_205' title='bbox 3355 1179 3475 1218; x_wconf 88' lang='lat' dir='ltr'><strong>om-</strong></span> 
     </span>
    </p>
   </div>
   <div class='ocr_carea' id='block_1_28' title="bbox 1875 1246 3472 1318">
    <p class='ocr_par' dir='ltr' id='par_1_28' title="bbox 1875 1246 3472 1318">
     <span class='ocr_line' id='line_1_28' title="bbox 1875 1246 3472 1318; baseline 0.004 -18"><span class='ocrx_word' id='word_1_206' title='bbox 1875 1246 2006 1300; x_wconf 87' lang='lat' dir='ltr'><strong>nino</strong></span> <span class='ocrx_word' id='word_1_207' title='bbox 2037 1246 2294 1317; x_wconf 89' lang='lat' dir='ltr'><strong>nequibis</strong></span> <span class='ocrx_word' id='word_1_208' title='bbox 2336 1246 2648 1317; x_wconf 82' lang='lat' dir='ltr'><strong>intelligere</strong></span> <span class='ocrx_word' id='word_1_209' title='bbox 2682 1247 2815 1318; x_wconf 89' lang='lat' dir='ltr'><strong>quia</strong></span> <span class='ocrx_word' id='word_1_210' title='bbox 2850 1248 3097 1302; x_wconf 71' lang='lat' dir='ltr'><strong>divinum</strong></span> <span class='ocrx_word' id='word_1_211' title='bbox 3137 1256 3240 1316; x_wconf 90' lang='lat' dir='ltr'><strong>est,</strong></span> <span class='ocrx_word' id='word_1_212' title='bbox 3261 1257 3319 1304; x_wconf 92' lang='lat' dir='ltr'><strong>et</strong></span> <span class='ocrx_word' id='word_1_213' title='bbox 3346 1251 3472 1306; x_wconf 91' lang='lat' dir='ltr'><strong>ideo</strong></span> 
     </span>
    </p>
   </div>
   <div class='ocr_carea' id='block_1_29' title="bbox 1875 1335 3468 1407">
    <p class='ocr_par' dir='ltr' id='par_1_29' title="bbox 1875 1335 3468 1407">
     <span class='ocr_line' id='line_1_29' title="bbox 1875 1335 3468 1407; baseline 0.004 -19"><span class='ocrx_word' id='word_1_214' title='bbox 1875 1335 2056 1390; x_wconf 83' lang='lat' dir='ltr'><strong>verbis</strong></span> <span class='ocrx_word' id='word_1_215' title='bbox 2078 1352 2189 1390; x_wconf 91' lang='lat' dir='ltr'><strong>non</strong></span> <span class='ocrx_word' id='word_1_216' title='bbox 2211 1353 2506 1406; x_wconf 89' lang='lat' dir='ltr'><strong>possumus</strong></span> <span class='ocrx_word' id='word_1_217' title='bbox 2527 1336 2816 1406; x_wconf 85' lang='lat' dir='ltr'><strong>explicare.</strong></span> <span class='ocrx_word' id='word_1_218' title='bbox 2842 1337 2899 1391; x_wconf 92' lang='lat' dir='ltr'><strong>Si</strong></span> <span class='ocrx_word' id='word_1_219' title='bbox 2916 1354 3048 1407; x_wconf 88' lang='lat' dir='ltr'><strong>ergo</strong></span> <span class='ocrx_word' id='word_1_220' title='bbox 3068 1338 3125 1391; x_wconf 89' lang='lat' dir='ltr'><strong>in</strong></span> <span class='ocrx_word' id='word_1_221' title='bbox 3141 1339 3307 1393; x_wconf 89' lang='lat' dir='ltr'><strong>terris</strong></span> <span class='ocrx_word' id='word_1_222' title='bbox 3327 1346 3468 1407; x_wconf 89' lang='lat' dir='ltr'><strong>erat,</strong></span> 
     </span>
    </p>
   </div>
   <div class='ocr_carea' id='block_1_30' title="bbox 1878 1425 3467 1497">
    <p class='ocr_par' dir='ltr' id='par_1_30' title="bbox 1878 1425 3467 1497">
     <span class='ocr_line' id='line_1_30' title="bbox 1878 1425 3467 1497; baseline 0.004 -20"><span class='ocrx_word' id='word_1_223' title='bbox 1878 1425 2009 1495; x_wconf 85' lang='lat' dir='ltr'><strong>quia</strong></span> <span class='ocrx_word' id='word_1_224' title='bbox 2055 1425 2318 1495; x_wconf 87' lang='lat' dir='ltr'><strong>dignatus</strong></span> <span class='ocrx_word' id='word_1_225' title='bbox 2360 1431 2461 1488; x_wconf 89' lang='lat' dir='ltr'><strong>est,</strong></span> <span class='ocrx_word' id='word_1_226' title='bbox 2505 1430 2569 1479; x_wconf 89' lang='lat' dir='ltr'><strong>ut</strong></span> <span class='ocrx_word' id='word_1_227' title='bbox 2617 1425 2934 1480; x_wconf 85' lang='lat' dir='ltr'><strong>audivimus</strong></span> <span class='ocrx_word' id='word_1_228' title='bbox 2963 1444 2974 1478; x_wconf 87' lang='lat'>:</span> <span class='ocrx_word' id='word_1_229' title='bbox 2999 1427 3079 1480; x_wconf 91' lang='lat' dir='ltr'><strong>sic</strong></span> <span class='ocrx_word' id='word_1_230' title='bbox 3108 1433 3166 1481; x_wconf 90' lang='lat' dir='ltr'><strong>et</strong></span> <span class='ocrx_word' id='word_1_231' title='bbox 3217 1427 3276 1481; x_wconf 92' lang='lat' dir='ltr'><strong>in</strong></span> <span class='ocrx_word' id='word_1_232' title='bbox 3304 1430 3467 1497; x_wconf 71' lang='lat' dir='ltr'><strong>cmlo,</strong></span> 
     </span>
    </p>
   </div>
   <div class='ocr_carea' id='block_1_31' title="bbox 1876 1513 3474 1585">
    <p class='ocr_par' dir='ltr' id='par_1_31' title="bbox 1876 1513 3474 1585">
     <span class='ocr_line' id='line_1_31' title="bbox 1876 1513 3474 1585; baseline 0.004 -19"><span class='ocrx_word' id='word_1_233' title='bbox 1876 1513 2023 1583; x_wconf 91' lang='lat' dir='ltr'><strong>quod</strong></span> <span class='ocrx_word' id='word_1_234' title='bbox 2053 1531 2330 1584; x_wconf 86' lang='lat' dir='ltr'><strong>nusquam</strong></span> <span class='ocrx_word' id='word_1_235' title='bbox 2362 1513 2470 1567; x_wconf 89' lang='lat' dir='ltr'><strong>nisi</strong></span> <span class='ocrx_word' id='word_1_236' title='bbox 2510 1531 2610 1584; x_wconf 89' lang='lat' dir='ltr'><strong>per</strong></span> <span class='ocrx_word' id='word_1_237' title='bbox 2665 1514 2850 1584; x_wconf 89' lang='lat' dir='ltr'><strong>ipsum</strong></span> <span class='ocrx_word' id='word_1_238' title='bbox 2898 1515 3280 1585; x_wconf 83' lang='lat' dir='ltr'><strong>cognovimus.</strong></span> <span class='ocrx_word' id='word_1_239' title='bbox 3313 1518 3474 1573; x_wconf 85' lang='lat' dir='ltr'><strong>Unde</strong></span> 
     </span>
    </p>
   </div>
   <div class='ocr_carea' id='block_1_32' title="bbox 1873 1602 3475 1678">
    <p class='ocr_par' dir='ltr' id='par_1_32' title="bbox 1873 1602 3475 1678">
     <span class='ocr_line' id='line_1_32' title="bbox 1873 1602 3475 1678; baseline 0.003 -22"><span class='ocrx_word' id='word_1_240' title='bbox 1873 1602 2006 1672; x_wconf 88' lang='lat' dir='ltr'><strong>quia</strong></span> <span class='ocrx_word' id='word_1_241' title='bbox 2035 1602 2103 1656; x_wconf 93' lang='lat' dir='ltr'><strong>de</strong></span> <span class='ocrx_word' id='word_1_242' title='bbox 2134 1604 2236 1656; x_wconf 87' lang='lat' dir='ltr'><strong>hac</strong></span> <span class='ocrx_word' id='word_1_243' title='bbox 2273 1603 2329 1657; x_wconf 90' lang='lat' dir='ltr'><strong>in</strong></span> <span class='ocrx_word' id='word_1_244' title='bbox 2360 1609 2512 1657; x_wconf 87' lang='lat' dir='ltr'><strong>terra</strong></span> <span class='ocrx_word' id='word_1_245' title='bbox 2543 1604 2782 1658; x_wconf 88' lang='lat' dir='ltr'><strong>multum</strong></span> <span class='ocrx_word' id='word_1_246' title='bbox 2813 1603 2951 1658; x_wconf 90' lang='lat' dir='ltr'><strong>scire</strong></span> <span class='ocrx_word' id='word_1_247' title='bbox 2983 1605 3205 1659; x_wconf 89' lang='lat' dir='ltr'><strong>Domini</strong></span> <span class='ocrx_word' id='word_1_248' title='bbox 3253 1606 3475 1678; x_wconf 89' lang='lat' dir='ltr'><strong>dispen-</strong></span> 
     </span>
    </p>
   </div>
   <div class='ocr_carea' id='block_1_33' title="bbox 193 1684 3471 1764">
    <p class='ocr_par' dir='ltr' id='par_1_33' title="bbox 193 1684 3471 1764">
     <span class='ocr_line' id='line_1_33' title="bbox 193 1684 3471 1764; baseline 0.002 -20"><span class='ocrx_word' id='word_1_249' title='bbox 193 1688 255 1744; x_wconf 86' lang='lat' dir='ltr'><strong>Et</strong></span> <span class='ocrx_word' id='word_1_250' title='bbox 276 1690 402 1744; x_wconf 90' lang='lat' dir='ltr'><strong>ideo</strong></span> <span class='ocrx_word' id='word_1_251' title='bbox 446 1691 544 1762; x_wconf 89' lang='lat' dir='ltr'><strong>qui</strong></span> <span class='ocrx_word' id='word_1_252' title='bbox 573 1691 691 1745; x_wconf 88' lang='lat' dir='ltr'><strong>vult</strong></span> <span class='ocrx_word' id='word_1_253' title='bbox 715 1691 1046 1762; x_wconf 84' lang='lat' dir='ltr'><strong>intelligere,</strong></span> <span class='ocrx_word' id='word_1_254' title='bbox 1077 1691 1124 1745; x_wconf 91' lang='lat' dir='ltr'><strong>si</strong></span> <span class='ocrx_word' id='word_1_255' title='bbox 1165 1707 1290 1746; x_wconf 89' lang='lat' dir='ltr'><strong>eam</strong></span> <span class='ocrx_word' id='word_1_256' title='bbox 1315 1691 1524 1757; x_wconf 89' lang='lat' dir='ltr'><strong>credat,</strong></span> <span class='ocrx_word' id='word_1_257' title='bbox 1560 1696 1622 1744; x_wconf 89' lang='lat' dir='ltr'><strong>ut</strong></span> <span class='ocrx_word' id='word_1_258' title='bbox 1643 1708 1787 1762; x_wconf 80' lang='lat' dir='ltr'><strong>prae-</strong></span> <span class='ocrx_word' id='word_1_259' title='bbox 1806 1684 1853 1745; x_wconf 90' lang='lat' dir='ltr'><strong>B</strong></span> <span class='ocrx_word' id='word_1_260' title='bbox 1869 1697 2030 1746; x_wconf 87' lang='lat' dir='ltr'><strong>sante</strong></span> <span class='ocrx_word' id='word_1_261' title='bbox 2048 1692 2250 1762; x_wconf 88' lang='lat' dir='ltr'><strong>gratia,</strong></span> <span class='ocrx_word' id='word_1_262' title='bbox 2271 1691 2598 1758; x_wconf 85' lang='lat' dir='ltr'><strong>meruimus,</strong></span> <span class='ocrx_word' id='word_1_263' title='bbox 2623 1693 2668 1746; x_wconf 90' lang='lat' dir='ltr'><strong>si</strong></span> <span class='ocrx_word' id='word_1_264' title='bbox 2692 1692 2825 1763; x_wconf 89' lang='lat' dir='ltr'><strong>quid</strong></span> <span class='ocrx_word' id='word_1_265' title='bbox 2854 1698 2939 1746; x_wconf 93' lang='lat' dir='ltr'><strong>est</strong></span> <span class='ocrx_word' id='word_1_266' title='bbox 2959 1693 3105 1764; x_wconf 91' lang='lat' dir='ltr'><strong>quod</strong></span> <span class='ocrx_word' id='word_1_267' title='bbox 3136 1694 3326 1758; x_wconf 85' lang='lat' dir='ltr'><strong>lateat,</strong></span> <span class='ocrx_word' id='word_1_268' title='bbox 3351 1700 3471 1750; x_wconf 87' lang='lat' dir='ltr'><strong>toto</strong></span> 
     </span>
    </p>
   </div>
   <div class='ocr_carea' id='block_1_34' title="bbox 190 1778 1785 1852">
    <p class='ocr_par' dir='ltr' id='par_1_34' title="bbox 190 1778 1785 1852">
     <span class='ocr_line' id='line_1_34' title="bbox 190 1778 1785 1852; baseline 0 -19"><span class='ocrx_word' id='word_1_269' title='bbox 190 1778 464 1845; x_wconf 86' lang='lat' dir='ltr'><strong>scribitur,</strong></span> <span class='ocrx_word' id='word_1_270' title='bbox 507 1785 573 1834; x_wconf 90' lang='lat' dir='ltr'><strong>ut</strong></span> <span class='ocrx_word' id='word_1_271' title='bbox 615 1780 891 1851; x_wconf 86' lang='lat' dir='ltr'><strong>signatur.</strong></span> <span class='ocrx_word' id='word_1_272' title='bbox 921 1780 1186 1852; x_wconf 87' lang='lat' dir='ltr'><strong>Alioquin</strong></span> <span class='ocrx_word' id='word_1_273' title='bbox 1242 1780 1416 1835; x_wconf 87' lang='lat' dir='ltr'><strong>Isaias</strong></span> <span class='ocrx_word' id='word_1_274' title='bbox 1467 1781 1678 1834; x_wconf 89' lang='lat' dir='ltr'><strong>fatetur</strong></span> <span class='ocrx_word' id='word_1_275' title='bbox 1697 1779 1785 1834; x_wconf 85' lang='lat' dir='ltr'><strong>di-</strong></span> 
     </span>
    </p>
   </div>
   <div class='ocr_carea' id='block_1_35' title="bbox 190 1869 1785 1940">
    <p class='ocr_par' dir='ltr' id='par_1_35' title="bbox 190 1869 1785 1940">
     <span class='ocr_line' id='line_1_35' title="bbox 190 1869 1785 1940; baseline 0.001 -17"><span class='ocrx_word' id='word_1_276' title='bbox 190 1885 338 1924; x_wconf 74' lang='lat' dir='ltr'><strong>rens:</strong></span> <span class='ocrx_word' id='word_1_277' title='bbox 373 1869 445 1924; x_wconf 90' lang='lat' dir='ltr'><strong>Si</strong></span> <span class='ocrx_word' id='word_1_278' title='bbox 487 1886 602 1923; x_wconf 85' lang='lat' dir='ltr'><strong>non</strong></span> <span class='ocrx_word' id='word_1_279' title='bbox 646 1871 1012 1935; x_wconf 83' lang='lat' dir='ltr'><strong>credideritis,</strong></span> <span class='ocrx_word' id='word_1_280' title='bbox 1049 1887 1161 1924; x_wconf 85' lang='lat' dir='ltr'><strong>non</strong></span> <span class='ocrx_word' id='word_1_281' title='bbox 1207 1871 1547 1937; x_wconf 81' lang='lat' dir='ltr'><strong>intelligetis.</strong></span> <span class='ocrx_word' id='word_1_282' title='bbox 1579 1869 1785 1940; x_wconf 87' lang='lat' dir='ltr'><strong>Utique</strong></span> 
     </span>
    </p>
   </div>
   <div class='ocr_carea' id='block_1_36' title="bbox 190 1957 1782 2030">
    <p class='ocr_par' dir='ltr' id='par_1_36' title="bbox 190 1957 1782 2030">
     <span class='ocr_line' id='line_1_36' title="bbox 190 1957 1782 2030; baseline 0 -18"><span class='ocrx_word' id='word_1_283' title='bbox 190 1958 321 2029; x_wconf 88' lang='lat' dir='ltr'><strong>quod</strong></span> <span class='ocrx_word' id='word_1_284' title='bbox 345 1957 525 2028; x_wconf 83' lang='lat' dir='ltr'><strong>Virgo</strong></span> <span class='ocrx_word' id='word_1_285' title='bbox 540 1958 816 2030; x_wconf 90' lang='lat' dir='ltr'><strong>concipiet</strong></span> <span class='ocrx_word' id='word_1_286' title='bbox 832 1964 890 2013; x_wconf 91' lang='lat' dir='ltr'><strong>et</strong></span> <span class='ocrx_word' id='word_1_287' title='bbox 916 1958 1098 2030; x_wconf 89' lang='lat' dir='ltr'><strong>pariet</strong></span> <span class='ocrx_word' id='word_1_288' title='bbox 1126 1958 1303 2012; x_wconf 89' lang='lat' dir='ltr'><strong>ﬁlium</strong></span> <span class='ocrx_word' id='word_1_289' title='bbox 1330 1957 1462 2024; x_wconf 90' lang='lat' dir='ltr'><strong>;hoc</strong></span> <span class='ocrx_word' id='word_1_290' title='bbox 1489 1974 1623 2012; x_wconf 89' lang='lat' dir='ltr'><strong>sane</strong></span> <span class='ocrx_word' id='word_1_291' title='bbox 1671 1975 1782 2012; x_wconf 91' lang='lat' dir='ltr'><strong>non</strong></span> 
     </span>
    </p>
   </div>
   <div class='ocr_carea' id='block_1_37' title="bbox 188 2046 1788 2119">
    <p class='ocr_par' dir='ltr' id='par_1_37' title="bbox 188 2046 1788 2119">
     <span class='ocr_line' id='line_1_37' title="bbox 188 2046 1788 2119; baseline 0.001 -19"><span class='ocrx_word' id='word_1_292' title='bbox 188 2046 523 2118; x_wconf 87' lang='lat' dir='ltr'><strong>intelligetis,</strong></span> <span class='ocrx_word' id='word_1_293' title='bbox 552 2064 734 2119; x_wconf 89' lang='lat' dir='ltr'><strong>neque</strong></span> <span class='ocrx_word' id='word_1_294' title='bbox 763 2049 823 2103; x_wconf 92' lang='lat' dir='ltr'><strong>in</strong></span> <span class='ocrx_word' id='word_1_295' title='bbox 847 2065 931 2116; x_wconf 91' lang='lat' dir='ltr'><strong>eo,</strong></span> <span class='ocrx_word' id='word_1_296' title='bbox 954 2049 1061 2102; x_wconf 91' lang='lat' dir='ltr'><strong>hoc</strong></span> <span class='ocrx_word' id='word_1_297' title='bbox 1095 2053 1182 2102; x_wconf 89' lang='lat' dir='ltr'><strong>est</strong></span> <span class='ocrx_word' id='word_1_298' title='bbox 1207 2048 1267 2102; x_wconf 92' lang='lat' dir='ltr'><strong>in</strong></span> <span class='ocrx_word' id='word_1_299' title='bbox 1296 2047 1540 2117; x_wconf 84' lang='lat' dir='ltr'><strong>Christo,</strong></span> <span class='ocrx_word' id='word_1_300' title='bbox 1569 2053 1635 2102; x_wconf 89' lang='lat' dir='ltr'><strong>ut</strong></span> <span class='ocrx_word' id='word_1_301' title='bbox 1692 2047 1788 2102; x_wconf 91' lang='lat' dir='ltr'><strong>alii</strong></span> 
     </span>
    </p>
   </div>
   <div class='ocr_carea' id='block_1_38' title="bbox 190 2135 1790 2208">
    <p class='ocr_par' dir='ltr' id='par_1_38' title="bbox 190 2135 1790 2208">
     <span class='ocr_line' id='line_1_38' title="bbox 190 2135 1790 2208; baseline 0 -17"><span class='ocrx_word' id='word_1_302' title='bbox 190 2136 392 2191; x_wconf 86' lang='lat' dir='ltr'><strong>codices</strong></span> <span class='ocrx_word' id='word_1_303' title='bbox 444 2135 678 2201; x_wconf 87' lang='lat' dir='ltr'><strong>habent,</strong></span> <span class='ocrx_word' id='word_1_304' title='bbox 725 2137 1144 2208; x_wconf 90' lang='lat' dir='ltr'><strong>permanebitis.</strong></span> <span class='ocrx_word' id='word_1_305' title='bbox 1194 2136 1340 2201; x_wconf 88' lang='lat' dir='ltr'><strong>Quia</strong></span> <span class='ocrx_word' id='word_1_306' title='bbox 1382 2136 1610 2190; x_wconf 88' lang='lat' dir='ltr'><strong>omnino</strong></span> <span class='ocrx_word' id='word_1_307' title='bbox 1658 2153 1790 2191; x_wconf 90' lang='lat' dir='ltr'><strong>eum</strong></span> 
     </span>
    </p>
   </div>
   <div class='ocr_carea' id='block_1_39' title="bbox 194 2224 1790 2296">
    <p class='ocr_par' dir='ltr' id='par_1_39' title="bbox 194 2224 1790 2296">
     <span class='ocr_line' id='line_1_39' title="bbox 194 2224 1790 2296; baseline 0.001 -18"><span class='ocrx_word' id='word_1_308' title='bbox 194 2224 538 2288; x_wconf 81' lang='lat' dir='ltr'><strong>Emmanuel,</strong></span> <span class='ocrx_word' id='word_1_309' title='bbox 573 2225 723 2296; x_wconf 90' lang='lat' dir='ltr'><strong>quod</strong></span> <span class='ocrx_word' id='word_1_310' title='bbox 762 2231 848 2282; x_wconf 89' lang='lat' dir='ltr'><strong>est</strong></span> <span class='ocrx_word' id='word_1_311' title='bbox 861 2228 1142 2280; x_wconf 86' lang='lat' dir='ltr'><strong>nobiscum</strong></span> <span class='ocrx_word' id='word_1_312' title='bbox 1163 2228 1323 2291; x_wconf 84' lang='lat' dir='ltr'><strong>Deus,</strong></span> <span class='ocrx_word' id='word_1_313' title='bbox 1356 2225 1567 2280; x_wconf 86' lang='lat' dir='ltr'><strong>minine</strong></span> <span class='ocrx_word' id='word_1_314' title='bbox 1594 2242 1790 2280; x_wconf 89' lang='lat' dir='ltr'><strong>vocare</strong></span> 
     </span>
    </p>
   </div>
   <div class='ocr_carea' id='block_1_40' title="bbox 193 2313 1790 2386">
    <p class='ocr_par' dir='ltr' id='par_1_40' title="bbox 193 2313 1790 2386">
     <span class='ocr_line' id='line_1_40' title="bbox 193 2313 1790 2386; baseline 0.003 -22"><span class='ocrx_word' id='word_1_315' title='bbox 193 2313 458 2368; x_wconf 81' lang='lat' dir='ltr'><strong>valebitis.</strong></span> <span class='ocrx_word' id='word_1_316' title='bbox 495 2314 659 2369; x_wconf 88' lang='lat' dir='ltr'><strong>Unde</strong></span> <span class='ocrx_word' id='word_1_317' title='bbox 688 2315 821 2386; x_wconf 88' lang='lat' dir='ltr'><strong>quia</strong></span> <span class='ocrx_word' id='word_1_318' title='bbox 850 2314 1092 2386; x_wconf 90' lang='lat' dir='ltr'><strong>primum</strong></span> <span class='ocrx_word' id='word_1_319' title='bbox 1129 2314 1474 2370; x_wconf 87' lang='lat' dir='ltr'><strong>credendum</strong></span> <span class='ocrx_word' id='word_1_320' title='bbox 1497 2319 1601 2382; x_wconf 90' lang='lat' dir='ltr'><strong>est,</strong></span> <span class='ocrx_word' id='word_1_321' title='bbox 1625 2314 1673 2368; x_wconf 92' lang='lat' dir='ltr'><strong>si</strong></span> <span class='ocrx_word' id='word_1_322' title='bbox 1693 2332 1790 2369; x_wconf 88' lang='lat' dir='ltr'><strong>vo-</strong></span> 
     </span>
    </p>
   </div>
   <div class='ocr_carea' id='block_1_41' title="bbox 191 2401 1790 2474">
    <p class='ocr_par' dir='ltr' id='par_1_41' title="bbox 191 2401 1790 2474">
     <span class='ocr_line' id='line_1_41' title="bbox 191 2401 1790 2474; baseline 0.001 -18"><span class='ocrx_word' id='word_1_323' title='bbox 191 2401 359 2457; x_wconf 88' lang='lat' dir='ltr'><strong>lumus</strong></span> <span class='ocrx_word' id='word_1_324' title='bbox 378 2402 708 2473; x_wconf 87' lang='lat' dir='ltr'><strong>intelligere</strong></span> <span class='ocrx_word' id='word_1_325' title='bbox 735 2403 924 2458; x_wconf 88' lang='lat' dir='ltr'><strong>divina</strong></span> <span class='ocrx_word' id='word_1_326' title='bbox 947 2403 1116 2458; x_wconf 91' lang='lat' dir='ltr'><strong>verba</strong></span> <span class='ocrx_word' id='word_1_327' title='bbox 1148 2420 1271 2474; x_wconf 66' lang='lat' dir='ltr'><strong>quae</strong></span> <span class='ocrx_word' id='word_1_328' title='bbox 1295 2402 1577 2470; x_wconf 89' lang='lat' dir='ltr'><strong>dicuntur,</strong></span> <span class='ocrx_word' id='word_1_329' title='bbox 1607 2403 1790 2457; x_wconf 87' lang='lat' dir='ltr'><strong>modis</strong></span> 
     </span>
    </p>
   </div>
   <div class='ocr_carea' id='block_1_42' title="bbox 193 2493 1789 2564">
    <p class='ocr_par' dir='ltr' id='par_1_42' title="bbox 193 2493 1789 2564">
     <span class='ocr_line' id='line_1_42' title="bbox 193 2493 1789 2564; baseline 0.001 -18"><span class='ocrx_word' id='word_1_330' title='bbox 193 2493 447 2547; x_wconf 90' lang='lat' dir='ltr'><strong>omnibus</strong></span> <span class='ocrx_word' id='word_1_331' title='bbox 466 2509 582 2546; x_wconf 92' lang='lat' dir='ltr'><strong>non</strong></span> <span class='ocrx_word' id='word_1_332' title='bbox 603 2509 905 2564; x_wconf 88' lang='lat' dir='ltr'><strong>pensemus</strong></span> <span class='ocrx_word' id='word_1_333' title='bbox 933 2493 1201 2548; x_wconf 89' lang='lat' dir='ltr'><strong>humana.</strong></span> <span class='ocrx_word' id='word_1_334' title='bbox 1227 2493 1603 2564; x_wconf 91' lang='lat' dir='ltr'><strong>Deponendus</strong></span> <span class='ocrx_word' id='word_1_335' title='bbox 1634 2509 1789 2547; x_wconf 90' lang='lat' dir='ltr'><strong>nam-</strong></span> 
     </span>
    </p>
   </div>
   <div class='ocr_carea' id='block_1_43' title="bbox 194 2581 1792 2652">
    <p class='ocr_par' dir='ltr' id='par_1_43' title="bbox 194 2581 1792 2652">
     <span class='ocr_line' id='line_1_43' title="bbox 194 2581 1792 2652; baseline 0 -18"><span class='ocrx_word' id='word_1_336' title='bbox 194 2598 288 2651; x_wconf 88' lang='lat' dir='ltr'><strong>que</strong></span> <span class='ocrx_word' id='word_1_337' title='bbox 315 2586 407 2636; x_wconf 87' lang='lat' dir='ltr'><strong>est</strong></span> <span class='ocrx_word' id='word_1_338' title='bbox 459 2599 663 2636; x_wconf 80' lang='lat' dir='ltr'><strong>sensus</strong></span> <span class='ocrx_word' id='word_1_339' title='bbox 701 2582 1004 2648; x_wconf 85' lang='lat' dir='ltr'><strong>humanus,</strong></span> <span class='ocrx_word' id='word_1_340' title='bbox 1045 2581 1144 2636; x_wconf 90' lang='lat' dir='ltr'><strong>ubi</strong></span> <span class='ocrx_word' id='word_1_341' title='bbox 1173 2585 1356 2636; x_wconf 88' lang='lat' dir='ltr'><strong>totum</strong></span> <span class='ocrx_word' id='word_1_342' title='bbox 1388 2582 1536 2652; x_wconf 92' lang='lat' dir='ltr'><strong>quod</strong></span> <span class='ocrx_word' id='word_1_343' title='bbox 1586 2581 1792 2635; x_wconf 90' lang='lat' dir='ltr'><strong>dicitur</strong></span> 
     </span>
    </p>
   </div>
   <div class='ocr_carea' id='block_1_44' title="bbox 189 2669 1786 2742">
    <p class='ocr_par' dir='ltr' id='par_1_44' title="bbox 189 2669 1786 2742">
     <span class='ocr_line' id='line_1_44' title="bbox 189 2669 1786 2742; baseline 0.001 -19"><span class='ocrx_word' id='word_1_344' title='bbox 189 2677 266 2724; x_wconf 86' lang='lat' dir='ltr'><strong>est</strong></span> <span class='ocrx_word' id='word_1_345' title='bbox 285 2671 568 2725; x_wconf 90' lang='lat' dir='ltr'><strong>divinum.</strong></span> <span class='ocrx_word' id='word_1_346' title='bbox 603 2670 752 2735; x_wconf 86' lang='lat' dir='ltr'><strong>Quia</strong></span> <span class='ocrx_word' id='word_1_347' title='bbox 775 2671 923 2742; x_wconf 91' lang='lat' dir='ltr'><strong>quod</strong></span> <span class='ocrx_word' id='word_1_348' title='bbox 947 2670 1199 2726; x_wconf 86' lang='lat' dir='ltr'><strong>nascitur</strong></span> <span class='ocrx_word' id='word_1_349' title='bbox 1222 2671 1372 2725; x_wconf 88' lang='lat' dir='ltr'><strong>Deus</strong></span> <span class='ocrx_word' id='word_1_350' title='bbox 1415 2687 1481 2725; x_wconf 87' lang='lat' dir='ltr'><strong>ex</strong></span> <span class='ocrx_word' id='word_1_351' title='bbox 1538 2669 1786 2740; x_wconf 85' lang='lat' dir='ltr'><strong>Virgine,</strong></span> 
     </span>
    </p>
   </div>
   <div class='ocr_carea' id='block_1_45' title="bbox 189 2760 1788 2832">
    <p class='ocr_par' dir='ltr' id='par_1_45' title="bbox 189 2760 1788 2832">
     <span class='ocr_line' id='line_1_45' title="bbox 189 2760 1788 2832; baseline 0.001 -19"><span class='ocrx_word' id='word_1_352' title='bbox 189 2774 289 2814; x_wconf 89' lang='lat' dir='ltr'><strong>non</strong></span> <span class='ocrx_word' id='word_1_353' title='bbox 308 2766 398 2814; x_wconf 81' lang='lat' dir='ltr'><strong>est</strong></span> <span class='ocrx_word' id='word_1_354' title='bbox 410 2761 787 2826; x_wconf 86' lang='lat' dir='ltr'><strong>consuetudo,</strong></span> <span class='ocrx_word' id='word_1_355' title='bbox 810 2761 906 2815; x_wconf 90' lang='lat' dir='ltr'><strong>sed</strong></span> <span class='ocrx_word' id='word_1_356' title='bbox 919 2760 1248 2832; x_wconf 83' lang='lat' dir='ltr'><strong>mysterium</strong></span> <span class='ocrx_word' id='word_1_357' title='bbox 1272 2779 1283 2826; x_wconf 93' lang='lat'><strong>;</strong></span> <span class='ocrx_word' id='word_1_358' title='bbox 1309 2776 1423 2814; x_wconf 93' lang='lat' dir='ltr'><strong>non</strong></span> <span class='ocrx_word' id='word_1_359' title='bbox 1453 2764 1538 2814; x_wconf 89' lang='lat' dir='ltr'><strong>est</strong></span> <span class='ocrx_word' id='word_1_360' title='bbox 1565 2765 1788 2826; x_wconf 84' lang='lat' dir='ltr'><strong>natura,</strong></span> 
     </span>
    </p>
   </div>
   <div class='ocr_carea' id='block_1_46' title="bbox 188 2848 1787 2920">
    <p class='ocr_par' dir='ltr' id='par_1_46' title="bbox 188 2848 1787 2920">
     <span class='ocr_line' id='line_1_46' title="bbox 188 2848 1787 2920; baseline 0 -18"><span class='ocrx_word' id='word_1_361' title='bbox 188 2848 272 2902; x_wconf 86' lang='lat' dir='ltr'><strong>sed</strong></span> <span class='ocrx_word' id='word_1_362' title='bbox 301 2850 510 2915; x_wconf 78' lang='lat' dir='ltr'><strong>virtus,</strong></span> <span class='ocrx_word' id='word_1_363' title='bbox 545 2850 646 2904; x_wconf 85' lang='lat' dir='ltr'><strong>sed</strong></span> <span class='ocrx_word' id='word_1_364' title='bbox 663 2849 916 2920; x_wconf 89' lang='lat' dir='ltr'><strong>dignatio</strong></span> <span class='ocrx_word' id='word_1_365' title='bbox 936 2868 948 2916; x_wconf 90' lang='lat'><strong>;</strong></span> <span class='ocrx_word' id='word_1_366' title='bbox 967 2866 1079 2904; x_wconf 92' lang='lat' dir='ltr'><strong>non</strong></span> <span class='ocrx_word' id='word_1_367' title='bbox 1109 2855 1196 2904; x_wconf 89' lang='lat' dir='ltr'><strong>est</strong></span> <span class='ocrx_word' id='word_1_368' title='bbox 1214 2849 1370 2915; x_wconf 87' lang='lat' dir='ltr'><strong>ordo,</strong></span> <span class='ocrx_word' id='word_1_369' title='bbox 1401 2849 1500 2903; x_wconf 90' lang='lat' dir='ltr'><strong>sed</strong></span> <span class='ocrx_word' id='word_1_370' title='bbox 1520 2853 1787 2920; x_wconf 84' lang='lat' dir='ltr'><strong>potestas.</strong></span> 
     </span>
    </p>
   </div>
   <div class='ocr_carea' id='block_1_47' title="bbox 190 2937 1792 3010">
    <p class='ocr_par' dir='ltr' id='par_1_47' title="bbox 190 2937 1792 3010">
     <span class='ocr_line' id='line_1_47' title="bbox 190 2937 1792 3010; baseline 0 -19"><span class='ocrx_word' id='word_1_371' title='bbox 190 2937 321 2992; x_wconf 74' lang='lat' dir='ltr'><strong>Nam</strong></span> <span class='ocrx_word' id='word_1_372' title='bbox 351 2939 656 2994; x_wconf 88' lang='lat' dir='ltr'><strong>mundana</strong></span> <span class='ocrx_word' id='word_1_373' title='bbox 683 2937 962 3010; x_wconf 87' lang='lat' dir='ltr'><strong>sapientia</strong></span> <span class='ocrx_word' id='word_1_374' title='bbox 979 2937 1068 2993; x_wconf 92' lang='lat' dir='ltr'><strong>hic</strong></span> <span class='ocrx_word' id='word_1_375' title='bbox 1098 2937 1234 3010; x_wconf 91' lang='lat' dir='ltr'><strong>quid</strong></span> <span class='ocrx_word' id='word_1_376' title='bbox 1262 2937 1462 3008; x_wconf 88' lang='lat' dir='ltr'><strong>capiet,</strong></span> <span class='ocrx_word' id='word_1_377' title='bbox 1504 2945 1562 2992; x_wconf 90' lang='lat' dir='ltr'><strong>et</strong></span> <span class='ocrx_word' id='word_1_378' title='bbox 1589 2937 1792 2991; x_wconf 86' lang='lat' dir='ltr'><strong>intelli-</strong></span> 
     </span>
    </p>
   </div>
   <div class='ocr_carea' id='block_1_48' title="bbox 1867 1779 3472 1852">
    <p class='ocr_par' dir='ltr' id='par_1_48' title="bbox 1867 1779 3472 1852">
     <span class='ocr_line' id='line_1_48' title="bbox 1867 1779 3472 1852; baseline 0.002 -18"><span class='ocrx_word' id='word_1_379' title='bbox 1867 1779 2074 1834; x_wconf 86' lang='lat' dir='ltr'><strong>mentis</strong></span> <span class='ocrx_word' id='word_1_380' title='bbox 2102 1781 2303 1834; x_wconf 72' lang='lat' dir='ltr'><strong>affectu</strong></span> <span class='ocrx_word' id='word_1_381' title='bbox 2334 1781 2649 1846; x_wconf 86' lang='lat' dir='ltr'><strong>credamus,</strong></span> <span class='ocrx_word' id='word_1_382' title='bbox 2685 1781 2817 1852; x_wconf 89' lang='lat' dir='ltr'><strong>quia</strong></span> <span class='ocrx_word' id='word_1_383' title='bbox 2846 1781 3052 1836; x_wconf 89' lang='lat' dir='ltr'><strong>Christi</strong></span> <span class='ocrx_word' id='word_1_384' title='bbox 3069 1783 3362 1852; x_wconf 88' lang='lat' dir='ltr'><strong>generatio</strong></span> <span class='ocrx_word' id='word_1_385' title='bbox 3392 1783 3472 1837; x_wconf 88' lang='lat' dir='ltr'><strong>sic</strong></span> 
     </span>
    </p>
   </div>
   <div class='ocr_carea' id='block_1_49' title="bbox 1867 1869 3471 1944">
    <p class='ocr_par' dir='ltr' id='par_1_49' title="bbox 1867 1869 3471 1944">
     <span class='ocr_line' id='line_1_49' title="bbox 1867 1869 3471 1944; baseline 0.003 -22"><span class='ocrx_word' id='word_1_386' title='bbox 1867 1874 1990 1923; x_wconf 89' lang='lat' dir='ltr'><strong>erat</strong></span> <span class='ocrx_word' id='word_1_387' title='bbox 2017 1876 2079 1923; x_wconf 92' lang='lat' dir='ltr'><strong>ut</strong></span> <span class='ocrx_word' id='word_1_388' title='bbox 2105 1869 2447 1939; x_wconf 86' lang='lat' dir='ltr'><strong>evangelista</strong></span> <span class='ocrx_word' id='word_1_389' title='bbox 2476 1875 2718 1924; x_wconf 88' lang='lat' dir='ltr'><strong>testatur</strong></span> <span class='ocrx_word' id='word_1_390' title='bbox 2751 1888 2761 1922; x_wconf 93' lang='lat'><strong>:</strong></span> <span class='ocrx_word' id='word_1_391' title='bbox 2799 1869 2869 1924; x_wconf 90' lang='lat' dir='ltr'><strong>ab</strong></span> <span class='ocrx_word' id='word_1_392' title='bbox 2929 1870 3212 1926; x_wconf 81' lang='lat' dir='ltr'><strong>Abraham</strong></span> <span class='ocrx_word' id='word_1_393' title='bbox 3264 1872 3471 1944; x_wconf 87' lang='lat' dir='ltr'><strong>quippe</strong></span> 
     </span>
    </p>
   </div>
   <div class='ocr_carea' id='block_1_50' title="bbox 1871 1958 3473 2032">
    <p class='ocr_par' dir='ltr' id='par_1_50' title="bbox 1871 1958 3473 2032">
     <span class='ocr_line' id='line_1_50' title="bbox 1871 1958 3473 2032; baseline 0.002 -20"><span class='ocrx_word' id='word_1_394' title='bbox 1871 1958 2162 2029; x_wconf 85' lang='lat' dir='ltr'><strong>incipiens,</strong></span> <span class='ocrx_word' id='word_1_395' title='bbox 2198 1965 2254 2013; x_wconf 89' lang='lat' dir='ltr'><strong>et</strong></span> <span class='ocrx_word' id='word_1_396' title='bbox 2279 1975 2378 2029; x_wconf 91' lang='lat' dir='ltr'><strong>per</strong></span> <span class='ocrx_word' id='word_1_397' title='bbox 2406 1959 2580 2013; x_wconf 80' lang='lat' dir='ltr'><strong>David</strong></span> <span class='ocrx_word' id='word_1_398' title='bbox 2607 1959 2678 2013; x_wconf 91' lang='lat' dir='ltr'><strong>ad</strong></span> <span class='ocrx_word' id='word_1_399' title='bbox 2707 1959 2992 2013; x_wconf 88' lang='lat' dir='ltr'><strong>Christum</strong></span> <span class='ocrx_word' id='word_1_400' title='bbox 3032 1976 3208 2032; x_wconf 90' lang='lat' dir='ltr'><strong>usque</strong></span> <span class='ocrx_word' id='word_1_401' title='bbox 3245 1961 3473 2017; x_wconf 86' lang='lat' dir='ltr'><strong>descen-</strong></span> 
     </span>
    </p>
   </div>
   <div class='ocr_carea' id='block_1_51' title="bbox 1871 2045 3469 2120">
    <p class='ocr_par' dir='ltr' id='par_1_51' title="bbox 1871 2045 3469 2120">
     <span class='ocr_line' id='line_1_51' title="bbox 1871 2045 3469 2120; baseline 0.003 -21"><span class='ocrx_word' id='word_1_402' title='bbox 1871 2045 2028 2101; x_wconf 91' lang='lat' dir='ltr'><strong>dens.</strong></span> <span class='ocrx_word' id='word_1_403' title='bbox 2067 2047 2344 2117; x_wconf 90' lang='lat' dir='ltr'><strong>Incipiens</strong></span> <span class='ocrx_word' id='word_1_404' title='bbox 2375 2063 2564 2101; x_wconf 88' lang='lat' dir='ltr'><strong>sanea</strong></span> <span class='ocrx_word' id='word_1_405' title='bbox 2613 2047 2742 2113; x_wconf 89' lang='lat' dir='ltr'><strong>ﬁde,</strong></span> <span class='ocrx_word' id='word_1_406' title='bbox 2775 2047 2942 2102; x_wconf 89' lang='lat' dir='ltr'><strong>ﬁdem</strong></span> <span class='ocrx_word' id='word_1_407' title='bbox 2990 2064 3210 2120; x_wconf 87' lang='lat' dir='ltr'><strong>quoque</strong></span> <span class='ocrx_word' id='word_1_408' title='bbox 3249 2049 3306 2102; x_wconf 95' lang='lat' dir='ltr'><strong>in</strong></span> <span class='ocrx_word' id='word_1_409' title='bbox 3357 2051 3469 2104; x_wconf 87' lang='lat' dir='ltr'><strong>ﬁne</strong></span> 
     </span>
    </p>
   </div>
   <div class='ocr_carea' id='block_1_52' title="bbox 1871 2136 3470 2208">
    <p class='ocr_par' dir='ltr' id='par_1_52' title="bbox 1871 2136 3470 2208">
     <span class='ocr_line' id='line_1_52' title="bbox 1871 2136 3470 2208; baseline 0.002 -19"><span class='ocrx_word' id='word_1_410' title='bbox 1871 2136 2288 2201; x_wconf 89' lang='lat' dir='ltr'><strong>commendans,</strong></span> <span class='ocrx_word' id='word_1_411' title='bbox 2315 2141 2380 2189; x_wconf 91' lang='lat' dir='ltr'><strong>ut</strong></span> <span class='ocrx_word' id='word_1_412' title='bbox 2408 2153 2508 2207; x_wconf 87' lang='lat' dir='ltr'><strong>per</strong></span> <span class='ocrx_word' id='word_1_413' title='bbox 2532 2136 2698 2189; x_wconf 92' lang='lat' dir='ltr'><strong>ﬁdem</strong></span> <span class='ocrx_word' id='word_1_414' title='bbox 2726 2153 2857 2190; x_wconf 86' lang='lat' dir='ltr'><strong>suos</strong></span> <span class='ocrx_word' id='word_1_415' title='bbox 2895 2153 3144 2208; x_wconf 88' lang='lat' dir='ltr'><strong>quosque</strong></span> <span class='ocrx_word' id='word_1_416' title='bbox 3183 2138 3470 2193; x_wconf 84' lang='lat' dir='ltr'><strong>auditores</strong></span> 
     </span>
    </p>
   </div>
   <div class='ocr_carea' id='block_1_53' title="bbox 1872 2224 3472 2298">
    <p class='ocr_par' dir='ltr' id='par_1_53' title="bbox 1872 2224 3472 2298">
     <span class='ocr_line' id='line_1_53' title="bbox 1872 2224 3472 2298; baseline 0.003 -20"><span class='ocrx_word' id='word_1_417' title='bbox 1872 2224 1943 2278; x_wconf 91' lang='lat' dir='ltr'><strong>ad</strong></span> <span class='ocrx_word' id='word_1_418' title='bbox 1985 2224 2475 2296; x_wconf 90' lang='lat' dir='ltr'><strong>contemplandam</strong></span> <span class='ocrx_word' id='word_1_419' title='bbox 2535 2241 2695 2278; x_wconf 91' lang='lat' dir='ltr'><strong>suam</strong></span> <span class='ocrx_word' id='word_1_420' title='bbox 2743 2225 2984 2296; x_wconf 89' lang='lat' dir='ltr'><strong>speciem</strong></span> <span class='ocrx_word' id='word_1_421' title='bbox 3021 2226 3293 2280; x_wconf 89' lang='lat' dir='ltr'><strong>claritatis</strong></span> <span class='ocrx_word' id='word_1_422' title='bbox 3348 2228 3472 2298; x_wconf 90' lang='lat' dir='ltr'><strong>ejus</strong></span> 
     </span>
    </p>
   </div>
   <div class='ocr_carea' id='block_1_54' title="bbox 1873 2314 3470 2386">
    <p class='ocr_par' dir='ltr' id='par_1_54' title="bbox 1873 2314 3470 2386">
     <span class='ocr_line' id='line_1_54' title="bbox 1873 2314 3470 2386; baseline 0.002 -18"><span class='ocrx_word' id='word_1_423' title='bbox 1873 2315 2207 2385; x_wconf 89' lang='lat' dir='ltr'><strong>quandoque</strong></span> <span class='ocrx_word' id='word_1_424' title='bbox 2222 2314 2677 2386; x_wconf 88' lang='lat' dir='ltr'><strong>perducat.Unde</strong></span> <span class='ocrx_word' id='word_1_425' title='bbox 2693 2318 2750 2368; x_wconf 90' lang='lat' dir='ltr'><strong>et</strong></span> <span class='ocrx_word' id='word_1_426' title='bbox 2765 2331 2866 2368; x_wconf 91' lang='lat' dir='ltr'><strong>nos</strong></span> <span class='ocrx_word' id='word_1_427' title='bbox 2882 2315 3157 2385; x_wconf 88' lang='lat' dir='ltr'><strong>reparatis</strong></span> <span class='ocrx_word' id='word_1_428' title='bbox 3171 2316 3230 2370; x_wconf 92' lang='lat' dir='ltr'><strong>in</strong></span> <span class='ocrx_word' id='word_1_429' title='bbox 3246 2317 3470 2371; x_wconf 88' lang='lat' dir='ltr'><strong>Christo</strong></span> 
     </span>
    </p>
   </div>
   <div class='ocr_carea' id='block_1_55' title="bbox 1871 2403 3470 2477">
    <p class='ocr_par' dir='ltr' id='par_1_55' title="bbox 1871 2403 3470 2477">
     <span class='ocr_line' id='line_1_55' title="bbox 1871 2403 3470 2477; baseline 0.002 -20"><span class='ocrx_word' id='word_1_430' title='bbox 1871 2403 2147 2470; x_wconf 89' lang='lat' dir='ltr'><strong>sensibus,</strong></span> <span class='ocrx_word' id='word_1_431' title='bbox 2178 2410 2296 2469; x_wconf 65' lang='grc' dir='ltr'><strong>ενι</strong></span> <span class='ocrx_word' id='word_1_432' title='bbox 2337 2409 2463 2475; x_wconf 90' lang='lat' dir='ltr'><strong>post</strong></span> <span class='ocrx_word' id='word_1_433' title='bbox 2492 2403 2635 2458; x_wconf 87' lang='lat' dir='ltr'><strong>hanc</strong></span> <span class='ocrx_word' id='word_1_434' title='bbox 2663 2403 2864 2457; x_wconf 88' lang='lat' dir='ltr'><strong>seriem</strong></span> <span class='ocrx_word' id='word_1_435' title='bbox 2911 2404 3165 2459; x_wconf 87' lang='lat' dir='ltr'><strong>lectionis</strong></span> <span class='ocrx_word' id='word_1_436' title='bbox 3203 2405 3470 2477; x_wconf 86' lang='lat' dir='ltr'><strong>prolixius</strong></span> 
     </span>
    </p>
   </div>
   <div class='ocr_carea' id='block_1_56' title="bbox 1870 2490 3469 2563">
    <p class='ocr_par' dir='ltr' id='par_1_56' title="bbox 1870 2490 3469 2563">
     <span class='ocr_line' id='line_1_56' title="bbox 1870 2490 3469 2563; baseline 0.003 -19"><span class='ocrx_word' id='word_1_437' title='bbox 1870 2491 2188 2556; x_wconf 87' lang='lat' dir='ltr'><strong>enodatam,</strong></span> <span class='ocrx_word' id='word_1_438' title='bbox 2221 2491 2513 2562; x_wconf 84' lang='lat' dir='ltr'><strong>paululum</strong></span> <span class='ocrx_word' id='word_1_439' title='bbox 2554 2490 2906 2561; x_wconf 88' lang='lat' dir='ltr'><strong>quiescamus</strong></span> <span class='ocrx_word' id='word_1_440' title='bbox 2939 2510 2950 2546; x_wconf 90' lang='lat'><strong>:</strong></span> <span class='ocrx_word' id='word_1_441' title='bbox 2977 2499 3253 2563; x_wconf 89' lang='lat' dir='ltr'><strong>quatenus</strong></span> <span class='ocrx_word' id='word_1_442' title='bbox 3273 2510 3469 2548; x_wconf 89' lang='lat' dir='ltr'><strong>rursus</strong></span> 
     </span>
    </p>
   </div>
   <div class='ocr_carea' id='block_1_57' title="bbox 1873 2579 3471 2651">
    <p class='ocr_par' dir='ltr' id='par_1_57' title="bbox 1873 2579 3471 2651">
     <span class='ocr_line' id='line_1_57' title="bbox 1873 2579 3471 2651; baseline 0.002 -17"><span class='ocrx_word' id='word_1_443' title='bbox 1873 2581 1932 2634; x_wconf 91' lang='lat' dir='ltr'><strong>in</strong></span> <span class='ocrx_word' id='word_1_444' title='bbox 1963 2579 2238 2651; x_wconf 89' lang='lat' dir='ltr'><strong>principio</strong></span> <span class='ocrx_word' id='word_1_445' title='bbox 2266 2580 2496 2634; x_wconf 90' lang='lat' dir='ltr'><strong>alterius</strong></span> <span class='ocrx_word' id='word_1_446' title='bbox 2524 2579 2649 2632; x_wconf 90' lang='lat' dir='ltr'><strong>libri</strong></span> <span class='ocrx_word' id='word_1_447' title='bbox 2705 2580 2982 2651; x_wconf 88' lang='lat' dir='ltr'><strong>tantisper</strong></span> <span class='ocrx_word' id='word_1_448' title='bbox 3024 2581 3242 2636; x_wconf 88' lang='lat' dir='ltr'><strong>acutius</strong></span> <span class='ocrx_word' id='word_1_449' title='bbox 3280 2599 3349 2636; x_wconf 79' lang='lat' dir='ltr'><strong>ex</strong></span> <span class='ocrx_word' id='word_1_450' title='bbox 3380 2583 3471 2638; x_wconf 88' lang='lat' dir='ltr'><strong>lu-</strong></span> 
     </span>
    </p>
   </div>
   <div class='ocr_carea' id='block_1_58' title="bbox 1874 2668 3473 2741">
    <p class='ocr_par' dir='ltr' id='par_1_58' title="bbox 1874 2668 3473 2741">
     <span class='ocr_line' id='line_1_58' title="bbox 1874 2668 3473 2741; baseline 0.002 -19"><span class='ocrx_word' id='word_1_451' title='bbox 1874 2668 2044 2722; x_wconf 89' lang='lat' dir='ltr'><strong>minis</strong></span> <span class='ocrx_word' id='word_1_452' title='bbox 2073 2669 2195 2738; x_wconf 89' lang='lat' dir='ltr'><strong>ejus</strong></span> <span class='ocrx_word' id='word_1_453' title='bbox 2223 2668 2342 2722; x_wconf 91' lang='lat' dir='ltr'><strong>visu</strong></span> <span class='ocrx_word' id='word_1_454' title='bbox 2361 2668 2680 2735; x_wconf 89' lang='lat' dir='ltr'><strong>reanimati,</strong></span> <span class='ocrx_word' id='word_1_455' title='bbox 2711 2684 2916 2722; x_wconf 88' lang='lat' dir='ltr'><strong>arcana</strong></span> <span class='ocrx_word' id='word_1_456' title='bbox 2939 2670 3318 2740; x_wconf 88' lang='lat' dir='ltr'><strong>generationis</strong></span> <span class='ocrx_word' id='word_1_457' title='bbox 3349 2672 3473 2741; x_wconf 86' lang='lat' dir='ltr'><strong>ejus</strong></span> 
     </span>
    </p>
   </div>
   <div class='ocr_carea' id='block_1_59' title="bbox 1867 2756 3470 2830">
    <p class='ocr_par' dir='ltr' id='par_1_59' title="bbox 1867 2756 3470 2830">
     <span class='ocr_line' id='line_1_59' title="bbox 1867 2756 3470 2830; baseline 0.002 -20"><span class='ocrx_word' id='word_1_458' title='bbox 1867 2758 1988 2827; x_wconf 88' lang='lat' dir='ltr'><strong>jam</strong></span> <span class='ocrx_word' id='word_1_459' title='bbox 2023 2757 2082 2811; x_wconf 93' lang='lat' dir='ltr'><strong>in</strong></span> <span class='ocrx_word' id='word_1_460' title='bbox 2111 2762 2290 2823; x_wconf 87' lang='lat' dir='ltr'><strong>utero,</strong></span> <span class='ocrx_word' id='word_1_461' title='bbox 2333 2757 2532 2828; x_wconf 88' lang='lat' dir='ltr'><strong>angelo</strong></span> <span class='ocrx_word' id='word_1_462' title='bbox 2563 2756 2917 2828; x_wconf 67' lang='lat' dir='ltr'><strong>praedicante,</strong></span> <span class='ocrx_word' id='word_1_463' title='bbox 2964 2757 3259 2812; x_wconf 91' lang='lat' dir='ltr'><strong>sublimius</strong></span> <span class='ocrx_word' id='word_1_464' title='bbox 3300 2764 3470 2830; x_wconf 83' lang='lat' dir='ltr'><strong>atque</strong></span> 
     </span>
    </p>
   </div>
   <div class='ocr_carea' id='block_1_60' title="bbox 1874 2845 3072 2904">
    <p class='ocr_par' dir='ltr' id='par_1_60' title="bbox 1874 2845 3072 2904">
     <span class='ocr_line' id='line_1_60' title="bbox 1874 2845 3072 2904; baseline 0.002 -4"><span class='ocrx_word' id='word_1_465' title='bbox 1874 2845 2146 2902; x_wconf 88' lang='lat' dir='ltr'><strong>intentius</strong></span> <span class='ocrx_word' id='word_1_466' title='bbox 2167 2863 2396 2903; x_wconf 90' lang='lat' dir='ltr'><strong>cernere</strong></span> <span class='ocrx_word' id='word_1_467' title='bbox 2425 2847 2740 2903; x_wconf 90' lang='lat' dir='ltr'><strong>contuendo</strong></span> <span class='ocrx_word' id='word_1_468' title='bbox 2769 2846 3072 2904; x_wconf 85' lang='lat' dir='ltr'><strong>valeamus.</strong></span> 
     </span>
    </p>
   </div>
   <div class='ocr_carea' id='block_1_61' title="bbox 1275 3143 2372 3212">
    <p class='ocr_par' dir='ltr' id='par_1_61' title="bbox 1275 3143 2372 3212">
     <span class='ocr_line' id='line_1_61' title="bbox 1275 3143 2372 3212; baseline 0.002 -2"><span class='ocrx_word' id='word_1_469' title='bbox 1275 3143 1693 3212; x_wconf 85' lang='lat' dir='ltr'><strong>PROLOGUS</strong></span> <span class='ocrx_word' id='word_1_470' title='bbox 1740 3145 1955 3212; x_wconf 80' lang='lat' dir='ltr'><strong>LIBRI</strong></span> <span class='ocrx_word' id='word_1_471' title='bbox 2005 3144 2372 3212; x_wconf 87' lang='lat' dir='ltr'><strong>SECUNDI.</strong></span> 
     </span>
    </p>
   </div>
   <div class='ocr_carea' id='block_1_62' title="bbox 1651 3289 2016 3309">
    <p class='ocr_par' dir='ltr' id='par_1_62' title="bbox 1651 3289 2016 3309">
     <span class='ocr_line' id='line_1_62' title="bbox 1651 3289 2016 3309; baseline -0.005 0"><span class='ocrx_word' id='word_1_472' title='bbox 1651 3289 2016 3309; x_wconf 45' lang='grc' dir='ltr'><strong><em>ψ</em></strong></span> 
     </span>
    </p>
   </div>
   <div class='ocr_carea' id='block_1_63' title="bbox 246 3391 3475 3472">
    <p class='ocr_par' dir='ltr' id='par_1_63' title="bbox 246 3391 3475 3472">
     <span class='ocr_line' id='line_1_63' title="bbox 246 3391 3475 3472; baseline 0.001 -20"><span class='ocrx_word' id='word_1_473' title='bbox 246 3392 386 3462; x_wconf 86' lang='lat' dir='ltr'><strong>Quia</strong></span> <span class='ocrx_word' id='word_1_474' title='bbox 417 3411 621 3453; x_wconf 83' lang='lat' dir='ltr'><strong>rerum</strong></span> <span class='ocrx_word' id='word_1_475' title='bbox 649 3402 938 3469; x_wconf 87' lang='lat' dir='ltr'><strong>gestarum</strong></span> <span class='ocrx_word' id='word_1_476' title='bbox 954 3396 1165 3469; x_wconf 85' lang='lat' dir='ltr'><strong>ﬁguras</strong></span> <span class='ocrx_word' id='word_1_477' title='bbox 1182 3401 1236 3453; x_wconf 89' lang='lat' dir='ltr'><strong>et</strong></span> <span class='ocrx_word' id='word_1_478' title='bbox 1267 3393 1519 3455; x_wconf 88' lang='lat' dir='ltr'><strong>omnium</strong></span> <span class='ocrx_word' id='word_1_479' title='bbox 1545 3397 1782 3472; x_wconf 80' lang='lat' dir='ltr'><strong>praphe-</strong></span> <span class='ocrx_word' id='word_1_480' title='bbox 1800 3391 1848 3461; x_wconf 93' lang='lat' dir='ltr'><strong>C</strong></span> <span class='ocrx_word' id='word_1_481' title='bbox 1867 3394 2308 3469; x_wconf 87' lang='lat' dir='ltr'><strong>comprehendit.</strong></span> <span class='ocrx_word' id='word_1_482' title='bbox 2334 3393 2492 3452; x_wconf 91' lang='lat' dir='ltr'><strong>Unde</strong></span> <span class='ocrx_word' id='word_1_483' title='bbox 2513 3395 2780 3453; x_wconf 89' lang='lat' dir='ltr'><strong>nimirum</strong></span> <span class='ocrx_word' id='word_1_484' title='bbox 2799 3395 3081 3470; x_wconf 87' lang='lat' dir='ltr'><strong>sapientes</strong></span> <span class='ocrx_word' id='word_1_485' title='bbox 3097 3399 3284 3456; x_wconf 73' lang='lat' dir='ltr'><strong>saeculi</strong></span> <span class='ocrx_word' id='word_1_486' title='bbox 3313 3403 3475 3455; x_wconf 84' lang='lat' dir='ltr'><strong>aeter-</strong></span> 
     </span>
    </p>
   </div>
   <div class='ocr_carea' id='block_1_64' title="bbox 186 3487 1790 3560">
    <p class='ocr_par' dir='ltr' id='par_1_64' title="bbox 186 3487 1790 3560">
     <span class='ocr_line' id='line_1_64' title="bbox 186 3487 1790 3560; baseline 0.003 -21"><span class='ocrx_word' id='word_1_487' title='bbox 186 3493 358 3541; x_wconf 88' lang='lat' dir='ltr'><strong>tarum</strong></span> <span class='ocrx_word' id='word_1_488' title='bbox 378 3487 668 3560; x_wconf 64' lang='lat' dir='ltr'><strong>praesagia</strong></span> <span class='ocrx_word' id='word_1_489' title='bbox 683 3488 742 3541; x_wconf 93' lang='lat' dir='ltr'><strong>in</strong></span> <span class='ocrx_word' id='word_1_490' title='bbox 772 3488 1034 3543; x_wconf 88' lang='lat' dir='ltr'><strong>manibus</strong></span> <span class='ocrx_word' id='word_1_491' title='bbox 1063 3504 1210 3544; x_wconf 92' lang='lat' dir='ltr'><strong>nunc</strong></span> <span class='ocrx_word' id='word_1_492' title='bbox 1247 3488 1540 3555; x_wconf 90' lang='lat' dir='ltr'><strong>habemus,</strong></span> <span class='ocrx_word' id='word_1_493' title='bbox 1586 3489 1790 3560; x_wconf 91' lang='lat' dir='ltr'><strong>quibus</strong></span> 
     </span>
    </p>
   </div>
   <div class='ocr_carea' id='block_1_65' title="bbox 189 3576 1791 3648">
    <p class='ocr_par' dir='ltr' id='par_1_65' title="bbox 189 3576 1791 3648">
     <span class='ocr_line' id='line_1_65' title="bbox 189 3576 1791 3648; baseline 0.002 -20"><span class='ocrx_word' id='word_1_494' title='bbox 189 3576 307 3631; x_wconf 90' lang='lat' dir='ltr'><strong>olim</strong></span> <span class='ocrx_word' id='word_1_495' title='bbox 327 3577 606 3633; x_wconf 81' lang='lat' dir='ltr'><strong>Christus</strong></span> <span class='ocrx_word' id='word_1_496' title='bbox 631 3577 692 3631; x_wconf 90' lang='lat' dir='ltr'><strong>in</strong></span> <span class='ocrx_word' id='word_1_497' title='bbox 715 3594 884 3632; x_wconf 90' lang='lat' dir='ltr'><strong>carne</strong></span> <span class='ocrx_word' id='word_1_498' title='bbox 910 3583 1176 3632; x_wconf 89' lang='lat' dir='ltr'><strong>venturus</strong></span> <span class='ocrx_word' id='word_1_499' title='bbox 1197 3580 1492 3648; x_wconf 88' lang='lat' dir='ltr'><strong>ﬁguratur,</strong></span> <span class='ocrx_word' id='word_1_500' title='bbox 1525 3579 1662 3632; x_wconf 88' lang='lat' dir='ltr'><strong>satis</strong></span> <span class='ocrx_word' id='word_1_501' title='bbox 1689 3579 1791 3633; x_wconf 90' lang='lat' dir='ltr'><strong>ad-</strong></span> 
     </span>
    </p>
   </div>
   <div class='ocr_carea' id='block_1_66' title="bbox 187 3665 1793 3738">
    <p class='ocr_par' dir='ltr' id='par_1_66' title="bbox 187 3665 1793 3738">
     <span class='ocr_line' id='line_1_66' title="bbox 187 3665 1793 3738; baseline 0.002 -20"><span class='ocrx_word' id='word_1_502' title='bbox 187 3665 406 3720; x_wconf 90' lang='lat' dir='ltr'><strong>modum</strong></span> <span class='ocrx_word' id='word_1_503' title='bbox 443 3665 746 3721; x_wconf 86' lang='lat' dir='ltr'><strong>devotione</strong></span> <span class='ocrx_word' id='word_1_504' title='bbox 779 3667 989 3722; x_wconf 87' lang='lat' dir='ltr'><strong>mentis</strong></span> <span class='ocrx_word' id='word_1_505' title='bbox 1033 3666 1376 3722; x_wconf 89' lang='lat' dir='ltr'><strong>invocandus</strong></span> <span class='ocrx_word' id='word_1_506' title='bbox 1432 3672 1519 3721; x_wconf 90' lang='lat' dir='ltr'><strong>est</strong></span> <span class='ocrx_word' id='word_1_507' title='bbox 1549 3666 1793 3738; x_wconf 87' lang='lat' dir='ltr'><strong>Spiritus</strong></span> 
     </span>
    </p>
   </div>
   <div class='ocr_carea' id='block_1_67' title="bbox 190 3753 1793 3826">
    <p class='ocr_par' dir='ltr' id='par_1_67' title="bbox 190 3753 1793 3826">
     <span class='ocr_line' id='line_1_67' title="bbox 190 3753 1793 3826; baseline 0.003 -22"><span class='ocrx_word' id='word_1_508' title='bbox 190 3759 424 3820; x_wconf 85' lang='lat' dir='ltr'><strong>sanctus,</strong></span> <span class='ocrx_word' id='word_1_509' title='bbox 449 3753 559 3825; x_wconf 88' lang='lat' dir='ltr'><strong>qui</strong></span> <span class='ocrx_word' id='word_1_510' title='bbox 579 3753 742 3808; x_wconf 88' lang='lat' dir='ltr'><strong>nobis</strong></span> <span class='ocrx_word' id='word_1_511' title='bbox 762 3754 1107 3809; x_wconf 88' lang='lat' dir='ltr'><strong>Salvatorem</strong></span> <span class='ocrx_word' id='word_1_512' title='bbox 1138 3771 1239 3826; x_wconf 91' lang='lat' dir='ltr'><strong>per</strong></span> <span class='ocrx_word' id='word_1_513' title='bbox 1279 3771 1341 3809; x_wconf 92' lang='lat' dir='ltr'><strong>os</strong></span> <span class='ocrx_word' id='word_1_514' title='bbox 1363 3754 1615 3808; x_wconf 91' lang='lat' dir='ltr'><strong>omnium</strong></span> <span class='ocrx_word' id='word_1_515' title='bbox 1667 3771 1793 3825; x_wconf 89' lang='lat' dir='ltr'><strong>pro-</strong></span> 
     </span>
    </p>
   </div>
   <div class='ocr_carea' id='block_1_68' title="bbox 188 3841 1791 3915">
    <p class='ocr_par' dir='ltr' id='par_1_68' title="bbox 188 3841 1791 3915">
     <span class='ocr_line' id='line_1_68' title="bbox 188 3841 1791 3915; baseline 0.002 -20"><span class='ocrx_word' id='word_1_516' title='bbox 188 3841 484 3910; x_wconf 85' lang='lat' dir='ltr'><strong>phetarum</strong></span> <span class='ocrx_word' id='word_1_517' title='bbox 508 3843 854 3914; x_wconf 85' lang='lat' dir='ltr'><strong>quandoque</strong></span> <span class='ocrx_word' id='word_1_518' title='bbox 883 3843 1247 3915; x_wconf 88' lang='lat' dir='ltr'><strong>promittebat</strong></span> <span class='ocrx_word' id='word_1_519' title='bbox 1272 3849 1593 3898; x_wconf 87' lang='lat' dir='ltr'><strong>venturum.</strong></span> <span class='ocrx_word' id='word_1_520' title='bbox 1627 3844 1791 3899; x_wconf 88' lang='lat' dir='ltr'><strong>Invo-</strong></span> 
     </span>
    </p>
   </div>
   <div class='ocr_carea' id='block_1_69' title="bbox 189 3933 1786 4004">
    <p class='ocr_par' dir='ltr' id='par_1_69' title="bbox 189 3933 1786 4004">
     <span class='ocr_line' id='line_1_69' title="bbox 189 3933 1786 4004; baseline 0.001 -19"><span class='ocrx_word' id='word_1_521' title='bbox 189 3933 386 3987; x_wconf 87' lang='lat' dir='ltr'><strong>candus</strong></span> <span class='ocrx_word' id='word_1_522' title='bbox 411 3934 624 4004; x_wconf 88' lang='lat' dir='ltr'><strong>utique</strong></span> <span class='ocrx_word' id='word_1_523' title='bbox 653 3938 716 3986; x_wconf 88' lang='lat' dir='ltr'><strong>ut</strong></span> <span class='ocrx_word' id='word_1_524' title='bbox 761 3933 879 4004; x_wconf 90' lang='lat' dir='ltr'><strong>ipse</strong></span> <span class='ocrx_word' id='word_1_525' title='bbox 907 3934 1124 4004; x_wconf 89' lang='lat' dir='ltr'><strong>aperiat</strong></span> <span class='ocrx_word' id='word_1_526' title='bbox 1158 3934 1348 3989; x_wconf 89' lang='lat' dir='ltr'><strong>oculos</strong></span> <span class='ocrx_word' id='word_1_527' title='bbox 1385 3934 1565 3989; x_wconf 91' lang='lat' dir='ltr'><strong>cordis</strong></span> <span class='ocrx_word' id='word_1_528' title='bbox 1587 3933 1786 4000; x_wconf 89' lang='lat' dir='ltr'><strong>nostri,</strong></span> 
     </span>
    </p>
   </div>
   <div class='ocr_carea' id='block_1_70' title="bbox 187 4023 1795 4093">
    <p class='ocr_par' dir='ltr' id='par_1_70' title="bbox 187 4023 1795 4093">
     <span class='ocr_line' id='line_1_70' title="bbox 187 4023 1795 4093; baseline 0.002 -20"><span class='ocrx_word' id='word_1_529' title='bbox 187 4036 248 4076; x_wconf 88' lang='lat' dir='ltr'><strong>ne</strong></span> <span class='ocrx_word' id='word_1_530' title='bbox 274 4029 627 4092; x_wconf 71' lang='lat' dir='ltr'><strong>praesentem</strong></span> <span class='ocrx_word' id='word_1_531' title='bbox 659 4039 807 4085; x_wconf 89' lang='lat' dir='ltr'><strong>eum,</strong></span> <span class='ocrx_word' id='word_1_532' title='bbox 842 4029 1070 4093; x_wconf 88' lang='lat' dir='ltr'><strong>propter</strong></span> <span class='ocrx_word' id='word_1_533' title='bbox 1098 4023 1350 4077; x_wconf 87' lang='lat' dir='ltr'><strong>velamen</strong></span> <span class='ocrx_word' id='word_1_534' title='bbox 1381 4023 1567 4078; x_wconf 89' lang='lat' dir='ltr'><strong>carnis</strong></span> <span class='ocrx_word' id='word_1_535' title='bbox 1607 4024 1795 4078; x_wconf 89' lang='lat' dir='ltr'><strong>minus</strong></span> 
     </span>
    </p>
   </div>
   <div class='ocr_carea' id='block_1_71' title="bbox 188 4111 1796 4182">
    <p class='ocr_par' dir='ltr' id='par_1_71' title="bbox 188 4111 1796 4182">
     <span class='ocr_line' id='line_1_71' title="bbox 188 4111 1796 4182; baseline 0.002 -21"><span class='ocrx_word' id='word_1_536' title='bbox 188 4123 431 4178; x_wconf 86' lang='lat' dir='ltr'><strong>capaces,</strong></span> <span class='ocrx_word' id='word_1_537' title='bbox 458 4127 584 4166; x_wconf 92' lang='lat' dir='ltr'><strong>non</strong></span> <span class='ocrx_word' id='word_1_538' title='bbox 605 4111 746 4164; x_wconf 90' lang='lat' dir='ltr'><strong>satis</strong></span> <span class='ocrx_word' id='word_1_539' title='bbox 778 4111 1178 4181; x_wconf 88' lang='lat' dir='ltr'><strong>intelligamus,</strong></span> <span class='ocrx_word' id='word_1_540' title='bbox 1202 4129 1369 4182; x_wconf 88' lang='lat' dir='ltr'><strong>quem</strong></span> <span class='ocrx_word' id='word_1_541' title='bbox 1399 4128 1434 4166; x_wconf 90' lang='lat' dir='ltr'><strong>a</strong></span> <span class='ocrx_word' id='word_1_542' title='bbox 1474 4112 1639 4182; x_wconf 87' lang='lat' dir='ltr'><strong>longe</strong></span> <span class='ocrx_word' id='word_1_543' title='bbox 1687 4111 1796 4182; x_wconf 89' lang='lat' dir='ltr'><strong>ipsi</strong></span> 
     </span>
    </p>
   </div>
   <div class='ocr_carea' id='block_1_72' title="bbox 186 4198 1796 4272">
    <p class='ocr_par' dir='ltr' id='par_1_72' title="bbox 186 4198 1796 4272">
     <span class='ocr_line' id='line_1_72' title="bbox 186 4198 1796 4272; baseline 0.002 -21"><span class='ocrx_word' id='word_1_544' title='bbox 186 4201 504 4270; x_wconf 88' lang='lat' dir='ltr'><strong>conspicuis</strong></span> <span class='ocrx_word' id='word_1_545' title='bbox 552 4198 859 4254; x_wconf 88' lang='lat' dir='ltr'><strong>cernebant</strong></span> <span class='ocrx_word' id='word_1_546' title='bbox 891 4200 1086 4268; x_wconf 89' lang='lat' dir='ltr'><strong>oculis,</strong></span> <span class='ocrx_word' id='word_1_547' title='bbox 1115 4206 1174 4256; x_wconf 91' lang='lat' dir='ltr'><strong>et</strong></span> <span class='ocrx_word' id='word_1_548' title='bbox 1211 4202 1364 4255; x_wconf 88' lang='lat' dir='ltr'><strong>velut</strong></span> <span class='ocrx_word' id='word_1_549' title='bbox 1403 4217 1592 4256; x_wconf 87' lang='lat' dir='ltr'><strong>coram</strong></span> <span class='ocrx_word' id='word_1_550' title='bbox 1629 4200 1796 4272; x_wconf 87' lang='lat' dir='ltr'><strong>positi</strong></span> 
     </span>
    </p>
   </div>
   <div class='ocr_carea' id='block_1_73' title="bbox 188 4288 1797 4360">
    <p class='ocr_par' dir='ltr' id='par_1_73' title="bbox 188 4288 1797 4360">
     <span class='ocr_line' id='line_1_73' title="bbox 188 4288 1797 4360; baseline 0.001 -18"><span class='ocrx_word' id='word_1_551' title='bbox 188 4289 335 4355; x_wconf 81' lang='lat' dir='ltr'><strong>quasi</strong></span> <span class='ocrx_word' id='word_1_552' title='bbox 365 4289 561 4360; x_wconf 86' lang='lat' dir='ltr'><strong>digito</strong></span> <span class='ocrx_word' id='word_1_553' title='bbox 579 4288 972 4358; x_wconf 88' lang='lat' dir='ltr'><strong>designabant,</strong></span> <span class='ocrx_word' id='word_1_554' title='bbox 1002 4307 1170 4360; x_wconf 90' lang='lat' dir='ltr'><strong>quem</strong></span> <span class='ocrx_word' id='word_1_555' title='bbox 1202 4289 1454 4345; x_wconf 84' lang='lat' dir='ltr'><strong>futurum</strong></span> <span class='ocrx_word' id='word_1_556' title='bbox 1481 4307 1610 4344; x_wconf 87' lang='lat' dir='ltr'><strong>vere</strong></span> <span class='ocrx_word' id='word_1_557' title='bbox 1640 4307 1704 4344; x_wconf 90' lang='lat' dir='ltr'><strong>ac</strong></span> <span class='ocrx_word' id='word_1_558' title='bbox 1735 4291 1797 4343; x_wconf 90' lang='lat' dir='ltr'><strong>ﬁ-</strong></span> 
     </span>
    </p>
   </div>
   <div class='ocr_carea' id='block_1_74' title="bbox 187 4374 1795 4450">
    <p class='ocr_par' dir='ltr' id='par_1_74' title="bbox 187 4374 1795 4450">
     <span class='ocr_line' id='line_1_74' title="bbox 187 4374 1795 4450; baseline 0.004 -23"><span class='ocrx_word' id='word_1_559' title='bbox 187 4374 376 4431; x_wconf 81' lang='lat' dir='ltr'><strong>deliter</strong></span> <span class='ocrx_word' id='word_1_560' title='bbox 409 4383 718 4432; x_wconf 81' lang='lat' dir='ltr'><strong>noverant.</strong></span> <span class='ocrx_word' id='word_1_561' title='bbox 763 4377 908 4432; x_wconf 84' lang='lat' dir='ltr'><strong>Hinc</strong></span> <span class='ocrx_word' id='word_1_562' title='bbox 935 4384 1021 4432; x_wconf 92' lang='lat' dir='ltr'><strong>est</strong></span> <span class='ocrx_word' id='word_1_563' title='bbox 1047 4395 1183 4434; x_wconf 90' lang='lat' dir='ltr'><strong>sane</strong></span> <span class='ocrx_word' id='word_1_564' title='bbox 1204 4379 1354 4450; x_wconf 90' lang='lat' dir='ltr'><strong>quod</strong></span> <span class='ocrx_word' id='word_1_565' title='bbox 1380 4379 1605 4450; x_wconf 88' lang='lat' dir='ltr'><strong>ubique,</strong></span> <span class='ocrx_word' id='word_1_566' title='bbox 1659 4379 1795 4434; x_wconf 89' lang='lat' dir='ltr'><strong>Ecce</strong></span> 
     </span>
    </p>
   </div>
   <div class='ocr_carea' id='block_1_75' title="bbox 188 4465 1794 4538">
    <p class='ocr_par' dir='ltr' id='par_1_75' title="bbox 188 4465 1794 4538">
     <span class='ocr_line' id='line_1_75' title="bbox 188 4465 1794 4538; baseline 0.002 -20"><span class='ocrx_word' id='word_1_567' title='bbox 188 4465 422 4531; x_wconf 81' lang='lat' dir='ltr'><strong>advenit,</strong></span> <span class='ocrx_word' id='word_1_568' title='bbox 472 4465 694 4520; x_wconf 90' lang='lat' dir='ltr'><strong>dicunt.</strong></span> <span class='ocrx_word' id='word_1_569' title='bbox 723 4466 871 4530; x_wconf 86' lang='lat' dir='ltr'><strong>Quid</strong></span> <span class='ocrx_word' id='word_1_570' title='bbox 914 4467 1064 4522; x_wconf 89' lang='lat' dir='ltr'><strong>enim</strong></span> <span class='ocrx_word' id='word_1_571' title='bbox 1093 4474 1182 4522; x_wconf 88' lang='lat' dir='ltr'><strong>est</strong></span> <span class='ocrx_word' id='word_1_572' title='bbox 1209 4469 1363 4523; x_wconf 91' lang='lat' dir='ltr'><strong>aliud</strong></span> <span class='ocrx_word' id='word_1_573' title='bbox 1386 4475 1500 4522; x_wconf 88' lang='lat' dir='ltr'><strong>tam</strong></span> <span class='ocrx_word' id='word_1_574' title='bbox 1531 4469 1794 4538; x_wconf 85' lang='lat' dir='ltr'><strong>frequen-</strong></span> 
     </span>
    </p>
   </div>
   <div class='ocr_carea' id='block_1_76' title="bbox 188 4555 1794 4622">
    <p class='ocr_par' dir='ltr' id='par_1_76' title="bbox 188 4555 1794 4622">
     <span class='ocr_line' id='line_1_76' title="bbox 188 4555 1794 4622; baseline 0.002 -15"><span class='ocrx_word' id='word_1_575' title='bbox 188 4561 414 4610; x_wconf 80' lang='lat' dir='ltr'><strong>terecce</strong></span> <span class='ocrx_word' id='word_1_576' title='bbox 465 4555 702 4609; x_wconf 85' lang='lat' dir='ltr'><strong>advenit</strong></span> <span class='ocrx_word' id='word_1_577' title='bbox 759 4555 962 4622; x_wconf 92' lang='lat' dir='ltr'><strong>dicere,</strong></span> <span class='ocrx_word' id='word_1_578' title='bbox 1028 4557 1186 4612; x_wconf 91' lang='lat' dir='ltr'><strong>velut</strong></span> <span class='ocrx_word' id='word_1_579' title='bbox 1249 4573 1438 4612; x_wconf 91' lang='lat' dir='ltr'><strong>coram</strong></span> <span class='ocrx_word' id='word_1_580' title='bbox 1483 4556 1794 4611; x_wconf 88' lang='lat' dir='ltr'><strong>exhibendo</strong></span> 
     </span>
    </p>
   </div>
   <div class='ocr_carea' id='block_1_77' title="bbox 191 4644 1795 4716">
    <p class='ocr_par' dir='ltr' id='par_1_77' title="bbox 191 4644 1795 4716">
     <span class='ocr_line' id='line_1_77' title="bbox 191 4644 1795 4716; baseline 0.004 -22"><span class='ocrx_word' id='word_1_581' title='bbox 191 4644 324 4710; x_wconf 88' lang='lat' dir='ltr'><strong>quod</strong></span> <span class='ocrx_word' id='word_1_582' title='bbox 376 4644 649 4699; x_wconf 89' lang='lat' dir='ltr'><strong>nondum</strong></span> <span class='ocrx_word' id='word_1_583' title='bbox 696 4651 836 4710; x_wconf 87' lang='lat' dir='ltr'><strong>erat,</strong></span> <span class='ocrx_word' id='word_1_584' title='bbox 872 4645 979 4699; x_wconf 90' lang='lat' dir='ltr'><strong>nisi</strong></span> <span class='ocrx_word' id='word_1_585' title='bbox 1008 4645 1287 4700; x_wconf 89' lang='lat' dir='ltr'><strong>visibilem</strong></span> <span class='ocrx_word' id='word_1_586' title='bbox 1317 4645 1577 4701; x_wconf 90' lang='lat' dir='ltr'><strong>omnibus</strong></span> <span class='ocrx_word' id='word_1_587' title='bbox 1606 4663 1795 4716; x_wconf 89' lang='lat' dir='ltr'><strong>repro-</strong></span> 
     </span>
    </p>
   </div>
   <div class='ocr_carea' id='block_1_78' title="bbox 1873 3485 3467 3555">
    <p class='ocr_par' dir='ltr' id='par_1_78' title="bbox 1873 3485 3467 3555">
     <span class='ocr_line' id='line_1_78' title="bbox 1873 3485 3467 3555; baseline 0.001 -15"><span class='ocrx_word' id='word_1_588' title='bbox 1873 3486 2109 3541; x_wconf 91' lang='lat' dir='ltr'><strong>nitatem</strong></span> <span class='ocrx_word' id='word_1_589' title='bbox 2136 3485 2309 3541; x_wconf 89' lang='lat' dir='ltr'><strong>etiam</strong></span> <span class='ocrx_word' id='word_1_590' title='bbox 2355 3485 2514 3541; x_wconf 89' lang='lat' dir='ltr'><strong>nobis</strong></span> <span class='ocrx_word' id='word_1_591' title='bbox 2538 3487 2786 3542; x_wconf 87' lang='lat' dir='ltr'><strong>volentes</strong></span> <span class='ocrx_word' id='word_1_592' title='bbox 2818 3489 3132 3555; x_wconf 87' lang='lat' dir='ltr'><strong>ostendere,</strong></span> <span class='ocrx_word' id='word_1_593' title='bbox 3168 3489 3467 3545; x_wconf 81' lang='lat' dir='ltr'><strong>dixerunt:</strong></span> 
     </span>
    </p>
   </div>
   <div class='ocr_carea' id='block_1_79' title="bbox 1874 3574 3474 3650">
    <p class='ocr_par' dir='ltr' id='par_1_79' title="bbox 1874 3574 3474 3650">
     <span class='ocr_line' id='line_1_79' title="bbox 1874 3574 3474 3650; baseline 0.001 -20"><span class='ocrx_word' id='word_1_594' title='bbox 1874 3574 2186 3630; x_wconf 64' lang='lat' dir='ltr'><strong>IEternitas</strong></span> <span class='ocrx_word' id='word_1_595' title='bbox 2221 3581 2307 3630; x_wconf 92' lang='lat' dir='ltr'><strong>est</strong></span> <span class='ocrx_word' id='word_1_596' title='bbox 2343 3575 2774 3630; x_wconf 88' lang='lat' dir='ltr'><strong>interminabilis</strong></span> <span class='ocrx_word' id='word_1_597' title='bbox 2805 3576 2929 3632; x_wconf 67' lang='lat' dir='ltr'><strong>vitae</strong></span> <span class='ocrx_word' id='word_1_598' title='bbox 2950 3584 3068 3632; x_wconf 86' lang='lat' dir='ltr'><strong>tota</strong></span> <span class='ocrx_word' id='word_1_599' title='bbox 3091 3578 3259 3633; x_wconf 89' lang='lat' dir='ltr'><strong>simul</strong></span> <span class='ocrx_word' id='word_1_600' title='bbox 3276 3585 3333 3633; x_wconf 91' lang='lat' dir='ltr'><strong>et</strong></span> <span class='ocrx_word' id='word_1_601' title='bbox 3351 3595 3474 3650; x_wconf 89' lang='lat' dir='ltr'><strong>per-</strong></span> 
     </span>
    </p>
   </div>
   <div class='ocr_carea' id='block_1_80' title="bbox 1874 3664 3470 3738">
    <p class='ocr_par' dir='ltr' id='par_1_80' title="bbox 1874 3664 3470 3738">
     <span class='ocr_line' id='line_1_80' title="bbox 1874 3664 3470 3738; baseline 0.003 -21"><span class='ocrx_word' id='word_1_602' title='bbox 1874 3664 2019 3718; x_wconf 81' lang='lat' dir='ltr'><strong>fecta</strong></span> <span class='ocrx_word' id='word_1_603' title='bbox 2055 3665 2330 3735; x_wconf 89' lang='lat' dir='ltr'><strong>possessio</strong></span> <span class='ocrx_word' id='word_1_604' title='bbox 2365 3683 2376 3730; x_wconf 90' lang='lat'><strong>;</strong></span> <span class='ocrx_word' id='word_1_605' title='bbox 2412 3665 2562 3733; x_wconf 89' lang='lat' dir='ltr'><strong>quod</strong></span> <span class='ocrx_word' id='word_1_606' title='bbox 2616 3681 2682 3718; x_wconf 84' lang='lat' dir='ltr'><strong>ex</strong></span> <span class='ocrx_word' id='word_1_607' title='bbox 2726 3665 3021 3719; x_wconf 89' lang='lat' dir='ltr'><strong>collatione</strong></span> <span class='ocrx_word' id='word_1_608' title='bbox 3069 3668 3470 3738; x_wconf 87' lang='lat' dir='ltr'><strong>temporalium</strong></span> 
     </span>
    </p>
   </div>
   <div class='ocr_carea' id='block_1_81' title="bbox 1875 3752 3473 3826">
    <p class='ocr_par' dir='ltr' id='par_1_81' title="bbox 1875 3752 3473 3826">
     <span class='ocr_line' id='line_1_81' title="bbox 1875 3752 3473 3826; baseline 0.002 -20"><span class='ocrx_word' id='word_1_609' title='bbox 1875 3752 2080 3808; x_wconf 89' lang='lat' dir='ltr'><strong>clarius</strong></span> <span class='ocrx_word' id='word_1_610' title='bbox 2103 3752 2391 3807; x_wconf 90' lang='lat' dir='ltr'><strong>illucescit.</strong></span> <span class='ocrx_word' id='word_1_611' title='bbox 2416 3753 2501 3806; x_wconf 83' lang='lat' dir='ltr'><strong>Ad</strong></span> <span class='ocrx_word' id='word_1_612' title='bbox 2527 3769 2694 3822; x_wconf 89' lang='lat' dir='ltr'><strong>quam</strong></span> <span class='ocrx_word' id='word_1_613' title='bbox 2725 3769 2861 3806; x_wconf 88' lang='lat' dir='ltr'><strong>sane</strong></span> <span class='ocrx_word' id='word_1_614' title='bbox 2908 3754 3279 3808; x_wconf 75' lang='lat' dir='ltr'><strong>aeternitatem</strong></span> <span class='ocrx_word' id='word_1_615' title='bbox 3341 3772 3473 3826; x_wconf 88' lang='lat' dir='ltr'><strong>pro-</strong></span> 
     </span>
    </p>
   </div>
   <div class='ocr_carea' id='block_1_82' title="bbox 1875 3841 3474 3914">
    <p class='ocr_par' dir='ltr' id='par_1_82' title="bbox 1875 3841 3474 3914">
     <span class='ocr_line' id='line_1_82' title="bbox 1875 3841 3474 3914; baseline 0.001 -18"><span class='ocrx_word' id='word_1_616' title='bbox 1875 3843 2056 3914; x_wconf 70' lang='lat' dir='ltr'><strong>pheta:</strong></span> <span class='ocrx_word' id='word_1_617' title='bbox 2086 3842 2144 3896; x_wconf 92' lang='lat' dir='ltr'><strong>in</strong></span> <span class='ocrx_word' id='word_1_618' title='bbox 2167 3841 2380 3912; x_wconf 91' lang='lat' dir='ltr'><strong>Spiritu</strong></span> <span class='ocrx_word' id='word_1_619' title='bbox 2405 3846 2562 3894; x_wconf 87' lang='lat' dir='ltr'><strong>extra</strong></span> <span class='ocrx_word' id='word_1_620' title='bbox 2590 3858 2669 3904; x_wconf 89' lang='lat' dir='ltr'><strong>se,</strong></span> <span class='ocrx_word' id='word_1_621' title='bbox 2703 3847 2760 3894; x_wconf 90' lang='lat' dir='ltr'><strong>et</strong></span> <span class='ocrx_word' id='word_1_622' title='bbox 2785 3846 2941 3895; x_wconf 87' lang='lat' dir='ltr'><strong>extra</strong></span> <span class='ocrx_word' id='word_1_623' title='bbox 2976 3859 3142 3897; x_wconf 91' lang='lat' dir='ltr'><strong>omne</strong></span> <span class='ocrx_word' id='word_1_624' title='bbox 3180 3843 3328 3913; x_wconf 91' lang='lat' dir='ltr'><strong>quod</strong></span> <span class='ocrx_word' id='word_1_625' title='bbox 3356 3859 3474 3896; x_wconf 84' lang='lat' dir='ltr'><strong>cor-</strong></span> 
     </span>
    </p>
   </div>
   <div class='ocr_carea' id='block_1_83' title="bbox 1878 3930 3475 4003">
    <p class='ocr_par' dir='ltr' id='par_1_83' title="bbox 1878 3930 3475 4003">
     <span class='ocr_line' id='line_1_83' title="bbox 1878 3930 3475 4003; baseline -0.001 -17"><span class='ocrx_word' id='word_1_626' title='bbox 1878 3948 2112 4003; x_wconf 89' lang='lat' dir='ltr'><strong>poreum</strong></span> <span class='ocrx_word' id='word_1_627' title='bbox 2168 3930 2315 3984; x_wconf 88' lang='lat' dir='ltr'><strong>infra</strong></span> <span class='ocrx_word' id='word_1_628' title='bbox 2364 3935 2586 4001; x_wconf 90' lang='lat' dir='ltr'><strong>tempus</strong></span> <span class='ocrx_word' id='word_1_629' title='bbox 2632 3935 2736 3994; x_wconf 91' lang='lat' dir='ltr'><strong>est,</strong></span> <span class='ocrx_word' id='word_1_630' title='bbox 2795 3931 3116 3995; x_wconf 89' lang='lat' dir='ltr'><strong>transvecti,</strong></span> <span class='ocrx_word' id='word_1_631' title='bbox 3171 3930 3475 3986; x_wconf 86' lang='lat' dir='ltr'><strong>cernebant</strong></span> 
     </span>
    </p>
   </div>
   <div class='ocr_carea' id='block_1_84' title="bbox 1879 4019 3473 4091">
    <p class='ocr_par' dir='ltr' id='par_1_84' title="bbox 1879 4019 3473 4091">
     <span class='ocr_line' id='line_1_84' title="bbox 1879 4019 3473 4091; baseline 0.001 -18"><span class='ocrx_word' id='word_1_632' title='bbox 1879 4036 2122 4091; x_wconf 61' lang='lat' dir='ltr'><strong>praesens</strong></span> <span class='ocrx_word' id='word_1_633' title='bbox 2152 4019 2465 4090; x_wconf 91' lang='lat' dir='ltr'><strong>illud,quod</strong></span> <span class='ocrx_word' id='word_1_634' title='bbox 2479 4023 2607 4072; x_wconf 86' lang='lat' dir='ltr'><strong>ante</strong></span> <span class='ocrx_word' id='word_1_635' title='bbox 2620 4022 2842 4089; x_wconf 88' lang='lat' dir='ltr'><strong>tempus</strong></span> <span class='ocrx_word' id='word_1_636' title='bbox 2849 4019 2968 4089; x_wconf 84' lang='lat' dir='ltr'><strong>jam</strong></span> <span class='ocrx_word' id='word_1_637' title='bbox 2983 4019 3039 4073; x_wconf 91' lang='lat' dir='ltr'><strong>in</strong></span> <span class='ocrx_word' id='word_1_638' title='bbox 3060 4019 3156 4074; x_wconf 93' lang='lat' dir='ltr'><strong>illo</strong></span> <span class='ocrx_word' id='word_1_639' title='bbox 3178 4025 3317 4074; x_wconf 90' lang='lat' dir='ltr'><strong>erat.</strong></span> <span class='ocrx_word' id='word_1_640' title='bbox 3335 4019 3473 4074; x_wconf 91' lang='lat' dir='ltr'><strong>Illuc</strong></span> 
     </span>
    </p>
   </div>
   <div class='ocr_carea' id='block_1_85' title="bbox 1877 4107 3476 4180">
    <p class='ocr_par' dir='ltr' id='par_1_85' title="bbox 1877 4107 3476 4180">
     <span class='ocr_line' id='line_1_85' title="bbox 1877 4107 3476 4180; baseline 0.001 -17"><span class='ocrx_word' id='word_1_641' title='bbox 1877 4125 2120 4180; x_wconf 89' lang='lat' dir='ltr'><strong>namque</strong></span> <span class='ocrx_word' id='word_1_642' title='bbox 2137 4124 2360 4179; x_wconf 90' lang='lat' dir='ltr'><strong>semper</strong></span> <span class='ocrx_word' id='word_1_643' title='bbox 2379 4125 2624 4178; x_wconf 62' lang='lat' dir='ltr'><strong>praesens</strong></span> <span class='ocrx_word' id='word_1_644' title='bbox 2647 4107 2813 4162; x_wconf 89' lang='lat' dir='ltr'><strong>simul</strong></span> <span class='ocrx_word' id='word_1_645' title='bbox 2830 4107 3259 4164; x_wconf 83' lang='lat' dir='ltr'><strong>interminabilis</strong></span> <span class='ocrx_word' id='word_1_646' title='bbox 3285 4125 3476 4164; x_wconf 87' lang='lat' dir='ltr'><strong>rerum</strong></span> 
     </span>
    </p>
   </div>
   <div class='ocr_carea' id='block_1_86' title="bbox 1877 4196 3476 4270">
    <p class='ocr_par' dir='ltr' id='par_1_86' title="bbox 1877 4196 3476 4270">
     <span class='ocr_line' id='line_1_86' title="bbox 1877 4196 3476 4270; baseline -0.001 -17"><span class='ocrx_word' id='word_1_647' title='bbox 1877 4197 2252 4270; x_wconf 88' lang='lat' dir='ltr'><strong>possessio,ac</strong></span> <span class='ocrx_word' id='word_1_648' title='bbox 2279 4196 2631 4267; x_wconf 87' lang='lat' dir='ltr'><strong>negotiorum</strong></span> <span class='ocrx_word' id='word_1_649' title='bbox 2648 4197 2858 4268; x_wconf 87' lang='lat' dir='ltr'><strong>pariter</strong></span> <span class='ocrx_word' id='word_1_650' title='bbox 2889 4197 3196 4268; x_wconf 89' lang='lat' dir='ltr'><strong>plenitudo,</strong></span> <span class='ocrx_word' id='word_1_651' title='bbox 3213 4215 3312 4252; x_wconf 91' lang='lat' dir='ltr'><strong>seu</strong></span> <span class='ocrx_word' id='word_1_652' title='bbox 3342 4213 3476 4252; x_wconf 86' lang='lat' dir='ltr'><strong>cau-</strong></span> 
     </span>
    </p>
   </div>
   <div class='ocr_carea' id='block_1_87' title="bbox 1878 4287 3477 4358">
    <p class='ocr_par' dir='ltr' id='par_1_87' title="bbox 1878 4287 3477 4358">
     <span class='ocr_line' id='line_1_87' title="bbox 1878 4287 3477 4358; baseline 0 -16"><span class='ocrx_word' id='word_1_653' title='bbox 1878 4304 2072 4342; x_wconf 88' lang='lat' dir='ltr'><strong>sarum</strong></span> <span class='ocrx_word' id='word_1_654' title='bbox 2095 4303 2321 4341; x_wconf 89' lang='lat' dir='ltr'><strong>summa</strong></span> <span class='ocrx_word' id='word_1_655' title='bbox 2337 4287 2609 4341; x_wconf 90' lang='lat' dir='ltr'><strong>consistit.</strong></span> <span class='ocrx_word' id='word_1_656' title='bbox 2647 4287 2768 4350; x_wconf 90' lang='lat' dir='ltr'><strong>Quo</strong></span> <span class='ocrx_word' id='word_1_657' title='bbox 2799 4287 2931 4358; x_wconf 91' lang='lat' dir='ltr'><strong>quia</strong></span> <span class='ocrx_word' id='word_1_658' title='bbox 2960 4288 3142 4342; x_wconf 78' lang='lat' dir='ltr'><strong>omnis</strong></span> <span class='ocrx_word' id='word_1_659' title='bbox 3195 4287 3477 4342; x_wconf 67' lang='lat' dir='ltr'><strong>haeretico-</strong></span> 
     </span>
    </p>
   </div>
   <div class='ocr_carea' id='block_1_88' title="bbox 1878 4375 3474 4447">
    <p class='ocr_par' dir='ltr' id='par_1_88' title="bbox 1878 4375 3474 4447">
     <span class='ocr_line' id='line_1_88' title="bbox 1878 4375 3474 4447; baseline 0.001 -17"><span class='ocrx_word' id='word_1_660' title='bbox 1878 4393 2004 4431; x_wconf 92' lang='lat' dir='ltr'><strong>rum</strong></span> <span class='ocrx_word' id='word_1_661' title='bbox 2029 4375 2256 4446; x_wconf 87' lang='lat' dir='ltr'><strong>ignavia</strong></span> <span class='ocrx_word' id='word_1_662' title='bbox 2284 4392 2397 4430; x_wconf 92' lang='lat' dir='ltr'><strong>non</strong></span> <span class='ocrx_word' id='word_1_663' title='bbox 2425 4375 2600 4430; x_wconf 88' lang='lat' dir='ltr'><strong>valuit</strong></span> <span class='ocrx_word' id='word_1_664' title='bbox 2614 4375 2890 4446; x_wconf 84' lang='lat' dir='ltr'><strong>attingere</strong></span> <span class='ocrx_word' id='word_1_665' title='bbox 2920 4381 3048 4442; x_wconf 64' lang='lat'><strong>92</strong></span> <span class='ocrx_word' id='word_1_666' title='bbox 3065 4382 3130 4430; x_wconf 88' lang='lat' dir='ltr'><strong>ut</strong></span> <span class='ocrx_word' id='word_1_667' title='bbox 3155 4376 3474 4447; x_wconf 87' lang='lat' dir='ltr'><strong>inspiceret,</strong></span> 
     </span>
    </p>
   </div>
   <div class='ocr_carea' id='block_1_89' title="bbox 1877 4463 3476 4536">
    <p class='ocr_par' dir='ltr' id='par_1_89' title="bbox 1877 4463 3476 4536">
     <span class='ocr_line' id='line_1_89' title="bbox 1877 4463 3476 4536; baseline 0 -16"><span class='ocrx_word' id='word_1_668' title='bbox 1877 4465 2145 4520; x_wconf 82' lang='lat' dir='ltr'><strong>caecitatis</strong></span> <span class='ocrx_word' id='word_1_669' title='bbox 2157 4465 2396 4535; x_wconf 90' lang='lat' dir='ltr'><strong>caligine</strong></span> <span class='ocrx_word' id='word_1_670' title='bbox 2417 4463 2754 4530; x_wconf 85' lang='lat' dir='ltr'><strong>circumfusi,</strong></span> <span class='ocrx_word' id='word_1_671' title='bbox 2780 4481 2962 4535; x_wconf 92' lang='lat' dir='ltr'><strong>neque</strong></span> <span class='ocrx_word' id='word_1_672' title='bbox 2983 4472 3315 4536; x_wconf 56' lang='lat' dir='ltr'><strong>praesentem</strong></span> <span class='ocrx_word' id='word_1_673' title='bbox 3346 4481 3476 4520; x_wconf 90' lang='lat' dir='ltr'><strong>eum</strong></span> 
     </span>
    </p>
   </div>
   <div class='ocr_carea' id='block_1_90' title="bbox 1877 4552 3476 4624">
    <p class='ocr_par' dir='ltr' id='par_1_90' title="bbox 1877 4552 3476 4624">
     <span class='ocr_line' id='line_1_90' title="bbox 1877 4552 3476 4624; baseline 0 -15"><span class='ocrx_word' id='word_1_674' title='bbox 1877 4556 1937 4609; x_wconf 91' lang='lat' dir='ltr'><strong>in</strong></span> <span class='ocrx_word' id='word_1_675' title='bbox 1969 4560 2130 4608; x_wconf 90' lang='lat' dir='ltr'><strong>utero</strong></span> <span class='ocrx_word' id='word_1_676' title='bbox 2143 4553 2408 4624; x_wconf 86' lang='lat' dir='ltr'><strong>Virginis,</strong></span> <span class='ocrx_word' id='word_1_677' title='bbox 2431 4560 2496 4608; x_wconf 92' lang='lat' dir='ltr'><strong>ut</strong></span> <span class='ocrx_word' id='word_1_678' title='bbox 2511 4553 2714 4620; x_wconf 87' lang='lat' dir='ltr'><strong>decuit,</strong></span> <span class='ocrx_word' id='word_1_679' title='bbox 2737 4569 2918 4624; x_wconf 91' lang='lat' dir='ltr'><strong>neque</strong></span> <span class='ocrx_word' id='word_1_680' title='bbox 2934 4552 3003 4606; x_wconf 83' lang='lat' dir='ltr'><strong>ab</strong></span> <span class='ocrx_word' id='word_1_681' title='bbox 3017 4553 3242 4608; x_wconf 85' lang='lat' dir='ltr'><strong>exordio</strong></span> <span class='ocrx_word' id='word_1_682' title='bbox 3273 4559 3476 4609; x_wconf 86' lang='lat' dir='ltr'><strong>cuncta</strong></span> 
     </span>
    </p>
   </div>
   <div class='ocr_carea' id='block_1_91' title="bbox 1878 4641 3476 4713">
    <p class='ocr_par' dir='ltr' id='par_1_91' title="bbox 1878 4641 3476 4713">
     <span class='ocr_line' id='line_1_91' title="bbox 1878 4641 3476 4713; baseline 0.001 -16"><span class='ocrx_word' id='word_1_683' title='bbox 1878 4648 2162 4697; x_wconf 74' lang='lat' dir='ltr'><strong>ere-antem</strong></span> <span class='ocrx_word' id='word_1_684' title='bbox 2195 4643 2264 4696; x_wconf 89' lang='lat' dir='ltr'><strong>de</strong></span> <span class='ocrx_word' id='word_1_685' title='bbox 2292 4643 2458 4696; x_wconf 89' lang='lat' dir='ltr'><strong>Patre</strong></span> <span class='ocrx_word' id='word_1_686' title='bbox 2484 4641 2760 4712; x_wconf 88' lang='lat' dir='ltr'><strong>genitum,</strong></span> <span class='ocrx_word' id='word_1_687' title='bbox 2789 4647 2852 4696; x_wconf 90' lang='lat' dir='ltr'><strong>ut</strong></span> <span class='ocrx_word' id='word_1_688' title='bbox 2897 4641 3149 4713; x_wconf 91' lang='lat' dir='ltr'><strong>oportuit</strong></span> <span class='ocrx_word' id='word_1_689' title='bbox 3201 4658 3476 4713; x_wconf 83' lang='lat' dir='ltr'><strong>cognove-</strong></span> 
     </span>
    </p>
   </div>
   <div class='ocr_carea' id='block_1_92' title="bbox 190 4725 3476 4806">
    <p class='ocr_par' dir='ltr' id='par_1_92' title="bbox 190 4725 3476 4806">
     <span class='ocr_line' id='line_1_92' title="bbox 190 4725 3476 4806; baseline 0.001 -20"><span class='ocrx_word' id='word_1_690' title='bbox 190 4731 424 4797; x_wconf 84' lang='lat' dir='ltr'><strong>mittere,</strong></span> <span class='ocrx_word' id='word_1_691' title='bbox 447 4749 631 4805; x_wconf 89' lang='lat' dir='ltr'><strong>quem</strong></span> <span class='ocrx_word' id='word_1_692' title='bbox 652 4733 759 4804; x_wconf 92' lang='lat' dir='ltr'><strong>ipsi</strong></span> <span class='ocrx_word' id='word_1_693' title='bbox 780 4734 960 4788; x_wconf 89' lang='lat' dir='ltr'><strong>Deum</strong></span> <span class='ocrx_word' id='word_1_694' title='bbox 981 4741 1315 4805; x_wconf 66' lang='lat' dir='ltr'><strong>praesentem</strong></span> <span class='ocrx_word' id='word_1_695' title='bbox 1349 4735 1554 4806; x_wconf 89' lang='lat' dir='ltr'><strong>ubique</strong></span> <span class='ocrx_word' id='word_1_696' title='bbox 1604 4725 1858 4789; x_wconf 86' lang='lat' dir='ltr'><strong>cerne-D</strong></span> <span class='ocrx_word' id='word_1_697' title='bbox 1877 4738 2029 4789; x_wconf 90' lang='lat' dir='ltr'><strong>runt.</strong></span> <span class='ocrx_word' id='word_1_698' title='bbox 2063 4731 2222 4787; x_wconf 90' lang='lat' dir='ltr'><strong>Unde</strong></span> <span class='ocrx_word' id='word_1_699' title='bbox 2252 4747 2609 4802; x_wconf 89' lang='lat' dir='ltr'><strong>summopere</strong></span> <span class='ocrx_word' id='word_1_700' title='bbox 2638 4730 3008 4801; x_wconf 82' lang='lat' dir='ltr'><strong>ﬂagitandum</strong></span> <span class='ocrx_word' id='word_1_701' title='bbox 3059 4736 3146 4786; x_wconf 90' lang='lat' dir='ltr'><strong>est</strong></span> <span class='ocrx_word' id='word_1_702' title='bbox 3199 4737 3265 4787; x_wconf 91' lang='lat' dir='ltr'><strong>ut</strong></span> <span class='ocrx_word' id='word_1_703' title='bbox 3316 4749 3476 4788; x_wconf 90' lang='lat' dir='ltr'><strong>mens</strong></span> 
     </span>
    </p>
   </div>
   <div class='ocr_carea' id='block_1_93' title="bbox 191 4818 3480 4895">
    <p class='ocr_par' dir='ltr' id='par_1_93' title="bbox 191 4818 3480 4895">
     <span class='ocr_line' id='line_1_93' title="bbox 191 4818 3480 4895; baseline 0.001 -21"><span class='ocrx_word' id='word_1_704' title='bbox 191 4818 313 4875; x_wconf 76' lang='lat' dir='ltr'><strong>bant</strong></span> <span class='ocrx_word' id='word_1_705' title='bbox 341 4823 366 4876; x_wconf 65' lang='grc' dir='ltr'><strong>’ἶ</strong></span> <span class='ocrx_word' id='word_1_706' title='bbox 396 4821 737 4878; x_wconf 86' lang='lat' dir='ltr'><strong>Cernebant</strong></span> <span class='ocrx_word' id='word_1_707' title='bbox 763 4829 954 4877; x_wconf 86' lang='lat' dir='ltr'><strong>autem</strong></span> <span class='ocrx_word' id='word_1_708' title='bbox 1005 4839 1134 4878; x_wconf 90' lang='lat' dir='ltr'><strong>eum</strong></span> <span class='ocrx_word' id='word_1_709' title='bbox 1190 4824 1249 4878; x_wconf 92' lang='lat' dir='ltr'><strong>in</strong></span> <span class='ocrx_word' id='word_1_710' title='bbox 1300 4825 1514 4895; x_wconf 88' lang='lat' dir='ltr'><strong>Spiritu</strong></span> <span class='ocrx_word' id='word_1_711' title='bbox 1540 4839 1554 4878; x_wconf 92' lang='lat'><strong>:</strong></span> <span class='ocrx_word' id='word_1_712' title='bbox 1584 4829 1639 4878; x_wconf 90' lang='lat' dir='ltr'><strong>et</strong></span> <span class='ocrx_word' id='word_1_713' title='bbox 1669 4824 1794 4879; x_wconf 92' lang='lat' dir='ltr'><strong>ideo</strong></span> <span class='ocrx_word' id='word_1_714' title='bbox 1880 4828 2074 4876; x_wconf 89' lang='lat' dir='ltr'><strong>nostra</strong></span> <span class='ocrx_word' id='word_1_715' title='bbox 2104 4821 2348 4891; x_wconf 89' lang='lat' dir='ltr'><strong>Spiritus</strong></span> <span class='ocrx_word' id='word_1_716' title='bbox 2393 4819 2570 4874; x_wconf 90' lang='lat' dir='ltr'><strong>sancti</strong></span> <span class='ocrx_word' id='word_1_717' title='bbox 2598 4819 2783 4890; x_wconf 85' lang='lat' dir='ltr'><strong>gratia</strong></span> <span class='ocrx_word' id='word_1_718' title='bbox 2807 4818 3141 4884; x_wconf 89' lang='lat' dir='ltr'><strong>illustretur,</strong></span> <span class='ocrx_word' id='word_1_719' title='bbox 3200 4827 3480 4892; x_wconf 89' lang='lat' dir='ltr'><strong>quatenus</strong></span> 
     </span>
    </p>
   </div>
   <div class='ocr_carea' id='block_1_94' title="bbox 189 4907 3478 4983">
    <p class='ocr_par' dir='ltr' id='par_1_94' title="bbox 189 4907 3478 4983">
     <span class='ocr_line' id='line_1_94' title="bbox 189 4907 3478 4983; baseline 0.001 -21"><span class='ocrx_word' id='word_1_720' title='bbox 189 4922 340 4976; x_wconf 84' lang='lat' dir='ltr'><strong>quem</strong></span> <span class='ocrx_word' id='word_1_721' title='bbox 357 4911 492 4966; x_wconf 89' lang='lat' dir='ltr'><strong>sine</strong></span> <span class='ocrx_word' id='word_1_722' title='bbox 522 4916 783 4981; x_wconf 83' lang='lat' dir='ltr'><strong>tempore</strong></span> <span class='ocrx_word' id='word_1_723' title='bbox 804 4909 1086 4976; x_wconf 88' lang='lat' dir='ltr'><strong>videbant,</strong></span> <span class='ocrx_word' id='word_1_724' title='bbox 1120 4911 1210 4966; x_wconf 94' lang='lat' dir='ltr'><strong>cui</strong></span> <span class='ocrx_word' id='word_1_725' title='bbox 1239 4918 1373 4966; x_wconf 91' lang='lat' dir='ltr'><strong>sunt</strong></span> <span class='ocrx_word' id='word_1_726' title='bbox 1401 4912 1683 4983; x_wconf 73' lang='lat' dir='ltr'><strong>praeterita</strong></span> <span class='ocrx_word' id='word_1_727' title='bbox 1705 4912 1797 4968; x_wconf 90' lang='lat' dir='ltr'><strong>fu-</strong></span> <span class='ocrx_word' id='word_1_728' title='bbox 1880 4909 2069 4964; x_wconf 89' lang='lat' dir='ltr'><strong>divina</strong></span> <span class='ocrx_word' id='word_1_729' title='bbox 2089 4908 2264 4980; x_wconf 87' lang='lat' dir='ltr'><strong>ipsius</strong></span> <span class='ocrx_word' id='word_1_730' title='bbox 2292 4907 2656 4979; x_wconf 88' lang='lat' dir='ltr'><strong>inspiratione</strong></span> <span class='ocrx_word' id='word_1_731' title='bbox 2686 4907 2964 4979; x_wconf 87' lang='lat' dir='ltr'><strong>possimus</strong></span> <span class='ocrx_word' id='word_1_732' title='bbox 2985 4908 3270 4964; x_wconf 88' lang='lat' dir='ltr'><strong>interdum</strong></span> <span class='ocrx_word' id='word_1_733' title='bbox 3313 4911 3478 4980; x_wconf 85' lang='lat' dir='ltr'><strong>juxta</strong></span> 
     </span>
    </p>
   </div>
   <div class='ocr_carea' id='block_1_95' title="bbox 189 4999 1800 5073">
    <p class='ocr_par' dir='ltr' id='par_1_95' title="bbox 189 4999 1800 5073">
     <span class='ocr_line' id='line_1_95' title="bbox 189 4999 1800 5073; baseline 0.006 -25"><span class='ocrx_word' id='word_1_734' title='bbox 189 5003 366 5054; x_wconf 62' lang='grc' dir='ltr'><strong>πυτ-πε</strong></span> <span class='ocrx_word' id='word_1_735' title='bbox 405 4999 746 5072; x_wconf 80' lang='lat' dir='ltr'><strong>praesentia,</strong></span> <span class='ocrx_word' id='word_1_736' title='bbox 782 5000 912 5054; x_wconf 88' lang='lat' dir='ltr'><strong>licet</strong></span> <span class='ocrx_word' id='word_1_737' title='bbox 931 5002 1325 5072; x_wconf 91' lang='lat' dir='ltr'><strong>complendum</strong></span> <span class='ocrx_word' id='word_1_738' title='bbox 1357 5009 1526 5070; x_wconf 89' lang='lat' dir='ltr'><strong>esset,</strong></span> <span class='ocrx_word' id='word_1_739' title='bbox 1560 5019 1800 5073; x_wconf 80' lang='lat' dir='ltr'><strong>praesen-</strong></span> 
     </span>
    </p>
   </div>
   <div class='ocr_carea' id='block_1_96' title="bbox 188 5087 1787 5163">
    <p class='ocr_par' dir='ltr' id='par_1_96' title="bbox 188 5087 1787 5163">
     <span class='ocr_line' id='line_1_96' title="bbox 188 5087 1787 5163; baseline 0.004 -22"><span class='ocrx_word' id='word_1_740' title='bbox 188 5091 284 5141; x_wconf 80' lang='lat' dir='ltr'><strong>tem</strong></span> <span class='ocrx_word' id='word_1_741' title='bbox 309 5087 711 5144; x_wconf 85' lang='lat' dir='ltr'><strong>insinuabant.</strong></span> <span class='ocrx_word' id='word_1_742' title='bbox 746 5089 872 5160; x_wconf 90' lang='lat' dir='ltr'><strong>Ipse</strong></span> <span class='ocrx_word' id='word_1_743' title='bbox 901 5094 990 5144; x_wconf 91' lang='lat' dir='ltr'><strong>est</strong></span> <span class='ocrx_word' id='word_1_744' title='bbox 1012 5090 1183 5157; x_wconf 90' lang='lat' dir='ltr'><strong>enim,</strong></span> <span class='ocrx_word' id='word_1_745' title='bbox 1217 5090 1362 5146; x_wconf 91' lang='lat' dir='ltr'><strong>sicut</strong></span> <span class='ocrx_word' id='word_1_746' title='bbox 1381 5092 1661 5163; x_wconf 89' lang='lat' dir='ltr'><strong>Propheta</strong></span> <span class='ocrx_word' id='word_1_747' title='bbox 1689 5093 1787 5158; x_wconf 87' lang='lat' dir='ltr'><strong>ait,</strong></span> 
     </span>
    </p>
   </div>
   <div class='ocr_carea' id='block_1_97' title="bbox 189 5180 1789 5248">
    <p class='ocr_par' dir='ltr' id='par_1_97' title="bbox 189 5180 1789 5248">
     <span class='ocr_line' id='line_1_97' title="bbox 189 5180 1789 5248; baseline 0.003 -18"><span class='ocrx_word' id='word_1_748' title='bbox 189 5184 491 5246; x_wconf 64' lang='lat' dir='ltr'><strong>Wpector</strong></span> <span class='ocrx_word' id='word_1_749' title='bbox 536 5181 794 5232; x_wconf 87' lang='lat' dir='ltr'><strong>omnium</strong></span> <span class='ocrx_word' id='word_1_750' title='bbox 842 5182 1195 5238; x_wconf 60' lang='lat' dir='ltr'><strong>saculorum.</strong></span> <span class='ocrx_word' id='word_1_751' title='bbox 1246 5180 1432 5248; x_wconf 79' lang='lat' dir='ltr'><strong>(Eccli.</strong></span> <span class='ocrx_word' id='word_1_752' title='bbox 1468 5195 1644 5246; x_wconf 74' lang='lat' dir='ltr'><strong>xxxvt,</strong></span> <span class='ocrx_word' id='word_1_753' title='bbox 1677 5180 1789 5247; x_wconf 83' lang='lat'><strong>19).</strong></span> 
     </span>
    </p>
   </div>
   <div class='ocr_carea' id='block_1_98' title="bbox 188 5261 1794 5341">
    <p class='ocr_par' dir='ltr' id='par_1_98' title="bbox 188 5261 1794 5341">
     <span class='ocr_line' id='line_1_98' title="bbox 188 5261 1794 5341; baseline 0.006 -25"><span class='ocrx_word' id='word_1_754' title='bbox 188 5261 332 5320; x_wconf 89' lang='lat' dir='ltr'><strong>Unde</strong></span> <span class='ocrx_word' id='word_1_755' title='bbox 351 5273 412 5322; x_wconf 89' lang='lat' dir='ltr'><strong>et</strong></span> <span class='ocrx_word' id='word_1_756' title='bbox 437 5267 557 5339; x_wconf 88' lang='lat' dir='ltr'><strong>ipsi</strong></span> <span class='ocrx_word' id='word_1_757' title='bbox 585 5282 758 5338; x_wconf 85' lang='lat' dir='ltr'><strong>super</strong></span> <span class='ocrx_word' id='word_1_758' title='bbox 779 5284 840 5322; x_wconf 86' lang='lat' dir='ltr'><strong>se</strong></span> <span class='ocrx_word' id='word_1_759' title='bbox 869 5268 1016 5339; x_wconf 89' lang='lat' dir='ltr'><strong>rapti</strong></span> <span class='ocrx_word' id='word_1_760' title='bbox 1037 5267 1095 5322; x_wconf 91' lang='lat' dir='ltr'><strong>in</strong></span> <span class='ocrx_word' id='word_1_761' title='bbox 1121 5267 1332 5340; x_wconf 90' lang='lat' dir='ltr'><strong>Spiritu</strong></span> <span class='ocrx_word' id='word_1_762' title='bbox 1386 5269 1794 5341; x_wconf 78' lang='lat' dir='ltr'><strong>praesentaliter</strong></span> 
     </span>
    </p>
   </div>
   <div class='ocr_carea' id='block_1_99' title="bbox 191 5350 1792 5431">
    <p class='ocr_par' dir='ltr' id='par_1_99' title="bbox 191 5350 1792 5431">
     <span class='ocr_line' id='line_1_99' title="bbox 191 5350 1792 5431; baseline 0.006 -28"><span class='ocrx_word' id='word_1_763' title='bbox 191 5350 558 5412; x_wconf 80' lang='lat' dir='ltr'><strong>intuebantur</strong></span> <span class='ocrx_word' id='word_1_764' title='bbox 576 5355 852 5428; x_wconf 88' lang='lat' dir='ltr'><strong>quidquid</strong></span> <span class='ocrx_word' id='word_1_765' title='bbox 881 5356 963 5410; x_wconf 90' lang='lat' dir='ltr'><strong>eis</strong></span> <span class='ocrx_word' id='word_1_766' title='bbox 985 5356 1242 5414; x_wconf 89' lang='lat' dir='ltr'><strong>futurum</strong></span> <span class='ocrx_word' id='word_1_767' title='bbox 1273 5359 1516 5431; x_wconf 88' lang='lat' dir='ltr'><strong>Spiritus</strong></span> <span class='ocrx_word' id='word_1_768' title='bbox 1570 5358 1792 5415; x_wconf 86' lang='lat' dir='ltr'><strong>divinus</strong></span> 
     </span>
    </p>
   </div>
   <div class='ocr_carea' id='block_1_100' title="bbox 189 5439 1797 5518">
    <p class='ocr_par' dir='ltr' id='par_1_100' title="bbox 189 5439 1797 5518">
     <span class='ocr_line' id='line_1_100' title="bbox 189 5439 1797 5518; baseline 0.002 -21"><span class='ocrx_word' id='word_1_769' title='bbox 189 5439 533 5499; x_wconf 82' lang='lat' dir='ltr'><strong>insinuabat.</strong></span> <span class='ocrx_word' id='word_1_770' title='bbox 574 5446 720 5500; x_wconf 86' lang='lat' dir='ltr'><strong>Nam</strong></span> <span class='ocrx_word' id='word_1_771' title='bbox 750 5445 1036 5500; x_wconf 69' lang='lat' dir='ltr'><strong>aeternitas</strong></span> <span class='ocrx_word' id='word_1_772' title='bbox 1089 5447 1222 5518; x_wconf 89' lang='lat' dir='ltr'><strong>quia</strong></span> <span class='ocrx_word' id='word_1_773' title='bbox 1258 5453 1523 5504; x_wconf 89' lang='lat' dir='ltr'><strong>cunctum</strong></span> <span class='ocrx_word' id='word_1_774' title='bbox 1583 5447 1797 5502; x_wconf 82' lang='lat' dir='ltr'><strong>excedit</strong></span> 
     </span>
    </p>
   </div>
   <div class='ocr_carea' id='block_1_101' title="bbox 192 5534 1796 5615">
    <p class='ocr_par' dir='ltr' id='par_1_101' title="bbox 192 5534 1796 5615">
     <span class='ocr_line' id='line_1_101' title="bbox 192 5534 1796 5615; baseline 0.005 -30"><span class='ocrx_word' id='word_1_775' title='bbox 192 5535 423 5607; x_wconf 84' lang='lat' dir='ltr'><strong>tempus,</strong></span> <span class='ocrx_word' id='word_1_776' title='bbox 459 5534 636 5615; x_wconf 84' lang='lat' dir='ltr'><strong>simul</strong></span> <span class='ocrx_word' id='word_1_777' title='bbox 654 5534 907 5610; x_wconf 85' lang='lat' dir='ltr'><strong>profecto</strong></span> <span class='ocrx_word' id='word_1_778' title='bbox 922 5535 1114 5594; x_wconf 86' lang='lat' dir='ltr'><strong>omnia</strong></span> <span class='ocrx_word' id='word_1_779' title='bbox 1141 5553 1264 5610; x_wconf 73' lang='lat' dir='ltr'><strong>quae</strong></span> <span class='ocrx_word' id='word_1_780' title='bbox 1284 5538 1429 5598; x_wconf 84' lang='lat' dir='ltr'><strong>ﬁunt</strong></span> <span class='ocrx_word' id='word_1_781' title='bbox 1456 5537 1518 5600; x_wconf 85' lang='lat' dir='ltr'><strong>in</strong></span> <span class='ocrx_word' id='word_1_782' title='bbox 1539 5541 1796 5612; x_wconf 88' lang='lat' dir='ltr'><strong>tempore</strong></span> 
     </span>
    </p>
   </div>
   <div class='ocr_carea' id='block_1_102' title="bbox 1883 4996 3478 5070">
    <p class='ocr_par' dir='ltr' id='par_1_102' title="bbox 1883 4996 3478 5070">
     <span class='ocr_line' id='line_1_102' title="bbox 1883 4996 3478 5070; baseline 0.001 -18"><span class='ocrx_word' id='word_1_783' title='bbox 1883 4999 2032 5070; x_wconf 91' lang='lat' dir='ltr'><strong>quod</strong></span> <span class='ocrx_word' id='word_1_784' title='bbox 2051 4998 2133 5052; x_wconf 93' lang='lat' dir='ltr'><strong>rei</strong></span> <span class='ocrx_word' id='word_1_785' title='bbox 2154 4997 2359 5051; x_wconf 88' lang='lat' dir='ltr'><strong>veritas</strong></span> <span class='ocrx_word' id='word_1_786' title='bbox 2384 5003 2469 5050; x_wconf 89' lang='lat' dir='ltr'><strong>est</strong></span> <span class='ocrx_word' id='word_1_787' title='bbox 2487 4996 2801 5068; x_wconf 84' lang='lat' dir='ltr'><strong>intelligere</strong></span> <span class='ocrx_word' id='word_1_788' title='bbox 2831 5014 2842 5050; x_wconf 91' lang='lat'><strong>:</strong></span> <span class='ocrx_word' id='word_1_789' title='bbox 2875 4997 3152 5052; x_wconf 85' lang='lat' dir='ltr'><strong>interdum</strong></span> <span class='ocrx_word' id='word_1_790' title='bbox 3173 5003 3364 5053; x_wconf 88' lang='lat' dir='ltr'><strong>autem</strong></span> <span class='ocrx_word' id='word_1_791' title='bbox 3381 4998 3478 5054; x_wconf 91' lang='lat' dir='ltr'><strong>ubi</strong></span> 
     </span>
    </p>
   </div>
   <div class='ocr_carea' id='block_1_103' title="bbox 1876 5084 3474 5158">
    <p class='ocr_par' dir='ltr' id='par_1_103' title="bbox 1876 5084 3474 5158">
     <span class='ocr_line' id='line_1_103' title="bbox 1876 5084 3474 5158; baseline 0.001 -17"><span class='ocrx_word' id='word_1_792' title='bbox 1876 5085 2267 5158; x_wconf 81' lang='lat' dir='ltr'><strong>superexcellit</strong></span> <span class='ocrx_word' id='word_1_793' title='bbox 2288 5090 2535 5139; x_wconf 87' lang='lat' dir='ltr'><strong>nostram</strong></span> <span class='ocrx_word' id='word_1_794' title='bbox 2561 5084 3012 5155; x_wconf 88' lang='lat' dir='ltr'><strong>intelligentiam,</strong></span> <span class='ocrx_word' id='word_1_795' title='bbox 3045 5085 3126 5140; x_wconf 90' lang='lat' dir='ltr'><strong>sic</strong></span> <span class='ocrx_word' id='word_1_796' title='bbox 3154 5103 3255 5142; x_wconf 90' lang='lat' dir='ltr'><strong>nos</strong></span> <span class='ocrx_word' id='word_1_797' title='bbox 3274 5086 3474 5142; x_wconf 90' lang='lat' dir='ltr'><strong>divinis</strong></span> 
     </span>
    </p>
   </div>
   <div class='ocr_carea' id='block_1_104' title="bbox 1877 5174 3480 5245">
    <p class='ocr_par' dir='ltr' id='par_1_104' title="bbox 1877 5174 3480 5245">
     <span class='ocr_line' id='line_1_104' title="bbox 1877 5174 3480 5245; baseline 0 -15"><span class='ocrx_word' id='word_1_798' title='bbox 1877 5175 2228 5241; x_wconf 89' lang='lat' dir='ltr'><strong>submittere,</strong></span> <span class='ocrx_word' id='word_1_799' title='bbox 2262 5180 2326 5228; x_wconf 91' lang='lat' dir='ltr'><strong>ut</strong></span> <span class='ocrx_word' id='word_1_800' title='bbox 2357 5174 2690 5244; x_wconf 88' lang='lat' dir='ltr'><strong>quandoque</strong></span> <span class='ocrx_word' id='word_1_801' title='bbox 2740 5191 2840 5245; x_wconf 91' lang='lat' dir='ltr'><strong>per</strong></span> <span class='ocrx_word' id='word_1_802' title='bbox 2868 5175 3207 5230; x_wconf 88' lang='lat' dir='ltr'><strong>humilitatis</strong></span> <span class='ocrx_word' id='word_1_803' title='bbox 3235 5175 3480 5230; x_wconf 85' lang='lat' dir='ltr'><strong>devotio-</strong></span> 
     </span>
    </p>
   </div>
   <div class='ocr_carea' id='block_1_105' title="bbox 1876 5261 3480 5333">
    <p class='ocr_par' dir='ltr' id='par_1_105' title="bbox 1876 5261 3480 5333">
     <span class='ocr_line' id='line_1_105' title="bbox 1876 5261 3480 5333; baseline 0 -13"><span class='ocrx_word' id='word_1_804' title='bbox 1876 5282 2007 5320; x_wconf 90' lang='lat' dir='ltr'><strong>nem</strong></span> <span class='ocrx_word' id='word_1_805' title='bbox 2031 5264 2102 5318; x_wconf 90' lang='lat' dir='ltr'><strong>ad</strong></span> <span class='ocrx_word' id='word_1_806' title='bbox 2129 5279 2365 5318; x_wconf 74' lang='lat' dir='ltr'><strong>summa:</strong></span> <span class='ocrx_word' id='word_1_807' title='bbox 2395 5261 2775 5333; x_wconf 68' lang='lat' dir='ltr'><strong>intelligentiae</strong></span> <span class='ocrx_word' id='word_1_808' title='bbox 2795 5279 3081 5329; x_wconf 87' lang='lat' dir='ltr'><strong>cacumen,</strong></span> <span class='ocrx_word' id='word_1_809' title='bbox 3115 5264 3340 5320; x_wconf 90' lang='lat' dir='ltr'><strong>Domini</strong></span> <span class='ocrx_word' id='word_1_810' title='bbox 3368 5265 3480 5320; x_wconf 81' lang='lat' dir='ltr'><strong>dis-</strong></span> 
     </span>
    </p>
   </div>
   <div class='ocr_carea' id='block_1_106' title="bbox 1875 5351 3480 5426">
    <p class='ocr_par' dir='ltr' id='par_1_106' title="bbox 1875 5351 3480 5426">
     <span class='ocr_line' id='line_1_106' title="bbox 1875 5351 3480 5426; baseline 0.002 -18"><span class='ocrx_word' id='word_1_811' title='bbox 1875 5359 2149 5426; x_wconf 88' lang='lat' dir='ltr'><strong>pensante</strong></span> <span class='ocrx_word' id='word_1_812' title='bbox 2194 5351 2398 5423; x_wconf 89' lang='lat' dir='ltr'><strong>gratia,</strong></span> <span class='ocrx_word' id='word_1_813' title='bbox 2445 5351 2748 5422; x_wconf 88' lang='lat' dir='ltr'><strong>erigamur.</strong></span> <span class='ocrx_word' id='word_1_814' title='bbox 2781 5352 2936 5408; x_wconf 92' lang='lat' dir='ltr'><strong>Tunc</strong></span> <span class='ocrx_word' id='word_1_815' title='bbox 2966 5353 3171 5424; x_wconf 90' lang='lat' dir='ltr'><strong>quippe</strong></span> <span class='ocrx_word' id='word_1_816' title='bbox 3196 5353 3306 5408; x_wconf 91' lang='lat' dir='ltr'><strong>illic</strong></span> <span class='ocrx_word' id='word_1_817' title='bbox 3334 5355 3480 5412; x_wconf 87' lang='lat' dir='ltr'><strong>ratio</strong></span> 
     </span>
    </p>
   </div>
   <div class='ocr_carea' id='block_1_107' title="bbox 1879 5441 3481 5515">
    <p class='ocr_par' dir='ltr' id='par_1_107' title="bbox 1879 5441 3481 5515">
     <span class='ocr_line' id='line_1_107' title="bbox 1879 5441 3481 5515; baseline 0.002 -19"><span class='ocrx_word' id='word_1_818' title='bbox 1879 5443 2089 5498; x_wconf 89' lang='lat' dir='ltr'><strong>videbit</strong></span> <span class='ocrx_word' id='word_1_819' title='bbox 2117 5441 2426 5496; x_wconf 81' lang='lat' dir='ltr'><strong>rectissime</strong></span> <span class='ocrx_word' id='word_1_820' title='bbox 2451 5441 2669 5495; x_wconf 63' lang='lat' dir='ltr'><strong>caelitus</strong></span> <span class='ocrx_word' id='word_1_821' title='bbox 2691 5441 2974 5496; x_wconf 87' lang='lat' dir='ltr'><strong>illustrata</strong></span> <span class='ocrx_word' id='word_1_822' title='bbox 2993 5441 3141 5514; x_wconf 87' lang='lat' dir='ltr'><strong>quod</strong></span> <span class='ocrx_word' id='word_1_823' title='bbox 3168 5461 3234 5499; x_wconf 84' lang='lat' dir='ltr'><strong>ex</strong></span> <span class='ocrx_word' id='word_1_824' title='bbox 3261 5460 3321 5498; x_wconf 87' lang='lat' dir='ltr'><strong>se</strong></span> <span class='ocrx_word' id='word_1_825' title='bbox 3368 5445 3481 5515; x_wconf 83' lang='lat' dir='ltr'><strong>pri-</strong></span> 
     </span>
    </p>
   </div>
   <div class='ocr_carea' id='block_1_108' title="bbox 1878 5529 3485 5605">
    <p class='ocr_par' dir='ltr' id='par_1_108' title="bbox 1878 5529 3485 5605">
     <span class='ocr_line' id='line_1_108' title="bbox 1878 5529 3485 5605; baseline 0.003 -15"><span class='ocrx_word' id='word_1_826' title='bbox 1878 5548 2036 5591; x_wconf 88' lang='lat' dir='ltr'><strong>mum</strong></span> <span class='ocrx_word' id='word_1_827' title='bbox 2055 5547 2169 5590; x_wconf 89' lang='lat' dir='ltr'><strong>non</strong></span> <span class='ocrx_word' id='word_1_828' title='bbox 2207 5536 2429 5605; x_wconf 85' lang='lat' dir='ltr'><strong>poterat</strong></span> <span class='ocrx_word' id='word_1_829' title='bbox 2451 5529 2681 5592; x_wconf 87' lang='lat' dir='ltr'><strong>intueri.</strong></span> <span class='ocrx_word' id='word_1_830' title='bbox 2705 5530 2923 5605; x_wconf 87' lang='lat' dir='ltr'><strong>Quippe</strong></span> <span class='ocrx_word' id='word_1_831' title='bbox 2947 5531 3007 5590; x_wconf 87' lang='lat' dir='ltr'><strong>in</strong></span> <span class='ocrx_word' id='word_1_832' title='bbox 3029 5531 3202 5592; x_wconf 88' lang='lat' dir='ltr'><strong>rebus</strong></span> <span class='ocrx_word' id='word_1_833' title='bbox 3219 5533 3485 5595; x_wconf 82' lang='lat' dir='ltr'><strong>humanis</strong></span> 
     </span>
    </p>
   </div>
  </div>
