3966 6206
301 238 399 297 105

1130 235 1511 292 ΕΧΡΟΞΙΤΙΟ
1549 237 1628 292 IN
1666 236 2112 293 ΜΑἸνΓΗιΕΠΜ.
2146 265 2209 280 -
2244 236 2382 298 LIB,
2421 235 2494 300 II,
2530 233 2667 287 CAP
2706 231 2752 286 Ι.

3467 224 3569 288 106

294 369 441 418 esset
468 363 744 434 indigna:
799 362 939 418 sciat
984 362 1231 434 profecto
1286 365 1418 434 quia
1443 363 1735 419 consilium
1764 364 2051 437 Dei,Asit
2076 384 2259 436 ηειηε,
2302 379 2464 435 Unde
2507 390 2748 447 sequens
2799 370 3142 442 evangelista
3169 371 3429 443 adjungit
3479 372 3568 427 di-
3640 342 3659 353 ’

298 453 443 524 quod
474 453 697 507 saeculis
730 470 797 507 ac
822 453 1279 523 generationibus
1309 455 1563 524 ignotum
1610 453 1735 519 fuit,
1774 470 1895 507 me-

297 543 464 596 dendi
496 542 704 609 officio,
756 559 923 596 carne
950 542 1265 610 tegebatur.
1298 544 1367 597 Et
1399 544 1523 597 ideo
1552 543 1767 597 interea
1794 559 1897 597 ne-

299 649 452 687 cesse
488 632 598 686 fuit
628 638 693 686 ut
719 649 786 686 ex
804 632 1154 686 "infirmitate
1179 638 1475 702 parentum
1504 632 1784 686 cunabula
1811 635 1896 685 te-

298 728 609 793 gerentur:
655 722 741 775 ita
786 722 1059 776 duntaxat
1091 727 1156 775 ut
1200 722 1325 776 aliis
1369 722 1639 777 virtutum
1678 721 1899 775 indiciis

301 812 583 883 paulatim
609 812 761 865 Deus
786 811 845 865 in
869 811 1092 865 homine
1118 812 1299 866 latens
1319 810 1675 865 credentibus
1694 812 1901 881 pande-

305 906 485 955 retur.
519 900 791 971 Alioquin
819 917 1025 954 novum
1053 917 1164 954 non
1182 906 1349 966 esset,
1380 900 1490 954 nisi
1525 905 1720 954 contra
1742 904 1904 953 natu-

305 1006 446 1055 ram,
481 989 598 1043 imo
629 989 783 1043 ultra
811 977 1074 1043 naturam
1104 989 1259 1059 virgo
1306 990 1485 1044 Deum
1533 996 1590 1043 et
1617 988 1905 1043 hominem

306 1079 426 1132 sine
469 1079 625 1132 coitu
671 1078 980 1149 genuisset.
1021 1078 1346 1133 Assumitur
1395 1094 1641 1148 namque
1702 1076 1908 1147 Joseph

308 1184 548 1239 sponsus
591 1167 779 1221 adhuc
810 1168 923 1221 alia
951 1183 1018 1221 ex
1046 1184 1216 1222 causa
1244 1168 1395 1221 velut
1434 1167 1596 1221 testis
1633 1166 1902 1231 idoneus;

309 1275 420 1313 non
451 1258 639 1312 solum
662 1262 728 1311 ut
756 1274 882 1311 eam
903 1263 1152 1312 servaret
1176 1258 1425 1322 illmsam,
1462 1256 1800 1328 virginitatis
1812 1272 1909 1326 pu-

310 1349 442 1403 dore
464 1354 690 1403 servato
723 1365 757 1401 a
779 1348 1111 1419 suspicionis
1130 1349 1360 1403 infamia
1384 1367 1395 1402 :
1423 1365 1618 1402 verum
1648 1347 1818 1401 etiam
1837 1362 1909 1399 ne

308 1437 624 1509 virginibus
652 1438 909 1492 velamen
930 1439 1303 1492 excusationis
1345 1439 1532 1502 ﬁeret,
1556 1437 1704 1508 quod
1734 1442 1916 1489 mater

309 1527 538 1582 Domini
568 1526 900 1581 criminibus
940 1526 1112 1581 fuerit
1156 1527 1447 1581 infamata.
1499 1531 1629 1590 95
1663 1525 1807 1580 llinc
1834 1527 1920 1577 est

313 1617 459 1687 quod
477 1617 647 1670 testis
667 1617 895 1686 eligitur
918 1616 1210 1681 castitatis,
1231 1622 1288 1669 et
1306 1614 1607 1669 adhibetur
1626 1614 1782 1667 velut
1803 1629 1921 1666 ma-

312 1706 456 1760 ritus
504 1706 605 1776 qui
636 1706 816 1777 possit
842 1711 1042 1760 cuncta
1067 1704 1405 1775 virginitatis
1440 1704 1693 1758 refellere
1722 1719 1920 1774 oppro-

315 1793 454 1862 bria,
480 1798 542 1849 et
570 1794 806 1849 celando
830 1802 1125 1865 protegere
1154 1794 1534 1865 puerperium,
1567 1792 1789 1846 etiamsi
1811 1806 1925 1844 non

317 1891 655 1955 agnosceret
680 1888 1120 1938 sacramentum.
1169 1883 1315 1946 Quia
1343 1882 1641 1954 praemium
1674 1879 1923 1950 conjugii

320 1979 517 2045 partus
562 1978 652 2027 est
676 1973 1035 2028 feminarum.
1078 1973 1237 2027 Unde
1279 1972 1421 2026 nulli
1450 1972 1615 2025 datus
1642 1975 1728 2024 est
1769 1970 1921 2022 locus

320 2063 635 2117 mentiendi
661 2080 727 2117 ex
753 2080 839 2128 eo,
870 2063 1003 2133 quia
1028 2062 1322 2131 virginitas
1366 2061 1704 2131 desponsata
1731 2057 1922 2112 crimi-

319 2152 442 2205 nari
470 2168 589 2206 non
615 2152 799 2223 potuit
821 2169 881 2205 se
906 2150 1269 2205 obumbrasse
1285 2150 1592 2214 mendacio,
1611 2149 1746 2202 dum
1761 2145 1924 2200 testis

325 2241 634 2295 assumitur
661 2240 959 2305 castitatis,
978 2246 1036 2294 et
1056 2256 1227 2311 super
1242 2256 1370 2293 cum
1394 2238 1615 2308 eloquia
1627 2236 1927 2291 concinunt

326 2330 756 2401 pr0phetarum,
788 2329 886 2383 ubi
931 2330 1259 2399 angelorum
1291 2328 1615 2382 discurrunt
1642 2325 1839 2386 officia,
1871 2327 1929 2376 et

328 2421 667 2474 conﬁrmant
692 2419 873 2473 Deum
905 2423 1099 2472 natum
1122 2418 1181 2472 in
1204 2434 1377 2489 puero
1403 2432 1598 2470 eorum
1627 2412 1923 2486 praeconia.

329 2507 669 2573 Dum,stella
687 2507 846 2573 duce,
870 2507 974 2561 hoc
988 2507 1173 2578 ipsum
1195 2512 1477 2560 testantur
1496 2519 1787 2574 magorum
1808 2517 1928 2555 mu-

331 2614 483 2663 nera,
500 2603 559 2651 et
588 2602 905 2667 pastorum,
934 2603 998 2650 ut
1017 2596 1349 2668 praedictum
1368 2595 1571 2657 fuerat,
1592 2592 1930 2645 confirmant

331 2686 658 2758 praecordia.
680 2685 910 2740 Talibus
926 2686 1098 2756 igitur
1118 2690 1174 2739 et
1203 2685 1328 2739 aliis
1351 2680 1733 2755 hujuscemodi
1749 2678 1932 2733 causis

333 2775 621 2846 provisum
640 2780 728 2828 est
739 2774 926 2828 divino
954 2774 1204 2841 consilio,
1230 2779 1294 2828 ut
1317 2774 1387 2829 de
1406 2774 1740 2843 desponsata
1760 2766 1937 2839 patris

333 2864 616 2935 sapientia
645 2869 999 2931 nasceretur;
1022 2864 1079 2917 in
1107 2880 1219 2934 qua
1246 2863 1372 2927 sibi,
1396 2862 1541 2916 sicut
1561 2877 1661 2931 per
1692 2858 1941 2913 Salomo-

1978 487 2108 525 cens
2126 490 2137 523 Ζ

2048 565 2355 627 Antequam
2383 557 2732 610 convenirent
2773 556 2995 607 inventa
3043 555 3117 604 est
3145 554 3282 615 96
3328 567 3388 604 in
3419 555 3573 603 utero

1980 649 2178 703 habens
2202 648 2264 699 dc
2295 647 2512 713 Spiritu
2529 648 2738 698 sancto.
2771 641 2908 695 Inde
2937 641 3128 710 itaque
3158 644 3245 693 est
3271 638 3420 711 quod
3447 654 3576 693 con-

1981 737 2204 808 cipitur,
2261 734 2407 805 quod
2450 737 2775 803 generatur.
2809 730 2879 784 Et
2914 744 3027 783 non
3072 729 3225 795 dicit,
3278 734 3578 797 antequam

1983 827 2355 885 convenirent,
2414 822 2494 875 sic
2534 819 2697 891 quasi
2744 824 2871 890 post
2917 823 3142 889 partum
3187 817 3453 871 continuo
3485 832 3580 870 eos

1985 912 2307 967 convenisse
2336 909 2471 962 velit
2494 907 2754 977 intelligi,
2775 906 2921 960 sicut
2949 906 3243 976 quemdam
3274 904 3583 976 desipuisse

1987 1003 2240 1056 dolemus
2266 1018 2278 1066 ;
2313 998 2412 1052 sed
2441 993 2772 1067 simpliciter
2802 995 2986 1049 volens
3016 994 3333 1065 proximum
3360 1000 3587 1064 tempus

1999 1090 2327 1163 nuptiarum
2359 1086 2671 1151 ostendere,
2702 1084 2961 1154 designat
2979 1084 3306 1154 priusquam
3335 1081 3591 1136 conveni-

1990 1186 2136 1247 rent,
2172 1196 2295 1233 rem
2338 1174 2708 1231 conveniendi
2753 1174 3010 1227 effectum
3031 1174 3152 1242 jam
3180 1173 3239 1226 in
3278 1176 3439 1226 utero
3466 1171 3588 1225 sine

1989 1273 2138 1325 coitu
2186 1267 2480 1332 habuisse;
2517 1270 2583 1318 ut
2621 1280 2743 1334 quae
2784 1262 2940 1334 prius
2983 1278 3187 1332 sponsa
3225 1261 3428 1327 fuerat,
3470 1260 3592 1313 sine

1993 1357 2097 1410 viri
2126 1374 2294 1428 opere
2331 1372 2470 1410 uxor
2497 1371 2617 1407 esse
2646 1351 3117 1423 inciperet.Quasi
3146 1349 3371 1403 dixerit:
3415 1350 3587 1403 Ante-

1998 1463 2167 1518 quam
2197 1446 2387 1499 oscula
2416 1444 2815 1515 amplexusque
2833 1441 3459 1509 miscerent,antequam
3474 1453 3596 1492 rem

2004 1542 2241 1606 agerent
2271 1533 2615 1604 nuptiarum,
2639 1531 2865 1585 inventa
2894 1534 2981 1583 est
2999 1528 3178 1598 magis
3198 1544 3367 1598 quam
3394 1544 3483 1581 res
3500 1543 3598 1580 na-

2004 1630 2146 1679 tura:
2167 1624 2225 1677 in
2257 1629 2438 1685 utero,
2473 1622 2604 1692 quia
2629 1621 2696 1674 de
2729 1619 2942 1690 Spiritu
2972 1623 3163 1672 sancto
3194 1622 3281 1671 est
3318 1616 3467 1688 quod
3495 1632 3599 1669 na-

2007 1715 2199 1777 scitur,
2220 1717 2276 1765 et
2304 1711 2478 1765 Filius
2508 1708 2781 1763 Altissimi
2803 1709 2971 1777 juxta
2997 1706 3183 1777 angeli
3211 1705 3602 1760 testimonium

2008 1807 2257 1856 vocatur.
2283 1801 2407 1854 Non
2438 1799 2587 1853 enim
2612 1797 2885 1851 intellexit
2915 1796 3108 1864 miser,
3137 1796 3207 1849 de
3236 1812 3346 1867 quo
3368 1794 3500 1862 dixi,
3522 1794 3601 1848 vi-

2006 1907 2197 1945 rorum
2228 1888 2740 1959 insipientissimus,
2764 1886 2914 1955 quod
2944 1885 3143 1939 modus
3173 1884 3276 1939 iste
3305 1883 3603 1938 locutionis

2005 1980 2328 2049 frequenter
2355 1978 2476 2041 fiat,
2512 1992 2625 2029 non
2657 1976 2837 2029 solum
2872 1974 2929 2027 in
2961 1973 3264 2044 Scripturis
3290 1973 3483 2038 sacris,
3515 1990 3606 2027 ve-

2005 2085 2133 2122 rum
2163 2073 2220 2121 et
2254 2066 2312 2120 in
2342 2064 2720 2121 saecularibus.
2763 2063 2933 2118 Velut
2961 2062 3212 2117 dicamus
3246 2081 3257 2115 :
3306 2063 3604 2116 Matthaeus

2006 2163 2309 2227 antequam
2339 2155 2547 2209 obisset
2576 2169 2853 2223 nusquam
2884 2151 3163 2205 aberravit
3192 2167 3226 2205 a
3252 2151 3486 2205 veritate
3511 2171 3522 2206 τ
3550 2155 3608 2205 et

2008 2247 2152 2300 alius
2182 2245 2369 2299 nescio
2401 2243 2655 2315 quilibet,
2704 2246 3004 2311 antequam
3049 2240 3437 2311 paenitentiam
3469 2240 3609 2311 egis-

2010 2340 2114 2401 set,
2139 2341 2319 2388 morte
2343 2337 2662 2405 praeventus
2677 2336 2780 2385 est.
2803 2331 2919 2384 Nec
2944 2330 3069 2383 ideo
3090 2336 3240 2384 recte
3264 2345 3611 2400 consequens

2009 2425 2232 2478 videtur
2257 2423 2406 2493 quod
2430 2427 2532 2476 aut
2557 2421 2645 2474 hic
2676 2426 2802 2491 post
2821 2424 3059 2473 mortem
3090 2418 3361 2472 erraverit
3400 2435 3435 2472 a
3463 2418 3614 2473 veri-

2008 2518 2143 2579 tate,
2168 2511 2266 2582 qui
2286 2517 2424 2565 tunc
2470 2526 2696 2564 omnem
2722 2509 3015 2562 veritatem
3044 2513 3129 2562 est
3156 2508 3443 2578 ingressus
3466 2526 3477 2561 :
3514 2513 3615 2561 aut

2009 2602 2103 2655 ille
2121 2606 2413 2671 postquam
2426 2599 2565 2653 obiit
2576 2598 2963 2669 paenitentiam
2976 2598 3168 2667 egerit,
3180 2613 3349 2667 quam
3360 2602 3490 2652 ante
3502 2613 3617 2651 non

2016 2694 2286 2760 gesserat.
2319 2688 2477 2742 Unde
2507 2688 2673 2758 plane
2702 2703 2814 2740 non
2844 2692 2929 2739 est
2958 2702 3305 2756 consequens
3334 2691 3399 2739 ut
3429 2686 3609 2739 Maria

2022 2784 2149 2850 post
2179 2783 2406 2849 partum
2430 2775 2718 2830 miscuerit
2741 2791 2823 2843 se,
2857 2774 3003 2844 quod
3035 2779 3165 2827 ante
3191 2773 3614 2843 conceptionem

2021 2872 2244 2921 constat
2274 2865 2500 2937 penitus
2528 2880 2642 2918 non
2671 2863 2887 2917 fecisse.
2919 2862 3080 2926 Quod
3105 2862 3152 2916 si
3182 2861 3507 2932 hujusmodi
3531 2862 3617 2916 lo-

334 2971 462 3008 nem
521 2957 770 3007 testatur
810 2972 822 3006 :
858 2955 1094 3008 Domum
1147 2954 1455 3020 .edz'ﬂcavit,
1523 2956 1570 3003 et
1631 2950 1793 3002 scidit
1852 2962 1940 2999 co—

2023 2956 2171 3010 cutio
2200 2956 2277 3009 ita
2309 2970 2656 3024 consequens
2685 2957 2850 3018 esset,
2888 2951 3065 3005 multa
3094 2951 3509 3021 Scripturarum
3531 2956 3618 3005 te-

338 3048 563 3098 tummzs
591 3049 793 3111 septem
827 3044 1007 3110 (Prov.
1040 3056 1116 3108 Ix,
1156 3043 1228 3109 i).
1263 3041 1475 3105 Quibus
1504 3055 1639 3094 sane
1669 3037 1944 3090 columnis

338 3132 517 3187 omnis
536 3134 741 3187 domus
779 3149 947 3204 quam
977 3132 1081 3187 sibi
1112 3131 1423 3196 aedificavit,
1461 3127 1945 3182 videlicetsancta

337 3222 435 3276 Dei
467 3222 738 3287 Ecclesia,
769 3228 890 3276 toto
920 3222 1052 3276 orbe
1080 3227 1361 3275 terrarum
1380 3222 1748 3279 sustentatur,
1784 3211 1944 3267 fulci-

339 3317 429 3365 tur
453 3328 519 3365 ac
550 3311 787 3381 regitur.
818 3312 887 3364 Et
910 3310 1223 3365 notandum
1249 3309 1397 3380 quod
1424 3308 1573 3362 idem
1600 3305 1697 3376 qui
1728 3304 1797 3357 de
1819 3301 1945 3372 Spi-

339 3401 449 3454 ritu
500 3408 699 3455 sancto
751 3400 1083 3470 concipitur,
1119 3400 1238 3470 ipse
1268 3397 1373 3453 sibi
1412 3398 1645 3451 domum
1693 3393 1944 3465 primum

342 3490 595 3557 :edificat,
643 3495 701 3544 et
741 3488 905 3542 scidit
931 3489 1223 3542 columnas
1255 3492 1489 3558 septem,
1525 3486 1674 3539 dona
1728 3483 1947 3537 scilicet

342 3579 517 3633 sancti
549 3578 798 3649 Spiritus
827 3595 893 3631 ex
930 3595 1039 3648 quo
1071 3576 1406 3648 concipitur,
1452 3592 1552 3646 per
1581 3591 1748 3645 quem
1794 3572 1852 3626 in
1882 3589 1941 3626 se

344 3667 635 3721 credentes
656 3668 951 3721 conﬁrmat
984 3684 1049 3721 ac
1080 3666 1323 3731 roborat,
1358 3671 1416 3720 et
1439 3670 1741 3736 perpetuos
1776 3662 1935 3719 facit.

346 3756 498 3819 Quod
516 3772 875 3827 nequaquam
891 3756 1118 3810 omnino
1151 3755 1492 3824 faceret,nisi
1521 3754 1773 3825 ejusdem
1795 3755 1947 3805 esset

344 3845 637 3916 potestatis
686 3862 815 3899 cum
863 3845 1031 3899 Patre
1062 3849 1120 3898 et
1162 3861 1291 3898 cum
1325 3843 1539 3915 Spiritu
1591 3846 1803 3906 sancto,
1846 3839 1942 3910 qui

347 3933 762 4006 concipitur.Et
788 3933 916 3988 ideo
945 3933 1050 3988 sibi
1079 3935 1199 4004 ipse
1228 3935 1518 3997 columnas
1538 3932 1765 3986 scidisse
1795 3934 1942 3984 recte

348 4023 568 4090 dicitur,
602 4024 743 4078 dum
785 4024 981 4077 eadem
1022 4028 1298 4094 potestate
1346 4039 1475 4077 cum
1512 4023 1679 4076 Patre
1710 4034 1943 4073 manens

345 4119 608 4177 aeternus,
641 4112 919 4167 dedicavit
965 4113 1205 4166 Mariam
1234 4119 1292 4166 et
1317 4128 1419 4183 per
1450 4127 1576 4165 eam
1628 4109 1733 4163 sibi
1764 4106 1944 4162 univit

350 4203 677 4269 Ecclesiam,
726 4201 818 4256 cui
865 4207 1080 4272 septem
1115 4201 1447 4273 principalia
1493 4200 1642 4253 dona
1699 4196 1942 4268 Spiritus

349 4293 527 4347 sancti
556 4291 764 4346 divisit.
796 4290 1061 4362 Alioquin
1092 4306 1215 4345 eam
1244 4307 1358 4344 non
1377 4291 1558 4344 solum
1578 4287 1828 4357 exemplo
1847 4284 1947 4340 Su-

350 4399 539 4435 zannaz
568 4381 640 4435 ad
668 4386 911 4435 mortem
942 4380 1094 4435 velut
1110 4380 1427 4437 adulteram
1458 4378 1942 4441 condemnassent;

351 4488 545 4526 verum
577 4471 750 4525 etiam
782 4470 1071 4525 Christum
1095 4469 1253 4541 quasi
1280 4470 1349 4523 de
1378 4475 1572 4540 stupro
1604 4473 1797 4521 natum
1818 4466 1948 4535 jure

352 4578 412 4617 se
460 4561 729 4616 occidisse
766 4560 1164 4615 mentirentur.
1221 4560 1366 4615 Hinc
1408 4575 1652 4630 namque
1683 4560 1770 4611 est
1799 4554 1947 4626 quod

350 4659 581 4714 interim
604 4659 811 4731 Joseph
840 4676 983 4730 pene
1011 4659 1081 4714 ab
1106 4659 1365 4715 omnibus
1396 4663 1557 4731 pater
1586 4657 1944 4722 credebatur;

348 4758 415 4810 in
431 4762 652 4811 tantum
671 4763 735 4812 ut
747 4759 1100 4829 evangelista:
1114 4758 1433 4830 opinionem
1460 4757 1611 4827 vulgi
1629 4760 1947 4828 sequentes,

344 4850 509 4923 juxta
531 4855 716 4926 legem
744 4855 991 4912 historiae
1014 4874 1143 4912 eum
1170 4862 1390 4928 patrem
1419 4855 1792 4928 expresserint
1826 4854 1951 4909 Sal-

325 4952 584 5006 ‘vatoris.
619 4953 729 5007 Sed
759 4960 816 5007 et
844 4954 902 5008 in
932 4955 1236 5027 {Egyptum
1267 4955 1489 5025 fugiens
1520 4954 1786 5008 solatium
1808 4969 1953 5024 pra:-

348 5050 505 5104 stitit
530 5056 595 5104 ut
618 5052 906 5118 nutritius,
931 5069 1003 5106 ne
1030 5053 1201 5123 Virgo
1230 5051 1441 5107 viribus
1468 5052 1736 5106 destituta
1764 5068 1955 5106 rerum

350 5148 636 5202 molestiis
664 5149 1038 5220 frangeretur.
1072 5151 1399 5206 Occultatur
1425 5156 1615 5205 autem
1648 5156 1705 5205 et
1726 5168 1829 5222 per
1853 5151 1957 5203 hoc

349 5245 599 5313 diabolo,
641 5248 794 5303 velut
838 5249 1068 5320 quidam
1098 5251 1277 5317 aiunt,
1310 5254 1506 5322 partus
1530 5250 1780 5319 virginis,
1823 5249 1957 5302 dum

354 5341 514 5396 videt
540 5359 815 5414 sponsum
845 5345 1153 5401 devotionis
1181 5348 1382 5401 affectu
1416 5346 1520 5402 sub
1563 5346 1818 5401 castitate
1839 5363 1958 5400 ser-

350 5438 481 5492 vire
510 5441 803 5512 conjugio:
854 5443 989 5514 quia
1029 5443 1282 5500 fortassis
1314 5445 1566 5516 nequivit
1594 5445 1731 5499 satis
1773 5445 1965 5517 digno-

353 5552 525 5593 scere
544 5546 742 5595 utrum
768 5541 890 5596 sine
917 5543 1149 5614 semine,
1184 5561 1258 5600 an
1287 5543 1617 5616 simpliciter
1643 5545 1713 5601 de
1732 5543 1964 5615 Virgine

652 5638 925 5703 PATROL.‘
951 5639 1141 5731 CXX.

1964 4346 2015 4407 D

2025 3044 2292 3099 stimonia
2320 3044 2377 3098 in
2408 3041 2752 3097 contrarium
2780 3040 3055 3094 venirent.
3086 3040 3245 3095 Unde
3266 3040 3479 3094 nostali
3500 3041 3618 3095 elo-

2027 3135 2159 3205 quio
2190 3138 2339 3188 recte
2364 3130 2700 3204 praemoniti,
2727 3130 2996 3196 dicamus,
3035 3128 3185 3200 quod
3223 3135 3354 3183 ante
3396 3130 3623 3184 ﬁdelem

2027 3239 2307 3293 quemque
2330 3225 2585 3292 oporteat
2616 3218 2780 3285 mori,
2800 3235 2968 3289 quam
2997 3218 3223 3273 credere
3248 3224 3374 3291 post
3393 3223 3621 3290 partum

2026 3312 2217 3366 Mariae
2248 3310 2566 3382 quempiam
2619 3306 2927 3362 miscuisse.
2964 3307 3032 3361 Et
3076 3307 3124 3361 si
3163 3308 3443 3378 ingruerit
3490 3307 3622 3362 hinc

2027 3401 2362 3474 persecutio,
2395 3404 2527 3454 ante
2565 3403 2807 3453 mortem
2847 3413 2961 3451 non
3006 3402 3091 3451 est
3150 3397 3441 3453 fatendum
3472 3398 3622 3468 quod

2028 3497 2155 3563 post
2179 3495 2418 3544 mortem
2443 3487 2786 3559 impossibile
2802 3486 2911 3540 erit
2939 3485 3182 3557 cuipiam
3198 3487 3473 3542 confiteri.
3495 3488 3623 3541 Non

2027 3580 2178 3633 enim
2216 3579 2574 3632 intellexerat
2601 3577 2692 3629 hic
2720 3575 2929 3646 pistillo
2958 3576 3220 3643 retusior,
3265 3576 3499 3631 callidus
3534 3576 3621 3630 di-

2026 3678 2299 3744 sputator,
2334 3671 2482 3742 quod
2512 3671 2580 3723 de
2604 3670 2711 3722 hac
2738 3668 3056 3739 specialiter
3070 3668 3280 3722 dictum
3306 3670 3383 3723 sit
3404 3670 3460 3723 in
3482 3669 3623 3725 Can-

2026 3762 2169 3827 ticis,
2204 3759 2457 3831 quamvis
2484 3757 2826 3829 generaliter
2851 3757 2919 3811 de
2964 3758 3213 3811 Ecclesia
3243 3758 3623 3828 significatum

2023 3850 2424 3919 intelligamus.
2451 3847 2733 3901 Nimirum
2766 3845 2917 3915 quia,
2941 3844 3215 3915 quidquid
3242 3845 3301 3898 in
3325 3862 3393 3900 ea
3412 3845 3623 3916 specia-

2025 3939 2064 3993 li
2106 3944 2371 3993 narratur
2415 3935 2697 3999 alfamine,
2757 3939 2940 3988 totum
2987 3933 3303 4002 expressius
3349 3939 3624 3989 monstra-

2025 4034 2146 4083 tum
2177 4028 2433 4098 signatur
2483 4025 2542 4078 in
2591 4039 2817 4094 genere.
2859 4022 2956 4076 Ait
2996 4021 3147 4076 enim
3208 4023 3457 4095 Sponsus
3495 4023 3617 4078 ita:

2025 4119 2229 4173 Hortus
2260 4119 2564 4180 conclusus,
2586 4129 2743 4167 soror
2772 4128 2893 4165 mea
2903 4130 2920 4177 ;
2950 4112 3142 4165 hortus
3172 4116 3474 4179 conclusus,
3500 4115 3623 4182 fons

2028 4211 2281 4276 signatus
2329 4206 2509 4273 (Cant.
2546 4218 2617 4268 Iv,
2661 4201 2771 4271 12).
2823 4203 3023 4272 Itaque
3072 4201 3263 4256 hortus
3316 4208 3620 4272 conclusus,

2030 4296 2163 4369 quia
2186 4301 2381 4351 uterus
2420 4292 2675 4363 Virginis
2704 4291 2889 4345 modis
2917 4290 3177 4345 omnibus
3206 4291 3425 4362 integer
3456 4296 3627 4362 atque

2029 4388 2384 4455 incorruptus
2412 4382 2534 4436 fuit.
2561 4381 2770 4434 Hortus
2798 4384 2987 4433 autem
3017 4379 3143 4433 ideo
3174 4385 3262 4433 est
3287 4380 3622 4452 appellatus,

2031 4476 2163 4547 quia
2201 4474 2472 4528 universae
2539 4468 2748 4523 deliciae
2814 4467 3059 4539 paradisi
3116 4469 3177 4522 in
3240 4486 3306 4523 eo
3368 4470 3633 4525 effloruem

2032 4569 2183 4630 runt,
2212 4568 2269 4617 et
2305 4561 2560 4630 signatus
2597 4562 2684 4611 est
2718 4562 2914 4611 venter
2941 4555 3305 4627 pudoris,ubi
3333 4557 3458 4615 fons
3487 4560 3629 4613 emi.-

2032 4653 2150 4707 cuit
2207 4655 2412 4704 nostra:
2489 4645 2909 4716 redemptionis.
3000 4645 3284 4715 Signatus,
3372 4647 3625 4718 inquam,

2033 4742 2168 4813 quia
2195 4736 2669 4794 incontaminatus
2681 4741 2850 4805 atque
2876 4733 3238 4807 incorruptus
3260 4736 3478 4791 exstitit
3493 4742 3619 4803 υτ

2034 4829 2281 4901 sanguis,
2316 4845 2383 4882 ex
2411 4843 2520 4897 quo
2551 4824 2800 4879 manavit
2837 4823 2989 4877 unda
3036 4825 3289 4895 liquoris.
3325 4827 3470 4897 Ergo
3498 4827 3632 4898 quia

2037 4921 2291 4990 signatus
2334 4916 2445 4970 fuit
2490 4914 2671 4985 sigillo
2713 4912 2962 4984 pudoris,
2994 4912 3222 4968 inventa
3250 4920 3337 4969 est
3359 4932 3395 4969 a
3423 4931 3628 4986 sponso

2037 5008 2248 5063 habens
2286 5007 2345 5059 in
2399 5009 2581 5066 utero,
2622 5018 2734 5056 non
2790 5002 3016 5056 aliunde
3081 5020 3250 5074 quam
3298 5005 3368 5058 de
3418 5005 3633 5076 Spiritu

2039 5102 2251 5161 sancto,
2286 5100 2348 5149 ut
2376 5094 2525 5148 idem
2556 5092 2922 5161 investigator
2963 5092 3241 5163 mysterii,
3273 5093 3443 5148 etiam
3473 5096 3633 5150 testis

2040 5189 2202 5242 ﬁeret
2225 5182 2523 5239 castitatis.
2549 5180 2793 5246 Habeas,
2818 5180 3017 5251 inquit,
3044 5182 3102 5235 in
3121 5188 3299 5249 utero,
3316 5200 3429 5238 non
3448 5185 3635 5252 aliun-

2042 5277 2111 5331 de
2151 5274 2448 5345 accipiens,
2480 5270 2529 5325 si
2560 5270 2838 5340 quomodo
2868 5271 3190 5341 expleretur
3217 5272 3356 5328 illud
3379 5275 3638 5336 Jeremize

2043 5364 2394 5419 vaticinium:
2412 5362 2538 5415 Ecce
2551 5362 2715 5428 faciet
2727 5361 2995 5413 Dominus
3013 5376 3216 5416 novum
3229 5380 3392 5433 super
3405 5371 3634 5435 terram,

2047 5462 2096 5511 et
2127 5456 2333 5508 mulier
2379 5450 2745 5505 circumdabit
2777 5450 2969 5507 virum
3009 5450 3136 5521 (Jer.
3178 5467 3324 5520 xxxx,
3374 5454 3484 5525 22).
3524 5455 3640 5510 Cir.

2050 5541 2336 5623 cumdabit
2364 5545 2575 5613 autem,
2607 5553 2723 5621 non
2753 5537 2982 5623 aliunde
3035 5558 3205 5615 quam
3225 5559 3291 5599 ex
3315 5560 3377 5599 se
3404 5544 3638 5619 gignen-

3297 5643 3336 5704 4

3628 5782 3699 5823 ί(
