3966 6206
415 254 515 319 107
626 248 634 250 ﬁ
1179 258 1237 313 S.
1277 254 1654 314 PASCHASII
1690 250 2051 310 RADBERTI
2090 248 2394 307 ABBATIS
2437 250 2932 311 CORBHENSIS.
3549 257 3637 321 103

406 387 478 442 do
501 405 512 440 :
539 390 605 442 ut
627 385 701 442 sit
726 401 935 442 novum
957 388 1019 440 et
1044 385 1263 440 saculis
1291 384 1627 447 inauditum,
1654 381 1801 453 quod
1830 379 2000 450 Virgo
2017 380 2222 447 Aeam,
2255 382 2414 434 ambo
2454 384 2794 446 moriantur,
2827 380 3239 437 Adolescentuta
3269 383 3494 451 quidem,
3523 387 3638 454 quia

406 475 811 548 conceperit,et
835 477 1061 530 demum
1080 475 1352 530 manserit
1370 474 1710 542 incorrupta.
1736 469 2001 540 Alioquin
2085 486 2197 523 non
2228 472 2509 537 clamavit,
2542 474 2632 524 vir
2660 477 2867 537 autem,
2907 473 3041 540 quia
3081 471 3397 526 humiliavit
3433 488 3634 528 umorem

408 574 619 621 novum
674 582 789 620 non
823 572 977 620 esset
1003 565 1112 619 nisi
1158 568 1354 618 contra
1381 567 1662 626 naturam,
1699 560 1813 613 imo
1850 559 2002 613 ultra
2076 562 2325 627 proximi
2374 563 2467 613 sui
2513 561 2683 629 (Deut.
2722 574 2855 628 xxn,
2890 557 3003 630 23).
3038 559 3117 614 Ex
3165 561 3250 637 his
3297 576 3423 632 ergo
3453 568 3505 617 et
3529 562 3635 616 aliis

2084 646 2499 717 Scripturarum
2541 649 2695 714 locis,
2738 650 3212 705 manifestum'est
3240 667 3460 722 sponsos
3510 650 3637 705 viros

2083 735 2370 806 appellari.
2407 737 2475 791 Et
2505 737 2630 793 ideo
2668 738 2759 793 hic
2798 745 2948 793 recte
2962 741 3153 794 virum
3186 755 3312 794 eum
3349 739 3641 811 accipimus;

2082 826 2322 879 maxime
2351 843 2481 881 cum
2526 828 2587 881 in
2614 843 2678 881 eo
2705 828 2937 883 affectus
2966 834 3223 884 servatur
3251 829 3470 895 amoris,
3502 828 3631 899 quod

408 660 694 721 naturam,
724 654 897 726 Virgo
928 654 1107 709 Deum
1136 658 1193 707 et
1237 652 1520 706 hominem
1546 650 1671 704 sine
1701 648 1852 703 coitu
1899 665 2001 718 ge-

408 746 644 801 nuisset.
669 745 739 801 Et
754 744 1086 809 notandum,
1114 759 1283 814 quam
1310 741 1402 796 hic
1429 741 1724 795 mulierem
1755 739 2003 810 appellat

403 826 601 901 Isaias,
631 839 700 889 ut
719 833 1035 888 mirabilius
1056 831 1195 887 illud
1217 830 1556 897 enuntiaret,
1578 828 1870 899 Virginem
1901 828 2001 880 de-

406 924 668 996 signavit.
696 922 795 978 Ille
815 922 1091 993 siquidem
1112 923 1496 985 mulierem,ut
1513 933 1707 972 sexum
1722 922 2000 972 monstra-

403 1019 529 1068 ret:
594 1019 651 1067 et
674 1012 920 1067 ostendit
947 1016 1004 1066 et
1029 1009 1323 1083 praemisit,
1361 1024 1584 1073 nomnn,
1613 1010 1679 1060 ut
1706 1006 1999 1076 Virginem

403 1102 748 1173 explanaret,
771 1102 882 1156 Iste
900 1114 1052 1168 vero,
1085 1104 1150 1154 ut
1178 1098 1495 1153 incredulos
1528 1097 1801 1151 mulceret
1837 1095 1907 1148 ad
1929 1096 1999 1148 fi-

399 1184 547 1257 dem,
584 1189 937 1245 manifestius
964 1189 1277 1261 parituram
1304 1204 1405 1257 pro
1425 1186 1695 1239 miraculo
1711 1184 2000 1255 Virginem

394 1280 775 1352 praesignavit.
797 1278 1041 1344 Interea,
1069 1276 1214 1332 sicut
1232 1274 1543 1343 diximus,a
1571 1274 1777 1345 Ioseph
1804 1276 2000 1327 inven-

403 1374 463 1423 ta
492 1376 568 1424 est
600 1371 805 1423 habens
852 1366 916 1421 de
943 1365 1165 1436 Spiritu
1205 1366 1542 1420 sancto.Non
1570 1362 1815 1418 absurde
1850 1377 1999 1433 quas

400 1460 553 1514 ritur
572 1474 672 1514 cur
697 1462 893 1530 postea
919 1457 1072 1512 velut
1099 1455 1302 1511 dubius
1326 1456 1620 1526 cogitando
1644 1470 1836 1509 secum
1864 1453 1999 1508 deli-

392 1546 564 1603 beret
584 1563 709 1603 eam
728 1540 1030 1602 dimittere.
1054 1546 1177 1610 Quo
1200 1545 1447 1617 profecto
1468 1551 1625 1617 patet
1650 1545 1784 1616 quia
1810 1544 1999 1598 inven-

402 1643 466 1692 ta
492 1641 580 1692 est
605 1637 675 1691 ab
707 1652 772 1691 eo
800 1636 1012 1691 habens
1037 1636 1094 1690 in
1115 1640 1278 1690 utero
1303 1653 1316 1703 ;
1345 1635 1444 1690 sed
1471 1640 1662 1689 utrum
1691 1634 1760 1688 de
1781 1632 1997 1705 Spiritu

2084 919 2170 968 est
2198 931 2394 969 verum
2449 918 2790 987 conjugium,
2836 923 2892 972 et
2947 918 3005 972 in
3036 934 3103 973 ea
3129 918 3343 973 fructus
3372 919 3487 972 sine
3512 916 3643 971 coitu

2081 1003 2338 1059 inventus
2368 1010 2454 1059 est
2474 1006 2821 1078 nuptiarum.
2853 1007 2978 1062 Jam
3007 1009 3157 1063 ultra
3184 1008 3244 1062 in
3288 1006 3500 1078 negotio
3527 1003 3645 1077 quid

2081 1092 2318 1148 obsistat
2341 1110 2411 1148 ne
2430 1095 2514 1148 vir
2540 1096 2764 1167 Joseph,
2795 1102 2853 1150 et
2882 1097 3061 1151 Maria
3084 1114 3224 1151 uxor
3250 1102 3397 1151 recte
3426 1095 3642 1162 dicatur,

2082 1182 2310 1237 omnino
2338 1200 2451 1238 non
2480 1184 2671 1251 video;
2696 1185 2805 1239 nisi
2821 1186 2970 1256 quod
3000 1186 3119 1240 sola
3145 1185 3316 1240 libido
3331 1183 3647 1239 intervenire

2081 1288 2193 1326 non
2221 1274 2424 1344 potuit,
2455 1273 2551 1328 ubi
2580 1275 2651 1328 ad
2677 1275 3095 1330 informandam
3134 1275 3311 1330 vitam
3346 1279 3649 1347 perpetuam

2080 1361 2373 1432 virginitas
2392 1363 2855 1419 servabatur.Sed
2877 1365 3011 1435 quid
3034 1365 3109 1419 sit
3125 1365 3275 1436 quod
3299 1364 3497 1436 Joseph
3518 1368 3649 1417 recte

2076 1450 2264 1521 justus
2293 1452 2531 1517 dicatur,
2565 1454 2662 1524 qui
2690 1470 2803 1508 non
2830 1454 2996 1508 modo
3026 1454 3300 1509 castitatis
3345 1470 3454 1508 non
3483 1468 3652 1507 accen-

2081 1540 2235 1594 ditur
2259 1542 2395 1609 zelo,
2428 1558 2624 1596 verum
2655 1559 2758 1598 nec
2780 1558 3006 1598 causam
3034 1543 3296 1615 exquirit,
3320 1541 3540 1615 pudoris
3552 1541 3653 1595 uti-

2081 1644 2188 1699 que
2225 1631 2409 1685 Mariae
2436 1636 2527 1686 est
2551 1632 2962 1695 testimonium,
2995 1649 3165 1704 quam
3186 1634 3533 1687 innocentem
3558 1646 3651 1684 no-

398 1729 615 1793 sancto,
644 1732 744 1781 aut
755 1725 864 1780 alio
883 1724 1134 1797 quolibet
1148 1741 1212 1779 ex
1234 1724 1403 1789 facto,
1426 1723 1653 1795 penitus
1672 1721 1987 1793 ignorabat.
2010 1722 2251 1807 Bverat,
2283 1725 2347 1773 ut
2376 1736 2500 1774 eam
2532 1722 2803 1777 servando
2817 1724 3006 1793 justus
3025 1723 3209 1778 valeat
3236 1721 3520 1794 appellari.
3551 1720 3652 1773 Ve-

400 1813 627 1870 Sciebat
654 1830 903 1886 namque
932 1831 991 1869 se
1021 1814 1295 1885 virginem
1326 1813 1622 1884 accepisse,
1658 1820 1715 1867 et
1740 1828 1990 1867 servasse

392 1902 689 1972 intactam,
721 1904 790 1959 de
816 1919 926 1975 qua
953 1909 1143 1958 tamen
1183 1902 1387 1958 dubius
1415 1902 1586 1973 elegit
1612 1902 1839 1973 aliquod
1868 1918 1988 1955 me-

399 1994 575 2061 dium,
610 2004 711 2065 per
736 1993 884 2065 quod
914 1993 1185 2065 effugeret
1212 2008 1284 2047 ne
1313 1992 1599 2046 videretur
1626 1992 1808 2046 celare
1838 1988 1990 2062 quod

394 2082 712 2155 ignorabat,
773 2087 830 2137 et
881 2098 952 2137 ne
990 2081 1240 2136 traderet
1267 2082 1421 2136 velut
1446 2097 1603 2135 ream
1634 2081 1703 2134 ad
1742 2096 1985 2151 poenam,

398 2187 566 2245 quam
586 2173 782 2244 procul
805 2171 973 2226 dubio
992 2171 1389 2242 inculpabilem
1404 2174 1661 2225 noverat.
1693 2169 1835 2224 Illud
1858 2184 1990 2223 vero

396 2261 547 2332 quod
576 2260 831 2314 additum
861 2264 947 2313 est
988 2278 1000 2312 :
1034 2261 1246 2313 Habeas
1276 2261 1338 2313 de
1365 2257 1585 2328 Spiritu
1614 2262 1819 2324 sancto,
1851 2258 1991 2311 Mat-

391 2350 575 2404 tbzeus
605 2349 824 2403 ardenti
853 2346 1127 2419 probatur
1154 2364 1365 2415 amore,
1411 2348 1804 2419 praeveniendo
1827 2346 2023 2423 addi-3

392 2436 561 2506 disse,
600 2444 904 2509 antequam
945 2438 1177 2508 angelus
1202 2438 1260 2491 id
1290 2442 1609 2509 exponeret,
1642 2437 1885 2491 maxime
1914 2453 1987 2491 ne

386 2526 617 2582 lectoris
644 2527 895 2583 animum
931 2543 1061 2581 mox
1090 2525 1405 2598 subriperet
1438 2527 1697 2598 suspicio,
1733 2543 1858 2598 quae
1883 2544 1986 2598 po-

391 2623 517 2672 stea
544 2616 707 2672 dictis
736 2617 1003 2688 angelicis
1026 2617 1319 2688 purganda
1347 2621 1512 2671 esset.
1537 2616 1742 2687 Joseph
1771 2622 1980 2683 autem,

393 2706 648 2778 quamvis
673 2711 863 2760 nosset
890 2721 1015 2760 eam
1046 2704 1252 2759 habere
1290 2722 1402 2759 non
1432 2705 1501 2759 de
1530 2706 1740 2759 carnali
1786 2722 1985 2759 concu-

380 2794 528 2863 bitu,
563 2801 751 2849 tamen
777 2794 1077 2865 ignorabat
1101 2793 1253 2866 quod
1282 2794 1507 2849 essetde
1535 2794 1748 2865 Spiritu
1767 2799 1980 2848 sancto:

390 2893 449 2939 et
475 2885 603 2940 ideo
621 2884 825 2939 dubius
852 2884 1002 2938 inter
1024 2884 1624 2954 utrumque,mediam,
1642 2889 1706 2936 ut
1718 2882 1984 2943 dixi,sub—

388 2973 731 3044 terfugiendi
757 2972 929 3043 elegit
952 2972 1120 3038 viam,
1151 2978 1217 3026 ut
1245 2972 1458 3026 occulto
1484 2971 1799 3025 dimitteret
1820 2986 1944 3025 eam
1967 2997 1980 3043 ;

2077 1813 2398 1863 rumtamen
2428 1810 2520 1880 pio
2553 1811 2733 1881 magis
2759 1810 2983 1865 videtur
3000 1810 3651 1882 congruere,quamjusto

2069 1912 2144 1951 ne
2170 1898 2305 1952 velit
2333 1905 2719 1970 praegnantem
2760 1901 2985 1956 tradere
3028 1900 3352 1956 homicidio.
3401 1899 3507 1954 Sed
3534 1913 3656 1969 qua-

2070 1986 2339 2042 rumlibet
2366 1993 2501 2042 tunc
2520 1989 2707 2043 divino
2729 1989 2941 2060 judicio
2966 2006 3098 2045 vera
3114 1995 3200 2046 est
3223 1991 3423 2056 virtus,
3444 1987 3650 2058 quando

2074 2092 2254 2147 neque
2284 2077 2463 2147 pietas
2487 2078 2605 2133 sine
2627 2078 2871 2149 justitia,
2906 2096 3088 2151 neque
3115 2081 3235 2135 sine
3264 2080 3472 2151 pietate
3498 2076 3656 2148 justi-

2068 2161 2153 2216 tia
2179 2164 2484 2222 invenitur.
2517 2168 2650 2232 Quae
2684 2169 2929 2240 profecto
2974 2170 3019 2224 si
3050 2175 3323 2241 separatae
3358 2168 3566 2224 fuerint
3591 2163 3652 2218 ab

2068 2251 2331 2321 invicem,
2357 2255 2712 2325 dilabuntur;
2736 2258 2817 2312 ita
2829 2265 2894 2312 ut
2910 2259 3133 2329 justitia
3160 2259 3282 2313 sine
3312 2260 3520 2331 pietate
3545 2269 3656 2310 cru-

2072 2340 2271 2397 delitas
2301 2346 2629 2416 appelletur.
2651 2347 2720 2401 Et
2737 2347 2862 2402 ideo
2892 2353 3042 2402 recte
3058 2350 3249 2419 justus
3277 2348 3513 2419 quisque
3535 2343 3656 2416 quia

2068 2431 2216 2502 pius.
2264 2434 2375 2488 Sed
2424 2441 2650 2490 sanctus
2684 2437 3030 2507 evangelista
3069 2439 3292 2507 justum
3322 2452 3452 2491 eum
3486 2431 3655 2503 magis

2068 2523 2452 2593 commendat;
2474 2531 2539 2579 ut
2561 2541 2623 2581 ex
2643 2526 2747 2580 hoc
2768 2526 2952 2581 Mariae
2968 2527 3262 2581 castitatis:
3284 2525 3659 2582 testimonium

2074 2616 2247 2668 esset.
2289 2614 2565 2668 Cancrum
2597 2616 2753 2686 pium
2784 2631 2913 2670 eum
2956 2616 3331 2681 demonstrat,
3369 2616 3505 2670 dum
3539 2613 3663 2668 dicit

2068 2701 2211 2770 quod
2244 2702 2490 2757 noluerit
2516 2721 2641 2758 eam
2670 2706 2986 2760 traducere.
3007 2706 3170 2771 Quod
3205 2705 3440 2761 verbum
3471 2703 3660 2759 tradu-

2066 2805 2192 2842 cere
2218 2790 2444 2846 videtur
2470 2793 2543 2847 ad
2565 2800 2861 2866 utramque
2880 2801 3100 2867 partem
3124 2814 3285 2867 posse
3300 2796 3661 2859 referri,”

2064 2877 2322 2933 videlicet
2351 2882 2497 2952 quod
2530 2882 2812 2937 distulerit
2843 2902 3013 2956 quam
3051 2902 3312 2957 sponsam
3376 2886 3660 2955 acceperat

2066 2965 2271 3022 ducere
2300 2971 2359 3023 in
2388 2972 2709 3042 conjugium
2749 2992 2761 3028 :
2796 2979 2853 3027 et
2882 2975 3029 3045 quod
3060 2991 3184 3029 eam
3215 2973 3516 3029 traducere
3541 2969 3660 3026 nol-

387 3062 522 3135 quia
560 3062 710 3116 unde
761 3063 847 3115 vel
876 3060 1011 3132 quid
1041 3065 1191 3114 esset
1230 3060 1289 3114 in
1318 3077 1401 3124 ea,
1435 3060 1681 3132 profecto
1710 3060 1982 3115 hactenus
2004 3055 2143 3131 ciet
2173 3057 2242 3109 ad
2273 3075 2516 3129 poenam,
2552 3062 2611 3115 in
2642 3079 2752 3133 qua
2781 3070 3014 3118 noverat
3041 3080 3153 3118 non
3186 3080 3306 3118 esse
3328 3059 3659 3118 traditionis
3694 3128 3699 3133 χ

380 3147 686 3205 nesciebat.
713 3148 876 3213 Quod
906 3154 1096 3203 autem
1126 3148 1196 3202 de
1224 3148 1439 3219 Spiritu
1470 3154 1684 3215 sancto,
1716 3149 1803 3203 vel
1833 3149 1980 3202 sicut

384 3239 447 3294 in
492 3239 683 3295 Graeco
725 3243 835 3304 est,
879 3254 946 3294 ex
984 3237 1199 3309 Spiritu
1230 3242 1443 3302 sancto,
1489 3238 1696 3293 dicitur
1725 3239 1972 3304 inventa,

383 3327 695 3394 sciendum,
723 3328 871 3399 quod
900 3326 1173 3399 quidquid
1208 3344 1273 3381 ex
1312 3328 1487 3382 altero
1511 3333 1613 3393 est,
1643 3334 1743 3382 aut
1765 3344 1829 3382 ex
1850 3328 1980 3383 sub-

384 3418 600 3473 stantia
627 3420 749 3488 ejus
777 3422 879 3483 est,
905 3421 1005 3471 aut
1019 3432 1082 3470 ex
1104 3422 1398 3487 potestate.
1426 3417 1504 3471 Ex
1523 3422 1820 3488 potestate,
1852 3418 1979 3489 qui-

383 3506 512 3561 dem
542 3507 754 3574 deDeo,
790 3511 855 3560 ut
883 3511 968 3560 est
995 3522 1059 3559 ea:
1078 3523 1183 3575 quo
1214 3508 1519 3571 omnia;ex
1549 3506 1865 3561 substantia
1892 3523 1980 3561 ve-

379 3608 465 3663 ro,
490 3596 640 3651 idem
664 3594 906 3667 Spiritus
932 3612 998 3649 ex
1012 3596 1178 3649 Patre
1199 3594 1453 3666 Filioque
1468 3596 1734 3668 procedit.
1762 3598 1832 3651 Et
1851 3596 1977 3651 ideo

374 3686 472 3741 hic
498 3686 686 3757 potius
717 3702 784 3741 ex
820 3689 1120 3758 potestate,
1156 3698 1325 3757 quam
1356 3701 1424 3739 ex
1474 3685 1789 3741 substantia
1842 3691 1975 3752 93

376 3772 764 3848 acuipiendum
800 3780 915 3844 est;
946 3791 1048 3830 nec
1074 3775 1400 3830 incarnatus
1432 3774 1780 3847 intelligatur
1802 3776 1973 3847 Spiri-

373 3868 490 3934 tus,
520 3866 627 3921 etsi
664 3866 831 3922 unius
869 3864 1196 3921 substantiae
1234 3865 1350 3920 sint
1402 3865 1577 3921 Filius
1615 3872 1672 3921 et
1727 3866 1973 3937 Spiritus

481 3960 622 4009 ctus.

375 3970 573 4010 summ
610 3995 622 4008 .

446 3972 638 4107 Joth
683 4043 870 4092 autem
895 4040 985 4091 vir
1029 4041 1145 4107 ejus
1177 4053 1304 4091 cum
1333 4042 1461 4092 esset
1480 4042 1688 4108 justus,
1722 4046 1771 4094 et
1798 4042 1971 4094 nollet

374 4141 498 4181 eam
516 4126 830 4179 traducere.
864 4125 1060 4180 Virum
1101 4131 1291 4180 autem
1322 4127 1430 4192 hic,
1477 4127 1623 4181 sicut
1663 4133 1721 4182 et
1755 4128 1815 4183 in
1846 4127 1971 4182 aliis

369 4213 717 4286 quibuslibet
742 4212 899 4277 locis,
934 4230 1046 4268 non
1072 4215 1223 4268 aliud
1246 4230 1421 4286 quam
1450 4231 1734 4285 sponsum,
1769 4233 1969 4272 secun-

369 4302 509 4357 dum
539 4301 999 4356 consuetudinem
1021 4302 1338 4357 divinarum
1381 4303 1797 4374 Scripturarum
1827 4306 1968 4360 acci-

368 4406 506 4465 pere
533 4390 821 4457 debemus,
854 4390 997 4446 sicut
1023 4408 1129 4445 nec
1153 4408 1383 4447 uxorem
1411 4392 1565 4447 aliud
1609 4410 1777 4465 quam
1803 4411 1967 4466 spon-

371 4497 495 4536 sam
514 4480 906 4553 intelligimus.
930 4482 1296 4537 Consuetudo
1324 4499 1570 4554 namque
1598 4488 1684 4538 est
1713 4484 1965 4556 Scriptu-

370 4586 564 4627 rarum
586 4566 915 4626 sanctarum
960 4587 1193 4644 sponsos
1220 4572 1369 4626 viros
1398 4573 1605 4640 dicere,
1634 4579 1693 4629 et
1728 4590 1965 4646 sponsas

364 4674 608 4716 uxorum
629 4661 859 4716 nomine
877 4661 1214 4732 nuncupari.
1234 4661 1397 4716 Unde
1413 4679 1593 4734 pauca
1616 4664 1685 4718 de
1706 4664 1963 4736 plurimis

372 4760 441 4805 ex
464 4748 905 4805 Deuteronomio
931 4751 1204 4805 sumenda
1232 4756 1364 4806 sunt
1396 4753 1744 4822 testimonia,
1775 4758 1843 4809 ut
1867 4772 1964 4827 pa-

360 4844 488 4895 teat
507 4838 656 4911 quod
675 4839 912 4894 dicimus
939 4858 951 4893 :
983 4840 1048 4897 Si
1075 4844 1217 4909 quis,
1246 4840 1451 4912 inquit,
1481 4845 1755 4898 invenerit
1780 4847 1961 4912 virgi-

368 4943 495 4984 nem
517 4929 902 4999 desponsatam
925 4931 1047 4982 uiro
1066 4931 1130 4983 in
1158 4944 1364 4999 campo,
1396 4936 1443 4984 et
1472 4934 1586 4985 vim
1614 4934 1823 5000 faciens
1837 4935 1962 4987 dor-

366 5022 559 5074 micrit
587 5034 715 5073 cum
743 5023 1004 5085 ea,nw-rte
1025 5021 1466 5089 moriatur,quia
1492 5021 1817 5076 humiliarit
1832 5038 1961 5077 uxo-

364 5125 485 5163 rem
507 5110 758 5179 proximi
786 5110 879 5161 sui
904 5107 1088 5178 (Deut.
1132 5120 1272 5174 xxn,
1310 5106 1422 5178 25).
1457 5108 1527 5164 Et
1564 5110 1627 5165 in
1657 5112 1767 5167 alio
1798 5111 1953 5169 loco:

361 5198 497 5266 Quis
518 5202 593 5252 est
612 5198 769 5251 homo
782 5199 875 5250 cui
903 5198 1221 5265 desponsata
1252 5201 1325 5251 est
1353 5214 1497 5252 umor
1521 5205 1569 5253 et
1596 5203 1842 5256 nondum
1872 5219 1958 5258 ac-

363 5289 501 5357 cepit
530 5291 690 5342 eam?
726 5288 892 5341 vadat
930 5291 981 5339 et
1009 5290 1322 5340 revertatur
1353 5289 1416 5340 in
1447 5290 1671 5343 domum
1697 5308 1860 5346 suam
1888 5310 1955 5348 ne

358 5379 501 5447 forte
526 5378 813 5430 moriatur
840 5378 902 5430 in
933 5376 1085 5441 bello,
1120 5380 1167 5427 et
1194 5378 1342 5429 alius
1366 5378 1604 5443 accipiat
1632 5395 1755 5433 eam
1771 5383 1947 5447 (Deut.

2064 3144 2376 3201 infamiam.
2428 3149 2537 3203 Sed
2565 3150 2671 3204 hoc
2700 3152 3020 3207 traditionis
3066 3152 3298 3208 verbum
3326 3154 3404 3207 ad
3442 3156 3662 3207 reatum

2061 3236 2263 3306 magis,
2299 3253 2467 3307 quam
2522 3238 2593 3291 ad
2641 3240 2812 3295 aliam
2862 3242 3171 3314 quamlibet
3230 3240 3663 3314 significandam

2059 3341 2306 3391 causam,
2347 3326 2549 3397 saepius
2603 3329 2664 3382 in
2692 3329 2997 3401 Scripturis
3043 3332 3289 3403 positum
3347 3330 3659 3387 invenitur.

2052 3415 2239 3483 Unde,
2280 3417 2413 3486 quia
2443 3417 2511 3472 de
2542 3418 2730 3473 radice
2759 3421 2971 3491 peccati
2997 3421 3289 3492 originalis
3314 3438 3435 3477 non
3465 3436 3665 3476 conce-

2061 3511 2239 3574 perat,
2268 3507 2486 3576 justum
2512 3506 2622 3561 fuit
2647 3525 2717 3562 ne
2746 3526 2873 3563 eam
2898 3510 3018 3581 ipse
3039 3512 3380 3580 traduceret,
3409 3512 3547 3584 quia
3575 3526 3663 3565 ca-

2061 3592 2271 3649 stitatis
2301 3596 2424 3666 ejus
2451 3598 2707 3653 conscius
2737 3603 2877 3666 erat,
2927 3604 3157 3671 propter
3186 3602 3348 3672 cujus
3377 3600 3666 3672 justitiam

2060 3691 2116 3740 et
2138 3686 2255 3758 ipse
2279 3688 2467 3758 justus
2490 3690 2691 3743 merito
2723 3689 3057 3762 appellatur.
3088 3691 3169 3745 Ex
3197 3691 3405 3746 timore
3433 3689 3664 3763 quidem

2056 3776 2318 3831 inventus
2347 3784 2432 3831 cst
2458 3778 2618 3849 pius;
2642 3780 2739 3833 sed
2770 3797 2835 3833 ex
2865 3780 3206 3835 conscientia
3227 3797 3397 3852 quam
3415 3779 3669 3835 habebat

2057 3865 2350 3932 castitatis,
2385 3867 2519 3938 quia
2542 3868 2724 3923 noluit
2750 3887 2876 3924 eam
2904 3870 3217 3937 traducere,
3243 3870 3440 3939 justus
3464 3870 3666 3942 utique

2055 3953 2416 4024 approbatur.
2438 3956 2678 4020 Quidam
2698 3976 2834 4013 sane
2861 3959 3056 4014 dicunt
3076 3961 3223 4031 quod
3243 3959 3667 4034 signiﬁcantius

2047 4041 2155 4097 hoc
2185 4042 2414 4098 verbum
2466 4045 2525 4099 in
2578 4046 2771 4102 Grazco
2825 4047 3043 4104 dicatur
3090 4051 3568 4121 παραδειγματίσαι,
3609 4054 3668 4105 et

2048 4137 2346 4202 propalare
2372 4134 2791 4206 interpretetur.
2816 4136 2892 4191 Ut
2909 4136 2985 4191 sit
3002 4154 3218 4206 sensus,
3241 4138 3376 4208 quia
3406 4139 3667 4197 noluerit

2053 4227 2381 4293 conceptum
2410 4225 2532 4295 ejus
2561 4224 2821 4280 omnibus
2842 4226 3028 4298 palam
3048 4226 3248 4282 facere.
3279 4228 3392 4283 Sed
3419 4247 3531 4285 nos
3563 4246 3665 4284 au-

2049 4311 2366 4367 ctoritatem
2397 4314 2905 4385 nostriinterpretis
2934 4322 3252 4388 sequentes,
3285 4318 3478 4374 verius
3511 4319 3665 4374 msti-

1983 4431 2030 4489 D
2048 4416 2286 4460 mamus.
2312 4403 2461 4473 quod
2481 4421 2544 4458 ex
2564 4402 2836 4458 Hebraico
2856 4404 3009 4459 fonte
3020 4406 3358 4462 translatum
3376 4408 3660 4464 bibimus.

2048 4489 2192 4554 Quia
2222 4491 2279 4545 in
2305 4509 2371 4545 ea
2395 4492 2588 4563 lingua
2616 4493 2721 4548 hoc
2751 4494 3112 4565 Evangelium
3144 4495 3418 4568 scriptum
3444 4498 3664 4570 primi-

2044 4585 2137 4635 tus
2158 4580 2392 4635 minime
2418 4581 2761 4638 dubitamus.
2796 4584 2990 4650 Voluit,
3009 4584 3210 4655 inquit,
3230 4589 3435 4641 occulte
3456 4590 3528 4642 di
3531 4592 3669 4644 mit-

2043 4676 2155 4724 tere
2181 4685 2320 4723 cam.
2356 4671 2425 4724 Et
2444 4687 2617 4741 quare
2644 4673 2897 4727 occulte?
2924 4673 3008 4728 Ne
3036 4674 3084 4728 si
3110 4677 3297 4747 palam
3327 4684 3504 4747 esset,
3535 4695 3666 4735 om-

2044 4759 2177 4813 nino
2198 4759 2351 4813 velut
2378 4758 2633 4815 adultera
2652 4762 2991 4831 plecteretur
3007 4764 3078 4818 ad
3105 4781 3351 4836 pinnam:
3374 4774 3479 4823 aut
3499 4774 3667 4824 certe

2038 4847 2090 4902 si
2110 4847 2266 4918 apud
2283 4864 2344 4902 se
2372 4864 2495 4902 eam
2523 4855 2774 4905 servaret
2797 4852 3052 4907 nesciens
3079 4856 3165 4908 rei
3189 4859 3666 4923 eventum,velut

2038 4935 2255 5006 peccati
2284 4937 2554 5005 conscius,
2584 4938 2705 5010 ipse
2734 4957 2795 4995 se
2812 4957 2977 4996 reum
3001 4940 3213 4998 faceret
3235 4961 3423 4999 comm
3441 4945 3666 5001 Domi-

2038 5040 2133 5079 no.
2167 5024 2329 5088 Quod
2356 5025 2523 5081 velim
2552 5029 2792 5085 audiant
2816 5032 3124 5100 temerarii,
3172 5039 3230 5088 at
3246 5034 3473 5090 discam.
3490 5035 3663 5092 inta-

2036 5108 2339 5170 eausarum
2367 5115 2598 5184 incerta,
2626 5119 2731 5174 diu
2751 5136 2949 5176 secum
2968 5139 3041 5177 ex
3065 5124 3383 5179 reverentia
3406 5124 3665 5185 timoris

2036 5209 2139 5263 Dei
2171 5209 2477 5265 deliberare
2498 5213 2742 5284 negotia;
2759 5229 2833 5268 ne
2851 5214 3173 5272 discrimine
3193 5196 3435 5275 levitatis
3446 5220 3662 5289 mai

2036 5297 2096 5352 in
2125 5298 2370 5353 deterius
2401 5300 2621 5356 cadant.

2104 5389 2224 5441 11.220
2275 5394 2478 5456 autem,
2525 5390 2727 5462 inquit,
2782 5410 2838 5447 co
2881 5397 3171 5465 cogitante,
3230 5413 3341 5455 ecce
3400 5404 3665 5467 angelus

357 5458 527 5537 Kx,7).
548 5466 796 5521 Necnon
815 5473 872 5557 et
892 5462 1056 5519 aIibi:
1079 5461 1142 5518 Si
1158 5469 1344 5557 autem
1364 5465 1952 5557 fueritadolescentuta
2033 5477 2259 5530 Domini
2283 5482 2543 5547 apparuit
2573 5458 2624 5533 ei
2644 5483 2707 5535 in
2735 5458 2960 5540 somnis:
2995 5485 3138 5550 Quid
3159 5458 3343 5557 igitur
3372 5458 3508 5554 est:
3530 5491 3665 5548 haec

359 5556 1121 5631 s-pmmta'oiro,ettmenerit
1139 5566 1259 5621 eam
1278 5553 1953 5638 homo,humiltave1-itque
2031 5580 2090 5626 co
2126 5568 2440 5640 cogitante?
2470 5568 2580 5651 nisi
2602 5586 2725 5644 qua:
2752 5589 2854 5649 per
2880 5553 3345 5651 anticipationem
3368 5574 3666 5654 Evange-
