3966 6206
384 240 490 301 109

1200 236 1586 298 EXPOSITIO
1623 239 1704 297 IN
1739 237 2185 297 ΠΑΤΤΗᾹΣΠΠ.
2220 267 2291 289 -ι-
2322 237 2464 297 LIB.
2503 238 2577 307 II,
2619 239 2777 297 CAP.
2818 240 2867 297 L

3542 232 3657 305 410

377 369 509 424 lists
849 364 958 422 Ubi
972 364 1220 438 profecto
1243 367 1375 423 talis
1400 367 1619 423 videtur
1631 384 1831 424 sensus
1856 366 2045 428 τεά-Α
2063 383 2166 439 per
2186 367 2452 439 angelum
2475 370 2764 423 ostensum
2782 364 2972 421 fuerat
2988 361 3199 432 Maria.
3218 367 3279 425 et
3294 364 3361 421 ﬁt
3386 365 3657 439 continuo

378 458 619 524 dendus,
651 473 717 512 ac
743 457 790 512 si
820 457 1032 512 diceret
1060 475 1072 510 :
1105 458 1235 512 Haec
1263 474 1329 512 eo
1357 464 1488 513 ante
1518 459 1982 514 deliberationem

377 546 531 602 inter
556 547 852 617 angustias
874 547 1161 618 cogitante
1185 547 1321 618 quid
1356 554 1566 618 ageret,
1600 553 1868 603 utrumne
1896 564 1984 602 oc-

380 636 532 692 culte
575 637 909 703 dimitteret,
954 653 1030 691 an
1074 636 1307 691 deberet
1354 639 1671 693 traducere.
1729 639 1984 707 Cumque

380 726 575 798 itaque
618 727 739 784 hec
775 728 894 797 jam
924 742 1115 782 secum
1161 726 1473 781 deliberare
1516 727 1794 799 ccepisset,
1836 726 1986 797 quod

382 816 551 871 vellet
577 832 707 871 eam
750 816 967 872 occulte
992 814 1298 882 dimittere,
1331 833 1457 872 ecce
1484 818 1717 889 angelus
1762 816 1988 871 Domini

384 906 650 977 apparuit
667 906 723 960 ei
742 905 803 960 in
830 904 1046 960 somnis
1074 904 1265 960 dicens
1292 924 1303 960 :
1330 908 1541 975 Joseph,
1559 906 1651 977 ﬁli
1669 908 1988 971 David,noh‘

384 996 583 1047 timere
601 1008 847 1061 accipere
875 994 1119 1046 Mariam
1140 996 1426 1061 coniugem
1446 997 1621 1046 tuam.
1650 992 1792 1046 Cum
1813 991 1988 1062 igitur

385 1087 656 1137 estuaret
675 1087 906 1136 sanctus
927 1081 1150 1137 animus
1170 1081 1381 1152 negotii
1408 1081 1656 1136 novitate
1676 1081 1983 1152 perculsus,

383 1188 630 1243 cumque
660 1172 930 1243 pietatem
960 1171 1110 1225 inter
1144 1170 1413 1241 caligines
1441 1170 1771 1242 ignorantiae
1801 1172 1987 1241 potius

386 1262 674 1333 elegisset,
708 1278 780 1316 ne
800 1261 963 1332 quasi
983 1278 1048 1315 ex
1070 1259 1294 1332 justitia
1314 1260 1714 1315 crudelitatem
1744 1259 1990 1313 incurre-

390 1356 477 1405 ret
498 1370 512 1418 ;
539 1350 730 1408 subito
752 1350 813 1404 in
834 1350 1045 1404 somnis
1077 1346 1335 1419 angelico
1348 1349 1673 1405 consolatur
1692 1348 1912 1413 affectu,
1932 1349 1993 1400 et

387 1445 577 1496 certus
607 1438 866 1495 redditur
913 1439 983 1493 de
1020 1444 1310 1509 conceptu.
1346 1438 1506 1492 Unde
1536 1437 1781 1509 profecto
1814 1436 1992 1507 liquet

387 1531 523 1603 quia
549 1530 704 1583 inter
732 1544 922 1582 moras
950 1532 1136 1583 totum
1156 1527 1545 1584 committebat
1576 1528 1713 1593 Deo,
1736 1526 1992 1581 nesciens

390 1619 526 1693 quid
551 1622 768 1689 ageret.
802 1617 1015 1671 Idcirco
1045 1632 1175 1671 mox
1212 1616 1421 1670 meruit
1448 1616 1746 1679 consolari,
1772 1631 1844 1669 ne
1870 1615 1991 1668 cui—

2062 457 2412 530 mysterium.
2439 457 2600 521 Quod
2626 456 2833 512 mirum
2853 452 2989 509 satis
3014 450 3317 511 admodum
3343 455 3581 523 videtur,
3604 455 3656 511 si

2064 547 2214 618 quod
2229 547 2361 600 olim
2392 551 2507 612 ιο
2523 552 2555 610 Ι
2588 545 2778 601 Mariae
2797 547 3089 601 narratum
3108 542 3532 616 fuerat,Joseph
3554 560 3658 616 per

2070 650 2193 689 eam
2241 651 2354 689 non
2408 634 2591 705 potuit
2636 650 2959 704 agnoscere.
2990 633 3099 689 Sed
3140 634 3275 704 quia
3314 635 3660 705 perscrutari

2069 724 2242 778 etiam
2271 741 2393 795 quae
2417 723 2637 795 potiora
2660 727 2794 778 sunt
2822 722 3074 793 mysterii
3095 729 3323 795 propter
3340 723 3663 783 fastidiosos

2069 828 2323 884 quosque
2366 812 2625 867 brevitati
2672 811 2962 867 studentes
2999 810 3311 879 omisimus,
3345 811 3417 866 ad
3442 811 3666 883 reliqua

2071 918 2194 972 quae
2224 905 2537 972 sequuntur
2566 905 2883 957 commenta
2912 900 3231 959 tendamus.

2131 992 2340 1059 Joseph.
2358 994 2444 1057 ﬁli
2456 992 2649 1054 David,
2668 993 2788 1046 noli
2810 993 3003 1045 timere
3015 992 3256 1058 accipere
3276 991 3523 1049 Mariam
3542 1008 3666 1051 oon-

2060 1084 2253 1150 jugcm
2291 1083 2466 1134 tuam.
2501 1080 2631 1134 Hec
2658 1079 2886 1149 quidem
2926 1095 3028 1135 vox
3066 1078 3407 1137 blandientis
3441 1083 3667 1152 affectu.

2068 1168 2577 1224 familiarissimum
2602 1184 2733 1222 eum
2756 1167 2861 1222 sibi
2888 1185 2953 1223 ac
2981 1172 3179 1224 notum
3207 1168 3484 1240 designat,
3506 1174 3671 1243 cujus

2072 1275 2281 1315 nomen
2312 1275 2377 1312 ac
2402 1274 2582 1329 genus
2606 1257 2897 1327 signanter
2923 1262 3230 1330 nuncupat.
3253 1259 3367 1315 Sed
3394 1260 3524 1318 ideo
3545 1279 3672 1333 pro-

2072 1347 2218 1403 fecto
2242 1349 2308 1401 ﬁt
2326 1353 2389 1401 ut
2418 1348 2563 1401 hanc
2589 1362 2800 1411 vocem,
2831 1346 3044 1402 dudum
3075 1349 3147 1403 ad
3168 1348 3345 1405 David
3364 1351 3665 1420 prolatam,

2072 1443 2435 1507 recognoscat
2457 1460 2468 1495 :
2488 1440 2731 1497 Iuravit.
2754 1436 2958 1507 inquit.
2986 1438 3255 1493 Dominus
3272 1440 3451 1494 David
3463 1443 3673 1497 acrita—

2074 1531 2203 1591 ἰείη,
2238 1532 2289 1580 ct
2314 1543 2428 1582 non
2449 1527 2829 1595 frustrabitur
2844 1543 3005 1591 cum;
3036 1529 3100 1581 de
3126 1528 3319 1595 fructu
3348 1531 3558 1585 ventris
3588 1530 3679 1587 tui

2072 1632 2281 1685 ponam
2299 1631 2466 1684 super
2482 1617 2661 1669 sedem
2691 1632 2873 1670 meam
2910 1617 3155 1671 Noverat
3169 1616 3320 1672 enim
3342 1618 3487 1675 sede
3500 1618 3681 1679 David

394 1724 523 1781 pam
549 1707 888 1761 incurreret.
923 1706 993 1760 Et
1032 1710 1216 1771 Ιοο
1240 1721 1363 1771 nos,
1391 1704 1613 1771 fratres,
1640 1704 1859 1775 quoties
1877 1709 1995 1757 turw
2015 1729 2064 1789 Β
2080 1704 2256 1775 stirpe
2283 1704 2656 1771 descendisse,
2688 1710 2748 1759 et
2769 1705 2895 1760 ideo
2920 1706 3234 1763 monendus
3276 1712 3401 1762 erat
3426 1712 3494 1763 ut
3526 1723 3683 1764 reco-

394 1797 491 1853 bat
517 1814 623 1852 nos
651 1796 957 1851 dubietatis
982 1796 1184 1866 caligo,
1215 1795 1359 1849 fallit
1386 1810 1578 1849 rerum
1596 1793 1831 1865 species,
1862 1792 1999 1847 facit

394 1888 719 1960 superﬁcies
734 1903 1034 1942 causarum
1045 1886 1329 1940 interdum
1346 1885 1617 1939 interiora
1631 1883 1884 1938 veritatis
1902 1899 1997 1936 ne-

393 1978 554 2044 scire,
579 1977 927 2032 declinemus
942 1977 1013 2030 ad
1030 1991 1275 2047 presens
1289 1973 1586 2044 judicium,
1597 1972 1997 2028 subtrahamus

390 2068 756 2132 sententiam,
800 2065 1087 2136 fugiamus
1144 2064 1471 2130 discrimen;
1515 2063 1768 2116 dicamus
1812 2066 1997 2116 totum

393 2157 528 2224 Deo,
555 2172 630 2211 ne
656 2157 797 2212 dum
816 2160 1030 2211 temere
1056 2154 1330 2224 gestimus
1356 2152 1604 2207 difﬁnire
1631 2151 1992 2216 sententiam,

394 2246 556 2301 nobis
593 2261 861 2317 paremus
888 2261 959 2299 ex
988 2244 1313 2299 discrimine
1341 2243 1524 2298 alieno
1559 2242 1802 2296 ruinam.
1834 2239 1997 2304 Quod

394 2341 586 2391 autem
614 2333 851 2406 angelus
870 2334 1092 2389 Domini
1111 2333 1169 2388 in
1191 2332 1420 2398 somnis,
1449 2338 1506 2387 et
1524 2347 1637 2389 non
1654 2330 1714 2385 in
1742 2331 1851 2385 alia
1883 2345 2001 2383 ma-

394 2425 656 2480 nifestius
688 2424 1029 2480 revelatione
1080 2422 1163 2476 iiii
1205 2422 1486 2493 apparuit,
1518 2420 1778 2475 dubietas
1826 2418 2000 2473 animi

392 2516 750 2585 designatur.
775 2514 921 2578 Quia
939 2512 1074 2567 dum
1096 2513 1247 2567 inter
1264 2510 1555 2581 angustias
1582 2508 1864 2567 anxietate
1890 2507 2000 2561 du-

394 2603 521 2660 bius
553 2606 709 2659 velut
739 2602 1090 2658 inﬁdelitatis
1120 2618 1316 2656 somno
1344 2600 1705 2671 opprimitur,
1736 2597 2000 2667 angelum

393 2694 702 2765 conspicua
728 2692 940 2747 visione
985 2691 1174 2747 videre
1229 2708 1343 2746 non
1387 2686 1614 2743 meruit.
1653 2688 1763 2742 Sed
1809 2692 2000 2740 tamen

396 2784 531 2854 quia
548 2785 758 2838 timore
781 2782 1013 2837 devotus
1031 2782 1180 2836 circa
1204 2781 1471 2851 pietatem
1494 2780 1682 2849 justus
1696 2776 1998 2848 apparuit;

393 2873 599 2927 saltem
630 2888 735 2944 per
763 2888 1025 2926 somnum
1045 2871 1316 2925 visionem
1331 2869 1521 2923 videre
1549 2866 1765 2939 potuit;
1792 2881 1864 2919 ne
1885 2864 2004 2918 diu-

396 2961 512 3016 tius
530 2966 820 3033 premeret
833 2962 998 3032 culpa
1014 2959 1337 3024 dubietatis,
1358 2974 1525 3029 quem
1544 2955 1827 3027 aequitatis
1840 2952 2005 3024 justi-

2080 1795 2225 1848 leret
2249 1811 2317 1848 ex
2346 1794 2647 1865 Propheta,
2678 1795 2827 1866 quod
2851 1796 2972 1866 jam
2998 1795 3060 1850 in
3087 1813 3150 1850 se
3178 1797 3445 1868 compleri
3479 1814 3681 1854 cerne:-

2080 1884 2177 1938 bat
2201 1884 2342 1939 etin
2373 1884 2569 1940 Maria.
2601 1884 2884 1939 Nimirum
2908 1886 3009 1956 qui
3037 1903 3167 1942 cum
3187 1887 3281 1941 hic
3312 1886 3494 1943 David
3531 1888 3682 1945 ﬁlius

2081 1974 2303 2040 dicitur,
2336 1974 2505 2028 datur
2527 1973 2770 2043 intelligi
2791 1974 2860 2028 de
2882 1975 3077 2041 Maria,
3092 1975 3232 2029 dum
3248 1992 3376 2031 eam
3392 1994 3462 2031 ex
3481 1975 3686 2034 eadem

2076 2067 2256 2138 stirpe
2303 2072 2639 2138 cognoverat
2685 2066 3060 2134 descendisse,
3093 2068 3164 2122 de
3210 2086 3322 2140 qua
3358 2070 3480 2140 ipse
3530 2070 3688 2126 ﬁlius

2079 2156 2252 2211 David
2278 2156 2350 2210 ab
2371 2157 2569 2226 angelo
2584 2156 2907 2213 vocabatur.
2926 2158 3091 2221 Quod
3112 2158 3303 2212 volens
3325 2158 3475 2214 idem
3496 2165 3682 2215 osten-

2082 2244 2234 2308 dere,
2264 2247 2480 2314 Ioseph,
2506 2245 2708 2317 inquit,
2734 2249 2820 2314 ﬁli
2846 2249 3042 2313 David,
3066 2263 3132 2302 ac
3150 2247 3199 2301 si
3219 2251 3479 2319 patenter
3498 2249 3686 2304 died:

2084 2335 2438 2405 Recognosce
2455 2334 2591 2415 quid
2614 2335 2832 2390 dictum
2855 2336 2934 2390 sit
2945 2336 3136 2391 domui
3158 2336 3369 2404 David;
3392 2338 3690 2411 quiaquod

2080 2423 2160 2477 ibi
2199 2424 2535 2494 promissum
2566 2430 2658 2478 est
2685 2440 2753 2479 ex
2780 2425 3094 2496 prophetia,
3131 2427 3252 2497 jam
3275 2443 3413 2481 sane
3440 2429 3683 2500 comple-

2082 2517 2205 2566 tum
2234 2518 2321 2566 est
2348 2529 2451 2583 per
2478 2513 2744 2581 Mariam;
2772 2515 2923 2569 unde
2948 2531 3020 2569 ne
3049 2516 3253 2571 timeas
3286 2518 3537 2589 accipere
3560 2519 3687 2574 Ma-

2084 2602 2229 2655 riam
2249 2604 2374 2672 conj
2383 2619 2549 2672 ugem
2578 2607 2767 2657 tuam:
2803 2604 2936 2674 quia
2956 2604 3003 2657 si
3030 2621 3144 2661 non
3165 2622 3230 2660 ex
3254 2612 3353 2661 tuo
3369 2608 3687 2679 coituquod

2083 2696 2367 2753 nascetur,
2400 2695 2592 2745 tamen
2625 2708 2725 2762 per
2762 2708 2904 2751 eam.
2948 2693 3082 2763 quia
3111 2710 3178 2749 ex
3206 2699 3263 2749 te
3306 2696 3691 2767 propinquita-

2083 2786 2201 2834 tem
2222 2780 2408 2834 carnis
2445 2779 2616 2845 ducit,
2648 2780 2751 2834 tibi
2780 2781 2929 2835 ﬁlius
2950 2788 3276 2852 generatur.
3306 2785 3376 2838 Et
3400 2800 3473 2838 ne
3510 2786 3691 2857 suspi-

2080 2868 2231 2923 ceris
2251 2867 2400 2939 quod
2423 2868 2650 2938 genitus
2670 2868 2744 2922 sit
2770 2868 2841 2922 ab
2868 2870 2979 2925 alio
3002 2889 3015 2937 ;
3049 2872 3269 2926 noveris
3299 2872 3431 2943 quia
3460 2874 3529 2928 de
3556 2875 3688 2946 Spi-

2084 2958 2201 3011 ritu
2221 2962 2413 3011 sancto
2443 2962 2545 3022 est,
2570 2962 2637 3011 ut
2653 2963 2839 3011 totum
2869 2959 3140 3031 percipias
3159 2960 3218 3014 in
3240 2963 3508 3033 mysterio
3536 2965 3692 3034 quod

396 3051 481 3105 tia
501 3050 957 3106 commendabat.
981 3050 1050 3104 Et
1069 3048 1378 3104 notandum
1394 3046 1541 3118 quod
1569 3061 1681 3100 non
1706 3045 1764 3098 in
1784 3058 2001 3107 somno,
2021 3050 2065 3111 Ο
2088 3046 2224 3101 olim
2252 3046 2530 3103 habueras
2558 3046 2617 3101 in
2655 3047 2951 3119 promisso.
2981 3048 3057 3103 Et
3084 3051 3363 3121 quomodo
3393 3069 3483 3107 me
3523 3053 3687 3108 audis

396 3142 496 3195 sed
523 3142 586 3195 in
613 3140 847 3207 somnis,
879 3140 961 3193 illi
989 3139 1223 3209 angelus
1266 3136 1589 3208 apparuisse
1620 3134 1845 3188 dicitur.
1879 3133 2001 3196 Quo
2090 3138 2148 3190 in
2184 3152 2425 3207 persona
2453 3152 2634 3206 genus
2660 3153 2876 3203 vocare,
2904 3138 3040 3193 etin
3074 3144 3131 3194 te
3155 3145 3333 3195 totam
3367 3144 3692 3214 prosapiam

394 3230 542 3285 forte
560 3229 824 3302 plurimis
844 3228 1146 3283 visionibus
1160 3243 1340 3298 usque
1367 3226 1437 3279 ad
1458 3223 1852 3279 sufﬁcientiam
1870 3222 2002 3275 ﬁdei
2087 3224 2376 3290 reiterare,
2402 3226 2482 3279 ita
2511 3232 2576 3280 ut
2598 3226 2886 3281 tricesima
2915 3234 3109 3284 octava
3133 3231 3499 3301 generatione
3517 3239 3689 3289 natus

393 3324 754 3375 monstratur
781 3325 1057 3384 ostensus,
1091 3333 1258 3389 quem
1291 3331 1522 3370 somnus
1550 3312 1883 3386 quantisper
1910 3327 2003 3365 oc-

394 3410 673 3476 cultabat,
702 3425 770 3464 eo
803 3409 950 3481 quod
977 3412 1126 3467 esset
1152 3406 1394 3477 caligine
1422 3403 1855 3458 circumductus.
1890 3400 2002 3455 Sed

394 3516 539 3555 sane
592 3498 1001 3571 requirendum
1046 3502 1182 3569 puto
1240 3495 1548 3550 secundum
1602 3492 2006 3565 proprietatem

394 3588 576 3655 verbi,
608 3588 657 3642 si
685 3587 830 3642 forte
858 3603 1043 3641 sermo
1070 3586 1290 3640 divinus
1316 3584 1523 3640 certius
1546 3581 1757 3652 aliquid
1778 3597 1837 3633 in
1862 3594 2007 3632 some-

394 3679 490 3732 nis
519 3677 656 3731 velit
680 3677 1019 3747 signiﬁcare,
1053 3690 1222 3746 quam
1265 3674 1312 3728 si
1361 3672 1591 3726 dixisset
1642 3671 1700 3723 in
1750 3667 2003 3722 somniis.

395 3766 551 3830 Quia
570 3782 824 3832 somnus,
856 3766 981 3837 ipsa
1009 3764 1235 3836 quidem
1264 3761 1665 3817 dormientium
1696 3758 1856 3830 quies
1886 3762 2003 3823 est;

401 3856 690 3911 somnium
736 3871 887 3920 vero,
928 3870 1332 3924 nonnunquam
1388 3850 1603 3906 delusio
1654 3847 2003 3903 dormientis.

403 3946 551 3999 Hinc
577 3950 667 4000 est
693 3944 843 4019 quod
863 3944 1069 3999 dicitur
1094 3943 1357 4014 angelum
1376 3939 1736 4013 apparuisse;
1764 3936 1896 4009 quia
1914 3952 2004 3989 res

399 4033 638 4089 insolita
654 4035 808 4089 ultra
816 4034 1164 4089 somniorum
1179 4031 1504 4104 phantasias
1516 4031 2001 4100 praemonstratur.

398 4123 533 4179 Non
563 4124 718 4179 enim
737 4124 861 4194 ejus
889 4128 1093 4178 natura
1120 4122 1227 4176 fuit
1242 4121 1511 4191 angelum
1534 4118 1722 4173 videre
1746 4132 1872 4171 cum
1888 4116 2005 4169 vel—

401 4213 503 4279 let,
538 4214 639 4269 sed
666 4213 728 4268 in
756 4217 1032 4285 potestate
1062 4211 1237 4283 ipsius
1264 4208 1605 4283 apparentis,
1637 4205 1919 4278 quomodo
1948 4208 2006 4258 et

403 4302 634 4375 quando
656 4319 719 4358 se
738 4301 1089 4374 prazbuisset.
1124 4301 1267 4356 Nam
1297 4300 1403 4355 hoc
1438 4295 1606 4353 verbo
1632 4297 1825 4350 divina
1853 4294 2003 4349 Scri-

397 4399 593 4465 ptura,
650 4392 977 4464 frequenter
1023 4390 1124 4447 tali
1170 4396 1336 4445 utens
1380 4387 1623 4459 eloquio,
1666 4389 2001 4457 potestatem

2082 3315 2234 3370 ﬁlius
2256 3314 2431 3370 David
2443 3315 2646 3370 dicaris
2663 3335 2675 3381 ;
2696 3316 2777 3370 sic
2793 3318 3162 3389 propinquius
3182 3320 3434 3393 intellige
3450 3323 3691 3379 Mariam

2084 3421 2151 3458 ex
2196 3405 2478 3476 reciproco
2518 3405 2590 3460 de
2632 3410 2732 3461 tua
2780 3423 2950 3461 carne
2978 3409 3393 3479 quodammodo
3422 3413 3685 3481 derivari,

2087 3510 2288 3549 moneo
2318 3499 2382 3547 ut
2407 3493 2615 3548 habeas
2636 3494 2816 3549 ﬁlium
2836 3496 2957 3551 sine
2982 3498 3154 3566 coitu,
3176 3505 3233 3554 et
3252 3500 3538 3572 possideas
3558 3519 3689 3558 eam

2087 3600 2317 3638 uxorem
2350 3583 2675 3653 plenissimo
2705 3586 2995 3641 charitatis
3022 3588 3242 3643 aﬁ‘ectu.
3278 3591 3515 3662 PrOpter
3537 3592 3690 3664 quod

2088 3688 2160 3726 ne
2188 3672 2408 3737 timeas,
2436 3672 2637 3743 inquit.
2664 3674 2743 3726 Ac
2770 3674 2818 3726 si
2838 3675 3047 3730 diceret
3067 3679 3178 3732 :Ne
3194 3679 3394 3734 timeas
3406 3682 3479 3736 de
3500 3687 3685 3746 reatu,

2088 3760 2204 3813 imo
2234 3760 2571 3830 amplectere
2617 3762 2913 3831 conjugem
2952 3768 3111 3819 tuam
3137 3767 3429 3823 charitatis
3460 3770 3643 3826 ofﬁcio
3668 3790 3685 3825 :

2091 3848 2223 3920 quia
2253 3848 2497 3902 charitas
2533 3848 2683 3903 foras
2710 3850 2886 3904 mittit
2909 3869 3136 3908 omnem
3166 3856 3446 3911 timorem.
3475 3860 3688 3931 Conju-

2084 3954 2216 4009 gem
2259 3942 2449 3991 autem
2480 3952 2653 4007 quare
2707 3937 2929 4007 dixerit,
2956 3942 3076 4010 jam
3104 3959 3275 4015 supra
3302 3947 3680 4023 exposuimus,

2084 4027 2261 4081 etiam
2278 4026 2425 4080 inter
2449 4026 2685 4097 reliqua,
2716 4028 2867 4099 quod
2896 4029 3037 4083 nihil
3062 4032 3303 4089 defuerit
3332 4039 3518 4109 operis
3546 4058 3684 4099 con-

2083 4115 2246 4187 jugii,
2266 4114 2375 4169 nisi
2410 4115 2532 4169 sola
2551 4116 2866 4171 commistio
2897 4117 3173 4176 libidinis:
3192 4123 3251 4178 in
3278 4129 3503 4185 tantum
3531 4137 3595 4188 ut
3610 4132 3684 4189 ad

2086 4204 2476 4294 Josephijuqxta
2504 4220 2727 4294 carnem
2754 4206 3034 4276 pertineat
3054 4214 3213 4266 ortus
3235 4214 3462 4284 Christi,
3482 4219 3529 4274 si
3548 4238 3685 4294 quo-

2087 4294 2255 4348 modo
2280 4292 2393 4347 dici
2419 4292 2597 4364 possit
2625 4293 2774 4348 idem
2798 4312 2901 4366 per
2933 4296 3036 4352 hoc
3067 4306 3228 4370 pater
3257 4292 3587 4371 Salvatoris:

2159 4384 2312 4451 Quod
2326 4385 2477 4435 enim
2494 4385 2559 4435 in
2582 4398 2643 4437 ea
2660 4388 2856 4438 natum
2874 4391 2970 4453 est,
2994 4384 3194 4460 inquit,
3223 4394 3286 4447 de
3304 4395 3523 4465 Spiritu
3551 4420 3682 4461 san-

400 4448 633 4555 ;emper
668 4448 950 4553 signiﬁcat
996 4479 1337 4553 apparentis,
1377 4484 1442 4534 ut
1478 4448 1581 4532 nos
1614 4448 1792 4530 Val-tius
1821 4448 2068 4544 erigatD
2088 4448 2289 4528 διανοεῖ.
2322 4470 2559 4525 Videtur
2580 4487 2805 4543 quoque
2834 4474 2925 4527 hic
2960 4448 3195 4535 subtilis
3224 4448 3677 4551 valde'naswciv

402 4571 475 4625 ad
509 4570 920 4626 consideranda
947 4586 1245 4625 causarum
1265 4568 1509 4639 negotia,
1537 4565 1739 4637 quibus
1774 4580 1917 4635 pene
1944 4579 2005 4617 se

400 4677 631 4733 semper
684 4660 995 4716 conformat
1039 4658 1303 4715 exhibitio
1334 4654 1791 4712 demonstrantis.
1838 4652 2001 4720 Hinc,

399 4751 541 4822 quia
565 4751 776 4823 Joseph
803 4767 1011 4822 angore
1034 4749 1237 4804 dubius
1265 4747 1361 4802 illo
1381 4749 1764 4819 praegravatur
1780 4758 1997 4808 somno,

400 4856 518 4911 quo
548 4841 611 4895 in
654 4840 915 4912 passione
958 4839 1341 4911 apostolorum
1380 4835 1523 4891 oculi
1559 4832 1997 4906 premebantur;

401 4944 733 4999 quanquam
761 4944 877 4983 non
905 4944 969 4982 ex
1000 4926 1210 4982 duritia
1239 4925 1421 4980 cordis
1448 4925 1567 4978 haec
1595 4920 1851 4977 dubietas
1882 4935 2002 4973 eve-

398 5016 574 5084 niret,
598 5019 697 5073 sed
718 5017 788 5073 de
814 5017 1185 5072 admiratione
1214 5016 1298 5070 rei
1326 5011 1726 5085 magnitudinis
1752 5028 1764 5077 ;
1798 5010 2001 5063 saltem

400 5105 464 5160 in
502 5107 716 5163 somnis
746 5106 1066 5172 instruitur,
1105 5111 1171 5161 ut
1215 5122 1281 5159 ex
1323 5121 1389 5159 eo
1415 5105 1727 5175 patesceret
1759 5098 2002 5153 interius

404 5196 546 5267 quid
591 5197 757 5253 corde
811 5201 1077 5269 gestaret.
1123 5195 1425 5267 Signanter
1482 5207 1703 5264 quoque
1752 5189 1999 5254 additur,

404 5287 643 5358 angelus
661 5287 907 5353 Domini,
928 5286 999 5341 ob
1019 5285 1438 5341 distinctionem
1457 5280 1689 5336 alterius
1709 5278 1913 5349 angeli,
1933 5294 2003 5332 ne

400 5374 642 5443 fortuitu
666 5378 884 5433 delusio
912 5381 1227 5450 putaretur.
1270 5373 1430 5430 Unde
1455 5371 1589 5443 quia
1616 5370 1673 5424 in
1719 5385 1785 5423 eo
1824 5368 2004 5439 pietas

405 5481 471 5520 ac
488 5467 714 5537 justitia
738 5468 1028 5523 decertare
1047 5466 1325 5531 videntur,
1340 5480 1466 5518 mox
1484 5461 1711 5533 peilitur
1727 5457 2000 5524 dubietas,

402 5559 463 5611 et
482 5557 769 5615 reveiatur
793 5570 1065 5615 arcanum
1079 5555 1381 5618 .Panditur
1394 5552 1560 5627 plane
1585 5548 1735 5622 quod
1756 5547 2004 5619 primum

2083 4560 2500 4654 teliigentiame
2532 4561 2673 4615 forte
2702 4563 2849 4654 quod
2875 4570 3070 4620 natum
3085 4575 3172 4624 est
3200 4572 3257 4626 in
3285 4578 3513 4635 eaﬁlius
3533 4585 3681 4654 ejus-

2239 4649 2479 4744 Spiritus
2506 4651 2768 4744 [Qtde
2798 4669 2908 4744 quo
2933 4665 3232 4730 conceptus
3243 4667 3511 4737 est.juxta
3525 4649 3678 4744 quod

2085 4741 2197 4830 ipsi
2220 4740 2554 4830 conﬁtemur
2579 4739 2638 4793 in
2669 4741 2965 4830 qSymbolo,
3018 4746 3257 4806 absurde
3304 4739 3681 4830 intelligatur.

2081 4828 2333 4884 Dicimus
2360 4827 2513 4881 enim
2538 4828 2688 4899 quod
2722 4837 3023 4903 conceptus
3052 4836 3127 4891 sit
3153 4839 3223 4894 de
3249 4843 3460 4914 Spiritu
3480 4827 3677 4909 sancto

2084 4935 2149 4972 ex
2178 4916 2357 4971 Maria
2406 4915 2641 4986 virgine.
2675 4918 2736 4973 Si
2785 4920 2934 4974 enim
2977 4924 3054 4978 sic
3081 4928 3402 5001 accipimus,
3436 4942 3501 4992 ut
3534 4914 3676 4998 eum

2082 5008 2262 5063 ﬁlium
2282 5007 2524 5079 Spiritus
2543 5008 2721 5062 sancti
2734 5009 2990 5066 dicamus
3012 5019 3318 5075 secundum
3350 5023 3679 5086 humanita-

2083 5103 2218 5159 tem,
2234 5097 2479 5168 profecto
2502 5097 2559 5150 in
2587 5104 2782 5152 sancta
2808 5100 3085 5158 Trinitate
3111 5106 3252 5163 duos
3282 5117 3471 5182 patres
3498 5117 3679 5176 intro.

2084 5186 2379 5252 mittimus,
2396 5185 2650 5240 videlicet
2668 5203 2843 5241 unum
2873 5189 3201 5263 divinitatis,
3234 5207 3290 5253 et
3312 5202 3554 5265 alterum
3574 5210 3677 5267 hue

2084 5274 2372 5332 manitatis
2388 5275 2510 5345 ejus
2532 5281 2961 5346 propagatorem
2983 5281 3252 5353 Spiritum
3272 5301 3548 5355 sanctum.
3564 5300 3678 5355 Sed

2086 5366 2211 5438 quis
2241 5366 2345 5419 hoc
2363 5365 2547 5459 dinem
2566 5365 2831 5459 audebit?
2852 5369 3010 5425 Unde
3037 5375 3202 5431 aliter
3225 5379 3394 5437 datur
3410 5385 3669 5459 inteiiigi,

2084 5462 2144 5510 et
2171 5455 2533 5526 quaerendum
2562 5453 2609 5508 si
2630 5471 2741 5510 non
2754 5455 2879 5512 ideo
2900 5459 3121 5518 dicatur
3147 5468 3217 5524 de
3248 5470 3459 5541 Spiritu
3483 5453 3674 5531 sancto

2086 5551 2272 5614 natus,
2290 5545 2425 5621 quia
2444 5544 2577 5601 fecit
2602 5560 2733 5601 eum
2762 5548 3002 5605 nascide
3030 5553 3277 5630 Virgine.
3313 5561 3527 5638 Quippe
3542 5564 3674 5636 quia

3628 5778 3673 5807 ,ἐν
