3966 6206
246 251 350 311 111

1006 250 1065 305 S.
1106 246 1486 306 PASCHASII
1522 243 1886 304 RADBERTI
1921 242 2226 299 ABBATIS
2264 242 2752 300 CORBEIENSIS.

3414 244 3519 303 112

244 378 352 433 hoc
378 393 519 450 opus
544 375 821 443 mirabile,
862 379 1047 431 totum
1085 375 1232 431 dono
1276 375 1379 431 Dei
1406 375 1615 429 factum
1643 377 1747 439 est,
1780 370 1901 429 etA
1919 368 1967 423 si
1986 384 2098 424 non
2125 368 2276 423 salus
2302 368 2647 423 credentium
2666 367 3000 424 advenisset.
3025 368 3171 423 Nam
3194 366 3328 423 licet
3348 368 3517 424 multi

244 466 456 523 donum
482 467 585 522 Dei
614 465 840 540 proprie
857 465 1100 536 Spiritus
1123 470 1349 520 sanctus
1372 464 1630 518 dicimur.
1651 461 1758 517 Sed
1781 466 1839 514 et

244 555 364 628 ipse
395 556 637 627 Spiritus
665 555 909 610 charitas
941 552 1123 608 Patris
1152 570 1217 607 ac
1248 552 1373 607 Filii
1416 552 1623 622 ubique
1650 548 1838 604 catho-

242 645 349 700 lice
377 645 731 717 praedicatur.
764 645 898 708 Quae
919 643 1161 697 Charitas
1189 642 1433 713 profecto
1462 640 1582 694 sola
1610 656 1740 694 cum
1761 639 1833 693 ad

243 734 652 789 incarnandum
681 733 931 794 adduxit,
975 732 1045 786 Et
1088 730 1211 785 ideo
1259 729 1407 800 quod
1436 734 1604 784 natus
1634 734 1720 783 est
1766 728 1836 781 de

244 822 426 878 Maria
444 823 678 894 virgine,
701 822 896 892 utique
920 821 990 874 de
1022 818 1236 889 Spiritu
1265 823 1457 872 sancto
1486 822 1636 871 recte
1667 818 1839 872 inter-

242 917 531 984 pretatur;
566 912 699 983 quia
738 925 904 965 causa
940 906 1205 961 nascendi
1242 907 1362 961 sola
1410 906 1657 961 charitas
1707 906 1833 961 fuit.

239 1001 438 1073 Neque
466 1001 624 1065 adeo,
659 998 791 1069 quia
818 996 1093 1051 mundum
1136 995 1309 1050 istum
1338 995 1470 1050 fecit
1504 996 1673 1062 Deus,
1706 1011 1836 1049 eum

240 1090 349 1145 dici
377 1090 460 1144 fas
491 1093 577 1143 est
604 1086 706 1142 Dei
730 1085 955 1153 Filium,
974 1090 1075 1139 aut
1103 1090 1299 1139 natum
1323 1085 1393 1138 de
1415 1085 1531 1139 Deo
1550 1084 1836 1138 ullatenus

239 1176 553 1250 praedicari.
586 1174 697 1230 Sed
727 1175 958 1237 factum,
990 1178 1332 1241 creatumve,
1364 1178 1465 1227 aut
1491 1173 1832 1239 institutum,

239 1272 342 1322 aut
368 1263 657 1320 conditum
689 1262 759 1318 ab
789 1279 874 1329 eo,
906 1262 992 1317 vel
1031 1267 1181 1317 certe
1226 1262 1274 1316 si
1325 1262 1457 1333 quid
1489 1261 1832 1332 hujusmodi,

239 1360 391 1411 recte
420 1354 529 1409 dici
550 1358 754 1425 potest.
770 1351 921 1417 Quin
945 1367 1129 1422 neque
1141 1350 1559 1405 concedendum
1579 1355 1660 1416 ut,
1676 1349 1834 1421 quid-

240 1444 377 1517 quid
408 1443 477 1497 de
493 1443 684 1513 aliqua
697 1440 1029 1505 renascitur,
1046 1440 1311 1495 continuo
1323 1440 1575 1510 ejusdem
1588 1440 1670 1494 rei
1684 1439 1832 1494 ﬁlius

233 1533 589 1605 praedicetur.
620 1531 703 1586 De
737 1546 977 1600 quarum
1019 1545 1208 1583 rerum
1248 1528 1514 1599 exemplis
1552 1545 1731 1599 pauca
1762 1528 1833 1582 de

235 1620 494 1694 pluribus
522 1619 784 1692 pandam.
821 1620 985 1673 Certe
1017 1633 1211 1673 omnes
1240 1617 1336 1688 qui
1364 1617 1681 1675 Christiano
1709 1633 1835 1672 cen-

1919 459 2081 513 Jcsus
2107 459 2242 512 olim
2269 458 2519 525 fuissent,
2548 457 2639 512 hic
2665 463 2854 512 tamen
2883 456 3333 512 substantialiter
3360 462 3515 513 salus

1920 553 2005 603 est
2031 548 2362 619 appellatus.
2396 548 2465 601 Et
2491 547 2800 601 notandum
2830 546 2980 617 quia,
3023 563 3136 601 non
3164 547 3312 601 sicut
3336 547 3516 620 Judaei

1917 638 2207 703 falluntur,
2233 642 2515 692 terrenam
2538 635 2889 690 Hierusalem
2908 641 3176 691 venturus
3192 641 3280 690 est
3299 636 3515 691 salvam

1918 727 2128 794 facere;
2162 726 2260 781 sed
2287 725 2439 780 venit
2466 724 2680 779 salvare
2708 725 2978 796 populum
3018 742 3184 779 suum
3209 742 3244 779 a
3271 726 3517 797 peccatis

1919 833 2135 872 eorum.
2167 815 2465 886 Papulum,
2494 814 2695 884 inquit,
2723 829 2920 881 suum;
2955 814 3107 885 quia,
3149 814 3255 869 etsi
3300 814 3517 869 venditi

1918 920 2146 959 eramus
2174 903 2277 957 sub
2309 908 2554 974 peccato,
2570 910 2759 957 tamen
2781 902 2997 973 legibus
3024 908 3240 958 naturae
3255 905 3378 974 ejus
3396 920 3517 958 era-

1918 1009 2063 1048 mus.
2093 993 2254 1047 Unde
2296 993 2591 1047 Zacharias
2622 1011 2633 1045 :
2670 993 2733 1047 Et
2764 994 2910 1060 fecit,
2956 992 3160 1063 inquit,
3193 995 3517 1063 redemptio-

1919 1099 2045 1137 nem
2067 1084 2238 1151 plebis
2265 1098 2375 1136 suae
2404 1084 2469 1135 in
2484 1083 2641 1136 domo
2662 1083 2840 1136 David
2863 1084 3031 1149 pueri
3057 1086 3149 1136 sui
3169 1085 3318 1151 (Luc.
3342 1078 3511 1145 1,68).

1920 1171 2256 1241 Ergquuam
2284 1187 2444 1225 suam
2470 1170 2761 1241 praescivit,
2786 1170 2941 1224 illam
2962 1172 3155 1241 procul
3180 1170 3349 1227 dubio
3364 1171 3518 1228 venit

1917 1261 2157 1323 salvare,
2187 1260 2433 1330 reliquos
2457 1276 2653 1314 omnes
2674 1259 2889 1314 occulto
2905 1275 3007 1313 suo
3023 1260 3235 1331 judicio
3256 1261 3317 1315 in
3328 1277 3517 1315 massa

1920 1348 2300 1403 damnationis
2328 1348 2576 1419 reliquit.
2611 1348 2877 1419 Sequitur
2901 1368 2912 1400 :
3234 1413 3243 1421 ι

1985 1441 2094 1493 Hoc
2116 1443 2289 1492 totum
2302 1440 2515 1505 factum
2542 1443 2693 1491 estut
2712 1440 3119 1507 adimplerelur
3135 1442 3281 1509 quod
3298 1441 3513 1495 dictant

1914 1532 1990 1580 est
2020 1544 2055 1580 a
2087 1530 2320 1582 Domino
2343 1543 2445 1596 per
2465 1530 2673 1582 Isaiam
2692 1529 3034 1597 prophetam,
3057 1530 3341 1583 dicentem.
3366 1530 3515 1594 Quid

1916 1616 2090 1687 igitur
2117 1622 2202 1671 est
2223 1617 2325 1670 hoc
2344 1623 2525 1671 totum
2548 1616 2695 1687 quod
2713 1616 2921 1671 factum
2951 1623 3053 1683 est,
3073 1618 3159 1671 vel
3179 1618 3305 1689 quis
3316 1635 3513 1674 eorum

238 1715 437 1765 sentur
463 1709 709 1775 nomine,
739 1707 985 1779 profecto
1023 1712 1333 1762 nascuntur
1361 1724 1426 1761 ex
1452 1723 1600 1778 aqua
1628 1712 1686 1761 et
1710 1703 1891 1778 Spi-B
1914 1705 2020 1760 hoc
2048 1705 2291 1760 dixerit?
2307 1706 2364 1761 Si
2381 1706 2531 1760 enim
2556 1705 2863 1759 dixerimus
2884 1706 3029 1776 quod
3061 1706 3246 1776 angeli
3262 1707 3380 1762 haec
3399 1707 3513 1763 sint

238 1800 355 1855 ritu
383 1804 596 1865 sancto,
621 1797 757 1870 quia
783 1796 1011 1851 omnino
1040 1796 1205 1850 aliter
1233 1794 1539 1851 Christiani
1570 1812 1691 1850 esse
1720 1812 1834 1850 non
1916 1795 2103 1861 verba,
2142 1800 2318 1849 restat
2339 1801 2531 1850 tamen
2561 1812 2814 1867 quaerere
2853 1795 3130 1866 quomodo
3155 1795 3377 1851 dicatur
3406 1797 3513 1853 hoc

238 1885 876 1961 possunt.Sednunquid
897 1902 992 1940 eos
1010 1890 1160 1939 recte
1176 1885 1472 1956 quisquam
1493 1886 1639 1939 ﬁlios
1652 1901 1829 1956 aquae,
1914 1890 2099 1939 totum
2119 1884 2327 1939 factum
2356 1890 2462 1951 est,
2493 1901 2621 1939 cum
2650 1886 2899 1939 nondum
2928 1888 3113 1951 natus,
3138 1886 3390 1940 nondum
3418 1902 3510 1941 vo-

236 1983 339 2035 aut
366 1977 610 2048 Spiritus
637 1973 815 2030 sancti
834 1972 1071 2027 dixerit?
1093 1973 1207 2027 imo
1227 1973 1328 2027 Dei
1349 1974 1533 2029 Patris
1550 1980 1607 2030 et
1625 1979 1829 2030 sanctae

235 2067 436 2123 matris
456 2063 711 2121 Ecclesiae
739 2062 842 2117 ﬁlii
861 2068 1279 2134 nuncupantur.
1305 2063 1394 2117 Sic
1418 2063 1830 2135 itaque,quam-

234 2158 318 2212 vis
346 2157 513 2226 longe
533 2151 887 2208 ditl‘erentius
906 2157 1076 2207 natus
1105 2152 1175 2206 de
1207 2152 1420 2224 Spiritu
1442 2158 1635 2207 sancto
1655 2152 1829 2207 Filius

233 2246 339 2301 Dei
366 2244 552 2300 Patris
566 2242 805 2307 dicatur,
826 2245 1018 2295 tamen
1032 2256 1147 2295 non
1167 2247 1253 2296 est
1276 2242 1423 2296 ﬁlius
1444 2242 1696 2311 ejusdem
1708 2241 1829 2312 Spi-

235 2334 380 2393 ritus
409 2331 587 2387 sancti
612 2330 728 2385 ullo
759 2329 926 2383 modo
955 2330 1341 2400 appellandus.
1375 2330 1607 2385 Videtur
1633 2335 1824 2385 autem

233 2424 419 2479 adhuc
441 2421 712 2493 quosdam
742 2434 990 2485 monere,
1011 2419 1143 2490 quia
1168 2419 1378 2474 dictum
1399 2425 1486 2475 est
1511 2419 1582 2474 ab
1605 2420 1823 2490 angelo,

235 2515 389 2582 Quod
401 2518 600 2567 natum
618 2518 693 2566 est
719 2515 784 2567 in
804 2528 893 2579 ea;
910 2524 1038 2562 cum
1053 2514 1257 2563 nostra:
1277 2509 1697 2564 consuetudinis
1714 2526 1827 2564 non

230 2602 308 2657 sit
332 2606 529 2657 natum
559 2601 763 2667 dicere,
783 2601 1110 2672 priusquam
1132 2598 1191 2651 in
1218 2597 1396 2651 lucem
1426 2597 1594 2666 hujus
1630 2596 1827 2651 mundi

232 2691 471 2762 quisque
500 2689 705 2757 veniat,
739 2690 887 2761 quod
917 2687 1144 2742 omnino
1165 2686 1428 2740 nativitas
1451 2686 1547 2740 illa
1574 2686 1826 2740 nondum

231 2779 453 2851 expleta
477 2778 569 2834 sit.
595 2778 700 2834 Sed
731 2782 874 2833 torte
893 2778 1105 2832 dictum
1131 2776 1588 2847 putamus,juxta
1610 2780 1826 2830 sancta-

210 2885 360 2924 .rum
416 2867 837 2940 Scripturarum
881 2864 1150 2938 loquendi
1199 2864 1681 2926 consuetudinem,
1728 2864 1823 2917 ubi

229 2974 377 3028 saepe
392 2956 740 3028 praeteritum
764 2957 884 3026 jam
904 2959 1170 3009 narratur
1185 2953 1333 3024 quod
1352 2953 1509 3007 novit
1525 2969 1647 3007 esse
1668 2952 1822 3006 futu-

1916 1980 2073 2029 catus
2088 1975 2271 2030 adhuc
2281 1976 2444 2045 juxta
2463 1974 2902 2029 circumcisionis
2914 1975 3100 2044 legem
3124 1972 3308 2029 fuerat
3325 1976 3354 2029 J
3358 1992 3505 2041 esus,

1910 2064 2162 2117 nondum
2185 2069 2414 2135 propter
2426 2080 2567 2134 quos
2588 2069 2821 2119 venerat
2842 2063 3118 2119 redimere
3129 2063 3389 2151 passione
3407 2082 3511 2120 sua

1910 2152 2173 2207 salvarat.
2205 2152 2319 2206 Etsi
2345 2152 2601 2207 videatur
2628 2153 2759 2207 hinc
2786 2153 2923 2208 solvi
2955 2168 3137 2225 posse,
3153 2153 3288 2224 quia
3312 2154 3505 2208 omnia

1905 2242 2024 2311 jam
2053 2245 2187 2296 sunt
2213 2241 2272 2296 in
2289 2246 2587 2312 conspectu
2603 2241 2705 2296 Dei
2733 2258 2857 2313 quae
2876 2244 3125 2299 nondum
3135 2250 3286 2310 sunt,
3311 2249 3503 2297 tamen

1911 2330 2113 2385 melius
2128 2330 2198 2385 ab
2225 2330 2583 2401 Evangelista
2594 2331 2875 2385 credimus
2887 2338 3081 2403 postea
3111 2339 3155 2400 ι
3165 2338 3292 2399 04
3312 2348 3505 2403 super-

1908 2420 2184 2486 additum,
2217 2420 2441 2492 quando
2457 2421 2577 2489 jam
2604 2420 2722 2475 haec
2748 2421 2939 2476 omnia
2968 2421 3179 2493 absque
3208 2421 3380 2476 dubio
3412 2421 3501 2474 fa-

1908 2508 2013 2561 ctis
2029 2510 2304 2581 completa
2328 2514 2519 2567 erant.
2549 2510 2630 2563 Ac
2657 2509 2704 2564 si
2729 2510 2957 2577 diceret,
2990 2511 3096 2565 hoc
3123 2515 3327 2577 totum,
3354 2509 3502 2581 quod

1908 2603 2215 2669 antequam
2244 2598 2605 2653 convenirent
2632 2598 2863 2654 inventa
2881 2606 2967 2654 est
2994 2600 3174 2654 Maria
3194 2599 3407 2654 habens
3443 2599 3503 2652 in

1907 2694 2069 2742 utero
2098 2688 2168 2742 de
2199 2688 2411 2759 Spiritu
2451 2694 2662 2754 sancto,
2695 2689 2844 2759 quod
2871 2689 3092 2761 peperit
3119 2689 3272 2760 virgo
3297 2690 3497 2755 ﬁlium,

1905 2776 2056 2847 quod
2083 2777 2111 2831 J
2116 2793 2243 2831 esus
2271 2776 2421 2831 idem
2449 2782 2676 2832 vocatus
2704 2784 2808 2845 est,
2844 2778 2993 2849 quod
3024 2779 3202 2833 salvat
3227 2779 3499 2850 populum

1904 2882 2068 2920 suum
2100 2883 2134 2919 a
2161 2867 2404 2937 peccatis
2436 2882 2663 2935 eorum;
2696 2867 2801 2921 hoc
2829 2872 3011 2922 totum
3040 2868 3166 2923 ideo
3185 2866 3396 2922 factum
3416 2873 3502 2922 est

1904 2959 1969 3007 ut
1994 2953 2397 3025 adimpleretur
2409 2955 2558 3025 quod
2578 2955 2790 3010 dictum
2808 2956 2992 3010 fuerat
3010 2973 3112 3028 per
3132 2956 3462 3028 prophetam
3482 2975 3496 3023 ;

227 3059 357 3099 rum
377 3063 390 3113 ;
409 3045 496 3099 vel
515 3049 665 3099 certe
685 3044 991 3098 secundum
1014 3042 1421 3114 priescientiam
1442 3041 1620 3112 ipsius
1636 3041 1821 3111 angeli
1839 3057 1882 3119 ο
1905 3043 2037 3113 quia
2074 3044 2190 3098 haec
2240 3044 2408 3097 unius
2452 3043 2777 3115 adimpletio
2831 3044 3002 3099 etiam
3047 3046 3227 3099 multa
3259 3046 3501 3116 complet

230 3150 401 3205 quam
430 3132 674 3188 habebat
702 3148 772 3186 ex
801 3132 938 3197 Deo,
961 3131 1051 3186 cui
1076 3131 1327 3186 futurum
1351 3132 1472 3201 jam
1495 3130 1657 3201 quasi
1678 3146 1820 3201 pra:-

225 3222 458 3278 teritum
490 3227 629 3289 erat,
662 3226 814 3277 recte
842 3225 1008 3275 natus
1033 3218 1322 3291 accipitur.

297 3313 485 3367 Pariet
513 3314 699 3365 autem
725 3312 931 3377 ﬁlium,
948 3313 997 3363 et
1023 3309 1235 3362 vocabis
1249 3324 1449 3362 nomen
1467 3310 1584 3377 ejus
1610 3310 1815 3363 Jesum.

223 3399 383 3455 Alias
394 3404 585 3454 autem
596 3399 746 3453 idem
758 3397 1138 3468 juxtaLucam
1171 3401 1350 3463 I08
1365 3396 1607 3467 idipsum
1626 3395 1819 3451 Maria

224 3488 435 3559 legitur
456 3487 661 3543 dixisse
694 3488 808 3542 :Ne
837 3489 1049 3553 timeas,
1082 3486 1286 3551 Maria,
1321 3485 1524 3555 inquit,
1556 3488 1821 3540 invenisti

222 3580 476 3646 gratiam
496 3577 647 3647 apud
665 3576 839 3632 Deum
862 3595 878 3628 :
902 3591 1011 3629 ecce
1030 3577 1297 3644 concipias
1320 3577 1379 3628 in
1395 3580 1550 3629 utero
1567 3580 1615 3629 et
1630 3577 1818 3643 paries

222 3669 429 3734 ﬁlium,
448 3670 497 3720 et
513 3667 725 3721 vocabis
749 3681 949 3719 nomen
967 3668 1083 3730 eius
1111 3666 1315 3720 Jesum.
1333 3664 1435 3718 Hic
1454 3666 1580 3728 erit,
1607 3663 1812 3735 inquit,

222 3771 480 3824 magnus,
504 3760 552 3809 et
575 3755 746 3810 Filius
764 3756 1040 3809 Altissimi
1050 3754 1351 3820 vocabitur,
1376 3757 1424 3806 et
1443 3754 1594 3807 dabit
1611 3756 1703 3807 illi
1717 3755 1819 3808 Do-

219 3846 413 3899 minus
435 3844 611 3899 sedem
635 3844 814 3898 David
833 3845 1017 3912 patris
1044 3844 1179 3910 ejus,
1210 3847 1257 3896 et
1285 3842 1540 3909 regnabit
1572 3843 1633 3895 in
1658 3843 1816 3896 domo

218 3934 382 3988 Iacob
407 3935 472 3987 in
497 3937 785 3999 aeternum,
817 3937 864 3985 et
885 3934 1047 3999 regni
1086 3934 1201 4000 ejus
1232 3947 1344 3985 non
1370 3933 1477 3984 erit
1504 3932 1632 3997 ﬁnis
1665 3931 1809 3999 (Luc.

218 4038 260 4087 ι,
292 4020 505 4092 30-33).
553 4022 672 4076 Hoc
696 4021 823 4075 ideo
857 4024 1043 4074 totum
1088 4018 1343 4083 dixerim,
1376 4023 1442 4072 ut
1469 4018 1669 4073 saltem
1710 4034 1814 4072 vox

220 4109 478 4180 angelica
504 4109 785 4174 credatur,
817 4106 1050 4162 Mariam
1079 4106 1149 4159 de
1174 4106 1347 4177 stirpe
1375 4106 1551 4160 David
1574 4106 1809 4175 venisse,

219 4196 371 4268 quod
414 4213 587 4267 supra
628 4196 870 4249 Faustus
914 4193 1377 4248 contradixerat:
1423 4199 1481 4247 et
1534 4194 1814 4265 intelligat

219 4285 400 4339 ﬁdelis
420 4282 645 4339 auditor
672 4284 806 4354 quia
824 4297 1018 4336 omnes
1042 4282 1439 4353 promissiones
1470 4282 1813 4352 patriarcha-

222 4356 372 4441 rum,
426 4378 485 4427 et
511 4372 702 4426 omnia
729 4370 1130 4443 prophetarum
1177 4371 1417 4442 eloquia,
1448 4386 1619 4441 super
1669 4371 1813 4425 hanc

213 4461 649 4535 promissionem
678 4460 993 4527 concinant,
1026 4465 1090 4514 ut
1138 4461 1187 4514 is
1219 4460 1314 4531 qui
1344 4459 1694 4531 promittitur
1720 4477 1811 4515 re-

210 4568 395 4623 gnare
423 4550 624 4606 debeat
648 4551 707 4605 in
734 4556 1025 4606 aeternum.
1058 4550 1335 4605 Caeterum
1358 4549 1492 4620 quia
1521 4549 1651 4604 huic
1679 4550 1810 4605 dici-

218 4647 312 4697 tur
339 4642 573 4710 vocabis,
595 4640 744 4712 quod
774 4640 907 4695 olim
929 4641 1050 4711 jam
1068 4638 1257 4695 Mariae
1286 4639 1522 4706 dixerat,
1540 4639 1808 4695 debemus

215 4731 685 4798 animadvertere,
708 4729 857 4800 quod
884 4728 1034 4783 idem
1063 4729 1295 4799 angelus
1323 4727 1382 4782 in
1410 4745 1511 4783 sua
1540 4730 1810 4800 perdurat

212 4804 517 4887 sententia,
540 4819 766 4890 utrique
801 4818 1194 4890 praecipiendo,
1219 4822 1500 4889 quatenus
1520 4818 1808 4889 Scriptura

214 4910 407 4967 divina
436 4925 557 4981 quin
586 4909 779 4964 Jesum
808 4907 1001 4962 multis
1031 4907 1092 4962 in
1138 4907 1294 4973 locis,
1328 4908 1538 4962 scilicet
1564 4908 1805 4963 salvato-

213 4998 450 5066 rem,vel
471 4998 718 5053 salutare
736 4996 1164 5069 repromittebat
1182 5014 1247 5052 ex
1272 4997 1518 5065 nomine,
1544 4998 1805 5053 eumdem

208 5090 333 5161 jam
356 5088 595 5155 venisse,
616 5092 733 5143 tam
748 5085 883 5141 viris
904 5102 1073 5157 quam
1092 5086 1334 5154 feminis,
1358 5092 1722 5159 repraesentet
1740 5104 1805 5142 ex

210 5194 364 5232 νοεε.

284 5269 400 5337 Ipse
420 5267 573 5321 enim
599 5270 815 5322 salvum
843 5267 1007 5335 faciet
1034 5268 1299 5335 populum
1325 5282 1492 5321 suum
1517 5282 1553 5321 a
1571 5271 1804 5337 peccatis

210 5371 421 5410 eorum.
444 5355 652 5411 Volens
680 5355 868 5428 itaque
897 5355 1131 5427 angelus
1156 5371 1364 5411 nomen
1387 5356 1509 5427 ejus
1530 5356 1802 5429 interpre-

209 5444 339 5510 tari,
374 5443 591 5499 addidit
620 5457 633 5491 :
664 5444 893 5501 Salvum
921 5444 1085 5512 faciet
1135 5448 1399 5515 populum
1436 5460 1625 5499 suum.
1657 5445 1802 5509 Quia

210 5533 699 5609 nostra;vitiorum
727 5533 999 5606 aegritudo
1027 5533 1192 5590 aliter
1216 5533 1406 5590 sanari
1446 5534 1793 5606 nequiverat,

1902 3133 2144 3204 mystica
2180 3138 2552 3188 sacramenta.

1976 3222 2084 3276 Sed
2104 3238 2300 3276 rursus
2323 3222 2451 3276 hinc
2481 3221 2642 3277 nobis
2664 3222 2775 3277 alia
2793 3223 3056 3294 objicitur
3075 3224 3329 3296 quaestio,
3355 3241 3497 3295 quo-

1902 3310 2071 3365 modo
2092 3311 2521 3381 intelligendum
2544 3312 2693 3382 quod
2712 3311 2937 3378 dicitur,
2954 3313 3059 3367 hoc
3078 3319 3259 3367 totum
3287 3314 3496 3368 factum

1900 3404 2006 3466 est,
2038 3400 2186 3470 quod
2213 3399 2424 3454 dictum
2465 3406 2551 3455 est
2578 3416 2678 3472 per
2709 3402 3061 3472 prophetam.
3094 3403 3312 3475 Quippe
3340 3403 3489 3474 quia,

1900 3488 1948 3542 si
1976 3489 2081 3543 hoc
2108 3494 2289 3543 totum
2319 3489 2444 3543 ideo
2465 3489 2674 3544 factum
2696 3495 2782 3545 est
2800 3496 2862 3545 ut
2892 3491 3149 3546 Christus
3177 3492 3247 3546 de
3263 3492 3495 3563 Virgine

1899 3581 2243 3643 nasceretur,
2262 3594 2328 3632 eo
2352 3578 2499 3647 quod
2520 3578 2794 3651 propheta
2803 3579 3146 3651 praesciendo
3164 3579 3223 3634 id
3239 3580 3495 3636 futurum

1898 3666 2173 3737 praedixit,
2207 3666 2430 3721 videtur
2456 3684 2526 3721 ex
2558 3669 2921 3739 consequenti
2949 3685 3119 3723 causa
3149 3684 3251 3723 cur
3277 3670 3492 3724 venerit

1898 3754 2156 3810 Christus
2187 3754 2247 3808 in
2274 3771 2443 3809 carne
2473 3755 2644 3810 fuisse
2673 3756 2794 3810 sola
2818 3757 3103 3827 praedictio
3124 3758 3490 3828 prophetalis.

1898 3843 2005 3898 Ubi
2034 3859 2229 3897 rursus
2257 3843 2304 3897 si
2329 3844 2585 3910 dicimus,
2615 3844 2747 3915 quia
2766 3862 2949 3900 sermo
2974 3846 3258 3917 prephetze
3288 3848 3494 3917 pende-

1894 3929 1992 3984 bat
2015 3948 2080 3985 ex
2106 3932 2454 4002 praescientia
2474 3933 2600 3998 Dei,
2632 3934 2727 4004 qui
2768 3951 2869 4005 per
2898 3952 2959 3989 os
2984 3934 3160 4006 ipsius
3186 3935 3379 3989 futura
3406 3936 3493 3989 lo-

1895 4018 2174 4089 quebatur
2192 4039 2205 4088 ;
2220 4027 2394 4075 restat
2415 4026 2479 4075 ut
2499 4023 2899 4093 prophetarum
2917 4024 3322 4095 eloquia,juxta
3341 4024 3492 4095 quod

1893 4107 2161 4179 praedicta
2178 4115 2330 4176 sunt,
2355 4126 2578 4164 necesse
2608 4110 2681 4164 sit
2708 4111 3067 4182 impleantur,
3093 4119 3150 4167 et
3182 4112 3372 4167 omnia
3398 4112 3489 4167 fu-

1893 4200 2151 4251 turorum
2193 4199 2620 4254 necessitatibus
2659 4200 3064 4271 astringantur.
3117 4202 3263 4267 Quia
3298 4201 3491 4256 verisi-

1892 4285 2027 4338 mile
2054 4286 2276 4341 videtur
2298 4286 2446 4358 quod
2470 4288 2623 4343 Deus
2638 4293 2840 4342 cuncta
2858 4292 3357 4362 praenoscitmeque
3372 4290 3490 4345 falli

1895 4372 2175 4428 ullomodo
2197 4380 2399 4446 potest,
2423 4382 2721 4430 utnccesse
2732 4376 2808 4430 sit
2831 4393 2958 4431 mox
2972 4378 3194 4432 evenire
3214 4377 3488 4449 quidquid

1892 4462 2242 4533 przescientia
2295 4463 2548 4519 futurum
2589 4482 2711 4520 esse
2761 4466 3032 4537 praevidit.
3068 4467 3255 4530 Quare
3307 4466 3374 4531 si,
3424 4469 3490 4520 ut

1891 4551 2071 4619 aiunt,
2103 4569 2216 4606 non
2246 4552 2427 4606 solum
2450 4553 2614 4620 facta,
2639 4570 2832 4608 verum
2859 4555 3029 4609 etiam
3042 4555 3279 4609 consilia
3298 4555 3487 4626 singu-

1890 4641 2077 4695 lorum
2117 4642 2539 4713 voluntatesque
2588 4643 2903 4713 praenoscit,
2935 4644 3092 4699 nulla
3130 4644 3237 4698 erit
3266 4643 3486 4700 arbitrii

1888 4729 2140 4788 libertas.
2172 4732 2368 4802 Neque
2378 4730 2527 4785 enim
2542 4730 2601 4784 in
2619 4730 2765 4786 facto
2783 4732 2937 4786 aliud
2954 4733 3219 4788 exsistere
3239 4738 3479 4804 poterat,

1890 4833 2062 4888 quam
2077 4818 2226 4889 quod
2245 4818 2571 4890 praedictum
2593 4824 2715 4873 erat
2727 4836 2791 4873 ex
2814 4820 3168 4890 praescientia
3181 4822 3485 4892 prOpheta-

1887 4923 2035 4962 rum.
2066 4907 2224 4961 Unde
2254 4907 2387 4977 quia
2412 4925 2573 4963 secus
2598 4908 2926 4979 nequiverat
2954 4909 3224 4976 accidere,
3247 4909 3487 4963 necessi-

1886 5000 2004 5050 tate
2032 4996 2395 5067 praescientiae
2415 4997 2594 5068 pressi
2622 4996 2883 5051 videntur
2903 4998 2986 5052 rei
3011 4998 3341 5053 criminibus
3369 5014 3484 5053 non

1885 5085 2226 5156 teneri,quia
2238 5085 2362 5140 illos
2375 5086 2777 5158 prophetarum
2790 5086 3013 5157 eloquia
3028 5086 3477 5158 praescribebant,

1885 5181 1949 5230 ut
1975 5175 2140 5229 aliter
2168 5175 2387 5230 evenire
2412 5192 2525 5230 non
2554 5180 2760 5248 posset,
2794 5175 2972 5230 donec
3009 5176 3197 5231 omnia
3232 5176 3479 5247 comple-

1885 5270 2101 5333 rentur,
2135 5282 2258 5337 quaa
2286 5265 2356 5320 de
2409 5265 2496 5319 his
2537 5264 2764 5320 fuerant
2810 5266 3167 5336 promulgata
3192 5280 3262 5321 ex
3291 5265 3478 5321 divino

1884 5354 2105 5427 eloquio
2144 5360 2447 5426 antequam
2496 5359 2881 5409 nascerentur.
2915 5354 3098 5419 Quam
3145 5354 3323 5410 nostri
3348 5371 3477 5409 eno-

1881 5445 2079 5499 dantes
2121 5444 2486 5516 quaestionem
2516 5443 2798 5499 dixerunt.
2829 5444 2953 5499 Non
3003 5443 3130 5500 idoo
3184 5443 3477 5516 quidpiam

1880 5533 2192 5617 provenire,
2254 5533 2520 5617 quoniam
2575 5533 2633 5617 id
2685 5532 3036 5617 providentia
3085 5532 3275 5595 divina
3321 5533 3477 5590 futu-
