3966 6206
434 319 533 383 113

1241 296 1624 376 sxrosmo
1662 321 1746 377 IN
1784 321 2236 380 MATTHIEUM.
2278 353 2343 364 -—
2382 322 2519 379 LIB.
2560 323 2633 389 11,
2677 322 2832 377 CAP.
2873 324 2920 380 I.

3602 317 3704 379 114

428 466 555 504 rum
581 464 707 503 esse
737 450 1099 521 prospexerat
1123 464 1137 515 ;
1188 446 1287 502 sed
1316 462 1346 501 e
1373 446 1654 500 contrario
1678 446 1866 518 potius
1893 449 2026 519 quid
2044 452 2094 511 Α
2109 448 2406 521 prophetia
2431 463 2544 504 non
2562 447 2957 503 necessitatem
2977 446 3113 502 facit
3140 461 3339 506 eorum
3363 464 3488 521 quae
3504 448 3706 520 pracdi-

426 539 683 594 futurum
733 543 857 592 erat
899 537 1149 592 divinam
1210 534 1618 607 providentiam
1682 535 1856 589 latere
1916 553 2029 592 non

427 645 608 701 posse.
662 628 774 682 Sed
831 632 970 681 satis
1020 630 1431 697 praeposterum
1477 623 1715 692 videtur,
1756 630 1822 679 ut
1865 630 2029 680 aeter-

427 734 513 773 nae
542 717 908 788 praescientiae
936 715 1335 788 temporalium
1366 730 1556 768 rerum
1600 718 1831 769 eventus
1860 730 2030 770 causa

430 816 549 860 esse
579 805 818 860 dicatur.
853 804 998 869 Quid
1043 808 1130 858 est
1172 808 1362 858 autem
1405 803 1558 857 aliud
1586 802 1868 869 arbitrari,
1900 802 2027 858 ideo

424 892 617 949 futura
647 911 883 967 quaeque
910 894 1043 966 quia
1069 898 1204 947 sunt.
1236 897 1476 947 ventura
1501 893 1571 947 ad
1600 892 1874 964 liquidum
1902 909 2028 963 pro-

425 983 649 1049 videre;
704 999 873 1054 quam
919 987 1119 1053 putare
1166 998 1289 1053 quae
1336 981 1472 1035 olim
1514 980 1838 1047 acciderint,
1869 996 2024 1035 sum.

426 1088 529 1126 mae
560 1072 713 1126 illius
757 1087 986 1126 causam
1022 1070 1194 1125 fuisse
1235 1069 1437 1124 divinas
1473 1068 1881 1141 providentiae?
1909 1069 2023 1123 Aut

421 1161 562 1215 forte
612 1160 869 1231 nunquid
924 1160 1223 1214 dicendum
1275 1164 1379 1227 est,
1431 1175 1543 1213 non
1592 1164 1771 1224 I05
1796 1173 2023 1213 necesse

426 1266 547 1304 esse
576 1249 903 1319 contingere
932 1265 1053 1320 quae
1092 1248 1476 1319 providentur,
1508 1247 1622 1301 imo
1652 1262 1876 1301 necesse
1900 1263 2023 1301 esse

425 1355 547 1410 quae
597 1338 790 1393 futura
835 1344 973 1411 sunt
1003 1337 1338 1409 praevideri?
1378 1336 1485 1391 Sed
1522 1336 1651 1390 huic
1679 1335 1867 1411 sensui
1896 1352 2024 1389 con-

423 1427 664 1481 trarium
708 1427 848 1481 satis
894 1433 1058 1481 sonat
1098 1426 1246 1497 quod
1283 1425 1489 1480 dicitur
1521 1443 1531 1477 :
1567 1426 1683 1479 Hoc
1725 1410 1905 1479 ictum
1936 1425 2020 1478 fa-

422 1521 575 1570 ctum
605 1520 694 1570 est
737 1521 804 1570 ut
849 1515 1254 1586 adimpleretur
1297 1514 1446 1586 quod
1482 1514 1693 1568 dictum
1732 1520 1818 1568 est
1845 1530 1879 1568 a
1909 1514 2024 1568 Do-

2111 534 2215 606 cit;
2246 539 2345 593 sed
2370 538 2594 609 signum
2622 544 2708 591 est
2735 536 3098 608 pmscientiae
3127 537 3248 603 Dei,
3282 542 3340 590 et
3364 538 3578 592 curatio
3606 554 3705 593 no-

2111 632 2240 683 strze
2253 628 2598 682 infirmitatis
2612 645 2624 681 :
2644 632 2710 681 ut
2724 626 2819 697 qui
2833 626 3011 681 Deum
3028 630 3231 680 cuncta
3243 625 3385 680 scire
3400 641 3514 681 non
3528 626 3706 681 ambi-

2108 718 2211 787 git,
2232 717 2460 787 colligat
2488 733 2553 771 ex
2583 715 2877 787 prophetia
2906 715 3040 786 quia
3069 714 3164 785 qui
3188 714 3379 769 futura
3398 720 3704 787 antequam

2111 807 2252 860 ﬁant
2274 805 2541 876 praedicit,
2566 804 2866 876 praesentia
2889 800 3119 857 omnino
3142 802 3403 874 ignorare
3426 820 3541 860 non
3570 821 3704 876 pos-

2107 894 2199 948 sit.
2227 894 2614 949 Praedicuntur
2642 898 2829 947 autem
2864 909 2987 963 quae
3010 892 3266 963 praascita
3292 898 3446 959 sunt,
3471 898 3539 948 ut
3559 893 3705 948 dura

2107 999 2266 1036 mens
2296 988 2354 1037 et
2381 982 2669 1036 incredula
2697 981 2978 1035 contraire
3011 997 3126 1034 non
3154 980 3349 1052 possit,
3377 998 3506 1036 cum
3531 998 3702 1037 vene-

2106 1072 2284 1141 rit,[ne
2303 1071 2495 1126 credat
2513 1070 2661 1141 quod
2682 1070 2815 1124 olim
2831 1070 3272 1141 prenuntiatum
3293 1074 3462 1142 atque
3481 1071 3705 1143 praesci-

2102 1166 2227 1215 tum
2270 1165 2412 1223 erat,
2450 1164 2755 1230 antequam
2800 1158 2999 1226 fieret;
3035 1158 3216 1229 magis
3244 1163 3436 1213 autem
3473 1160 3547 1214 sit
3584 1160 3701 1215 Deo

2105 1248 2346 1311 subdita,
2370 1254 2428 1302 et
2455 1247 2654 1302 divinae
2684 1246 2909 1301 obediat
2928 1246 3219 1313 voluntati,
3242 1248 3314 1301 ne
3342 1264 3443 1319 per
3459 1249 3705 1304 insolen-

2103 1339 2239 1393 tiam
2266 1338 2590 1402 reluctetur,
2605 1341 2702 1390 aut
2721 1335 2931 1405 cogitet
2944 1335 3126 1390 Deum
3146 1340 3297 1390 certe
3313 1337 3574 1391 mortalia
3590 1354 3706 1394 non

2103 1426 2487 1490 curare.Quod
2504 1426 2552 1479 si
2578 1424 2783 1479 dixerit
2804 1422 3243 1495 quispiam,quia
3267 1426 3521 1495 praescita
3543 1432 3697 1492 sunt,

2105 1517 2271 1570 aliter
2309 1517 2530 1570 evenire
2576 1530 2690 1568 non
2736 1529 2916 1584 posse,
2958 1529 3086 1567 cum
3124 1513 3373 1584 praesciri
3420 1521 3708 1586 nequeant

420 1605 595 1659 mino.
627 1603 738 1659 Ubi
779 1604 1068 1659 fatendum
1091 1604 1239 1675 quod
1279 1604 1385 1657 hoc
1417 1620 1594 1658 unum
1614 1604 1795 1657 solum
1822 1608 1879 1658 et
1906 1603 2023 1657 sin-
2106 1609 2214 1665 nisi
2232 1614 2406 1676 certa,
2437 1614 2513 1674 et,
2541 1608 2689 1680 quod
2708 1607 2941 1662 solidius
2960 1612 3065 1673 est,
3102 1607 3361 1678 praescire
3386 1607 3491 1662 Dei
3520 1609 3705 1665 solum

422 1695 641 1763 gulare.
671 1694 806 1765 quia
830 1694 1158 1765 prmeminet
1187 1694 1338 1748 ultra
1371 1710 1536 1747 omne
1569 1692 1845 1747 libertatis
1871 1692 2070 1769 arbi-_
2107 1701 2183 1754 sit
2210 1700 2351 1753 velle
2376 1717 2387 1751 :
2421 1715 2486 1753 ac
2515 1714 2616 1768 per
2639 1698 2745 1751 hoc
2767 1696 3041 1769 quidquid
3058 1695 3364 1768 praescierit
3390 1712 3505 1752 non
3517 1703 3708 1769 potest

419 1783 616 1847 trium.
670 1788 727 1837 et
765 1784 1116 1837 transcendit
1154 1799 1321 1837 omne
1366 1782 1686 1853 fragilitatis
1729 1782 2016 1847 inclitum.
2037 1765 2083 1825 Β
2108 1806 2218 1843 ηοη
2246 1788 2487 1843 evenire.
2515 1786 2757 1842 Fatebor
2774 1787 2881 1841 hoc
2909 1785 3161 1855 futurum
3195 1786 3446 1853 omnino,
3476 1765 3607 1841 cum
3634 1788 3709 1843 ad

418 1872 545 1927 ideo
574 1873 721 1926 forte
770 1872 980 1927 factum
1021 1877 1125 1937 est,
1168 1888 1270 1926 nec
1310 1871 1471 1942 quasi
1517 1876 1709 1924 nostro
1744 1869 2024 1924 libertatis
2106 1878 2353 1932 divinam
2372 1876 2615 1932 refertur
2640 1876 2954 1941 scientiam,
2978 1875 3360 1931 necessarium
3390 1891 3547 1929 esse:
3575 1892 3707 1932 cum

419 1960 656 2016 arbitrio
684 1961 1005 2033 quaesitum,
1027 1961 1124 2015 sed
1153 1967 1218 2015 ut
1236 1960 1568 2031 impleretur
1591 1959 1739 2029 quod
1760 1960 1882 2029 jam
1902 1964 2026 2014 erat
2103 1982 2234 2021 vero
2280 1966 2340 2020 in
2387 1982 2492 2020 sua
2533 1970 2739 2018 natura
2778 1963 3163 2034 perpenditur,
3197 1963 3282 2017 vel
3321 1980 3388 2017 ex
3415 1963 3707 2021 voluntate

416 2065 530 2104 non
558 2051 745 2105 solum
796 2051 1146 2122 praedictum,
1184 2066 1377 2104 verum
1406 2049 1575 2103 etiam
1616 2054 1673 2103 et
1706 2047 2015 2119 praescitum

2105 2055 2342 2126 agentis,
2384 2070 2613 2125 prorsus
2662 2052 2919 2123 quaadam
2961 2051 3137 2106 libero
3184 2051 3417 2106 arbitrio
3460 2053 3705 2107 evenire.

418 2140 568 2210 apud
585 2139 912 2193 Dominum.
928 2140 1298 2211 Nequaquam
1312 2138 1461 2192 enim
1482 2137 1720 2192 dicimus
1735 2136 2025 2207 quidpiam
2103 2144 2242 2199 Duae
2263 2142 2541 2214 siquidem
2572 2141 2931 2197 necessitates
2955 2140 3015 2194 in
3039 2141 3145 2195 hoc
3163 2146 3498 2211 argumento
3517 2141 3708 2198 viden-

415 2228 734 2300 adimpleri,
765 2228 874 2282 nisi
927 2228 1075 2299 quod
1113 2230 1234 2299 jam
1287 2243 1459 2298 capax
1504 2232 1590 2281 est
1633 2225 2020 2297 plenitudinis.
2105 2237 2203 2287 tur
2231 2233 2538 2289 incurrere.
2563 2232 2689 2286 Una
2716 2229 2988 2295 videlicet,
3016 2246 3129 2301 qua
3153 2245 3381 2284 necesse
3401 2234 3487 2286 est
3509 2246 3706 2286 omnes

414 2317 597 2382 Unde,
622 2317 756 2389 quia
770 2317 1050 2388 Sicutjam
1067 2317 1267 2371 eratin
1294 2314 1785 2387 Praedestinatione
1803 2320 1861 2369 et
1887 2331 2026 2385 ΡΓεΒ·
2104 2322 2363 2377 homines
2403 2337 2525 2376 esse
2567 2320 2834 2375 mortales
2873 2337 2884 2372 :
2938 2318 3121 2373 altera
3160 2318 3515 2387 conditionis,
3546 2325 3612 2375 ut
3653 2320 3704 2375 si

416 2407 653 2461 scientia
680 2407 783 2461 Dei
801 2412 866 2461 ut
888 2412 1134 2478 caperet,
1148 2407 1269 2477 jam
1290 2404 1704 2476 quodammodo
1727 2404 1876 2474 quod
1898 2419 2024 2457 nec-
2108 2410 2429 2482 quempiam
2444 2410 2664 2464 videam
2680 2408 2989 2475 ambulare,
3006 2423 3234 2463 necesse
3254 2412 3341 2462 est
3355 2412 3420 2462 ut
3430 2407 3701 2463 ambulet.

420 2497 555 2551 dum
585 2503 711 2551 erat
739 2502 1042 2567 antequam
1065 2496 1244 2561 ﬁeret,
1268 2494 1514 2566 profecto
1541 2494 1856 2565 completur
1880 2493 2021 2547 illud
2105 2500 2213 2555 Sed
2231 2517 2346 2554 una
2361 2516 2556 2554 earum
2577 2497 2855 2553 libertatis
2875 2513 2997 2551 esse
3017 2496 3237 2551 videtur
3252 2495 3501 2565 arbitrii;
3524 2498 3704 2554 altera

417 2586 566 2656 quod
596 2590 739 2639 erat.
772 2585 909 2639 Erat
935 2590 1146 2652 autem,
1180 2585 1431 2655 inquam,
1463 2584 1523 2637 in
1552 2582 1867 2637 aeternitate
1894 2582 2015 2649 Dei,
2101 2604 2231 2643 vero
2278 2588 2490 2659 peccati
2533 2587 2651 2644 fore
2697 2586 3053 2658 supplicium.
3099 2586 3262 2640 Hunc
3307 2601 3411 2641 sua
3446 2586 3704 2643 voluntas

417 2674 564 2744 quod
582 2674 832 2728 ﬂendum
851 2674 1071 2728 essetin
1090 2678 1363 2745 tempore.
1394 2673 1465 2727 Et
1494 2688 1596 2743 per
1615 2672 1720 2726 hec
1739 2686 1851 2725 non
1865 2670 2019 2725 aliud
2101 2694 2203 2732 seu
2250 2677 2527 2748 cupiditas
2574 2675 2984 2747 quodammodo
3030 2674 3165 2729 facit
3191 2674 3448 2729 incedere
3479 2693 3492 2729 :
3540 2675 3704 2731 illum

416 2763 628 2817 factum
658 2768 746 2817 est
773 2779 943 2834 quam
973 2763 1122 2834 quod
1166 2767 1288 2816 erat
1328 2768 1394 2816 ut
1427 2760 1587 2816 nobis
1618 2760 2024 2831 adimpleretur
2101 2782 2234 2821 vero
2250 2767 2370 2836 jam
2394 2781 2560 2837 pcena
2578 2764 2791 2836 peccati
2808 2764 2868 2817 in
2887 2770 3099 2818 terram
3120 2763 3252 2817 facit
3269 2763 3441 2818 etiam
3462 2764 3704 2819 nolendo

419 2852 566 2923 quod
586 2851 920 2924 praedictum
944 2857 1002 2906 et
1019 2851 1479 2923 praedestinatum
1501 2850 1719 2916 fuerat;
1755 2849 1890 2920 quia
1908 2864 2023 2903 om-
2102 2855 2306 2910 redire.
2341 2854 2431 2910 Sic
2460 2854 2653 2925 itaque
2682 2857 2886 2907 cuncta
2914 2866 3037 2923 quae
3065 2850 3418 2922 providentia
3452 2851 3555 2907 Dei
3580 2870 3708 2926 spe-

419 2942 549 2996 nino
592 2942 715 3012 jam
758 2958 935 3012 capax
962 2947 1102 3007 erat,
1134 2945 1199 2995 ut
1239 2940 1319 2994 sic
1365 2939 1644 3010 quomodo
1683 2938 1893 2992 factum
1936 2942 2023 2992 est
2099 2945 2341 3001 culando
2363 2942 2634 3014 conspicit
2651 2942 2723 2996 ad
2746 2941 2997 2996 divinum
3017 2941 3196 2995 relata
3214 2939 3706 3008 intuitum,neces-

423 3036 553 3084 tunc
585 3031 762 3085 ﬁeret.
788 3031 948 3085 Unde
970 3034 1029 3084 et
1053 3029 1352 3101 Apostolus
1378 3047 1390 3082 :
1418 3029 1554 3083 Cum
1578 3033 1782 3095 autem,
1814 3027 2017 3098 inquit,
2037 3081 2079 3103 η
2101 3033 2250 3088 sax-ie
2281 3034 2460 3097 ﬁunt;
2492 3048 2594 3103 per
2623 3048 2682 3086 se
2710 3046 2842 3085 vero
2870 3029 3225 3084 considerata
3252 3034 3351 3083 aut
3376 3030 3605 3101 propria
3630 3031 3703 3084 1i-

416 3122 560 3173 venit
579 3121 868 3188 plenitudo
888 3122 1165 3189 temporis,
1186 3121 1341 3173 misit
1358 3119 1499 3172 Deus
1520 3118 1731 3172 Filium
1750 3133 1916 3170 suum
1933 3118 2018 3184 fa-

415 3214 560 3263 ctum
589 3225 655 3262 ea:
682 3210 938 3275 muliere,
966 3209 1184 3276 factum
1211 3209 1312 3262 sub
1341 3210 1453 3275 lege
1486 3207 1621 3274 (Gal.
1651 3220 1723 3272 IV,
1756 3204 1832 3274 4).
1870 3205 2016 3275 Ergo

413 3314 539 3352 cum
562 3297 718 3352 venit
749 3297 1041 3368 plenitudo
1072 3295 1361 3368 temporis,
1394 3296 1618 3367 quando
1647 3294 2014 3365 praedestina-

414 3392 534 3440 tum
562 3386 622 3441 in
650 3386 966 3441 aeternitate
986 3386 1088 3440 Dei
1108 3391 1238 3441 erat
1262 3390 1394 3440 ante
1419 3391 1677 3456 tempora
1698 3384 2008 3450 saecularia,

413 3482 476 3530 ut
499 3476 733 3543 veniret,
757 3475 916 3529 misit
940 3475 1089 3530 Deus
1107 3475 1314 3530 Filium
1335 3491 1503 3529 suum
1522 3475 1582 3528 in
1610 3490 1778 3529 carne
1802 3473 2012 3527 factum

410 3582 475 3619 ex
494 3565 753 3619 muliere.
778 3565 848 3635 Et
878 3564 1004 3619 ideo
1036 3580 1149 3619 non
1177 3580 1321 3619 nova
1350 3563 1609 3618 voluntas
1639 3563 1697 3616 in
1733 3563 1868 3629 Deo,
1898 3578 2011 3616 non

411 3654 600 3725 aliqua
623 3654 927 3709 necessitas
951 3653 1225 3718 veniendi,
1249 3652 1410 3725 quasi
1430 3668 1497 3706 ex
1523 3650 1745 3722 eloquio
1774 3651 2010 3721 prophe-

409 3743 528 3811 tali,
551 3744 652 3799 sed
673 3744 794 3798 sola
821 3743 1089 3798 exhibitio
1112 3742 1382 3797 veritatis.
1411 3740 1572 3805 Quod
1594 3740 1896 3811 Propheta,
1927 3739 2010 3794 fu-

409 3836 602 3888 turum
642 3832 940 3903 aspiciens,
974 3831 1195 3887 aiebat:
1244 3833 1448 3887 Veritas
1474 3832 1539 3884 de
1578 3835 1729 3884 terra
1757 3833 1879 3882 orta
1908 3833 2003 3895 est,

414 3928 459 3976 et
485 3924 715 3976 Iustitia
741 3923 805 3976 de
834 3926 959 3977 calo
983 3922 1260 3992 prospexit
1294 3921 1461 3989 (Psal.
1485 3935 1694 3984 LXXXIV,
1730 3917 1836 3987 12).
1862 3917 2009 3982 Quid

412 4011 584 4081 igitur
626 4015 714 4065 est
758 4010 964 4076 dicere,
1008 4010 1229 4064 Veritas
1272 4009 1343 4064 de
1380 4013 1536 4064 terra
1577 4012 1702 4062 orta
1748 4011 1859 4077 est,
1900 4005 2009 4060 nisi

416 4105 603 4171 aperte
620 4100 913 4155 Christum
934 4100 1003 4154 de
1026 4100 1222 4164 Maria,
1241 4098 1393 4153 velut
1410 4098 1717 4167 virgultum
1737 4101 1923 4151 ortum
1938 4096 2008 4150 de

417 4193 566 4244 terra
590 4189 888 4244 ostendere
910 4188 935 4242 Ἰ
961 4189 1167 4260 quippe
1195 4188 1329 4259 quia
1346 4193 1562 4242 rectum
1586 4192 1709 4240 erat
1727 4191 1791 4240 ut
1810 4202 1875 4240 ex
1894 4185 2010 4257 ple-

418 4278 666 4333 nitudine
687 4278 1049 4350 praescientize
1071 4278 1173 4333 Dei
1199 4277 1489 4349 plenitudo
1514 4275 1919 4347 promissorum
1950 4274 2009 4329 in

2101 3122 2339 3188 bertate,
2373 3121 2627 3193 quamvis
2672 3120 2742 3174 de
2784 3135 2950 3191 paena
2973 3119 3190 3190 peccati
3227 3118 3487 3173 feruntur
3521 3119 3582 3174 in
3619 3119 3702 3173 vi-

2096 3211 2274 3279 tium;
2309 3217 2408 3266 aut
2436 3216 2585 3264 certe
2615 3208 2876 3263 libertate
2903 3212 3130 3279 recepta
3147 3207 3434 3280 propriam
3451 3208 3705 3263 volunta-

2096 3306 2214 3355 tem
2241 3300 2438 3371 gratiae
2466 3298 2569 3354 Dei
2592 3298 2885 3369 resignant
2903 3297 2975 3352 ad
2997 3296 3284 3351 meritum.
3304 3296 3441 3351 Inde
3456 3312 3703 3369 namque

2096 3396 2185 3444 est
2213 3388 2383 3460 quod,
2416 3387 2675 3459 quamvis
2700 3386 2962 3441 eveniant
2996 3384 3312 3440 exsistendo
3339 3402 3440 3458 per
3466 3385 3700 3456 donum,

2093 3494 2300 3533 munus
2321 3484 2513 3532 tamen
2534 3476 2808 3530 mercedis
2826 3474 3073 3529 habeant
3091 3491 3159 3528 ex
3179 3473 3399 3542 labore;
3430 3482 3532 3530 aut
3548 3481 3700 3530 certe

2091 3568 2376 3639 propriam
2404 3566 2619 3637 peccati
2646 3564 2954 3619 vindictam
2988 3579 3103 3618 non
3143 3562 3433 3634 eil‘ugiant,
3460 3580 3527 3619 ex
3563 3565 3703 3619 deli-

2088 3656 2206 3722 cto;
2240 3655 2373 3727 quia
2402 3654 2738 3725 priusquam
2770 3653 2990 3718 ﬁerent,
3022 3657 3154 3706 ante
3181 3657 3401 3708 reatum
3430 3653 3701 3724 quodam-
3732 3672 3735 3675 π

2088 3742 2256 3797 modo
2277 3742 2448 3797 etiam
2467 3758 2580 3796 non
2601 3740 2823 3794 evenire
2849 3745 3097 3812 possent.
3125 3740 3305 3807 Unde,
3326 3741 3375 3795 si
3399 3740 3700 3811 diligenter

2089 3831 2522 3897 animadvertas,
2547 3830 2753 3884 multas
2778 3844 2846 3882 ex
2866 3828 3165 3899 prophetia
3189 3828 3582 3898 praedictiones
3612 3846 3699 3885 re-

2088 3920 2293 3993 peries,
2328 3934 2588 3991 quianon
2616 3916 2827 3971 fuerint
2852 3915 3080 3987 quidem
3106 3922 3173 3970 ut
3199 3915 3478 3987 praedictae
3511 3922 3693 3984 [01

2089 4013 2242 4077 sunt,
2273 4007 2535 4080 Operibus
2561 4006 2902 4077 adimpletae;
2930 4020 2996 4059 eo
3027 4004 3176 4075 quod
3195 4003 3309 4059 sint
3328 4010 3429 4060 aut
3448 4006 3692 4077 peccatis

2090 4095 2555 4171 przevenientibus
2578 4110 2809 4150 munere
2833 4099 3098 4160 vacuata,
3126 4099 3228 4148 aut
3244 4099 3394 4149 certe
3417 4093 3697 4151 libertatis

2089 4187 2323 4242 arbitrio
2370 4201 2487 4241 una
2528 4201 2655 4239 cum
2696 4183 2882 4256 gratia
2923 4183 3027 4239 Dei
3063 4182 3466 4255 paenitentibus
3500 4185 3571 4239 ad
3600 4201 3697 4241 ve-

2089 4278 2244 4332 niam
2273 4275 2524 4330 indultae.
2558 4274 2700 4328 Hinc
2729 4273 3002 4328 nimirum
3030 4288 3330 4343 possumus
3359 4273 3693 4345 approbare,

416 4368 758 4439 plenitudine
783 4368 1053 4439 temporis
1082 4367 1433 4438 impleretur.
1456 4365 1720 4437 Alioquin
1750 4365 2003 4419 omnium
2029 4399 2079 4459 Β
2097 4367 2244 4438 quod
2267 4365 2380 4419 alia
2397 4365 2462 4419 ﬁt
2480 4363 2778 4436 praphetia
2797 4379 2863 4417 ex
2882 4361 3371 4433 praedestinatione
3388 4362 3509 4429 Dei,
3526 4378 3697 4434 quam

418 4458 813 4528 prophetarum
862 4457 1086 4528 eloquia
1125 4472 1301 4511 vacua
1328 4459 1706 4510 remanerent.
1743 4454 1850 4509 Sed
1877 4454 2011 4525 quia
2030 4450 2073 4459 ”
2096 4472 2322 4511 necesse
2352 4459 2437 4509 est
2467 4454 2647 4508 modis
2666 4452 2927 4507 omnibus
2953 4451 3206 4506 evenire:
3229 4457 3294 4506 ut
3320 4450 3544 4519 veritas,
3571 4468 3698 4523 qua:

417 4546 471 4600 in
495 4548 729 4601 veritate
764 4546 1029 4601 vaticinia
1056 4547 1460 4618 prephetarum
1484 4546 1553 4600 de
1581 4544 1733 4599 fonte
1759 4543 2011 4597 veritatis

414 4634 631 4690 fuerant
660 4637 985 4714 perhausta,
1019 4636 1172 4691 aliud
1203 4636 1465 4691 devenire
1490 4651 1603 4689 non
1630 4638 1870 4705 poterat,
1901 4633 2010 4690 nisi

417 4724 719 4781 exhibitum
746 4731 895 4780 esset
919 4726 1066 4796 quod
1099 4726 1495 4797 promiserant.

482 4813 782 4880 Caeterum,
830 4812 963 4884 quia
1013 4830 1187 4885 supra
1231 4813 1474 4868 diximus
1511 4815 1674 4884 juxta
1714 4812 2005 4884 quosdam,

418 4903 559 4972 quod
586 4902 866 4957 libertatis
884 4902 1180 4958 arbitrium
1200 4903 1497 4958 videantur
1517 4902 1736 4957 auferre
1760 4918 1831 4956 ne
1856 4901 2012 4972 justa

419 4992 636 5061 quidem
665 4991 910 5047 vindicta
937 4999 1226 5064 sequatur,
1260 4996 1327 5048 ut
1355 4993 1535 5059 aiunt,
1568 4991 1865 5064 praphetia
1893 5008 2015 5062 pec-

418 5086 601 5135 cantes
640 5080 983 5152 praescripsit
1022 5082 1092 5135 ad
1125 5082 1366 5153 culpam.
1400 5082 1556 5137 Scire
1596 5081 1854 5136 convenit
1882 5080 2015 5152 quia

416 5184 524 5224 non
545 5171 849 5242 imponunt
878 5169 1271 5225 necessitatem
1302 5176 1339 5237 ι
1354 5174 1493 5235 06
1521 5169 1804 5241 peccandi,
1827 5185 2010 5240 neque

417 5259 780 5328 praescribunt
806 5258 1071 5331 aliquem,
1097 5260 1231 5331 quia
1257 5259 1515 5331 praescita
1543 5264 1692 5326 sunt,
1718 5265 1783 5313 ut
1810 5263 2013 5329 cogant

413 5346 662 5403 homines
692 5347 806 5403 labi
836 5348 894 5403 in
929 5349 1187 5416 ruinam;
1221 5348 1318 5404 sed
1346 5348 1472 5403 ideo
1501 5348 1770 5419 praedicta
1792 5354 1927 5402 sunt
1950 5353 2014 5404 ut

413 5435 523 5490 sint
550 5437 716 5509 signa
752 5438 1060 5509 praesentiae
1085 5438 1206 5505 Dei,
1227 5437 1583 5493 credentibus
1602 5437 1673 5492 ad
1708 5437 2005 5492 medelam.

415 5523 589 5580 Omne
616 5527 770 5582 enim
799 5528 1024 5600 signum
1053 5544 1168 5583 non
1195 5527 1368 5583 eﬂicit
1394 5527 1543 5598 quod
1574 5526 1831 5598 designat
1854 5545 1868 5597 ;
1913 5526 2012 5581 sed

416 5614 631 5693 teritum
660 5617 900 5695 _signum
936 5622 1022 5681 est
1064 5617 1220 5683 illius
1262 5617 1344 5678 rei
1374 5632 1543 5689 quam
1573 5617 1836 5688 ostendit.
1870 5616 2015 5690 Hinc

2088 4547 2209 4617 jam
2229 4550 2317 4599 est
2335 4544 2393 4598 in
2407 4550 2618 4598 aeterna
2635 4542 2736 4596 Dei
2755 4542 3063 4607 voluntate,
3082 4541 3203 4595 sine
3223 4544 3416 4595 nostro
3432 4556 3697 4595 nonnun-

2094 4650 2264 4705 quam
2291 4632 2568 4687 libertatis
2593 4630 2845 4697 arbitrio,
2874 4646 3067 4685 rerum
3092 4629 3151 4684 in
3172 4629 3398 4699 negotio
3419 4635 3699 4700 tempora-

2090 4725 2221 4778 liter
2239 4723 2563 4794 impleatur,
2588 4721 2751 4792 quale
2789 4724 2876 4775 est
2904 4719 3055 4774 istud
3095 4717 3244 4790 quod
3264 4717 3495 4772 nuncin
3515 4717 3694 4772 mani-

2090 4812 2196 4867 bus
2234 4811 2536 4877 habemus;
2585 4810 2694 4864 alia
2744 4825 2874 4863 vero
2923 4825 2991 4862 ex
3040 4806 3391 4879 praescientia
3425 4806 3548 4874 Dei,
3584 4823 3694 4878 quo

2094 4906 2353 4958 nostrum
2376 4899 2720 4955 admiscetur
2741 4897 3020 4952 libertatis
3039 4895 3356 4962 arbitrium,
3386 4901 3462 4963 et,
3492 4911 3685 4967 coope-

2095 4996 2259 5047 rante
2285 4989 2472 5061 gratia
2515 4988 2636 5055 Dei,
2670 4993 2771 5042 aut
2812 4985 3207 5057 consequimur
3245 4984 3561 5057 praemium,
3594 4990 3695 5039 aut

2089 5082 2243 5152 justo
2259 5077 2492 5149 judicio,
2515 5093 2617 5131 nos
2640 5076 2737 5131 illo
2764 5075 3137 5146 relinquente,
3157 5073 3441 5128 trahimur
3464 5070 3537 5125 ad
3564 5088 3695 5145 sup-

2093 5169 2342 5242 plicium.
2369 5167 2620 5231 Quorum
2645 5182 2822 5221 unum
2847 5182 2913 5219 ex
2937 5161 3429 5235 praedestinatione
3451 5163 3533 5230 ﬁt,
3559 5163 3696 5226 alte-

2092 5275 2219 5315 rum
2246 5262 2470 5312 tantum
2498 5256 2556 5310 in
2581 5254 2932 5327 praescientia
2962 5257 3171 5307 manet.
3206 5252 3305 5307 Est
3329 5257 3386 5307 et
3410 5251 3565 5306 aliud
3589 5269 3692 5324 ge-

2093 5365 2201 5405 nus
2228 5344 2554 5420 prOphetiee,
2579 5345 2728 5417 quod
2756 5342 3116 5399 comminatio
3147 5346 3298 5397 recte
3322 5346 3570 5396 vocatur.
3602 5340 3693 5398 Fit

2090 5452 2335 5509 namque
2363 5435 2553 5507 potius
2581 5433 2651 5489 ob
2697 5435 2921 5505 signum
2951 5431 3151 5488 divinae
3193 5430 3695 5486 animadversionis

2094 5543 2264 5601 quam
2293 5543 2359 5581 ex
2382 5524 2745 5597 praescientize
2770 5529 3021 5588 terrore;
3053 5520 3319 5593 quoniam
3342 5521 3508 5588 longe
3530 5519 3697 5572 aliter

2094 5615 2384 5693 praescitur
2433 5614 2573 5693 illud
2620 5629 2791 5692 quam
2828 5609 3204 5681 comminetur
3239 5611 3558 5673 venturum.
3604 5604 3696 5667 Si-
