3966 6206
243 296 352 389 115

1016 328 1078 386 S.
1113 326 1493 387 PASCHASII
1528 324 1894 385 RADBERTI
1928 322 2234 384 ABBATIS
2271 318 2767 381 CORBEIENSIS.

3406 320 3517 379 116

246 412 423 526 gnum
452 456 640 509 autem
669 454 877 509 idcirco
904 455 986 520 ﬁt,
1009 460 1075 510 ut
1100 457 1320 528 fugiant
1345 457 1628 510 intuentes
1646 471 1680 508 a
1701 452 1839 508 facie
1855 455 1907 513 Α
1921 453 2002 508 ita
2015 453 2419 523 interpretatus
2438 456 2549 518 est;
2584 464 2686 521 per
2695 448 2844 521 quod
2861 446 3195 518 intelligitur
3206 462 3322 503 non
3334 447 3519 507 solum

248 558 431 613 arcus,
462 550 519 600 et
562 546 875 601 liberentur
916 548 1093 614 electi,
1128 548 1572 602 contradicentes
1602 561 1728 598 vero
1757 544 1840 597 vi-

248 634 493 690 deantur
536 635 594 690 in
634 637 907 709 supplicio
942 638 1095 707 juste
1133 636 1338 707 puniri.
1370 634 1620 698 Quarum
1650 649 1841 688 rerum

248 725 504 797 exempla
559 716 907 797 superﬂuum
954 730 1038 781 est
1089 738 1413 795 aggregare,
1463 724 1601 794 quia
1645 726 1842 794 patent

246 813 419 869 etiam
447 832 561 869 non
582 814 991 891 quaerentibus.

317 902 427 958 Sed
458 903 589 975 quia
622 903 692 958 ob
723 902 1093 974 quorumdam
1121 901 1461 972 objectiones
1489 899 1713 970 longius
1742 914 1839 952 ex-

238 993 532 1060 Cessimus,
568 1007 695 1047 cum
722 995 952 1063 propter
979 991 1272 1045 vitandum
1301 990 1524 1046 lectoris
1552 988 1839 1044 fastidium

236 1099 345 1137 nec
372 1082 509 1136 satis
549 1081 804 1147 dixerim,
840 1094 1035 1134 rursus
1083 1081 1323 1150 ﬁgamus
1350 1077 1557 1134 mentis
1586 1077 1831 1141 oculum,

237 1170 335 1226 ubi
362 1176 591 1235 aeterna,
628 1185 742 1224 non
770 1169 997 1240 quidem
1033 1169 1402 1240 praescientia,
1432 1173 1499 1222 ut
1525 1183 1628 1221 nos
1657 1166 1834 1220 senti-

234 1270 383 1327 mus,
404 1260 503 1315 sed
521 1276 655 1313 vera
681 1258 785 1314 Dei
818 1258 1071 1324 scientia,
1095 1274 1320 1312 omnem
1344 1257 1615 1328 temporis
1632 1271 1833 1327 super-

231 1349 493 1419 greditur
507 1348 835 1413 motionem,
850 1353 907 1401 et
921 1347 1210 1401 videamus
1222 1351 1494 1417 quantum
1510 1360 1827 1416 possumus,

235 1437 515 1510 quomodo
555 1436 829 1509 propheta
874 1436 944 1490 ad
986 1436 1230 1490 divinam
1258 1442 1453 1507 raptus
1481 1434 1731 1489 veritatis
1767 1449 1834 1486 ac

233 1527 744 1601 prmdestinationis
766 1526 1077 1592 scientiam,
1102 1525 1340 1591 dicebat,
1366 1524 1526 1596 quasi
1546 1524 1722 1594 digito
1742 1522 1835 1577 de-

234 1617 601 1673 monstrando
654 1635 665 1669 :
716 1617 842 1670 Ecce
896 1619 1052 1683 virgo
1105 1618 1367 1683 concipiet
1412 1616 1537 1685 (Isa.
1578 1627 1673 1677 v11,
1712 1611 1826 1680 14).

234 1704 383 1761 Nam
425 1706 484 1759 in
533 1721 598 1759 eo
650 1704 801 1775 quod
846 1702 1082 1767 dicebat,
1116 1719 1244 1769 ecce,
1280 1702 1705 1772 praesentiarum
1746 1705 1833 1754 est

1916 547 2107 611 puclla
2138 541 2224 595 vel
2251 546 2425 610 virgo,
2459 540 2556 596 sed
2586 540 2778 606 etiam,
2808 540 2962 594 velut
2988 555 3054 593 ex
3082 536 3333 608 epitheto
3367 538 3523 609 (quia

1923 632 2023 685 ﬁxi
2051 632 2299 686 nominis
2329 630 2524 702 quidni
2556 629 2708 700 apud
2745 644 2847 683 nos
2878 644 3048 699 quam
3091 644 3238 698 saepe
3268 626 3522 698 fungitur

1923 720 2104 775 ofﬁcio
2120 720 2165 784 ε),
2204 721 2358 790 virgo
2388 720 2631 775 multum
2670 717 2962 773 recondita
2989 717 3429 784 demonstratur,
3462 720 3523 773 et

1921 810 2318 875 secretissima,
2344 825 2467 880 quae
2491 824 2784 879 nunquam
2808 807 3055 862 virorum
3084 808 3333 878 patuerit
3360 824 3520 880 aspe-

1920 900 2120 966 ctibus,
2143 916 2339 954 verum
2370 912 2577 968 magna
2594 902 2893 969 parentum
2916 897 3212 966 diligentia
3233 897 3520 955 custodita

1921 989 2012 1043 sit.
2035 990 2180 1043 Nam
2201 994 2259 1043 et
2285 988 2481 1057 lingua
2503 987 2725 1059 punica,
2750 1004 2874 1057 quae
2893 987 2963 1041 de
2986 986 3237 1042 fontibus
3254 986 3518 1042 Hebraeo-

1918 1094 2046 1133 rum
2066 1078 2304 1144 ducitur,
2327 1077 2551 1148 proprie
2565 1092 2696 1132 vero
2716 1093 2772 1131 α.
2790 1076 2953 1132 Alma
2972 1076 3308 1147 appellatur.
3327 1076 3510 1144 Unde,

1916 1168 2051 1239 quia
2079 1167 2299 1222 Hebraei
2327 1183 2470 1238 pene
2494 1167 2747 1222 omnium
2775 1166 3097 1236 linguarum
3124 1164 3310 1220 verbis
3335 1170 3512 1219 utun-

1914 1262 2026 1322 tur,
2060 1257 2294 1311 forsitan
2322 1257 2596 1327 propheta
2622 1256 2729 1310 hoc
2757 1254 2865 1309 sibi
2892 1254 3091 1309 ascivit
3116 1255 3176 1308 in
3196 1254 3509 1325 eloquium,

1912 1353 1976 1402 ut
1995 1363 2096 1418 per
2103 1347 2209 1401 hoc
2223 1347 2566 1416 figuraretur
2580 1346 2761 1417 qualis
2774 1350 2897 1400 erat
2907 1344 3114 1409 futura,
3124 1345 3257 1415 quia
3268 1346 3432 1399 Alma
3445 1345 3508 1400 in

1924 1444 1964 1504 ι
1976 1441 2109 1501 ω
2122 1437 2315 1506 lingua
2332 1440 2525 1489 nostra
2543 1440 2733 1490 sancta
2758 1434 3112 1504 intelligitur.
3131 1434 3292 1498 Quod
3316 1439 3510 1499 autem

1915 1526 2024 1596 ipsi
2051 1530 2378 1581 caeterarum
2407 1526 2730 1596 linguarum
2759 1528 2995 1579 utantur
3027 1522 3229 1590 verbis,
3263 1524 3513 1581 ostendit

1912 1614 2050 1669 illud
2080 1616 2148 1669 de
2181 1615 2371 1669 Graeco
2404 1615 2464 1668 in
2501 1614 2745 1668 Canticis
2781 1613 3128 1668 canticorum
3171 1623 3384 1685 φορεῖον,
3418 1613 3516 1671 ubi

1915 1704 2229 1767 scribimus,
2251 1706 2544 1758 Ferculum
2567 1706 2696 1771 fecit
2723 1719 2826 1757 rex
2846 1701 3109 1757 Salomon
3134 1702 3317 1770 (Cant.
3336 1703 3514 1775 111,9),

234 1795 510 1863 ostentio;
543 1794 692 1865 quod
720 1809 868 1860 vero,
899 1795 1181 1862 concipiet,
1206 1792 1524 1845 futurorum
1546 1795 1669 1845 erat
1696 1806 1833 1861 prae-
1849 1810 1893 1871 Β
1915 1794 2062 1865 quod
2084 1799 2141 1847 et
2160 1795 2241 1847 ita
2260 1794 2319 1847 in
2344 1792 2576 1847 Hebraeo
2601 1793 2825 1862 legitur.
2842 1793 2987 1847 Sunt
3005 1797 3064 1847 et
3085 1792 3195 1847 alia
3220 1793 3519 1863 quamplu-

234 1884 499 1955 cognitio.
522 1886 597 1938 At
617 1898 748 1937 vero
779 1883 927 1954 quod
967 1883 1117 1936 idem
1148 1897 1344 1936 rursus
1371 1880 1712 1949 evangelista
1740 1895 1845 1933 rev

234 1973 413 2029 sumit
427 1973 486 2027 in
504 1972 892 2027 testimonium
914 1975 972 2025 et
989 1971 1151 2026 dicit:
1177 1973 1287 2025 Hoc
1310 1976 1483 2024 totum
1500 1972 1713 2038 factum
1734 1974 1826 2035 est,

231 2068 299 2118 ut
327 2064 728 2132 adimpleretur
746 2064 891 2130 quod
909 2063 1121 2115 dictum
1142 2066 1217 2114 est
1232 2076 1266 2114 α
1286 2061 1539 2125 Domino,
1558 2059 1708 2113 haud
1733 2059 1833 2113 duo

230 2152 391 2208 bium
411 2151 545 2223 quin
560 2150 923 2222 praescientise
934 2150 1035 2204 Dei
1058 2167 1122 2204 ac
1140 2148 1648 2221 praedestinationis
1667 2152 1753 2201 est
1769 2147 1830 2202 in

229 2247 487 2313 tempore
516 2239 801 2295 exhibitio.
836 2245 894 2293 et
916 2241 1077 2310 juxta
1106 2240 1254 2310 quod
1284 2240 1518 2309 loquens
1544 2237 1826 2303 cernebat,

228 2331 641 2403 promissorum
661 2329 719 2383 in
745 2329 1007 2400 praesenti
1036 2329 1355 2382 ostensione
1380 2327 1632 2381 veritatis
1657 2326 1831 2381 adim-

230 2417 427 2491 pletio.
451 2417 631 2483 Unde,
646 2419 692 2472 si
714 2418 1121 2489 praescientiam
1144 2423 1295 2472 recte
1313 2433 1551 2488 pensare
1571 2418 1823 2483 velimus,

233 2525 349 2580 qua
375 2513 574 2563 cuncta
604 2505 882 2578 dignoscit
917 2508 1086 2575 Deus,
1118 2523 1230 2561 non
1260 2506 1666 2578 praescientiam
1704 2506 1827 2577 qui-

233 2598 383 2666 dem,
410 2599 507 2652 sed
536 2614 664 2651 vere
692 2612 979 2667 nunquam
1009 2596 1317 2651 deficientis
1346 2597 1627 2651 instantiae
1648 2596 1832 2650 scien-

232 2686 374 2742 tiam
414 2683 454 2753 1
468 2692 595 2752 08
625 2687 831 2740 rectius
851 2686 1277 2757 appellabimus.
1302 2686 1477 2740 Nobis
1503 2686 1731 2757 quidem
1751 2686 1834 2739 vi-

235 2776 403 2832 detur
440 2776 799 2848 praevidentia
842 2777 972 2846 jure
1009 2775 1138 2843 dici,
1171 2774 1269 2829 sed
1299 2780 1573 2846 quantum
1614 2789 1681 2829 ex
1718 2776 1836 2829 Deo

234 2867 445 2921 rectius
464 2864 817 2938 providentia
832 2870 1207 2935 nuncupatur.
1228 2865 1474 2918 Vocatur
1494 2868 1684 2919 autem
1712 2880 1838 2936 pro-

234 2955 501 3020 videntia,
527 2954 695 3024 quod,
719 2954 912 3024 procul
939 2953 1008 3007 ab
1029 2953 1197 3007 rebus
1221 2953 1544 3019 constituta,
1568 2953 1733 3023 quasi
1765 2953 1835 3007 ab

237 3043 452 3098 excelso
474 3059 666 3097 rerum
683 3043 973 3096 cacumine
994 3047 1197 3096 cuncta
1218 3042 1540 3113 prospiciat.
1556 3043 1717 3096 Unde
1739 3058 1851 3115 no-‘

1915 1882 2063 1937 rima
2091 1881 2259 1936 verba
2284 1889 2616 1937 caeterarum
2644 1881 2988 1953 linguarum,
3024 1898 3149 1953 qum
3177 1881 3285 1936 sibi
3311 1882 3373 1936 in
3412 1896 3516 1938 suo

1916 1978 2280 2043 sumpserunt
2304 1972 2524 2042 eloquio
2548 1990 2562 2038 ;
2595 1977 2653 2026 et
2681 1977 2956 2043 quantum
2974 1972 3179 2043 peritia
3193 1978 3518 2031 sanctorum

1915 2061 2146 2115 Patrum
2174 2062 2352 2121 docet.
2381 2062 2477 2132 qui
2505 2078 2571 2115 ex
2587 2060 2785 2115 eadem
2806 2061 2997 2131 lingua
3026 2060 3405 2132 probatissimi
3425 2078 3518 2115 ex-

1913 2150 2181 2205 stiterunt
2207 2151 2564 2221 interpretes,
2595 2166 2886 2220 nunquam
2914 2166 2975 2204 se
3002 2152 3169 2206 Alma
3191 2150 3251 2204 in
3279 2150 3518 2209 muliere

1913 2246 2092 2311 nupta
2120 2240 2339 2311 legisse,
2359 2241 2455 2294 sed
2481 2256 2706 2311 semper
2730 2256 2901 2310 super
2929 2255 3053 2294 eam
3079 2254 3202 2310 qua:
3221 2240 3378 2310 virgo
3398 2239 3516 2294 fue-

1912 2329 2004 2394 rit,
2028 2329 2207 2384 modis
2234 2328 2494 2397 omnibus
2518 2333 2920 2399 protestantur.
2942 2328 3086 2383 Hinc
3104 2344 3327 2400 quoque
3348 2328 3517 2384 datur

1911 2419 2149 2489 intelligi
2175 2419 2308 2489 quia
2336 2434 2448 2473 non
2478 2419 2661 2472 solum
2688 2418 2843 2488 virgo
2872 2417 2979 2472 fuit
3007 2417 3203 2483 Maria,
3235 2418 3334 2473 sed
3354 2422 3411 2472 et
3425 2419 3517 2488 juo

1914 2509 2089 2563 nioris
2118 2509 2299 2563 aetatis
2328 2508 2534 2579 puella.
2568 2509 2688 2562 Imo
2718 2507 2948 2578 majoris
2978 2523 3101 2562 esse
3133 2506 3317 2562 laudis
3345 2522 3517 2577 quam

1916 2598 2103 2669 puella
2120 2604 2219 2651 aut
2234 2599 2390 2667 virgo
2404 2614 2527 2667 quae
2544 2597 2687 2651 forte
2701 2596 2919 2651 nubiles
2935 2611 3114 2651 annos
3129 2596 3519 2653 adolescentia

1916 2688 2004 2741 vix
2038 2689 2322 2757 attigerat,
2347 2692 2405 2740 et
2432 2686 2615 2741 adhuc
2646 2688 2886 2742 necdum
2904 2687 3088 2741 virum
3115 2702 3280 2741 nosse
3304 2690 3514 2757 posset.

1917 2777 2077 2832 Unde
2106 2782 2163 2830 et
2189 2776 2249 2830 in
2270 2776 2726 2841 Deuteronomio,
2750 2775 2853 2831 sub
2873 2776 3072 2847 puellae
3090 2776 3178 2830 vel
3200 2775 3518 2831 adolescen-

1917 2866 2050 2920 tulm
2069 2865 2296 2919 nomine
2306 2866 2461 2935 virgo
2475 2864 2813 2935 intelligitur
2825 2864 3208 2936 designata.Si
3218 2867 3513 2930 invenerit,

1918 2955 2122 3025 inquit,
2155 2956 2311 3009 homo
2336 2960 2585 3024 puellam
2618 2958 2684 3009 in
2729 2971 2919 3024 campo
2947 2956 3345 3023 despumatum,
3373 2958 3424 3009 et
3450 2957 3513 3013 ei

1919 3048 2232 3114 opprimens
2261 3046 2553 3099 dormierit
2583 3060 2709 3099 cum
2738 3061 2818 3111 ea,
2843 3046 3186 3112 interﬁcietis
3210 3046 3401 3098 virum
3418 3046 3521 3112 qui

234 3133 343 3198 bis,
377 3132 426 3186 si
451 3130 807 3186 dissimulare
834 3132 1115 3197 nolumus,
1147 3146 1353 3201 magna
1381 3131 1683 3185 necessitas
1708 3144 1835 3201 pro-
1854 3134 1898 3198 Ο
1920 3135 2213 3189 concubuit
2238 3148 2364 3187 cum
2390 3150 2472 3201 ea,
2499 3134 2548 3187 et
2566 3136 2764 3203 puella
2785 3135 2930 3188 nihil
2960 3136 3195 3201 facietis,
3219 3149 3285 3188 ac
3303 3132 3524 3203 reliqua

236 3216 432 3276 bitatis
472 3220 767 3287 incumbit,
802 3225 867 3274 ut
895 3220 1117 3274 solliciti
1147 3220 1323 3274 simus
1353 3236 1591 3291 semper,
1623 3220 1755 3291 quia
1783 3225 1839 3274 et

237 3326 343 3366 nos
370 3306 753 3364 indesinenter
781 3313 914 3363 ante
960 3308 1148 3363 oculos
1195 3309 1474 3363 cernentis
1510 3308 1716 3379 judicis
1741 3324 1839 3362 su-

238 3414 390 3467 mus,
433 3404 491 3454 et
546 3397 728 3453 omnis
782 3397 1021 3453 intentio
1059 3401 1253 3453 nostra
1293 3398 1506 3471 jugiter
1555 3410 1745 3453 coram
1773 3413 1839 3451 eo

238 3495 515 3545 versatur.

315 3580 462 3645 Ecce,
477 3579 844 3650 inquit,virgo
861 3581 1090 3633 inutero
1124 3580 1358 3642 habebit,
1371 3584 1419 3632 et
1428 3582 1613 3647 pariet
1632 3581 1834 3646 ﬁlium.

239 3669 327 3723 Ad
340 3667 488 3741 quod
498 3667 675 3723 Judaei
684 3685 926 3740 ,semper
934 3669 1264 3723 calumniari
1276 3668 1679 3740 parati,dicunt
1690 3667 1840 3738 quod

237 3757 301 3812 in
327 3754 603 3813 Hebraica
628 3758 863 3814 veritute
884 3774 996 3812 non
1028 3757 1318 3825 habeatur,
1343 3774 1452 3812 ecce
1471 3761 1626 3825 virgo
1655 3759 1838 3811 conci-

235 3848 476 3919 piet,sed
489 3846 695 3920 puella;
710 3850 958 3903 volentes
969 3862 1104 3903 sane
1113 3847 1219 3903 hoc
1229 3848 1456 3903 nomine
1466 3846 1646 3902 aetatis
1659 3852 1716 3901 et
1725 3862 1838 3901 non

239 3936 585 4008 integritatis
634 3937 941 4010 signiﬁcari
985 3943 1268 4004 naturam,
1303 3940 1579 4008 quamnus
1607 3951 1709 4008 per
1735 3936 1839 3990 hoc

242 4028 577 4097 mysterium
609 4026 740 4081 fidei
788 4032 991 4080 nostrae
1029 4026 1247 4081 facilius
1274 4031 1558 4080 vacuetur.
1591 4026 1701 4079 Sed
1730 4024 1840 4095 pri-

241 4128 399 4168 mum
426 4115 838 4184 interrogemus
867 4131 981 4181 eos,
1006 4115 1284 4184 quomodo
1303 4115 1526 4184 signum
1546 4114 1723 4185 possit
1745 4124 1839 4185 ap-

242 4199 459 4274 pellari,
485 4203 633 4272 quod
663 4203 850 4274 puella
872 4208 1113 4269 tantum,
1138 4204 1195 4256 et
1214 4218 1326 4256 non
1352 4202 1509 4273 virgo
1537 4203 1834 4274 pepererit.

244 4289 463 4362 Quippe
490 4306 618 4345 cum
647 4291 924 4362 propheta
948 4290 1114 4358 dicat,
1144 4291 1277 4362 quia
1298 4292 1412 4360 Ipse
1442 4290 1713 4345 Dominus
1736 4293 1839 4344 da-

1923 3225 2098 3293 (Deut.
2128 3234 2265 3286 xxu,
2296 3221 2405 3291 25).
2444 3222 2549 3277 Ubi
2589 3228 2759 3287 recte,
2794 3223 2984 3293 puella
3020 3233 3134 3277 non
3163 3222 3316 3278 aliud
3347 3237 3519 3292 quam

1917 3313 2077 3383 virgo
2102 3316 2467 3366 monstratur.
2515 3312 2672 3366 Sicut
2699 3317 2758 3366 et
2781 3312 2944 3377 illud,
2972 3312 3123 3383 quod
3148 3312 3210 3367 in
3235 3310 3520 3367 volumine

1921 3403 2138 3472 Regum
2162 3402 2388 3472 legitur,
2421 3402 2553 3472 quia
2581 3401 2927 3473 quaesierunt
2948 3402 3196 3473 puellam
3220 3401 3517 3471 virginem,

1921 3496 1978 3545 et
1997 3491 2432 3547 introduxerunt
2448 3492 2519 3545 ad
2540 3507 2750 3561 regem.
2769 3491 2834 3545 Et
2852 3493 2987 3556 erat,
2996 3491 3182 3563 inquit
3203 3490 3516 3562 Scriptura,

1916 3584 2105 3650 puella
2129 3582 2366 3650 pulchra
2396 3585 2588 3647 nimis,
2620 3587 2669 3636 et
2706 3582 3065 3635 ministrabat
3091 3584 3160 3646 ei,
3194 3588 3243 3635 et
3273 3596 3373 3635 rea:
3402 3596 3520 3636 non

1921 3673 2169 3738 cognovit
2207 3686 2327 3723 eam
2355 3670 2469 3740 (Ill
2492 3666 2615 3740 Reg.
2639 3688 2674 3736 ι,
2710 3668 2788 3740 4).
2821 3670 2980 3735 Quod
3009 3670 3057 3724 si
3085 3675 3391 3725 causentur
3414 3670 3519 3725 Ju-

1920 3758 2044 3825 dmi,
2078 3758 2137 3813 in
2164 3759 2397 3813 Hebraeo
2425 3760 2529 3813 hoc
2552 3760 2613 3814 in
2647 3760 2787 3827 loco,
2821 3760 3129 3815 secundum
3155 3761 3380 3826 Isaiam,
3411 3759 3520 3813 vin-

1919 3849 2110 3918 ginem
2150 3864 2264 3902 non
2304 3848 2498 3903 haberi
2540 3867 2551 3901 :
2595 3848 2916 3920 intelligant
2952 3850 3163 3904 idioma
3198 3849 3517 3905 divinarum

1923 3938 2364 4008 Scripturarum,
2405 3943 2463 3992 et
2487 3938 2702 4009 patebit
2738 3940 2955 4010 puellas
2979 3954 3150 4011 quam
3173 3950 3319 4012 saepe
3344 3939 3518 4009 virgi-

1922 4042 2023 4080 nes
2050 4027 2322 4098 appellari
2345 4043 2357 4076 :
2383 4032 2440 4080 et
2466 4028 2611 4082 sicut
2631 4028 2859 4099 quidam
2889 4029 3236 4084 enucleatius
3259 4028 3513 4094 tradunt,

1922 4115 2076 4185 virgo
2107 4116 2255 4186 apud
2276 4115 2539 4171 Hebrteos
2560 4117 2672 4170 tria
2689 4117 2921 4171 nomina
2939 4116 3126 4184 habet,
3150 4120 3335 4185 Alma,
3350 4119 3519 4171 Betu-

1925 4205 1998 4266 la,
2024 4205 2199 4259 Nara.
2219 4204 2328 4259 Sed
2346 4205 2451 4259 hoc
2468 4206 2588 4260 loco
2608 4208 2770 4262 Alma
2785 4206 2966 4262 solum
2987 4207 3183 4262 debuit
3198 4206 3351 4278 poni,
3368 4206 3520 4277 quod

1920 4296 2105 4346 totum
2120 4294 2286 4347 simul
2308 4294 2666 4365 signiﬁcaret,
2685 4297 2897 4350 scilicet
2914 4296 3180 4368 puellam,
3199 4296 3519 4351 adolescen-

244 4380 324 4434 bit
351 4381 497 4434 vobis
534 4382 780 4448 signum.
819 4380 878 4435 Si
903 4396 1036 4450 ergo
1066 4380 1289 4451 signum
1316 4378 1442 4448 fuit,
1474 4394 1578 4433 nec
1606 4379 1838 4435 dubium
1919 4383 2119 4450 tulam,
2154 4382 2502 4452 absconsum,
2534 4386 2592 4442 et
2623 4385 2824 4440 merito
2851 4384 3159 4456 viginitatis
3179 4386 3413 4454 almam;
3444 4384 3516 4441 si-

244 4469 394 4543 quod
424 4474 583 4525 extra
612 4469 917 4527 humanam
951 4470 1415 4525 consuetudinem
1443 4470 1646 4525 evenit.
1679 4470 1838 4526 Unde
1858 4462 2147 4544 unidem
2193 4473 2518 4529 absconsum
2550 4474 2845 4545 diligentia
2869 4482 3187 4547 parentum,
3224 4480 3282 4531 et
3321 4475 3515 4531 adole-

243 4560 303 4613 et
329 4554 601 4613 Jeremias
625 4576 637 4613 :
672 4560 798 4614 Ecce
827 4562 992 4627 faciet
1023 4561 1294 4614 Dominus
1312 4576 1515 4614 novum
1540 4575 1704 4630 super
1741 4566 1840 4615 ter.
1920 4563 2229 4617 scentulum
2255 4565 2568 4635 juventutis
2588 4566 2934 4620 aetateNam
2948 4568 3125 4633 Nara,
3144 4571 3209 4620 ut
3226 4567 3405 4633 aiunt,
3429 4565 3514 4620 in-

240 4664 388 4715 ram,
412 4651 546 4718 quia
566 4650 779 4703 mulier
797 4648 1167 4704 circumdabit
1185 4650 1375 4703 virum
1397 4648 1530 4720 (Jer.
1554 4664 1698 4717 xxxi,
1721 4649 1833 4722 '22).
1918 4653 2192 4707 fantulam
2211 4654 2627 4725 designat,[qum
2648 4654 2780 4727 quia
2797 4656 3036 4710 necdum
3055 4656 3265 4722 adulta,
3289 4655 3423 4727 quid
3441 4655 3518 4710 sit

237 4736 367 4793 Non
395 4738 545 4791 enim
575 4742 660 4792 est
686 4736 930 4809 signum,
954 4754 1136 4809 neque
1156 4754 1362 4793 novum
1380 4738 1593 4810 aliquid
1616 4743 1839 4812 poterat
1918 4744 2100 4815 pudor
2138 4742 2432 4809 femineus,
2466 4741 2735 4814 _nondum
2778 4746 2947 4818 capit.
2981 4747 3205 4801 Interea
3245 4745 3397 4819 quod
3422 4761 3515 4800 se-

241 4827 529 4894 aestimari,
559 4826 608 4881 si
646 4843 761 4880 non
786 4826 941 4899 virgo
971 4828 1091 4883 sine
1118 4828 1267 4883 coitu
1296 4829 1480 4900 potuit
1519 4831 1829 4902 concipere,

236 4931 302 4969 ac
332 4914 511 4971 ﬁlium
530 4928 822 4985 generare.
844 4916 960 4971 Nec
977 4932 1079 4971 nos
1101 4917 1292 4987 itaque
1310 4916 1593 4984 fallimur,’
1599 4919 1759 4991 quasi
1772 4919 1834 4974 in

238 5003 474 5060 Hebraeo
502 5004 810 5059 secundum
841 5004 1047 5060 Isaiam
1072 5008 1282 5074 Betula,
1306 5006 1455 5078 quod
1482 5011 1637 5076 virgo
1665 5009 1836 5063 inter-

238 5097 512 5166 pretatur,
545 5092 821 5149 habeatur
853 5113 864 5149 :
899 5095 995 5150 sed
1025 5112 1126 5167 pro
1156 5094 1260 5150 hoc
1287 5095 1454 5150 verbo
1476 5097 1720 5168 positum
1750 5104 1835 5154 est

235 5181 421 5248 Alma,
446 5182 594 5253 quod
620 5189 824 5255 praeter
845 5184 1232 5256 Septuaginta,
1253 5200 1447 5239 omnes
1466 5188 1833 5243 adolescentu-

234 5272 352 5325 lam
396 5271 829 5328 transtulerunt.
861 5274 1036 5328 Porro
1075 5275 1240 5330 Alma
1277 5276 1425 5347 apud
1463 5292 1556 5330 eos
1601 5277 1832 5332 verbum

236 5357 561 5429 ambiguum
585 5367 688 5415 est.
716 5361 1007 5431 Signiﬁcat
1025 5362 1173 5417 enim
1203 5366 1260 5417 et
1284 5363 1755 5420 adolescentulam
1776 5370 1834 5421 et

233 5442 639 5503 absconditam.
656 5448 768 5505 Sed
790 5448 1156 5523 Septuaginta
1176 5468 1317 5524 pene
1338 5453 1398 5506 in
1413 5452 1671 5509 omnibus
1694 5455 1830 5511 locis

231 5535 330 5596 ubi
343 5550 397 5592 a.
414 5538 579 5594 Alma
598 5536 824 5611 legitur,
843 5542 1225 5597 absconditum
1240 5534 1828 5609 transtulerunt.Quoé

229 5631 457 5688 secutus
477 5626 685 5702 Aquila
705 5627 879 5689 etiam
900 5635 958 5688 et
981 5631 1103 5705 ipse
1121 5631 1227 5689 hoc
1243 5631 1478 5691 verbum
1503 5632 1829 5708 frequenter

1916 4832 2110 4904 quitur
2129 4849 2142 4886 :

1988 4922 2054 4976 Et
2102 4924 2371 4978 vocabunt
2410 4933 2612 4980 nomen
2651 4929 2768 4995 ejus
2796 4920 3146 4982 Emmanuel.
3179 4926 3249 4982 In
3278 4927 3514 4983 Hebraeo

1911 5011 2074 5082 juxta
2098 5012 2306 5066 Isaiam
2335 5014 2690 5085 prophetam,
2708 5028 2842 5082 non,
2871 5019 3157 5084 vocabunt,
3176 5018 3276 5072 sed
3298 5020 3512 5073 vocabis

1914 5099 2102 5155 habet.
2135 5102 2279 5166 Quia
2313 5103 2361 5157 is
2392 5104 2618 5175 proprie
2666 5118 2732 5159 ac
2758 5106 3051 5177 speciatim
3079 5105 3288 5161 ibidem
3317 5107 3512 5163 domui

1913 5190 2087 5245 David
2112 5191 2461 5263 loquebatur;
2481 5193 2571 5249 hic
2582 5196 2923 5265 generaliter
2941 5196 3011 5250 de
3027 5198 3286 5253 universo
3303 5210 3512 5269 genere

1914 5279 2178 5346 humano,
2211 5284 2498 5351 vocabunt,
2530 5284 2762 5353 dicitur;
2810 5300 3133 5358 quanquam
3163 5292 3220 5342 et
3264 5287 3323 5341 in
3361 5288 3512 5346 Isaia

1912 5369 2142 5424 verbum
2154 5373 2625 5444 Karathim,quod
2643 5389 2836 5429 omnes
2856 5376 3211 5449 interpretati
3232 5383 3512 5444 sunt,tam

1911 5459 2141 5524 vocabis,
2162 5474 2330 5530 quam
2356 5464 2414 5514 et
2439 5463 2665 5528 vocabit,
2691 5467 2996 5536 utrumque
3028 5471 3210 5537 potest
3233 5466 3511 5538 interpre-

1910 5546 2040 5613 tari,
2073 5551 2138 5601 ut
2183 5552 2225 5617 ι
2249 5555 2365 5616 l0
2384 5551 2461 5604 sit
2486 5566 2698 5619 sensus,
2731 5555 2881 5625 quod
2911 5561 2969 5610 et
2993 5555 3117 5627 ipsa
3143 5555 3298 5626 virgo
3326 5557 3510 5612 Maria

1908 5636 2243 5697 Emmanuel
2272 5639 2474 5698 debeat
2500 5654 2632 5699 eum
2660 5652 2879 5703 vocare.
2918 5645 2999 5703 Ex
3026 5656 3138 5719 quo
3166 5644 3504 5719 notandum,
