3966 6206
358 263 462 327 111

1178 256 1561 321 ΕΧΡΟΕῙΤΙΟ
1596 261 1676 325 ΙΝ
1709 256 2165 329 ΠΑἹἾἯᾸΗΒΙ.
2199 290 2281 319 -ρι
2306 264 2444 327 LIB.
2484 264 2563 335 II,
2596 261 2737 323 CAP
2772 255 2823 341 If

3523 254 3632 326 118

360 389 881 467 quodEvangelista
897 402 1012 449 non
1027 385 1324 445 verborum
1345 390 1953 455 ordinemsecutusest,
1968 396 2019 457 Α
2034 392 2297 460 fatemur,
2322 392 2454 466 quia
2480 395 2683 465 praeter
2710 380 3022 463 peccatum,
3055 387 3331 463 quidquid
3359 391 3446 453 est
3474 390 3627 463 quod

361 482 459 541 sed
486 497 741 547 sensum,
771 479 995 554 quando
1025 495 1126 551 pro
1156 482 1436 548 concipiet,
1463 483 1526 535 in
1556 486 1711 536 utero
1740 483 1955 539 habebit

359 572 517 639 dixit,
547 576 606 628 et
618 587 727 645 pro
742 571 973 634 vocabis,
990 571 1257 625 vocabunt
1287 570 1613 625 enuntiavit.
1635 572 1782 626 Nam
1802 573 1955 627 aliud

361 668 465 729 est,
482 652 645 745 quasi
669 678 739 717 ex
764 660 876 719 alio
886 658 1136 732 quolibet
1148 659 1314 715 modo
1332 660 1640 731 concipere,
1655 661 1809 716 aliud
1825 679 1954 717 vero

358 769 475 812 non
492 751 742 816 aliunde,
765 751 867 809 sed
880 766 947 815 ex
962 766 1085 805 sese
1110 749 1400 827 quidpiam
1418 749 1626 807 habere
1649 770 1661 804 :
1689 753 1786 822 qui
1805 753 1956 808 enim

362 841 535 908 habet
569 856 930 915 nequaquam
957 838 1207 911 accipiet.
1238 839 1453 903 Quibus
1479 840 1725 911 profecto
1752 841 1954 910 verbis,

359 931 662 993 manifesta
687 932 810 1003 ejus
834 930 1130 1002 deSpiritu
1152 934 1343 987 sancto
1364 947 1430 984 ex
1444 931 1762 987 substantia
1772 933 1958 988 carnis

358 1021 688 1092 designatur
700 1019 984 1081 nativitas.
1004 1020 1149 1074 Nam
1169 1018 1231 1074 in
1257 1035 1322 1073 eo
1343 1021 1492 1091 quod
1512 1020 1653 1076 dixit
1672 1025 1954 1091 concipiet,

356 1110 537 1167 voluit
561 1108 930 1180 subintelligi,
955 1107 1104 1180 quod
1122 1125 1187 1163 ex
1217 1125 1278 1165 se
1307 1126 1420 1167 non
1449 1109 1690 1166 habebat
1708 1117 1771 1167 ut
1800 1112 1955 1182 virgo

357 1203 602 1272 pareret,
626 1199 697 1253 de
725 1197 942 1271 Spiritu
958 1202 1150 1252 sancto
1176 1198 1471 1270 provenire
1498 1217 1509 1252 :
1536 1201 1685 1271 quod
1708 1217 1840 1255 vero
1866 1201 1957 1256 hic

356 1290 569 1345 habebit
600 1288 816 1347 dictum
848 1292 955 1354 est,
976 1286 1301 1343 manifestat
1321 1305 1388 1343 ex
1409 1287 1724 1345 substantia
1767 1292 1954 1345 carnis

354 1394 467 1434 sua:
494 1378 557 1432 in
584 1393 647 1433 se
672 1375 881 1431 habere
911 1376 1061 1446 quod
1082 1393 1196 1431 non
1216 1376 1442 1432 aliunde
1468 1394 1567 1449 per
1590 1378 1804 1434 coitum
1827 1396 1955 1434 con-

354 1467 583 1539 ceperit.
620 1467 694 1522 Ut
740 1472 1011 1538 appareat
1067 1466 1204 1521 illud
1250 1466 1508 1523 Ieremia;
1538 1469 1950 1538 propheticum,

357 1546 506 1631 quod
550 1556 829 1613 Dominus
856 1555 1064 1611 faciens
1090 1571 1297 1610 novum
1341 1555 1538 1610 fecerit
1563 1558 1751 1613 clauso
1788 1564 1952 1615 utero

357 1646 664 1703 mulierum
703 1645 1053 1700 circumdare
1082 1645 1263 1701 virum
1296 1662 1308 1698 :
1341 1646 1407 1700 Et
1435 1649 1720 1713 uocabunt,
1746 1646 1947 1719 inquit,

2036 499 2139 539 nos
2158 501 2370 547 sumus,
2387 481 2843 553 totumdignatus
2860 487 2945 537 est
2963 480 3104 543 ﬁeri,
3118 496 3245 536 cum
3255 492 3449 537 nostra
3459 496 3633 540 carne

2037 574 2192 627 venit
2209 574 2456 628 indutus.
2473 573 2649 637 Unde,
2676 571 2810 643 quia
2825 588 2891 631 ex
2919 569 3078 626 nobis
3108 574 3167 627 et
3190 586 3297 644 pro
3320 569 3480 629 nobis
3495 569 3631 649 fuit,

2038 662 2328 718 nobiscum
2354 664 2503 718 Deus
2526 660 2854 719 Emmanuel
2874 666 3023 741 recte
3045 665 3292 725 vocatur,
3315 664 3380 715 ut
3398 675 3498 735 per
3520 659 3630 719 hoc

2040 757 2097 807 et
2126 753 2231 825 ipsi
2254 752 2312 808 in
2335 769 2403 807 eo
2418 769 2592 809 unum
2613 768 2735 808 esse
2747 751 3043 825 possimus.
3061 748 3366 811 Fratribus
3382 764 3628 828 namque

2041 858 2230 898 rerum
2269 841 2629 897 efficientium
2676 842 2857 897 causis
2902 839 3129 899 videtur
3164 838 3529 911 evangelista,
3559 837 3631 899 de

2040 932 2233 988 Veteri
2259 933 2617 988 Testamento
2646 938 2899 989 astruere
2930 930 3028 987 illa
3063 929 3124 987 in
3171 928 3467 1003 evangelio
3501 942 3631 1005 quae

2042 1022 2337 1095 proponit;
2370 1037 2470 1092 pro
2500 1020 2890 1079 testificatione
2933 1018 3145 1077 scilicet
3170 1018 3445 1090 mysterii.
3476 1015 3632 1079 Nati

2038 1110 2402 1177 Testamenti,
2434 1115 2499 1165 ut
2531 1109 2753 1173 habeat,
2786 1109 3097 1165 secundum
3123 1107 3363 1167 Paulum
3400 1112 3631 1179 aposto—

2036 1204 2156 1261 lum
2187 1204 2353 1270 (Rom.
2386 1214 2470 1265 III,
2503 1197 2619 1267 21),
2651 1198 3041 1255 testimonium
3072 1214 3109 1257 a
3145 1198 3271 1269 lege
3299 1202 3359 1253 et
3392 1197 3632 1271 propher

2036 1293 2139 1359 tis;
2170 1307 2272 1362 pro
2299 1288 2723 1346 confirmatione
2754 1285 2883 1342 ﬁdei
2912 1291 3137 1354 nostrae,
3168 1290 3234 1343 ut
3259 1285 3507 1357 preteeti)
3550 1285 3636 1347 far

2036 1381 2197 1436 cilius
2227 1380 2544 1444 credantur,
2574 1393 2701 1435 cum
2738 1375 3043 1433 viderimus
3081 1375 3301 1448 impleri
3334 1393 3457 1450 qua;
3484 1375 3631 1435 divi.

2036 1471 2191 1527 nitus
2218 1469 2441 1524 fuerant
2469 1484 2581 1523 non
2620 1467 2800 1522 solum
2831 1465 3089 1537 praescita
3123 1469 3180 1520 et
3209 1464 3626 1537 pmdestinata,

2036 1576 2228 1614 verum
2255 1559 2427 1613 etiam
2448 1574 2484 1612 ι
2511 1556 2843 1613 mortalibus
2863 1561 3169 1627 antequam
3197 1554 3398 1611 ﬁerent
3423 1555 3631 1626 prmdi.

2033 1655 2177 1704 cata.
2212 1648 2528 1703 Praesertim
2554 1664 2685 1702 cum
2713 1650 2771 1702 et
2806 1645 3027 1703 devotio
3051 1643 3403 1705 credentium
3428 1660 3497 1705 ex
3522 1644 3630 1706 hoc

356 1752 563 1793 nomen
578 1739 694 1811 ejus
715 1734 1218 1805 Emmanuel,un
1239 1738 1315 1788 est
1334 1738 1763 1804 interpretatum
1782 1724 2021 1791 nobis-3
2036 1738 2216 1809 magis
2251 1739 2527 1804 ﬁrmatur,
2578 1736 2731 1807 quia,
2773 1734 2883 1789 nisi
2922 1738 3110 1789 essent
3136 1734 3411 1791 divinitus
3452 1733 3631 1789 adiut-

357 1842 480 1881 cum
495 1826 660 1880 Deus.
674 1822 847 1881 Recte
865 1823 1040 1894 igitur
1048 1823 1319 1894 quaeritur
1328 1824 1453 1895 quis
1471 1825 1577 1878 hoc
1592 1825 1795 1880 dixerit
1805 1826 1955 1897 quod

356 1914 764 1985 interpretatur
791 1910 1082 1967 nobiscum
1102 1912 1275 1979 Deus,
1292 1913 1567 1985 propheta
1586 1913 1862 1979 videlicet,
1880 1932 1957 1970 an

358 2001 697 2060 Mattheus?
724 2000 837 2055 Sed
856 2001 988 2072 quia
1007 2001 1067 2054 in
1081 2000 1224 2055 libro
1249 2002 1504 2073 ejusdem
1531 2004 1816 2074 propheta
1841 2020 1956 2060 non

357 2092 658 2157 invenitur,
704 2090 1048 2147 arbitramur
1085 2089 1273 2163 potius
1312 2090 1732 2161 Evangelistam
1780 2110 1953 2163 quam

355 2183 620 2253 angelum
638 2186 740 2235 aut
757 2180 1162 2251 Hieronymum
1182 2182 1348 2251 hujus
1368 2180 1521 2234 verbi
1536 2198 1657 2235 esse
1676 2182 1951 2253 interpre-

356 2276 487 2329 tem.
523 2271 743 2342 Quippe
776 2270 909 2341 quia
936 2286 1039 2324 nec
1066 2270 1325 2327 eumdem
1354 2270 1719 2341 interpretem
1749 2272 1819 2326 de
1848 2288 1950 2326 suo

361 2360 650 2432 quidpiam
678 2359 961 2415 addidisse
1002 2359 1314 2427 credimus;
1340 2376 1509 2429 quem
1538 2365 1690 2414 certe
1720 2360 1950 2416 verbum

360 2467 423 2506 ex
459 2449 651 2514 verbo,
682 2450 772 2504 vel
801 2466 1031 2504 sensum
1062 2465 1128 2503 ex
1157 2464 1329 2503 sensu
1359 2449 1548 2503 omnia
1574 2450 1951 2517 transtulisse,

359 2540 593 2596 minime
612 2538 1073 2594 dubitamus.Sed
1093 2554 1287 2593 rursus
1314 2538 1443 2592 hinc
1460 2538 1823 2593 nihilominus
1841 2540 1954 2595 alia

361 2629 592 2701 quaestio
619 2628 924 2695 revirescit,
942 2627 1091 2698 quod
1108 2627 1404 2682 Mattheus
1418 2627 1477 2682 in
1505 2627 1742 2683 Hebraea
1758 2628 1955 2699 lingua

356 2719 719 2789 Evangelium
733 2734 900 2773 suum
917 2716 1186 2782 scribens,
1206 2716 1439 2771 Hebraeo
1452 2723 1615 2772 utens
1630 2718 1953 2784 verbo,eum

355 2807 716 2879 interpretari
743 2807 804 2861 in
826 2822 939 2861 una
968 2806 1276 2876 eademque
1296 2806 1489 2876 lingua
1517 2806 1739 2861 videtur
1767 2807 1953 2863 minus

356 2897 682 2967 indiguisse.
705 2896 791 2950 Ad
812 2896 962 2967 quod
976 2894 1263 2951 fatendum
1287 2896 1437 2965 quia,
1457 2896 1711 2966 quamvis
1732 2897 1952 2952 Emma~

354 2986 485 3045 nuel
515 2985 818 3042 Hebraeum
856 2984 1086 3041 verbum
1114 2985 1208 3050 sit,
1239 2991 1430 3041 tamen
1458 2985 1609 3056 apud
1629 3002 1723 3039 eos
1753 2984 1951 3041 obscu-

2036 1828 2258 1899 plenda,
2290 1842 2581 1897 nunquam
2607 1825 2845 1881 fuissent
2862 1839 2963 1897 per
2989 1824 3166 1881 Deum
3191 1822 3454 1881 humanis
3480 1822 3632 1879 voci-

2035 1918 2141 1973 bus
2161 1917 2477 1989 praedicata.
2519 1916 2751 1972 Necnon
2775 1922 2833 1970 et
2863 1931 2963 1985 pro
2990 1913 3381 1984 conjunctione
3408 1912 3633 1974 Veteris

2037 2025 2101 2062 ac
2130 2007 2273 2062 Novi
2290 2005 2656 2071 Testamenti,
2684 2011 2750 2061 ut
2777 2007 3187 2061 monstraretur
3213 2002 3353 2059 illud
3376 2001 3634 2063 Bacchis.

2036 2098 2104 2152 lis
2137 2097 2344 2167 (Ezech.
2369 2111 2408 2160 ι,
2447 2094 2554 2163 16),
2591 2094 2740 2166 quod
2768 2097 2917 2149 esset
2940 2096 3067 2149 rota
3091 2093 3153 2149 in
3194 2096 3336 2156 rota,
3370 2091 3633 2154 videlicet

2032 2188 2251 2242 Novum
2280 2186 2337 2241 in
2367 2184 2559 2239 Veteri
2577 2183 2997 2255 praisignatum,
3022 2185 3080 2237 et
3108 2182 3496 2241 animarentur
3524 2182 3633 2239 bo»-

2032 2276 2213 2330 mines
2232 2276 2304 2329 ad
2324 2274 2634 2346 spiritalem
2650 2288 2845 2329 eorum
2863 2271 3314 2343 intelligentiam,
3333 2287 3463 2327 cum
3479 2270 3629 2333 viden

2032 2371 2161 2419 rent
2191 2364 2339 2435 quod
2359 2364 2590 2435 spiritus
2616 2363 2740 2419 vitae
2771 2366 2920 2419 esset
2947 2361 3233 2421 introitus.

2093 2455 2405 2522 Exsurgens
2433 2459 2620 2508 autem
2645 2454 2836 2521 Joseph
2866 2470 2902 2506 a
2930 2468 3135 2517 somno,
3170 2454 3300 2520 fecit
3323 2453 3465 2511 sicut
3490 2466 3629 2520 prava

2035 2546 2170 2612 cepit
2191 2545 2240 2596 ei
2269 2545 2498 2609 angelus
2522 2544 2766 2599 Domini.
2796 2541 3079 2598 Nimirum
3100 2540 3193 2597 hic
3206 2541 3349 2610 justi
3376 2540 3483 2595 viri
3498 2556 3631 2613 per.

2035 2632 2179 2687 fecta
2209 2630 2546 2687 describitur
2567 2629 3043 2693 obedientia,dum
3063 2629 3268 2685 dicitur
3290 2647 3302 2683 :
3332 2631 3476 2686 Fecit
3488 2632 3632 2687 sicut

2031 2723 2287 2790 prec-epit
2306 2723 2356 2774 ci
2377 2724 2608 2787 angelus
2622 2721 2865 2774 Domini.
2886 2720 3051 2787 Quia,
3069 2720 3179 2774 nisi
3201 2721 3301 2775 fiat
3327 2720 3473 2775 sicut
3492 2736 3634 2790 pm

2035 2811 2259 2881 cipitur,
2287 2814 2344 2864 et
2370 2826 2482 2863 non
2504 2808 2658 2863 aliud
2685 2824 2852 2879 quam
2883 2809 3032 2880 quod
3055 2808 3396 2880 praecipitur,
3420 2813 3479 2863 et
3506 2813 3635 2871 tum

2032 2902 2134 2957 ﬁat
2153 2900 2376 2970 quando
2386 2899 2472 2953 vel
2487 2898 2582 2953 ubi
2604 2898 2925 2970 prmcipitur
2943 2905 2985 2965 ι
3010 2906 3046 2969 ι
3061 2904 3141 2964 ω,
3160 2896 3483 2959 obedientia
3499 2912 3635 2960 vera.

2033 3007 2154 3044 esse
2184 3006 2297 3045 non
2326 2994 2528 3060 potest.
2580 2988 2688 3043 Ubi
2717 2987 3168 3043 animadvertere
3202 2986 3490 3054 debemus,
3534 3002 3630 3053 ne.

355 3077 645 3133 rissimum
675 3092 814 3141 esse,
849 3075 995 3130 sicut
1022 3080 1079 3129 et
1115 3074 1264 3145 apud
1294 3090 1396 3129 nos
1425 3075 1603 3129 multa
1629 3074 2015 3149 obscuriorac
2033 3080 2182 3151 quod
2211 3079 2441 3134 dicitur:
2466 3080 2604 3132 Fecit
2623 3080 2765 3131 sicut
2787 3080 3039 3146 praecepit
3061 3080 3113 3135 ei
3130 3080 3360 3144 angelus
3383 3077 3629 3144 Domini,

354 3172 482 3223 sunt
510 3164 685 3221 verba
708 3184 724 3233 ;
747 3170 805 3219 et
830 3165 958 3219 ideo
979 3164 1360 3220 necessarium
1380 3162 1554 3219 fuisse
1587 3164 1950 3235 interpretari

356 3256 624 3328 apertius,
659 3260 725 3311 ut
752 3254 881 3310 talis
909 3259 969 3309 et
991 3258 1153 3308 tanta
1178 3252 1473 3325 promissio
1501 3253 1670 3308 nullis
1695 3260 1844 3309 esset
1859 3254 1951 3309 ob-

356 3363 517 3402 scura
545 3344 750 3412 verbis,
790 3359 986 3399 verum
1037 3341 1297 3399 omnibus
1339 3359 1407 3398 ex
1446 3342 1552 3397 hoc
1600 3343 1950 3398 manifestius

355 3440 712 3507 reassumpto
728 3437 1056 3506 patesceret.
1088 3432 1264 3486 Porro
1290 3432 1441 3487 enim
1468 3432 1801 3489 Emmanuel
1827 3449 1952 3504 pro-

283 3516 303 3541 ’
354 3526 540 3597 prium
565 3541 773 3579 nomen
802 3527 908 3590 est,
923 3522 1069 3578 sicut
1089 3527 1146 3576 et
1164 3521 1510 3592 Jesus,quod
1531 3526 1758 3576 vocatus
1778 3527 1861 3576 est
1886 3538 1953 3585 ex

356 3615 728 3687 praeceptione
756 3612 1106 3683 Evangelica.
1132 3611 1311 3681 Igitur
1331 3610 1549 3665 duobus
1571 3610 1694 3666 istis
1714 3611 1953 3665 nomini-

356 3704 477 3772 bus,
506 3721 624 3759 non
652 3703 820 3757 modo
844 3702 1168 3756 Creatorem
1192 3717 1323 3767 eum
1344 3705 1515 3770 atque
1542 3700 1947 3767 restitutorem,

358 3811 546 3849 verum
566 3794 741 3860 etiam
759 3792 1194 3863 gubernatorem
1217 3796 1387 3861 atque
1407 3805 1597 3844 rerum
1608 3789 1951 3861 provisorem

356 3884 491 3951 fore,
521 3884 618 3955 qui
645 3887 841 3937 nostra
891 3881 953 3936 in
980 3897 1149 3935 carne
1191 3881 1342 3936 Deus
1381 3884 1439 3935 et
1465 3880 1635 3934 homo
1666 3879 1946 3950 apparuit,

359 3973 711 4045 praedicatur.
736 3973 879 4039 Nam
899 3972 959 4026 in
978 3987 1044 4025 eo
1068 3970 1218 4041 quod
1239 3969 1474 4040 angelus
1493 3970 1686 4027 Jesum
1706 3985 1836 4024 eum
1855 3984 1953 4023 no—

356 4063 909 4130 minat,Salvatorem
932 4077 1129 4116 eorum
1142 4060 1240 4131 qui
1258 4058 1541 4131 perierant
1553 4058 1741 4129 aptius
1762 4074 1951 4113 recon-

358 4152 559 4223 signat.
603 4157 646 4218 ι
669 4158 708 4217 ι
736 4156 775 4216 ι
824 4150 983 4215 Quod
1007 4166 1136 4203 vero
1166 4148 1440 4220 propheta
1467 4147 1799 4201 Emmanuel
1820 4164 1949 4213 eum

358 4243 618 4314 appellat,
639 4241 907 4307 insinuat,
924 4240 1057 4311 quia
1072 4240 1210 4310 ipse,
1234 4237 1708 4309 quemadmodum
1729 4242 1816 4292 est
1833 4238 1950 4309 pol-

357 4331 556 4397 licitas,
587 4347 717 4397 cum
746 4330 835 4385 his
863 4346 1002 4400 quos
1031 4329 1204 4385 semel
1224 4327 1550 4392 servaverit,
1584 4327 1832 4398 quotidie
1855 4343 1949 4381 sa-

2034 3170 2167 3240 quia
2194 3159 2524 3224 dictum'est
2551 3167 2623 3223 ab
2650 3184 2743 3222 eo:
2767 3168 2897 3221 Noli
2919 3170 3111 3225 timere
3124 3169 3366 3237 accipere
3383 3167 3631 3227 Mariam

2033 3250 2319 3327 conjugem
2350 3264 2527 3324 tuam,
2552 3258 2700 3312 male
2722 3255 3123 3326 intelligentes,
3149 3256 3550 3327 naufragoniur
3568 3256 3632 3318 in

2032 3348 2161 3414 fide,
2192 3347 2352 3418 quasi
2373 3347 2506 3419 quia
2530 3346 2792 3419 praecepit
2818 3346 2969 3403 velut
2995 3347 3292 3419 conjugem
3320 3362 3447 3407 eam
3475 3344 3632 3407 ποί-ν

2033 3454 2184 3508 pere,
2227 3436 2538 3493 obediendo
2577 3436 2827 3495 dicamus
2880 3451 3053 3506 opera
3098 3436 3428 3506 nuptiarum
3465 3452 3628 3498 exerw

2034 3527 2243 3593 cuisse;
2275 3527 2421 3597 quod
2453 3525 2743 3595 Helv'ulius
2761 3526 2951 3585 volens
2970 3542 3241 3592 asserere,
3272 3541 3376 3585 sua.
3400 3525 3631 3597 quidem

2034 3616 2239 3670 mentis
2270 3616 2495 3686 ignavia
2512 3616 2707 3679 victus,
2721 3619 2779 3671 et
2798 3617 2945 3673 mole
2967 3615 3287 3677 divinarum
3307 3615 3630 3687 Scriptura,

2032 3722 2158 3760 rum
2188 3721 2507 3775 oppressus,
2539 3703 2736 3760 didicit
2760 3721 2820 3758 se
2859 3704 3103 3763 nescisse
3130 3705 3331 3766 saltem
3360 3720 3504 3768 sero.
3531 3704 3630 3778 qui

2032 3794 2246 3849 dudum
2275 3794 2499 3863 penitus
2524 3791 2818 3863 ignorabat
2852 3793 2938 3851 vel
2968 3792 3117 3862 quod
3153 3792 3412 3852 nesciret.
3443 3793 3625 3867 Unde,

2033 3883 2180 3937 sicut
2196 3883 2363 3954 paulo
2392 3888 2523 3938 ante
2560 3881 2827 3951 diximus,
2855 3880 3101 3951 idipsum
3129 3881 3456 3945 recolentes.
3488 3880 3630 3942 fatuo

2032 3988 2162 4030 mur
2197 3989 2341 4038 eam,
2373 3988 2499 4029 cum
2533 3976 2680 4029 esset
2707 3971 3043 4041 desponsata
3060 3970 3627 4041 Josephduretranh

2030 4062 2163 4118 iisse
2190 4062 2261 4117 ad
2290 4060 2545 4132 conjugis
2570 4076 2804 4127 nomen;
2837 4059 2971 4130 quia
2987 4058 3048 4113 in
3065 4058 3432 4130 ipsis,praeter
3452 4060 3628 4120 sumi.

2031 4152 2119 4207 nis
2140 4152 2368 4217 coitum,
2402 4167 2517 4207 non
2544 4150 2725 4208 solum
2753 4148 3004 4215 allectus,
3037 4165 3250 4215 verum.
3274 4148 3427 4211 salva
3455 4148 3625 4219 virgi.

2029 4241 2226 4305 nitate,
2259 4240 2473 4297 fructus
2492 4239 2775 4303 invenitur
2802 4238 3129 4311 nuptiarum
3157 4256 3169 4291 :
3203 4242 3262 4293 et
3283 4238 3419 4299 dum
3437 4242 3625 4300 totum

2033 4330 2256 4386 exhibet
2298 4330 2583 4389 servitutis
2612 4335 2782 4405 atque
2809 4329 3019 4389 amoris
3047 4329 3330 4395 allectum,
3360 4327 3624 4389 obedienv

357 4421 537 4487 nando
565 4437 633 4476 ac
654 4421 903 4491 juvando
918 4423 1254 4490 perseverat.
1278 4417 1424 4483 Quid
1453 4422 1644 4472 autem
1665 4416 1738 4470 sit
1761 4417 1943 4472 dicere
1963 4410 2011 4471 D
2026 4420 2167 4475 tiam
2196 4421 2499 4492 sequendo,
2521 4426 2670 4479 recte
2690 4420 2895 4479 dicitur
2906 4418 3101 4478 fecisse
3109 4420 3274 4489 juxta
3291 4419 3481 4477 omnia
3498 4434 3624 4489 qua

358 4512 635 4565 nobiscum
666 4512 827 4577 Deus,
858 4510 1103 4564 Joannes
1142 4507 1498 4578 Evangelista
1516 4506 1783 4572 declarat,
1813 4506 1947 4576 quia

367 4601 609 4666 Verbum,
644 4599 850 4671 inquit,
881 4614 1008 4653 caro
1049 4600 1283 4665 factum,
1317 4602 1366 4652 et
1396 4598 1666 4652 habitavit
1696 4599 1762 4650 in
1790 4597 1943 4659 nobis

358 4692 528 4756 (Joan.
562 4703 604 4756 ι,
636 4689 751 4760 14).
786 4688 924 4744 Indo
970 4686 1217 4759 profecto
1247 4687 1386 4741 illud
1427 4686 1648 4742 Baruch
1687 4686 1942 4757 expletur

352 4780 695 4845 vaticinium,
721 4779 870 4850 quod
897 4778 957 4834 in
984 4783 1138 4834 terra
1160 4777 1311 4832 visus
1340 4777 1431 4843 sit,
1458 4782 1515 4832 et
1542 4793 1671 4832 cum
1695 4774 1939 4830 homini-

352 4868 450 4925 bus
486 4873 850 4925 conversatus
892 4869 1037 4937 (Bar.
1070 4883 1152 4933 ιιι,
1184 4865 1293 4936 38).
1339 4866 1484 4931 Quia
1522 4867 1673 4921 idem
1712 4866 1940 4920 Emma-

351 4960 476 5017 nuel
502 4960 654 5021 Deus
676 4964 736 5014 et
760 4958 931 5015 homo
958 4958 1127 5013 simul
1145 4958 1205 5013 in
1220 4973 1335 5012 una
1364 4957 1673 5026 eademque
1700 4972 1941 5026 persona

350 5048 743 5120 intelligendus
788 5048 1231 5111 commendatur.
1266 5046 1410 5101 Hinc
1451 5050 1537 5101 est
1579 5045 1743 5117 plane
1790 5045 1939 5116 quod

350 5138 511 5203 modo
549 5154 665 5193 non
711 5136 1043 5207 genitricem
1075 5135 1320 5192 hominis
1349 5134 1606 5201 Mariam,
1652 5151 1846 5191 verum
1883 5139 1940 5190 et

351 5227 592 5296 θεοτόκον,
621 5227 678 5285 id
699 5231 787 5282 est
804 5226 909 5281 Dei
921 5226 1270 5296 genitricem,
1304 5241 1431 5289 cum
1444 5223 1730 5279 catholicis
1746 5224 1939 5281 ortho-

352 5317 501 5373 doxis
527 5316 853 5389 plenissime
873 5316 1224 5379 confitemur.
1241 5316 1402 5370 Hunc
1432 5314 1606 5385 igitur
1634 5314 1815 5369 Deum
1842 5330 1939 5369 no~

353 5405 560 5463 hiscum
591 5406 892 5477 dignanter
920 5406 1201 5468 credimus
1230 5404 1577 5468 adfuturum,
1596 5404 1742 5459 sicut
1766 5410 1854 5459 est
1877 5404 1937 5463 in

352 5496 641 5568 prophetia
669 5496 972 5567 signatum,
1005 5501 1063 5555 et
1080 5512 1181 5567 per
1208 5493 1618 5565 Evangelistam
1631 5494 1842 5549 eisdem
1859 5499 1939 5550 te-

356 5585 630 5649 stimoniis
646 5590 983 5649 reseratum.
1003 5586 1185 5651 Quem
1208 5584 1337 5641 ideo
1363 5583 1656 5649 nobiscum
1682 5583 1941 5649 habitare

2026 4509 2130 4564 sibi
2151 4509 2222 4566 ab
2243 4510 2442 4581 angelo
2465 4509 2691 4567 fuerant
2716 4508 3010 4579 imperata.
3024 4507 3132 4567 Ubi
3147 4507 3459 4567 notandum
3470 4508 3623 4579 quod

2024 4597 2117 4653 hic
2146 4598 2380 4669 angelus
2406 4596 2633 4655 Domini
2660 4596 2787 4653 ideo
2806 4612 2935 4657 cum
2955 4595 3339 4657 additamenta
3366 4596 3619 4667 ponitur,

2024 4704 2095 4745 ne
2124 4686 2359 4759 quilibet
2386 4686 2667 4756 malignus
2687 4686 2922 4756 angelus
2945 4683 3116 4745 fuisse
3139 4690 3393 4756 putetur;
3411 4689 3468 4745 et
3486 4687 3621 4747 nulq

2020 4777 2109 4832 lus
2128 4781 2399 4849 appareat
2414 4777 2567 4831 locus
2590 4774 2916 4840 mentiendi,
2933 4790 3043 4844 quo
3063 4773 3250 4835 divina
3266 4780 3619 4845 peraguntur

2021 4867 2313 4939 mysteria,
2347 4871 2405 4922 et
2441 4866 2770 4936 angelorum
2799 4862 3154 4927 celebrantur
3180 4879 3417 4927 summa
3444 4862 3618 4925 devon

2020 4956 2193 5012 tionis
2214 4954 2500 5027 obsequia.

2091 5047 2159 5101 Et
2188 5045 2626 5118 accepit,{inquit,
2649 5048 2932 5114 coniugem
2956 5042 3205 5111 suam,'ot
3233 5059 3346 5103 non
3368 5046 3617 5112 cognovit

2021 5151 2160 5202 eam,
2185 5137 2352 5191 donec
2380 5138 2587 5204 peperit
2613 5137 2799 5207 ﬁlium
2814 5150 2979 5195 suum
2994 5136 3449 5202 primogenitum.
3475 5133 3617 5193 Ecce

2021 5229 2285 5297 praefatus
2316 5225 2523 5282 Christi
2540 5224 2891 5285 adversarius
2919 5224 3203 5295 superﬂuo
3223 5222 3414 5285 labore
3442 5223 3617 5285 desua-

2022 5315 2139 5382 dat,
2168 5315 2539 5386 cognoscendi
2572 5314 2799 5371 verbum
2818 5314 3173 5386 praetendens
3197 5314 3378 5385 magis
3406 5313 3478 5375 ad
3502 5314 3615 5375 (τοῖς

2021 5409 2145 5461 tum
2173 5421 2343 5476 quam
2364 5405 2435 5465 ad
2464 5404 2757 5465 scientiam
2770 5403 3321 5468 referendum.Quasi
3334 5405 3441 5465 hoc
3456 5412 3586 5477 quis

2022 5512 2191 5566 quam
2221 5500 2477 5553 nostrum
2516 5495 2650 5558 velit
2678 5509 2903 5565 negare,
2936 5498 3001 5553 ut
3027 5509 3095 5553 ex
3147 5494 3253 5555 hoc
3281 5497 3460 5564 possit
3486 5510 3618 5552 conv

2021 5587 2209 5655 ﬁcere,
2249 5586 2401 5659 quod
2429 5587 2606 5647 donec
2632 5590 2851 5648 certum
2888 5588 3113 5654 tempus
3150 5582 3431 5653 signiﬁcet
3447 5623 3461 5642 .
3490 5582 3617 5647 Quo
