  <div class='ocr_page' id='page_1' title='image "/cluster/home/n/w/nwhite01/storage/ocr_20150623/120/hvd.32044054759824/065.png"; bbox 0 0 3966 6206; ppageno 0'>
   <div class='ocr_carea' id='block_1_1' title="bbox 282 261 390 321">
    <p class='ocr_par' dir='ltr' id='par_1_1' title="bbox 282 261 390 321">
     <span class='ocr_line' id='line_1_1' title="bbox 282 261 390 321; baseline 0.009 -1"><span class='ocrx_word' id='word_1_1' title='bbox 282 261 390 321; x_wconf 77' lang='lat'>119</span> 
     </span>
    </p>
   </div>
   <div class='ocr_carea' id='block_1_2' title="bbox 1047 252 2789 321">
    <p class='ocr_par' dir='ltr' id='par_1_2' title="bbox 1047 252 2789 321">
     <span class='ocr_line' id='line_1_2' title="bbox 1047 252 2789 321; baseline -0.005 -2"><span class='ocrx_word' id='word_1_2' title='bbox 1047 264 1105 319; x_wconf 84' lang='lat' dir='ltr'>S‘.</span> <span class='ocrx_word' id='word_1_3' title='bbox 1144 263 1522 321; x_wconf 82' lang='lat' dir='ltr'>PASCHASH</span> <span class='ocrx_word' id='word_1_4' title='bbox 1559 255 1920 320; x_wconf 80' lang='lat' dir='ltr'>RADBERTI</span> <span class='ocrx_word' id='word_1_5' title='bbox 1958 254 2262 311; x_wconf 85' lang='lat' dir='ltr'>ABBATIS</span> <span class='ocrx_word' id='word_1_6' title='bbox 2301 252 2789 312; x_wconf 85' lang='lat' dir='ltr'>CORBEIENSIS.</span> 
     </span>
    </p>
   </div>
   <div class='ocr_carea' id='block_1_3' title="bbox 3447 264 3555 325">
    <p class='ocr_par' dir='ltr' id='par_1_3' title="bbox 3447 264 3555 325">
     <span class='ocr_line' id='line_1_3' title="bbox 3447 264 3555 325; baseline 0.056 -6"><span class='ocrx_word' id='word_1_7' title='bbox 3447 264 3555 325; x_wconf 76' lang='grc'>120</span> 
     </span>
    </p>
   </div>
   <div class='ocr_carea' id='block_1_4' title="bbox 281 358 3558 464">
    <p class='ocr_par' dir='ltr' id='par_1_4' title="bbox 281 358 3558 464">
     <span class='ocr_line' id='line_1_4' title="bbox 281 358 3558 464; baseline 0.001 -19"><span class='ocrx_word' id='word_1_8' title='bbox 281 390 580 462; x_wconf 89' lang='lat' dir='ltr'>completo,</span> <span class='ocrx_word' id='word_1_9' title='bbox 613 390 747 463; x_wconf 89' lang='lat' dir='ltr'>quia</span> <span class='ocrx_word' id='word_1_10' title='bbox 763 405 878 446; x_wconf 89' lang='lat' dir='ltr'>non</span> <span class='ocrx_word' id='word_1_11' title='bbox 903 390 1277 462; x_wconf 81' lang='lat' dir='ltr'>cognoscebat</span> <span class='ocrx_word' id='word_1_12' title='bbox 1301 390 1635 457; x_wconf 87' lang='lat' dir='ltr'>eam,donec</span> <span class='ocrx_word' id='word_1_13' title='bbox 1652 384 1872 459; x_wconf 82' lang='lat' dir='ltr'>peperit</span> <span class='ocrx_word' id='word_1_14' title='bbox 1888 381 2137 443; x_wconf 85' lang='lat' dir='ltr'>Adierat</span> <span class='ocrx_word' id='word_1_15' title='bbox 2162 398 2405 453; x_wconf 85' lang='lat' dir='ltr'>namque</span> <span class='ocrx_word' id='word_1_16' title='bbox 2430 388 2700 456; x_wconf 80' lang='lat' dir='ltr'>pastores,</span> <span class='ocrx_word' id='word_1_17' title='bbox 2726 391 2782 440; x_wconf 92' lang='lat' dir='ltr'>et</span> <span class='ocrx_word' id='word_1_18' title='bbox 2810 386 3075 457; x_wconf 84' lang='lat' dir='ltr'>angelum</span> <span class='ocrx_word' id='word_1_19' title='bbox 3088 358 3190 445; x_wconf 86' lang='lat' dir='ltr'>Dei</span> <span class='ocrx_word' id='word_1_20' title='bbox 3212 390 3294 446; x_wconf 88' lang='lat' dir='ltr'>eis</span> <span class='ocrx_word' id='word_1_21' title='bbox 3317 405 3558 464; x_wconf 87' lang='lat' dir='ltr'>evange-</span> 
     </span>
    </p>
   </div>
   <div class='ocr_carea' id='block_1_5' title="bbox 285 478 1879 549">
    <p class='ocr_par' dir='ltr' id='par_1_5' title="bbox 285 478 1879 549">
     <span class='ocr_line' id='line_1_5' title="bbox 285 478 1879 549; baseline -0.003 -15"><span class='ocrx_word' id='word_1_22' title='bbox 285 480 465 535; x_wconf 85' lang='lat' dir='ltr'>ﬁlium</span> <span class='ocrx_word' id='word_1_23' title='bbox 496 497 682 548; x_wconf 90' lang='lat' dir='ltr'>suum,</span> <span class='ocrx_word' id='word_1_24' title='bbox 701 480 962 535; x_wconf 83' lang='lat' dir='ltr'>conﬁciat</span> <span class='ocrx_word' id='word_1_25' title='bbox 983 497 1106 534; x_wconf 86' lang='lat' dir='ltr'>eam</span> <span class='ocrx_word' id='word_1_26' title='bbox 1121 481 1383 535; x_wconf 91' lang='lat' dir='ltr'>continuo</span> <span class='ocrx_word' id='word_1_27' title='bbox 1401 478 1700 549; x_wconf 86' lang='lat' dir='ltr'>cognitam,</span> <span class='ocrx_word' id='word_1_28' title='bbox 1718 479 1879 547; x_wconf 85' lang='lat' dir='ltr'>cujus</span> 
     </span>
    </p>
   </div>
   <div class='ocr_carea' id='block_1_6' title="bbox 285 567 1876 639">
    <p class='ocr_par' dir='ltr' id='par_1_6' title="bbox 285 567 1876 639">
     <span class='ocr_line' id='line_1_6' title="bbox 285 567 1876 639; baseline -0.003 -15"><span class='ocrx_word' id='word_1_29' title='bbox 285 569 662 639; x_wconf 83' lang='lat' dir='ltr'>cognitionem</span> <span class='ocrx_word' id='word_1_30' title='bbox 700 587 826 624; x_wconf 90' lang='lat' dir='ltr'>cum</span> <span class='ocrx_word' id='word_1_31' title='bbox 857 587 942 636; x_wconf 89' lang='lat' dir='ltr'>ea,</span> <span class='ocrx_word' id='word_1_32' title='bbox 977 580 1046 623; x_wconf 87' lang='lat' dir='ltr'>ne</span> <span class='ocrx_word' id='word_1_33' title='bbox 1077 570 1251 623; x_wconf 84' lang='lat' dir='ltr'>coiret</span> <span class='ocrx_word' id='word_1_34' title='bbox 1289 573 1472 631; x_wconf 90' lang='lat' dir='ltr'>antea,</span> <span class='ocrx_word' id='word_1_35' title='bbox 1521 567 1621 620; x_wconf 86' lang='lat' dir='ltr'>ﬁlii</span> <span class='ocrx_word' id='word_1_36' title='bbox 1651 572 1876 619; x_wconf 89' lang='lat' dir='ltr'>tantum</span> 
     </span>
    </p>
   </div>
   <div class='ocr_carea' id='block_1_7' title="bbox 284 656 1870 729">
    <p class='ocr_par' dir='ltr' id='par_1_7' title="bbox 284 656 1870 729">
     <span class='ocr_line' id='line_1_7' title="bbox 284 656 1870 729; baseline -0.003 -16"><span class='ocrx_word' id='word_1_37' title='bbox 284 659 548 713; x_wconf 87' lang='lat' dir='ltr'>nativitas</span> <span class='ocrx_word' id='word_1_38' title='bbox 577 658 887 713; x_wconf 72' lang='lat' dir='ltr'>differebat.</span> <span class='ocrx_word' id='word_1_39' title='bbox 910 658 1001 712; x_wconf 84' lang='lat' dir='ltr'>Ad</span> <span class='ocrx_word' id='word_1_40' title='bbox 1024 658 1169 729; x_wconf 91' lang='lat' dir='ltr'>quod</span> <span class='ocrx_word' id='word_1_41' title='bbox 1188 657 1430 710; x_wconf 83' lang='lat' dir='ltr'>breviter</span> <span class='ocrx_word' id='word_1_42' title='bbox 1449 656 1870 727; x_wconf 88' lang='lat' dir='ltr'>respondentes,</span> 
     </span>
    </p>
   </div>
   <div class='ocr_carea' id='block_1_8' title="bbox 284 743 1876 817">
    <p class='ocr_par' dir='ltr' id='par_1_8' title="bbox 284 743 1876 817">
     <span class='ocr_line' id='line_1_8' title="bbox 284 743 1876 817; baseline -0.003 -15"><span class='ocrx_word' id='word_1_43' title='bbox 284 751 627 816; x_wconf 83' lang='lat' dir='ltr'>cognocesbat</span> <span class='ocrx_word' id='word_1_44' title='bbox 652 747 901 809; x_wconf 88' lang='lat' dir='ltr'>verbum,</span> <span class='ocrx_word' id='word_1_45' title='bbox 925 746 1221 817; x_wconf 83' lang='lat' dir='ltr'>dupliciter</span> <span class='ocrx_word' id='word_1_46' title='bbox 1248 746 1307 799; x_wconf 90' lang='lat' dir='ltr'>in</span> <span class='ocrx_word' id='word_1_47' title='bbox 1340 745 1642 816; x_wconf 88' lang='lat' dir='ltr'>Scripturis</span> <span class='ocrx_word' id='word_1_48' title='bbox 1669 743 1876 798; x_wconf 85' lang='lat' dir='ltr'>sanctis</span> 
     </span>
    </p>
   </div>
   <div class='ocr_carea' id='block_1_9' title="bbox 285 834 1877 907">
    <p class='ocr_par' dir='ltr' id='par_1_9' title="bbox 285 834 1877 907">
     <span class='ocr_line' id='line_1_9' title="bbox 285 834 1877 907; baseline -0.003 -15"><span class='ocrx_word' id='word_1_49' title='bbox 285 853 389 892; x_wconf 90' lang='lat' dir='ltr'>nos</span> <span class='ocrx_word' id='word_1_50' title='bbox 414 837 730 907; x_wconf 83' lang='lat' dir='ltr'>intelligere</span> <span class='ocrx_word' id='word_1_51' title='bbox 756 836 1102 906; x_wconf 85' lang='lat' dir='ltr'>proﬁtemur.</span> <span class='ocrx_word' id='word_1_52' title='bbox 1137 834 1398 889; x_wconf 84' lang='lat' dir='ltr'>Refertur</span> <span class='ocrx_word' id='word_1_53' title='bbox 1424 835 1576 888; x_wconf 89' lang='lat' dir='ltr'>enim</span> <span class='ocrx_word' id='word_1_54' title='bbox 1606 850 1751 905; x_wconf 78' lang='lat' dir='ltr'>saepe</span> <span class='ocrx_word' id='word_1_55' title='bbox 1805 834 1877 887; x_wconf 88' lang='lat' dir='ltr'>ad</span> 
     </span>
    </p>
   </div>
   <div class='ocr_carea' id='block_1_10' title="bbox 283 922 1876 995">
    <p class='ocr_par' dir='ltr' id='par_1_10' title="bbox 283 922 1876 995">
     <span class='ocr_line' id='line_1_10' title="bbox 283 922 1876 995; baseline -0.004 -14"><span class='ocrx_word' id='word_1_56' title='bbox 283 927 598 988; x_wconf 89' lang='lat' dir='ltr'>scientiam,</span> <span class='ocrx_word' id='word_1_57' title='bbox 630 931 693 980; x_wconf 91' lang='lat' dir='ltr'>ut</span> <span class='ocrx_word' id='word_1_58' title='bbox 711 930 793 979; x_wconf 88' lang='lat' dir='ltr'>est</span> <span class='ocrx_word' id='word_1_59' title='bbox 814 924 962 995; x_wconf 88' lang='lat' dir='ltr'>quod</span> <span class='ocrx_word' id='word_1_60' title='bbox 998 941 1139 994; x_wconf 88' lang='lat' dir='ltr'>puer</span> <span class='ocrx_word' id='word_1_61' title='bbox 1165 925 1194 978; x_wconf 91' lang='lat' dir='ltr'>J</span> <span class='ocrx_word' id='word_1_62' title='bbox 1200 941 1327 978; x_wconf 91' lang='lat' dir='ltr'>esus</span> <span class='ocrx_word' id='word_1_63' title='bbox 1351 924 1623 978; x_wconf 83' lang='lat' dir='ltr'>remansit</span> <span class='ocrx_word' id='word_1_64' title='bbox 1652 924 1708 976; x_wconf 91' lang='lat' dir='ltr'>in</span> <span class='ocrx_word' id='word_1_65' title='bbox 1741 922 1876 976; x_wconf 86' lang='lat' dir='ltr'>Hie-</span> 
     </span>
    </p>
   </div>
   <div class='ocr_carea' id='block_1_11' title="bbox 284 1012 1879 1085">
    <p class='ocr_par' dir='ltr' id='par_1_11' title="bbox 284 1012 1879 1085">
     <span class='ocr_line' id='line_1_11' title="bbox 284 1012 1879 1085; baseline -0.003 -15"><span class='ocrx_word' id='word_1_66' title='bbox 284 1017 614 1081; x_wconf 89' lang='lat' dir='ltr'>rusalem,et</span> <span class='ocrx_word' id='word_1_67' title='bbox 630 1030 742 1067; x_wconf 91' lang='lat' dir='ltr'>non</span> <span class='ocrx_word' id='word_1_68' title='bbox 758 1020 1137 1083; x_wconf 88' lang='lat' dir='ltr'>cognoverunt</span> <span class='ocrx_word' id='word_1_69' title='bbox 1159 1020 1420 1085; x_wconf 87' lang='lat' dir='ltr'>parentes</span> <span class='ocrx_word' id='word_1_70' title='bbox 1450 1015 1591 1083; x_wconf 87' lang='lat' dir='ltr'>ejus.</span> <span class='ocrx_word' id='word_1_71' title='bbox 1619 1012 1879 1067; x_wconf 80' lang='lat' dir='ltr'>Refertur</span> 
     </span>
    </p>
   </div>
   <div class='ocr_carea' id='block_1_12' title="bbox 285 1101 1877 1172">
    <p class='ocr_par' dir='ltr' id='par_1_12' title="bbox 285 1101 1877 1172">
     <span class='ocr_line' id='line_1_12' title="bbox 285 1101 1877 1172; baseline -0.002 -15"><span class='ocrx_word' id='word_1_72' title='bbox 285 1109 344 1158; x_wconf 87' lang='lat' dir='ltr'>et</span> <span class='ocrx_word' id='word_1_73' title='bbox 371 1103 442 1156; x_wconf 90' lang='lat' dir='ltr'>ad</span> <span class='ocrx_word' id='word_1_74' title='bbox 479 1102 708 1166; x_wconf 85' lang='lat' dir='ltr'>coitum,</span> <span class='ocrx_word' id='word_1_75' title='bbox 737 1101 889 1155; x_wconf 89' lang='lat' dir='ltr'>velut</span> <span class='ocrx_word' id='word_1_76' title='bbox 917 1101 1037 1172; x_wconf 87' lang='lat' dir='ltr'>ipse</span> <span class='ocrx_word' id='word_1_77' title='bbox 1056 1102 1210 1156; x_wconf 89' lang='lat' dir='ltr'>nullo</span> <span class='ocrx_word' id='word_1_78' title='bbox 1235 1101 1527 1155; x_wconf 85' lang='lat' dir='ltr'>dubitante</span> <span class='ocrx_word' id='word_1_79' title='bbox 1545 1102 1651 1155; x_wconf 90' lang='lat' dir='ltr'>hoc</span> <span class='ocrx_word' id='word_1_80' title='bbox 1680 1101 1738 1154; x_wconf 92' lang='lat' dir='ltr'>in</span> <span class='ocrx_word' id='word_1_81' title='bbox 1758 1101 1877 1154; x_wconf 90' lang='lat' dir='ltr'>loco</span> 
     </span>
    </p>
   </div>
   <div class='ocr_carea' id='block_1_13' title="bbox 283 1190 1877 1262">
    <p class='ocr_par' dir='ltr' id='par_1_13' title="bbox 283 1190 1877 1262">
     <span class='ocr_line' id='line_1_13' title="bbox 283 1190 1877 1262; baseline -0.001 -17"><span class='ocrx_word' id='word_1_82' title='bbox 283 1196 518 1245; x_wconf 85' lang='lat' dir='ltr'>conatur</span> <span class='ocrx_word' id='word_1_83' title='bbox 547 1191 859 1245; x_wconf 86' lang='lat' dir='ltr'>adstruere.</span> <span class='ocrx_word' id='word_1_84' title='bbox 904 1190 1307 1245; x_wconf 76' lang='lat' dir='ltr'>Verumtamen</span> <span class='ocrx_word' id='word_1_85' title='bbox 1345 1191 1718 1262; x_wconf 86' lang='lat' dir='ltr'>quorumdam</span> <span class='ocrx_word' id='word_1_86' title='bbox 1757 1194 1877 1243; x_wconf 90' lang='lat' dir='ltr'>tra-</span> 
     </span>
    </p>
   </div>
   <div class='ocr_carea' id='block_1_14' title="bbox 283 1278 1877 1351">
    <p class='ocr_par' dir='ltr' id='par_1_14' title="bbox 283 1278 1877 1351">
     <span class='ocr_line' id='line_1_14' title="bbox 283 1278 1877 1351; baseline 0 -18"><span class='ocrx_word' id='word_1_87' title='bbox 283 1280 420 1334; x_wconf 90' lang='lat' dir='ltr'>ditio</span> <span class='ocrx_word' id='word_1_88' title='bbox 440 1278 630 1348; x_wconf 89' lang='lat' dir='ltr'>habet,</span> <span class='ocrx_word' id='word_1_89' title='bbox 647 1280 796 1351; x_wconf 89' lang='lat' dir='ltr'>quod</span> <span class='ocrx_word' id='word_1_90' title='bbox 825 1281 1032 1351; x_wconf 86' lang='lat' dir='ltr'>Joseph</span> <span class='ocrx_word' id='word_1_91' title='bbox 1061 1297 1174 1335; x_wconf 90' lang='lat' dir='ltr'>non</span> <span class='ocrx_word' id='word_1_92' title='bbox 1194 1281 1443 1351; x_wconf 89' lang='lat' dir='ltr'>potuerit</span> <span class='ocrx_word' id='word_1_93' title='bbox 1468 1281 1526 1334; x_wconf 90' lang='lat' dir='ltr'>in</span> <span class='ocrx_word' id='word_1_94' title='bbox 1546 1280 1745 1334; x_wconf 86' lang='lat' dir='ltr'>faciem</span> <span class='ocrx_word' id='word_1_95' title='bbox 1756 1281 1877 1350; x_wconf 91' lang='lat' dir='ltr'>ejus</span> 
     </span>
    </p>
   </div>
   <div class='ocr_carea' id='block_1_15' title="bbox 281 1369 1873 1441">
    <p class='ocr_par' dir='ltr' id='par_1_15' title="bbox 281 1369 1873 1441">
     <span class='ocr_line' id='line_1_15' title="bbox 281 1369 1873 1441; baseline 0.001 -19"><span class='ocrx_word' id='word_1_96' title='bbox 281 1369 622 1441; x_wconf 86' lang='lat' dir='ltr'>prospicere,</span> <span class='ocrx_word' id='word_1_97' title='bbox 658 1386 828 1440; x_wconf 89' lang='lat' dir='ltr'>quam</span> <span class='ocrx_word' id='word_1_98' title='bbox 884 1370 1125 1441; x_wconf 89' lang='lat' dir='ltr'>Spiritus</span> <span class='ocrx_word' id='word_1_99' title='bbox 1170 1376 1396 1425; x_wconf 90' lang='lat' dir='ltr'>sanctus</span> <span class='ocrx_word' id='word_1_100' title='bbox 1434 1375 1498 1424; x_wconf 92' lang='lat' dir='ltr'>ut</span> <span class='ocrx_word' id='word_1_101' title='bbox 1538 1370 1873 1440; x_wconf 87' lang='lat' dir='ltr'>conciperet,</span> 
     </span>
    </p>
   </div>
   <div class='ocr_carea' id='block_1_16' title="bbox 282 1458 1881 1529">
    <p class='ocr_par' dir='ltr' id='par_1_16' title="bbox 282 1458 1881 1529">
     <span class='ocr_line' id='line_1_16' title="bbox 282 1458 1881 1529; baseline 0 -17"><span class='ocrx_word' id='word_1_102' title='bbox 282 1458 510 1529; x_wconf 88' lang='lat' dir='ltr'>penitus</span> <span class='ocrx_word' id='word_1_103' title='bbox 540 1459 978 1529; x_wconf 88' lang='lat' dir='ltr'>adimpleverat;</span> <span class='ocrx_word' id='word_1_104' title='bbox 1014 1464 1070 1514; x_wconf 91' lang='lat' dir='ltr'>et</span> <span class='ocrx_word' id='word_1_105' title='bbox 1094 1459 1271 1514; x_wconf 88' lang='lat' dir='ltr'>virtus</span> <span class='ocrx_word' id='word_1_106' title='bbox 1297 1459 1592 1525; x_wconf 82' lang='lat' dir='ltr'>Altissimi,</span> <span class='ocrx_word' id='word_1_107' title='bbox 1622 1475 1693 1513; x_wconf 92' lang='lat' dir='ltr'>ne</span> <span class='ocrx_word' id='word_1_108' title='bbox 1722 1464 1881 1529; x_wconf 86' lang='lat' dir='ltr'>pate-</span> 
     </span>
    </p>
   </div>
   <div class='ocr_carea' id='block_1_17' title="bbox 280 1547 1884 1615">
    <p class='ocr_par' dir='ltr' id='par_1_17' title="bbox 280 1547 1884 1615">
     <span class='ocr_line' id='line_1_17' title="bbox 280 1547 1884 1615; baseline 0.001 -14"><span class='ocrx_word' id='word_1_109' title='bbox 280 1547 705 1602; x_wconf 88' lang='lat' dir='ltr'>returlibidinis</span> <span class='ocrx_word' id='word_1_110' title='bbox 734 1554 953 1615; x_wconf 80' lang='lat' dir='ltr'>aestum,</span> <span class='ocrx_word' id='word_1_111' title='bbox 983 1548 1249 1603; x_wconf 87' lang='lat' dir='ltr'>divinitus</span> <span class='ocrx_word' id='word_1_112' title='bbox 1274 1547 1661 1604; x_wconf 89' lang='lat' dir='ltr'>obumbrabat.</span> <span class='ocrx_word' id='word_1_113' title='bbox 1704 1555 1743 1614; x_wconf 82' lang='grc' dir='ltr'>ι</span> <span class='ocrx_word' id='word_1_114' title='bbox 1768 1551 1884 1613; x_wconf 74' lang='lat' dir='ltr'>l3</span> 
     </span>
    </p>
   </div>
   <div class='ocr_carea' id='block_1_18' title="bbox 285 1636 1881 1709">
    <p class='ocr_par' dir='ltr' id='par_1_18' title="bbox 285 1636 1881 1709">
     <span class='ocr_line' id='line_1_18' title="bbox 285 1636 1881 1709; baseline -0.002 -19"><span class='ocrx_word' id='word_1_115' title='bbox 285 1636 358 1690; x_wconf 90' lang='lat' dir='ltr'>Et</span> <span class='ocrx_word' id='word_1_116' title='bbox 375 1636 521 1704; x_wconf 91' lang='lat' dir='ltr'>ideo,</span> <span class='ocrx_word' id='word_1_117' title='bbox 543 1643 610 1692; x_wconf 92' lang='lat' dir='ltr'>ut</span> <span class='ocrx_word' id='word_1_118' title='bbox 634 1639 846 1705; x_wconf 89' lang='lat' dir='ltr'>volunt,</span> <span class='ocrx_word' id='word_1_119' title='bbox 867 1655 978 1692; x_wconf 93' lang='lat' dir='ltr'>non</span> <span class='ocrx_word' id='word_1_120' title='bbox 998 1638 1367 1709; x_wconf 80' lang='lat' dir='ltr'>cognoscebat</span> <span class='ocrx_word' id='word_1_121' title='bbox 1385 1656 1509 1693; x_wconf 90' lang='lat' dir='ltr'>eam</span> <span class='ocrx_word' id='word_1_122' title='bbox 1540 1638 1679 1691; x_wconf 81' lang='lat' dir='ltr'>facie</span> <span class='ocrx_word' id='word_1_123' title='bbox 1711 1651 1881 1706; x_wconf 90' lang='lat' dir='ltr'>quam</span> 
     </span>
    </p>
   </div>
   <div class='ocr_carea' id='block_1_19' title="bbox 1961 472 3550 551">
    <p class='ocr_par' dir='ltr' id='par_1_19' title="bbox 1961 472 3550 551">
     <span class='ocr_line' id='line_1_19' title="bbox 1961 472 3550 551; baseline 0.005 -24"><span class='ocrx_word' id='word_1_124' title='bbox 1961 472 2155 527; x_wconf 89' lang='lat' dir='ltr'>lizasse</span> <span class='ocrx_word' id='word_1_125' title='bbox 2182 473 2453 543; x_wconf 82' lang='lat' dir='ltr'>gaudium</span> <span class='ocrx_word' id='word_1_126' title='bbox 2481 490 2770 544; x_wconf 87' lang='lat' dir='ltr'>magnum,</span> <span class='ocrx_word' id='word_1_127' title='bbox 2804 477 2953 546; x_wconf 89' lang='lat' dir='ltr'>quod</span> <span class='ocrx_word' id='word_1_128' title='bbox 3003 477 3112 531; x_wconf 89' lang='lat' dir='ltr'>erit</span> <span class='ocrx_word' id='word_1_129' title='bbox 3140 480 3293 534; x_wconf 89' lang='lat' dir='ltr'>omni</span> <span class='ocrx_word' id='word_1_130' title='bbox 3324 482 3550 551; x_wconf 90' lang='lat' dir='ltr'>populo,</span> 
     </span>
    </p>
   </div>
   <div class='ocr_carea' id='block_1_20' title="bbox 1968 563 3552 638">
    <p class='ocr_par' dir='ltr' id='par_1_20' title="bbox 1968 563 3552 638">
     <span class='ocr_line' id='line_1_20' title="bbox 1968 563 3552 638; baseline 0.007 -25"><span class='ocrx_word' id='word_1_131' title='bbox 1968 570 2006 630; x_wconf 78' lang='grc' dir='ltr'>ι</span> <span class='ocrx_word' id='word_1_132' title='bbox 2033 569 2146 630; x_wconf 70' lang='lat' dir='ltr'>l4</span> <span class='ocrx_word' id='word_1_133' title='bbox 2174 566 2326 633; x_wconf 82' lang='lat' dir='ltr'>quia,</span> <span class='ocrx_word' id='word_1_134' title='bbox 2358 563 2561 635; x_wconf 87' lang='lat' dir='ltr'>inquit,</span> <span class='ocrx_word' id='word_1_135' title='bbox 2595 569 2766 617; x_wconf 84' lang='lat' dir='ltr'>natus</span> <span class='ocrx_word' id='word_1_136' title='bbox 2804 571 2878 619; x_wconf 87' lang='lat' dir='ltr'>est</span> <span class='ocrx_word' id='word_1_137' title='bbox 2911 568 3058 620; x_wconf 82' lang='lat' dir='ltr'>vobis</span> <span class='ocrx_word' id='word_1_138' title='bbox 3088 568 3243 622; x_wconf 85' lang='lat' dir='ltr'>hodie</span> <span class='ocrx_word' id='word_1_139' title='bbox 3274 570 3552 638; x_wconf 79' lang='lat' dir='ltr'>Salvator,</span> 
     </span>
    </p>
   </div>
   <div class='ocr_carea' id='block_1_21' title="bbox 1957 653 3558 729">
    <p class='ocr_par' dir='ltr' id='par_1_21' title="bbox 1957 653 3558 729">
     <span class='ocr_line' id='line_1_21' title="bbox 1957 653 3558 729; baseline 0.006 -24"><span class='ocrx_word' id='word_1_140' title='bbox 1957 656 2057 721; x_wconf 88' lang='lat' dir='ltr'>qui</span> <span class='ocrx_word' id='word_1_141' title='bbox 2072 659 2143 706; x_wconf 87' lang='lat' dir='ltr'>est</span> <span class='ocrx_word' id='word_1_142' title='bbox 2166 653 2695 707; x_wconf 71' lang='lat' dir='ltr'>C/iristusDominus</span> <span class='ocrx_word' id='word_1_143' title='bbox 2716 656 2779 707; x_wconf 83' lang='lat' dir='ltr'>in</span> <span class='ocrx_word' id='word_1_144' title='bbox 2791 657 3009 709; x_wconf 82' lang='lat' dir='ltr'>civitate</span> <span class='ocrx_word' id='word_1_145' title='bbox 3026 658 3351 728; x_wconf 85' lang='lat' dir='ltr'>David(Luc.</span> <span class='ocrx_word' id='word_1_146' title='bbox 3369 658 3526 729; x_wconf 68' lang='lat' dir='ltr'>mli)</span> <span class='ocrx_word' id='word_1_147' title='bbox 3545 679 3558 728; x_wconf 87' lang='lat'><strong>;</strong></span> 
     </span>
    </p>
   </div>
   <div class='ocr_carea' id='block_1_22' title="bbox 1958 742 3549 803">
    <p class='ocr_par' dir='ltr' id='par_1_22' title="bbox 1958 742 3549 803">
     <span class='ocr_line' id='line_1_22' title="bbox 1958 742 3549 803; baseline 0.005 -8"><span class='ocrx_word' id='word_1_148' title='bbox 1958 757 2173 795; x_wconf 90' lang='lat' dir='ltr'>necnon</span> <span class='ocrx_word' id='word_1_149' title='bbox 2199 746 2400 795; x_wconf 91' lang='lat' dir='ltr'>etcum</span> <span class='ocrx_word' id='word_1_150' title='bbox 2419 758 2483 795; x_wconf 92' lang='lat' dir='ltr'>eo</span> <span class='ocrx_word' id='word_1_151' title='bbox 2510 742 2704 796; x_wconf 87' lang='lat' dir='ltr'>laudes</span> <span class='ocrx_word' id='word_1_152' title='bbox 2726 744 3002 798; x_wconf 85' lang='lat' dir='ltr'>exercitus</span> <span class='ocrx_word' id='word_1_153' title='bbox 3024 746 3147 799; x_wconf 63' lang='lat' dir='ltr'>caeli</span> <span class='ocrx_word' id='word_1_154' title='bbox 3168 748 3549 803; x_wconf 89' lang='lat' dir='ltr'>concinuisse:</span> 
     </span>
    </p>
   </div>
   <div class='ocr_carea' id='block_1_23' title="bbox 1959 830 3557 908">
    <p class='ocr_par' dir='ltr' id='par_1_23' title="bbox 1959 830 3557 908">
     <span class='ocr_line' id='line_1_23' title="bbox 1959 830 3557 908; baseline 0.006 -22"><span class='ocrx_word' id='word_1_155' title='bbox 1959 830 2145 886; x_wconf 85' lang='lat' dir='ltr'>Gloria</span> <span class='ocrx_word' id='word_1_156' title='bbox 2173 834 2234 884; x_wconf 84' lang='lat' dir='ltr'>in</span> <span class='ocrx_word' id='word_1_157' title='bbox 2263 835 2478 885; x_wconf 65' lang='lat' dir='ltr'>excelsis</span> <span class='ocrx_word' id='word_1_158' title='bbox 2507 833 2631 899; x_wconf 86' lang='lat' dir='ltr'>Deo,</span> <span class='ocrx_word' id='word_1_159' title='bbox 2674 849 2737 886; x_wconf 86' lang='lat' dir='ltr'>ac</span> <span class='ocrx_word' id='word_1_160' title='bbox 2782 833 2999 905; x_wconf 89' lang='lat' dir='ltr'>reliqua</span> <span class='ocrx_word' id='word_1_161' title='bbox 3042 851 3163 906; x_wconf 80' lang='lat' dir='ltr'>quae</span> <span class='ocrx_word' id='word_1_162' title='bbox 3216 845 3557 908; x_wconf 86' lang='lat' dir='ltr'>sequuntur.</span> 
     </span>
    </p>
   </div>
   <div class='ocr_carea' id='block_1_24' title="bbox 1958 920 3555 999">
    <p class='ocr_par' dir='ltr' id='par_1_24' title="bbox 1958 920 3555 999">
     <span class='ocr_line' id='line_1_24' title="bbox 1958 920 3555 999; baseline 0.008 -27"><span class='ocrx_word' id='word_1_163' title='bbox 1958 920 2230 973; x_wconf 88' lang='lat' dir='ltr'>Audierat</span> <span class='ocrx_word' id='word_1_164' title='bbox 2256 925 2312 974; x_wconf 88' lang='lat' dir='ltr'>et</span> <span class='ocrx_word' id='word_1_165' title='bbox 2342 920 2680 986; x_wconf 89' lang='lat' dir='ltr'>Simeonem,</span> <span class='ocrx_word' id='word_1_166' title='bbox 2700 922 2850 975; x_wconf 88' lang='lat' dir='ltr'>inter</span> <span class='ocrx_word' id='word_1_167' title='bbox 2868 924 3156 993; x_wconf 85' lang='lat' dir='ltr'>amplexus</span> <span class='ocrx_word' id='word_1_168' title='bbox 3176 927 3395 996; x_wconf 88' lang='lat' dir='ltr'>parvuli</span> <span class='ocrx_word' id='word_1_169' title='bbox 3418 946 3555 999; x_wconf 64' lang='lat' dir='ltr'>pra:-</span> 
     </span>
    </p>
   </div>
   <div class='ocr_carea' id='block_1_25' title="bbox 1959 1008 3557 1084">
    <p class='ocr_par' dir='ltr' id='par_1_25' title="bbox 1959 1008 3557 1084">
     <span class='ocr_line' id='line_1_25' title="bbox 1959 1008 3557 1084; baseline 0.007 -22"><span class='ocrx_word' id='word_1_170' title='bbox 1959 1008 2237 1063; x_wconf 89' lang='lat' dir='ltr'>dicantem</span> <span class='ocrx_word' id='word_1_171' title='bbox 2265 1012 2462 1064; x_wconf 84' lang='lat' dir='ltr'>:Nunc</span> <span class='ocrx_word' id='word_1_172' title='bbox 2488 1011 2743 1076; x_wconf 79' lang='lat' dir='ltr'>dimittis,</span> <span class='ocrx_word' id='word_1_173' title='bbox 2767 1012 3016 1079; x_wconf 84' lang='lat' dir='ltr'>Domine,</span> <span class='ocrx_word' id='word_1_174' title='bbox 3032 1030 3251 1069; x_wconf 76' lang='lat' dir='ltr'>servum</span> <span class='ocrx_word' id='word_1_175' title='bbox 3271 1022 3451 1084; x_wconf 87' lang='lat' dir='ltr'>tuum,</span> <span class='ocrx_word' id='word_1_176' title='bbox 3475 1037 3557 1074; x_wconf 89' lang='lat' dir='ltr'>se-</span> 
     </span>
    </p>
   </div>
   <div class='ocr_carea' id='block_1_26' title="bbox 1959 1099 3560 1170">
    <p class='ocr_par' dir='ltr' id='par_1_26' title="bbox 1959 1099 3560 1170">
     <span class='ocr_line' id='line_1_26' title="bbox 1959 1099 3560 1170; baseline 0.007 -18"><span class='ocrx_word' id='word_1_177' title='bbox 1959 1100 2207 1152; x_wconf 86' lang='lat' dir='ltr'>cundum</span> <span class='ocrx_word' id='word_1_178' title='bbox 2234 1099 2462 1152; x_wconf 72' lang='lat' dir='ltr'>verbum</span> <span class='ocrx_word' id='word_1_179' title='bbox 2495 1105 2683 1165; x_wconf 82' lang='lat' dir='ltr'>tuum;</span> <span class='ocrx_word' id='word_1_180' title='bbox 2704 1104 2765 1153; x_wconf 86' lang='lat' dir='ltr'>in</span> <span class='ocrx_word' id='word_1_181' title='bbox 2789 1116 2939 1168; x_wconf 85' lang='lat' dir='ltr'>pace,</span> <span class='ocrx_word' id='word_1_182' title='bbox 2960 1105 3096 1170; x_wconf 84' lang='lat' dir='ltr'>quia</span> <span class='ocrx_word' id='word_1_183' title='bbox 3119 1106 3381 1160; x_wconf 78' lang='lat' dir='ltr'>viderunt</span> <span class='ocrx_word' id='word_1_184' title='bbox 3410 1112 3560 1163; x_wconf 89' lang='lat' dir='ltr'>oculi</span> 
     </span>
    </p>
   </div>
   <div class='ocr_carea' id='block_1_27' title="bbox 1958 1181 3559 1266">
    <p class='ocr_par' dir='ltr' id='par_1_27' title="bbox 1958 1181 3559 1266">
     <span class='ocr_line' id='line_1_27' title="bbox 1958 1181 3559 1266; baseline 0.007 -27"><span class='ocrx_word' id='word_1_185' title='bbox 1958 1190 2069 1240; x_wconf 86' lang='lat' dir='ltr'>mei</span> <span class='ocrx_word' id='word_1_186' title='bbox 2082 1190 2328 1241; x_wconf 83' lang='lat' dir='ltr'>salutare</span> <span class='ocrx_word' id='word_1_187' title='bbox 2350 1181 2507 1241; x_wconf 76' lang='lat' dir='ltr'>t&#39;uum</span> <span class='ocrx_word' id='word_1_188' title='bbox 2517 1190 2677 1256; x_wconf 77' lang='lat' dir='ltr'>(Ibid.</span> <span class='ocrx_word' id='word_1_189' title='bbox 2689 1187 2817 1259; x_wconf 75' lang='lat'>,29).</span> <span class='ocrx_word' id='word_1_190' title='bbox 2834 1191 3108 1245; x_wconf 86' lang='lat' dir='ltr'>Audierat</span> <span class='ocrx_word' id='word_1_191' title='bbox 3127 1197 3184 1246; x_wconf 90' lang='lat' dir='ltr'>et</span> <span class='ocrx_word' id='word_1_192' title='bbox 3196 1194 3417 1248; x_wconf 85' lang='lat' dir='ltr'>Annam</span> <span class='ocrx_word' id='word_1_193' title='bbox 3433 1213 3559 1266; x_wconf 92' lang='lat' dir='ltr'>pro-</span> 
     </span>
    </p>
   </div>
   <div class='ocr_carea' id='block_1_28' title="bbox 1959 1275 3556 1349">
    <p class='ocr_par' dir='ltr' id='par_1_28' title="bbox 1959 1275 3556 1349">
     <span class='ocr_line' id='line_1_28' title="bbox 1959 1275 3556 1349; baseline 0.008 -21"><span class='ocrx_word' id='word_1_194' title='bbox 1959 1275 2286 1346; x_wconf 84' lang='lat' dir='ltr'>phetissam,</span> <span class='ocrx_word' id='word_1_195' title='bbox 2330 1292 2523 1346; x_wconf 88' lang='lat' dir='ltr'>magos</span> <span class='ocrx_word' id='word_1_196' title='bbox 2569 1282 2738 1348; x_wconf 89' lang='lat' dir='ltr'>atque</span> <span class='ocrx_word' id='word_1_197' title='bbox 2768 1279 2988 1332; x_wconf 89' lang='lat' dir='ltr'>stellam</span> <span class='ocrx_word' id='word_1_198' title='bbox 3012 1279 3255 1349; x_wconf 86' lang='lat' dir='ltr'>viderat;</span> <span class='ocrx_word' id='word_1_199' title='bbox 3284 1289 3384 1337; x_wconf 91' lang='lat' dir='ltr'>aut</span> <span class='ocrx_word' id='word_1_200' title='bbox 3407 1301 3556 1340; x_wconf 91' lang='lat' dir='ltr'>nun-</span> 
     </span>
    </p>
   </div>
   <div class='ocr_carea' id='block_1_29' title="bbox 1961 1364 3556 1434">
    <p class='ocr_par' dir='ltr' id='par_1_29' title="bbox 1961 1364 3556 1434">
     <span class='ocr_line' id='line_1_29' title="bbox 1961 1364 3556 1434; baseline 0.007 -18"><span class='ocrx_word' id='word_1_201' title='bbox 1961 1364 2092 1434; x_wconf 88' lang='lat' dir='ltr'>quid</span> <span class='ocrx_word' id='word_1_202' title='bbox 2116 1381 2216 1434; x_wconf 90' lang='lat' dir='ltr'>per</span> <span class='ocrx_word' id='word_1_203' title='bbox 2236 1365 2462 1419; x_wconf 89' lang='lat' dir='ltr'>eosdem</span> <span class='ocrx_word' id='word_1_204' title='bbox 2492 1366 2772 1419; x_wconf 89' lang='lat' dir='ltr'>Herodem</span> <span class='ocrx_word' id='word_1_205' title='bbox 2801 1366 3091 1422; x_wconf 88' lang='lat' dir='ltr'>turbatum</span> <span class='ocrx_word' id='word_1_206' title='bbox 3122 1385 3232 1423; x_wconf 90' lang='lat' dir='ltr'>non</span> <span class='ocrx_word' id='word_1_207' title='bbox 3254 1364 3556 1428; x_wconf 74' lang='lat' dir='ltr'>audierat?</span> 
     </span>
    </p>
   </div>
   <div class='ocr_carea' id='block_1_30' title="bbox 1964 1453 3559 1517">
    <p class='ocr_par' dir='ltr' id='par_1_30' title="bbox 1964 1453 3559 1517">
     <span class='ocr_line' id='line_1_30' title="bbox 1964 1453 3559 1517; baseline 0.007 -11"><span class='ocrx_word' id='word_1_208' title='bbox 1964 1453 2161 1507; x_wconf 90' lang='lat' dir='ltr'>Nonne</span> <span class='ocrx_word' id='word_1_209' title='bbox 2188 1454 2513 1508; x_wconf 87' lang='lat' dir='ltr'>Bethlehem</span> <span class='ocrx_word' id='word_1_210' title='bbox 2544 1472 2610 1508; x_wconf 83' lang='lat' dir='ltr'>ex</span> <span class='ocrx_word' id='word_1_211' title='bbox 2637 1455 2900 1510; x_wconf 87' lang='lat' dir='ltr'>vaticinio</span> <span class='ocrx_word' id='word_1_212' title='bbox 2938 1457 3036 1511; x_wconf 91' lang='lat' dir='ltr'>ubi</span> <span class='ocrx_word' id='word_1_213' title='bbox 3067 1458 3324 1514; x_wconf 86' lang='lat' dir='ltr'>Christus</span> <span class='ocrx_word' id='word_1_214' title='bbox 3360 1478 3559 1517; x_wconf 88' lang='lat' dir='ltr'>nasce-</span> 
     </span>
    </p>
   </div>
   <div class='ocr_carea' id='block_1_31' title="bbox 1967 1543 3559 1622">
    <p class='ocr_par' dir='ltr' id='par_1_31' title="bbox 1967 1543 3559 1622">
     <span class='ocr_line' id='line_1_31' title="bbox 1967 1543 3559 1622; baseline 0.007 -27"><span class='ocrx_word' id='word_1_215' title='bbox 1967 1547 2140 1609; x_wconf 88' lang='lat' dir='ltr'>retur,</span> <span class='ocrx_word' id='word_1_216' title='bbox 2173 1560 2207 1597; x_wconf 92' lang='lat' dir='ltr'>a</span> <span class='ocrx_word' id='word_1_217' title='bbox 2237 1543 2581 1614; x_wconf 83' lang='lat' dir='ltr'>principibus</span> <span class='ocrx_word' id='word_1_218' title='bbox 2601 1545 2955 1599; x_wconf 87' lang='lat' dir='ltr'>sacerdotum</span> <span class='ocrx_word' id='word_1_219' title='bbox 2979 1547 3331 1617; x_wconf 86' lang='lat' dir='ltr'>designatam</span> <span class='ocrx_word' id='word_1_220' title='bbox 3360 1567 3559 1622; x_wconf 87' lang='lat' dir='ltr'>cogno-</span> 
     </span>
    </p>
   </div>
   <div class='ocr_carea' id='block_1_32' title="bbox 1964 1632 3560 1707">
    <p class='ocr_par' dir='ltr' id='par_1_32' title="bbox 1964 1632 3560 1707">
     <span class='ocr_line' id='line_1_32' title="bbox 1964 1632 3560 1707; baseline 0.006 -21"><span class='ocrx_word' id='word_1_221' title='bbox 1964 1638 2124 1686; x_wconf 80' lang='lat' dir='ltr'>verat</span> <span class='ocrx_word' id='word_1_222' title='bbox 2136 1632 2341 1703; x_wconf 68' lang='lat' dir='ltr'>?;Quod</span> <span class='ocrx_word' id='word_1_223' title='bbox 2367 1632 2545 1687; x_wconf 83' lang='lat' dir='ltr'>sihaec</span> <span class='ocrx_word' id='word_1_224' title='bbox 2563 1633 2753 1688; x_wconf 88' lang='lat' dir='ltr'>omnia</span> <span class='ocrx_word' id='word_1_225' title='bbox 2774 1634 3131 1705; x_wconf 90' lang='lat' dir='ltr'>impudenter</span> <span class='ocrx_word' id='word_1_226' title='bbox 3154 1637 3443 1707; x_wconf 85' lang='lat' dir='ltr'>ignorasse</span> <span class='ocrx_word' id='word_1_227' title='bbox 3474 1657 3560 1696; x_wconf 83' lang='lat' dir='ltr'>as-</span> 
     </span>
    </p>
   </div>
   <div class='ocr_carea' id='block_1_33' title="bbox 279 1721 3563 1799">
    <p class='ocr_par' dir='ltr' id='par_1_33' title="bbox 279 1721 3563 1799">
     <span class='ocr_line' id='line_1_33' title="bbox 279 1721 3563 1799; baseline 0.002 -21"><span class='ocrx_word' id='word_1_228' title='bbox 279 1724 557 1796; x_wconf 82' lang='lat' dir='ltr'>virginem</span> <span class='ocrx_word' id='word_1_229' title='bbox 592 1727 1044 1799; x_wconf 87' lang='lat' dir='ltr'>desponsaverat,</span> <span class='ocrx_word' id='word_1_230' title='bbox 1078 1728 1254 1782; x_wconf 90' lang='lat' dir='ltr'>donec</span> <span class='ocrx_word' id='word_1_231' title='bbox 1292 1734 1624 1782; x_wconf 88' lang='lat' dir='ltr'>vacuaretur</span> <span class='ocrx_word' id='word_1_232' title='bbox 1651 1732 1871 1791; x_wconf 90' lang='lat' dir='ltr'>uterus;</span> <span class='ocrx_word' id='word_1_233' title='bbox 1891 1736 1941 1797; x_wconf 84' lang='grc' dir='ltr'><strong>Β</strong></span> <span class='ocrx_word' id='word_1_234' title='bbox 1967 1721 2190 1787; x_wconf 83' lang='lat' dir='ltr'>seritur,</span> <span class='ocrx_word' id='word_1_235' title='bbox 2226 1722 2360 1792; x_wconf 90' lang='lat' dir='ltr'>quid</span> <span class='ocrx_word' id='word_1_236' title='bbox 2389 1727 2476 1776; x_wconf 90' lang='lat' dir='ltr'>est</span> <span class='ocrx_word' id='word_1_237' title='bbox 2505 1723 2652 1793; x_wconf 90' lang='lat' dir='ltr'>quod</span> <span class='ocrx_word' id='word_1_238' title='bbox 2682 1724 2861 1778; x_wconf 87' lang='lat' dir='ltr'>Lucas</span> <span class='ocrx_word' id='word_1_239' title='bbox 2891 1726 3080 1791; x_wconf 69' lang='lat' dir='ltr'>refert,</span> <span class='ocrx_word' id='word_1_240' title='bbox 3098 1726 3230 1797; x_wconf 89' lang='lat' dir='ltr'>quia</span> <span class='ocrx_word' id='word_1_241' title='bbox 3257 1729 3421 1782; x_wconf 84' lang='lat' dir='ltr'>Pater</span> <span class='ocrx_word' id='word_1_242' title='bbox 3446 1734 3563 1798; x_wconf 82' lang='lat' dir='ltr'>ejus</span> 
     </span>
    </p>
   </div>
   <div class='ocr_carea' id='block_1_34' title="bbox 286 1814 1878 1887">
    <p class='ocr_par' dir='ltr' id='par_1_34' title="bbox 286 1814 1878 1887">
     <span class='ocr_line' id='line_1_34' title="bbox 286 1814 1878 1887; baseline -0.001 -19"><span class='ocrx_word' id='word_1_243' title='bbox 286 1814 422 1885; x_wconf 88' lang='lat' dir='ltr'>quia</span> <span class='ocrx_word' id='word_1_244' title='bbox 463 1815 696 1870; x_wconf 89' lang='lat' dir='ltr'>nimiam</span> <span class='ocrx_word' id='word_1_245' title='bbox 734 1817 805 1870; x_wconf 91' lang='lat' dir='ltr'>ob</span> <span class='ocrx_word' id='word_1_246' title='bbox 833 1816 1207 1870; x_wconf 86' lang='lat' dir='ltr'>reverentiam</span> <span class='ocrx_word' id='word_1_247' title='bbox 1237 1817 1387 1870; x_wconf 90' lang='lat' dir='ltr'>claro</span> <span class='ocrx_word' id='word_1_248' title='bbox 1417 1820 1646 1887; x_wconf 87' lang='lat' dir='ltr'>aspectu</span> <span class='ocrx_word' id='word_1_249' title='bbox 1683 1814 1878 1884; x_wconf 86' lang='lat' dir='ltr'>nequi-</span> 
     </span>
    </p>
   </div>
   <div class='ocr_carea' id='block_1_35' title="bbox 284 1904 1877 1977">
    <p class='ocr_par' dir='ltr' id='par_1_35' title="bbox 284 1904 1877 1977">
     <span class='ocr_line' id='line_1_35' title="bbox 284 1904 1877 1977; baseline -0.001 -19"><span class='ocrx_word' id='word_1_250' title='bbox 284 1911 441 1959; x_wconf 90' lang='lat' dir='ltr'>verat</span> <span class='ocrx_word' id='word_1_251' title='bbox 475 1905 703 1960; x_wconf 90' lang='lat' dir='ltr'>intueri.</span> <span class='ocrx_word' id='word_1_252' title='bbox 757 1905 1040 1976; x_wconf 88' lang='lat' dir='ltr'>Religiosa</span> <span class='ocrx_word' id='word_1_253' title='bbox 1079 1906 1305 1977; x_wconf 89' lang='lat' dir='ltr'>quidem</span> <span class='ocrx_word' id='word_1_254' title='bbox 1352 1911 1409 1959; x_wconf 91' lang='lat' dir='ltr'>et</span> <span class='ocrx_word' id='word_1_255' title='bbox 1451 1907 1619 1976; x_wconf 89' lang='lat' dir='ltr'>plena</span> <span class='ocrx_word' id='word_1_256' title='bbox 1668 1904 1877 1974; x_wconf 89' lang='lat' dir='ltr'>pietate</span> 
     </span>
    </p>
   </div>
   <div class='ocr_carea' id='block_1_36' title="bbox 284 1992 1872 2053">
    <p class='ocr_par' dir='ltr' id='par_1_36' title="bbox 284 1992 1872 2053">
     <span class='ocr_line' id='line_1_36' title="bbox 284 1992 1872 2053; baseline -0.001 -5"><span class='ocrx_word' id='word_1_257' title='bbox 284 1995 606 2049; x_wconf 85' lang='lat' dir='ltr'>traditionis</span> <span class='ocrx_word' id='word_1_258' title='bbox 644 1995 900 2049; x_wconf 85' lang='lat' dir='ltr'>assertio.</span> <span class='ocrx_word' id='word_1_259' title='bbox 936 1995 1043 2049; x_wconf 91' lang='lat' dir='ltr'>Sed</span> <span class='ocrx_word' id='word_1_260' title='bbox 1068 1994 1175 2049; x_wconf 87' lang='lat' dir='ltr'>hoc</span> <span class='ocrx_word' id='word_1_261' title='bbox 1204 1995 1273 2048; x_wconf 90' lang='lat' dir='ltr'>de</span> <span class='ocrx_word' id='word_1_262' title='bbox 1303 1994 1601 2049; x_wconf 90' lang='lat' dir='ltr'>concubitu</span> <span class='ocrx_word' id='word_1_263' title='bbox 1640 1992 1872 2053; x_wconf 85' lang='lat' dir='ltr'>dictum,</span> 
     </span>
    </p>
   </div>
   <div class='ocr_carea' id='block_1_37' title="bbox 285 2081 1878 2155">
    <p class='ocr_par' dir='ltr' id='par_1_37' title="bbox 285 2081 1878 2155">
     <span class='ocr_line' id='line_1_37' title="bbox 285 2081 1878 2155; baseline -0.002 -18"><span class='ocrx_word' id='word_1_264' title='bbox 285 2083 433 2154; x_wconf 90' lang='lat' dir='ltr'>quod</span> <span class='ocrx_word' id='word_1_265' title='bbox 462 2100 578 2137; x_wconf 91' lang='lat' dir='ltr'>non</span> <span class='ocrx_word' id='word_1_266' title='bbox 606 2084 803 2138; x_wconf 88' lang='lat' dir='ltr'>coierit</span> <span class='ocrx_word' id='word_1_267' title='bbox 822 2100 951 2139; x_wconf 90' lang='lat' dir='ltr'>cum</span> <span class='ocrx_word' id='word_1_268' title='bbox 981 2101 1066 2150; x_wconf 90' lang='lat' dir='ltr'>ea,</span> <span class='ocrx_word' id='word_1_269' title='bbox 1091 2085 1267 2137; x_wconf 90' lang='lat' dir='ltr'>donec</span> <span class='ocrx_word' id='word_1_270' title='bbox 1296 2085 1515 2155; x_wconf 85' lang='lat' dir='ltr'>peperit</span> <span class='ocrx_word' id='word_1_271' title='bbox 1537 2081 1878 2154; x_wconf 89' lang='lat' dir='ltr'>primogeni-</span> 
     </span>
    </p>
   </div>
   <div class='ocr_carea' id='block_1_38' title="bbox 280 2170 1874 2242">
    <p class='ocr_par' dir='ltr' id='par_1_38' title="bbox 280 2170 1874 2242">
     <span class='ocr_line' id='line_1_38' title="bbox 280 2170 1874 2242; baseline -0.003 -15"><span class='ocrx_word' id='word_1_272' title='bbox 280 2178 405 2227; x_wconf 87' lang='lat' dir='ltr'>tum</span> <span class='ocrx_word' id='word_1_273' title='bbox 431 2189 617 2240; x_wconf 89' lang='lat' dir='ltr'>suum,</span> <span class='ocrx_word' id='word_1_274' title='bbox 651 2173 964 2242; x_wconf 87' lang='lat' dir='ltr'>intelligere</span> <span class='ocrx_word' id='word_1_275' title='bbox 1001 2173 1232 2226; x_wconf 90' lang='lat' dir='ltr'>minime</span> <span class='ocrx_word' id='word_1_276' title='bbox 1263 2173 1629 2226; x_wconf 84' lang='lat' dir='ltr'>formidamus</span> <span class='ocrx_word' id='word_1_277' title='bbox 1661 2190 1671 2223; x_wconf 95' lang='lat'>:</span> <span class='ocrx_word' id='word_1_278' title='bbox 1724 2170 1874 2241; x_wconf 90' lang='lat' dir='ltr'>quia,</span> 
     </span>
    </p>
   </div>
   <div class='ocr_carea' id='block_1_39' title="bbox 281 2260 1873 2334">
    <p class='ocr_par' dir='ltr' id='par_1_39' title="bbox 281 2260 1873 2334">
     <span class='ocr_line' id='line_1_39' title="bbox 281 2260 1873 2334; baseline -0.002 -18"><span class='ocrx_word' id='word_1_279' title='bbox 281 2262 450 2316; x_wconf 87' lang='lat' dir='ltr'>donec</span> <span class='ocrx_word' id='word_1_280' title='bbox 480 2267 580 2317; x_wconf 87' lang='lat' dir='ltr'>aut</span> <span class='ocrx_word' id='word_1_281' title='bbox 606 2279 1205 2334; x_wconf 84' lang='lat' dir='ltr'>usque,nonnunquam</span> <span class='ocrx_word' id='word_1_282' title='bbox 1236 2264 1295 2317; x_wconf 90' lang='lat' dir='ltr'>in</span> <span class='ocrx_word' id='word_1_283' title='bbox 1318 2261 1620 2333; x_wconf 86' lang='lat' dir='ltr'>Scripturis</span> <span class='ocrx_word' id='word_1_284' title='bbox 1649 2260 1873 2326; x_wconf 85' lang='lat' dir='ltr'>sanctis,</span> 
     </span>
    </p>
   </div>
   <div class='ocr_carea' id='block_1_40' title="bbox 285 2350 1876 2423">
    <p class='ocr_par' dir='ltr' id='par_1_40' title="bbox 285 2350 1876 2423">
     <span class='ocr_line' id='line_1_40' title="bbox 285 2350 1876 2423; baseline 0 -19"><span class='ocrx_word' id='word_1_285' title='bbox 285 2366 433 2421; x_wconf 80' lang='lat' dir='ltr'>saepe</span> <span class='ocrx_word' id='word_1_286' title='bbox 462 2357 680 2406; x_wconf 91' lang='lat' dir='ltr'>certum</span> <span class='ocrx_word' id='word_1_287' title='bbox 707 2357 951 2423; x_wconf 90' lang='lat' dir='ltr'>tempus,</span> <span class='ocrx_word' id='word_1_288' title='bbox 1003 2369 1148 2423; x_wconf 85' lang='lat' dir='ltr'>saepe</span> <span class='ocrx_word' id='word_1_289' title='bbox 1205 2352 1491 2406; x_wconf 90' lang='lat' dir='ltr'>inﬁnitum</span> <span class='ocrx_word' id='word_1_290' title='bbox 1541 2350 1876 2420; x_wconf 87' lang='lat' dir='ltr'>signiﬁcant.</span> 
     </span>
    </p>
   </div>
   <div class='ocr_carea' id='block_1_41' title="bbox 284 2439 1881 2513">
    <p class='ocr_par' dir='ltr' id='par_1_41' title="bbox 284 2439 1881 2513">
     <span class='ocr_line' id='line_1_41' title="bbox 284 2439 1881 2513; baseline 0.001 -21"><span class='ocrx_word' id='word_1_291' title='bbox 284 2439 429 2493; x_wconf 86' lang='lat' dir='ltr'>Hinc</span> <span class='ocrx_word' id='word_1_292' title='bbox 458 2440 663 2511; x_wconf 88' lang='lat' dir='ltr'>quippe</span> <span class='ocrx_word' id='word_1_293' title='bbox 692 2445 779 2495; x_wconf 89' lang='lat' dir='ltr'>est</span> <span class='ocrx_word' id='word_1_294' title='bbox 816 2442 963 2512; x_wconf 91' lang='lat' dir='ltr'>quod</span> <span class='ocrx_word' id='word_1_295' title='bbox 993 2442 1143 2496; x_wconf 91' lang='lat' dir='ltr'>Deus</span> <span class='ocrx_word' id='word_1_296' title='bbox 1170 2440 1483 2513; x_wconf 89' lang='lat' dir='ltr'>quibusque</span> <span class='ocrx_word' id='word_1_297' title='bbox 1508 2440 1760 2511; x_wconf 87' lang='lat' dir='ltr'>loquitur</span> <span class='ocrx_word' id='word_1_298' title='bbox 1781 2458 1881 2512; x_wconf 86' lang='lat' dir='ltr'>per</span> 
     </span>
    </p>
   </div>
   <div class='ocr_carea' id='block_1_42' title="bbox 284 2527 1881 2598">
    <p class='ocr_par' dir='ltr' id='par_1_42' title="bbox 284 2527 1881 2598">
     <span class='ocr_line' id='line_1_42' title="bbox 284 2527 1881 2598; baseline 0.002 -19"><span class='ocrx_word' id='word_1_299' title='bbox 284 2527 619 2598; x_wconf 86' lang='lat' dir='ltr'>prophetam</span> <span class='ocrx_word' id='word_1_300' title='bbox 651 2545 663 2579; x_wconf 88' lang='lat'><strong>:</strong></span> <span class='ocrx_word' id='word_1_301' title='bbox 715 2530 825 2596; x_wconf 81' lang='lat' dir='ltr'>Ego</span> <span class='ocrx_word' id='word_1_302' title='bbox 871 2545 1015 2595; x_wconf 85' lang='lat' dir='ltr'>sum,</span> <span class='ocrx_word' id='word_1_303' title='bbox 1048 2546 1138 2598; x_wconf 82' lang='lat' dir='ltr'>ego</span> <span class='ocrx_word' id='word_1_304' title='bbox 1168 2546 1312 2593; x_wconf 85' lang='lat' dir='ltr'>sum,</span> <span class='ocrx_word' id='word_1_305' title='bbox 1346 2534 1393 2583; x_wconf 87' lang='lat' dir='ltr'>et</span> <span class='ocrx_word' id='word_1_306' title='bbox 1423 2531 1589 2582; x_wconf 83' lang='lat' dir='ltr'>donec</span> <span class='ocrx_word' id='word_1_307' title='bbox 1636 2545 1881 2583; x_wconf 84' lang='lat' dir='ltr'>senesca-</span> 
     </span>
    </p>
   </div>
   <div class='ocr_carea' id='block_1_43' title="bbox 287 2617 1880 2688">
    <p class='ocr_par' dir='ltr' id='par_1_43' title="bbox 287 2617 1880 2688">
     <span class='ocr_line' id='line_1_43' title="bbox 287 2617 1880 2688; baseline 0.001 -18"><span class='ocrx_word' id='word_1_308' title='bbox 287 2620 357 2670; x_wconf 75' lang='grc' dir='ltr'>ιτς</span> <span class='ocrx_word' id='word_1_309' title='bbox 387 2633 477 2685; x_wconf 88' lang='lat' dir='ltr'>ego</span> <span class='ocrx_word' id='word_1_310' title='bbox 511 2633 656 2670; x_wconf 84' lang='lat' dir='ltr'>sum.</span> <span class='ocrx_word' id='word_1_311' title='bbox 692 2617 836 2681; x_wconf 90' lang='lat' dir='ltr'>Quid</span> <span class='ocrx_word' id='word_1_312' title='bbox 865 2623 952 2672; x_wconf 91' lang='lat' dir='ltr'>est</span> <span class='ocrx_word' id='word_1_313' title='bbox 992 2619 1140 2688; x_wconf 92' lang='lat' dir='ltr'>quod</span> <span class='ocrx_word' id='word_1_314' title='bbox 1170 2618 1322 2684; x_wconf 90' lang='lat' dir='ltr'>dicit,</span> <span class='ocrx_word' id='word_1_315' title='bbox 1354 2618 1531 2672; x_wconf 91' lang='lat' dir='ltr'>donec</span> <span class='ocrx_word' id='word_1_316' title='bbox 1577 2619 1880 2672; x_wconf 85' lang='lat' dir='ltr'>senescatis</span> 
     </span>
    </p>
   </div>
   <div class='ocr_carea' id='block_1_44' title="bbox 285 2706 1880 2778">
    <p class='ocr_par' dir='ltr' id='par_1_44' title="bbox 285 2706 1880 2778">
     <span class='ocr_line' id='line_1_44' title="bbox 285 2706 1880 2778; baseline 0.001 -19"><span class='ocrx_word' id='word_1_317' title='bbox 285 2721 389 2776; x_wconf 88' lang='lat' dir='ltr'>ego</span> <span class='ocrx_word' id='word_1_318' title='bbox 418 2706 580 2759; x_wconf 82' lang='lat' dir='ltr'>sum?</span> <span class='ocrx_word' id='word_1_319' title='bbox 610 2707 876 2777; x_wconf 88' lang='lat' dir='ltr'>Nunquid</span> <span class='ocrx_word' id='word_1_320' title='bbox 922 2713 1219 2778; x_wconf 89' lang='lat' dir='ltr'>postquam</span> <span class='ocrx_word' id='word_1_321' title='bbox 1259 2708 1551 2761; x_wconf 88' lang='lat' dir='ltr'>senuerint</span> <span class='ocrx_word' id='word_1_322' title='bbox 1590 2708 1692 2772; x_wconf 90' lang='lat' dir='ltr'>illi,</span> <span class='ocrx_word' id='word_1_323' title='bbox 1728 2708 1880 2762; x_wconf 89' lang='lat' dir='ltr'>Deus</span> 
     </span>
    </p>
   </div>
   <div class='ocr_carea' id='block_1_45' title="bbox 285 2794 1882 2865">
    <p class='ocr_par' dir='ltr' id='par_1_45' title="bbox 285 2794 1882 2865">
     <span class='ocr_line' id='line_1_45' title="bbox 285 2794 1882 2865; baseline 0.001 -17"><span class='ocrx_word' id='word_1_324' title='bbox 285 2794 383 2865; x_wconf 87' lang='lat' dir='ltr'>qui</span> <span class='ocrx_word' id='word_1_325' title='bbox 407 2799 650 2849; x_wconf 82' lang='lat' dir='ltr'>aeternus</span> <span class='ocrx_word' id='word_1_326' title='bbox 678 2800 765 2849; x_wconf 91' lang='lat' dir='ltr'>est</span> <span class='ocrx_word' id='word_1_327' title='bbox 798 2812 917 2849; x_wconf 90' lang='lat' dir='ltr'>esse</span> <span class='ocrx_word' id='word_1_328' title='bbox 947 2795 1211 2850; x_wconf 85' lang='lat' dir='ltr'>desinet?</span> <span class='ocrx_word' id='word_1_329' title='bbox 1233 2797 1302 2849; x_wconf 90' lang='lat' dir='ltr'>Et</span> <span class='ocrx_word' id='word_1_330' title='bbox 1332 2797 1587 2850; x_wconf 88' lang='lat' dir='ltr'>Salvator</span> <span class='ocrx_word' id='word_1_331' title='bbox 1613 2796 1671 2849; x_wconf 92' lang='lat' dir='ltr'>in</span> <span class='ocrx_word' id='word_1_332' title='bbox 1701 2797 1882 2849; x_wconf 87' lang='lat' dir='ltr'>Evan-</span> 
     </span>
    </p>
   </div>
   <div class='ocr_carea' id='block_1_46' title="bbox 283 2874 1882 2955">
    <p class='ocr_par' dir='ltr' id='par_1_46' title="bbox 283 2874 1882 2955">
     <span class='ocr_line' id='line_1_46' title="bbox 283 2874 1882 2955; baseline 0.001 -19"><span class='ocrx_word' id='word_1_333' title='bbox 283 2883 431 2953; x_wconf 87' lang='lat' dir='ltr'>gelio</span> <span class='ocrx_word' id='word_1_334' title='bbox 458 2901 470 2936; x_wconf 89' lang='lat'><strong>:</strong></span> <span class='ocrx_word' id='word_1_335' title='bbox 502 2885 647 2950; x_wconf 85' lang='lat' dir='ltr'>Ecce,</span> <span class='ocrx_word' id='word_1_336' title='bbox 679 2883 884 2955; x_wconf 90' lang='lat' dir='ltr'>inquit,</span> <span class='ocrx_word' id='word_1_337' title='bbox 926 2887 1201 2938; x_wconf 82' lang='lat' dir='ltr'>vobiscum</span> <span class='ocrx_word' id='word_1_338' title='bbox 1243 2874 1369 2938; x_wconf 58' lang='lat' dir='ltr'>sunt</span> <span class='ocrx_word' id='word_1_339' title='bbox 1397 2887 1652 2939; x_wconf 84' lang='lat' dir='ltr'>omnibus</span> <span class='ocrx_word' id='word_1_340' title='bbox 1696 2886 1882 2938; x_wconf 85' lang='lat' dir='ltr'>diebus</span> 
     </span>
    </p>
   </div>
   <div class='ocr_carea' id='block_1_47' title="bbox 285 2973 1879 3042">
    <p class='ocr_par' dir='ltr' id='par_1_47' title="bbox 285 2973 1879 3042">
     <span class='ocr_line' id='line_1_47' title="bbox 285 2973 1879 3042; baseline 0.001 -18"><span class='ocrx_word' id='word_1_341' title='bbox 285 2987 457 3041; x_wconf 81' lang='lat' dir='ltr'>usque</span> <span class='ocrx_word' id='word_1_342' title='bbox 475 2974 550 3025; x_wconf 91' lang='lat' dir='ltr'>ad</span> <span class='ocrx_word' id='word_1_343' title='bbox 570 2976 1099 3028; x_wconf 81' lang='lat' dir='ltr'>consummationem</span> <span class='ocrx_word' id='word_1_344' title='bbox 1128 2977 1315 3027; x_wconf 73' lang='lat' dir='ltr'>saeculi</span> <span class='ocrx_word' id='word_1_345' title='bbox 1325 2973 1541 3042; x_wconf 75' lang='lat' dir='ltr'>(Matth.</span> <span class='ocrx_word' id='word_1_346' title='bbox 1564 2988 1750 3040; x_wconf 77' lang='lat' dir='ltr'>xxviii,</span> <span class='ocrx_word' id='word_1_347' title='bbox 1769 2974 1879 3031; x_wconf 76' lang='lat'>20).</span> 
     </span>
    </p>
   </div>
   <div class='ocr_carea' id='block_1_48' title="bbox 1958 1814 3558 1882">
    <p class='ocr_par' dir='ltr' id='par_1_48' title="bbox 1958 1814 3558 1882">
     <span class='ocr_line' id='line_1_48' title="bbox 1958 1814 3558 1882; baseline 0.006 -19"><span class='ocrx_word' id='word_1_348' title='bbox 1958 1816 2007 1863; x_wconf 88' lang='lat' dir='ltr'>et</span> <span class='ocrx_word' id='word_1_349' title='bbox 2021 1815 2197 1863; x_wconf 83' lang='lat' dir='ltr'>mater</span> <span class='ocrx_word' id='word_1_350' title='bbox 2219 1814 2488 1865; x_wconf 83' lang='lat' dir='ltr'>mirantes</span> <span class='ocrx_word' id='word_1_351' title='bbox 2499 1818 2659 1866; x_wconf 84' lang='lat' dir='ltr'>erant</span> <span class='ocrx_word' id='word_1_352' title='bbox 2669 1829 2833 1881; x_wconf 81' lang='lat' dir='ltr'>super</span> <span class='ocrx_word' id='word_1_353' title='bbox 2852 1814 2939 1867; x_wconf 84' lang='lat' dir='ltr'>his</span> <span class='ocrx_word' id='word_1_354' title='bbox 2954 1830 3073 1882; x_wconf 57' lang='lat' dir='ltr'>qua</span> <span class='ocrx_word' id='word_1_355' title='bbox 3088 1816 3489 1871; x_wconf 79' lang='lat' dir='ltr'>dicebanturde</span> <span class='ocrx_word' id='word_1_356' title='bbox 3502 1836 3558 1872; x_wconf 88' lang='lat' dir='ltr'>eo</span> 
     </span>
    </p>
   </div>
   <div class='ocr_carea' id='block_1_49' title="bbox 1956 1896 3560 1974">
    <p class='ocr_par' dir='ltr' id='par_1_49' title="bbox 1956 1896 3560 1974">
     <span class='ocr_line' id='line_1_49' title="bbox 1956 1896 3560 1974; baseline 0.005 -21"><span class='ocrx_word' id='word_1_357' title='bbox 1956 1899 2120 1970; x_wconf 83' lang='lat' dir='ltr'>(Ibid.</span> <span class='ocrx_word' id='word_1_358' title='bbox 2133 1896 2238 1967; x_wconf 90' lang='lat'>,33)</span> <span class='ocrx_word' id='word_1_359' title='bbox 2252 1899 2429 1954; x_wconf 86' lang='lat' dir='ltr'>.Unde</span> <span class='ocrx_word' id='word_1_360' title='bbox 2443 1917 2574 1971; x_wconf 90' lang='lat' dir='ltr'>ergo</span> <span class='ocrx_word' id='word_1_361' title='bbox 2589 1900 3012 1969; x_wconf 89' lang='lat' dir='ltr'>mirabantur,si</span> <span class='ocrx_word' id='word_1_362' title='bbox 3025 1919 3136 1957; x_wconf 89' lang='lat' dir='ltr'>non</span> <span class='ocrx_word' id='word_1_363' title='bbox 3149 1908 3560 1974; x_wconf 82' lang='lat' dir='ltr'>cognoverant?</span> 
     </span>
    </p>
   </div>
   <div class='ocr_carea' id='block_1_50' title="bbox 1959 1991 3559 2066">
    <p class='ocr_par' dir='ltr' id='par_1_50' title="bbox 1959 1991 3559 2066">
     <span class='ocr_line' id='line_1_50' title="bbox 1959 1991 3559 2066; baseline 0.005 -24"><span class='ocrx_word' id='word_1_364' title='bbox 1959 1994 2333 2058; x_wconf 87' lang='lat' dir='ltr'>cognoverant</span> <span class='ocrx_word' id='word_1_365' title='bbox 2345 1994 2534 2043; x_wconf 87' lang='lat' dir='ltr'>autem</span> <span class='ocrx_word' id='word_1_366' title='bbox 2551 1991 2743 2060; x_wconf 86' lang='lat' dir='ltr'>utique</span> <span class='ocrx_word' id='word_1_367' title='bbox 2767 2008 2779 2057; x_wconf 91' lang='lat'><strong>;</strong></span> <span class='ocrx_word' id='word_1_368' title='bbox 2794 1997 2852 2045; x_wconf 90' lang='lat' dir='ltr'>et</span> <span class='ocrx_word' id='word_1_369' title='bbox 2866 1991 2988 2046; x_wconf 89' lang='lat' dir='ltr'>ideo</span> <span class='ocrx_word' id='word_1_370' title='bbox 3002 1994 3149 2063; x_wconf 91' lang='lat' dir='ltr'>quod</span> <span class='ocrx_word' id='word_1_371' title='bbox 3166 1994 3267 2048; x_wconf 92' lang='lat' dir='ltr'>Dei</span> <span class='ocrx_word' id='word_1_372' title='bbox 3280 1997 3559 2066; x_wconf 89' lang='lat' dir='ltr'>templum</span> 
     </span>
    </p>
   </div>
   <div class='ocr_carea' id='block_1_51' title="bbox 1960 2078 3562 2150">
    <p class='ocr_par' dir='ltr' id='par_1_51' title="bbox 1960 2078 3562 2150">
     <span class='ocr_line' id='line_1_51' title="bbox 1960 2078 3562 2150; baseline 0.006 -18"><span class='ocrx_word' id='word_1_373' title='bbox 1960 2084 2017 2133; x_wconf 90' lang='lat' dir='ltr'>et</span> <span class='ocrx_word' id='word_1_374' title='bbox 2028 2078 2215 2132; x_wconf 91' lang='lat' dir='ltr'>sedem</span> <span class='ocrx_word' id='word_1_375' title='bbox 2230 2079 2405 2133; x_wconf 88' lang='lat' dir='ltr'>sancti</span> <span class='ocrx_word' id='word_1_376' title='bbox 2423 2080 2684 2150; x_wconf 87' lang='lat' dir='ltr'>Spiritus,</span> <span class='ocrx_word' id='word_1_377' title='bbox 2702 2097 2766 2133; x_wconf 81' lang='lat' dir='ltr'>ac</span> <span class='ocrx_word' id='word_1_378' title='bbox 2791 2086 3031 2135; x_wconf 87' lang='lat' dir='ltr'>matrem</span> <span class='ocrx_word' id='word_1_379' title='bbox 3049 2082 3274 2138; x_wconf 89' lang='lat' dir='ltr'>Domini</span> <span class='ocrx_word' id='word_1_380' title='bbox 3292 2101 3465 2139; x_wconf 90' lang='lat' dir='ltr'>ausus</span> <span class='ocrx_word' id='word_1_381' title='bbox 3486 2089 3562 2142; x_wconf 89' lang='lat' dir='ltr'>sit</span> 
     </span>
    </p>
   </div>
   <div class='ocr_carea' id='block_1_52' title="bbox 1958 2166 3563 2233">
    <p class='ocr_par' dir='ltr' id='par_1_52' title="bbox 1958 2166 3563 2233">
     <span class='ocr_line' id='line_1_52' title="bbox 1958 2166 3563 2233; baseline 0.006 -14"><span class='ocrx_word' id='word_1_382' title='bbox 1958 2166 2188 2233; x_wconf 83' lang='lat' dir='ltr'>violare,</span> <span class='ocrx_word' id='word_1_383' title='bbox 2236 2167 2391 2221; x_wconf 88' lang='lat' dir='ltr'>nefas</span> <span class='ocrx_word' id='word_1_384' title='bbox 2438 2173 2525 2221; x_wconf 86' lang='lat' dir='ltr'>est</span> <span class='ocrx_word' id='word_1_385' title='bbox 2569 2169 2818 2223; x_wconf 89' lang='lat' dir='ltr'>credere.</span> <span class='ocrx_word' id='word_1_386' title='bbox 2872 2170 3191 2225; x_wconf 79' lang='lat' dir='ltr'>Praesertim</span> <span class='ocrx_word' id='word_1_387' title='bbox 3222 2189 3348 2227; x_wconf 89' lang='lat' dir='ltr'>cum</span> <span class='ocrx_word' id='word_1_388' title='bbox 3380 2174 3563 2229; x_wconf 88' lang='lat' dir='ltr'>Lucas</span> 
     </span>
    </p>
   </div>
   <div class='ocr_carea' id='block_1_53' title="bbox 1966 2255 3560 2328">
    <p class='ocr_par' dir='ltr' id='par_1_53' title="bbox 1966 2255 3560 2328">
     <span class='ocr_line' id='line_1_53' title="bbox 1966 2255 3560 2328; baseline 0.006 -19"><span class='ocrx_word' id='word_1_389' title='bbox 1966 2257 2050 2324; x_wconf 85' lang='lat' dir='ltr'>(ll,</span> <span class='ocrx_word' id='word_1_390' title='bbox 2083 2255 2169 2328; x_wconf 83' lang='grc'>19)</span> <span class='ocrx_word' id='word_1_391' title='bbox 2201 2256 2349 2311; x_wconf 90' lang='lat' dir='ltr'>dicat</span> <span class='ocrx_word' id='word_1_392' title='bbox 2370 2258 2518 2327; x_wconf 89' lang='lat' dir='ltr'>quod</span> <span class='ocrx_word' id='word_1_393' title='bbox 2550 2258 2720 2313; x_wconf 80' lang='lat' dir='ltr'>Maria</span> <span class='ocrx_word' id='word_1_394' title='bbox 2750 2262 3160 2314; x_wconf 89' lang='lat' dir='ltr'>conservaverit</span> <span class='ocrx_word' id='word_1_395' title='bbox 3180 2263 3371 2316; x_wconf 88' lang='lat' dir='ltr'>omnia</span> <span class='ocrx_word' id='word_1_396' title='bbox 3390 2264 3560 2319; x_wconf 88' lang='lat' dir='ltr'>verba</span> 
     </span>
    </p>
   </div>
   <div class='ocr_carea' id='block_1_54' title="bbox 1962 2346 3558 2423">
    <p class='ocr_par' dir='ltr' id='par_1_54' title="bbox 1962 2346 3558 2423">
     <span class='ocr_line' id='line_1_54' title="bbox 1962 2346 3558 2423; baseline 0.005 -24"><span class='ocrx_word' id='word_1_397' title='bbox 1962 2346 2079 2400; x_wconf 80' lang='lat' dir='ltr'>haec</span> <span class='ocrx_word' id='word_1_398' title='bbox 2132 2346 2422 2401; x_wconf 84' lang='lat' dir='ltr'>conferens</span> <span class='ocrx_word' id='word_1_399' title='bbox 2466 2347 2523 2400; x_wconf 89' lang='lat' dir='ltr'>in</span> <span class='ocrx_word' id='word_1_400' title='bbox 2570 2349 2738 2402; x_wconf 88' lang='lat' dir='ltr'>corde</span> <span class='ocrx_word' id='word_1_401' title='bbox 2775 2366 2895 2413; x_wconf 92' lang='lat' dir='ltr'>suo,</span> <span class='ocrx_word' id='word_1_402' title='bbox 2928 2355 2994 2403; x_wconf 92' lang='lat' dir='ltr'>ut</span> <span class='ocrx_word' id='word_1_403' title='bbox 3030 2349 3245 2405; x_wconf 87' lang='lat' dir='ltr'>videret</span> <span class='ocrx_word' id='word_1_404' title='bbox 3278 2354 3558 2423; x_wconf 87' lang='lat' dir='ltr'>quomodo</span> 
     </span>
    </p>
   </div>
   <div class='ocr_carea' id='block_1_55' title="bbox 1965 2432 3560 2505">
    <p class='ocr_par' dir='ltr' id='par_1_55' title="bbox 1965 2432 3560 2505">
     <span class='ocr_line' id='line_1_55' title="bbox 1965 2432 3560 2505; baseline 0.006 -21"><span class='ocrx_word' id='word_1_405' title='bbox 1965 2438 2164 2485; x_wconf 91' lang='lat' dir='ltr'>cuncta</span> <span class='ocrx_word' id='word_1_406' title='bbox 2194 2432 2393 2485; x_wconf 77' lang='lat' dir='ltr'>divinae</span> <span class='ocrx_word' id='word_1_407' title='bbox 2413 2433 2553 2503; x_wconf 89' lang='lat' dir='ltr'>legis</span> <span class='ocrx_word' id='word_1_408' title='bbox 2581 2434 2852 2505; x_wconf 82' lang='lat' dir='ltr'>mysteria</span> <span class='ocrx_word' id='word_1_409' title='bbox 2882 2435 3012 2489; x_wconf 90' lang='lat' dir='ltr'>huic</span> <span class='ocrx_word' id='word_1_410' title='bbox 3042 2443 3392 2492; x_wconf 88' lang='lat' dir='ltr'>sacramento</span> <span class='ocrx_word' id='word_1_411' title='bbox 3424 2455 3560 2493; x_wconf 86' lang='lat' dir='ltr'>con-</span> 
     </span>
    </p>
   </div>
   <div class='ocr_carea' id='block_1_56' title="bbox 1962 2522 3561 2596">
    <p class='ocr_par' dir='ltr' id='par_1_56' title="bbox 1962 2522 3561 2596">
     <span class='ocr_line' id='line_1_56' title="bbox 1962 2522 3561 2596; baseline 0.006 -22"><span class='ocrx_word' id='word_1_412' title='bbox 1962 2527 2252 2590; x_wconf 90' lang='lat' dir='ltr'>gruerent.</span> <span class='ocrx_word' id='word_1_413' title='bbox 2285 2522 2501 2594; x_wconf 87' lang='lat' dir='ltr'>Quippe</span> <span class='ocrx_word' id='word_1_414' title='bbox 2547 2523 2684 2577; x_wconf 86' lang='lat' dir='ltr'>satis</span> <span class='ocrx_word' id='word_1_415' title='bbox 2728 2523 2966 2594; x_wconf 91' lang='lat' dir='ltr'>impium</span> <span class='ocrx_word' id='word_1_416' title='bbox 2998 2530 3083 2579; x_wconf 90' lang='lat' dir='ltr'>est</span> <span class='ocrx_word' id='word_1_417' title='bbox 3115 2527 3361 2596; x_wconf 88' lang='lat' dir='ltr'>cogitare</span> <span class='ocrx_word' id='word_1_418' title='bbox 3391 2528 3460 2582; x_wconf 90' lang='lat' dir='ltr'>de</span> <span class='ocrx_word' id='word_1_419' title='bbox 3494 2545 3561 2584; x_wconf 89' lang='lat' dir='ltr'>ea</span> 
     </span>
    </p>
   </div>
   <div class='ocr_carea' id='block_1_57' title="bbox 1965 2610 3555 2685">
    <p class='ocr_par' dir='ltr' id='par_1_57' title="bbox 1965 2610 3555 2685">
     <span class='ocr_line' id='line_1_57' title="bbox 1965 2610 3555 2685; baseline 0.006 -22"><span class='ocrx_word' id='word_1_420' title='bbox 1965 2610 2112 2681; x_wconf 89' lang='lat' dir='ltr'>quod</span> <span class='ocrx_word' id='word_1_421' title='bbox 2150 2626 2401 2681; x_wconf 89' lang='lat' dir='ltr'>unquam</span> <span class='ocrx_word' id='word_1_422' title='bbox 2431 2612 2609 2666; x_wconf 89' lang='lat' dir='ltr'>coitus</span> <span class='ocrx_word' id='word_1_423' title='bbox 2637 2613 2946 2667; x_wconf 89' lang='lat' dir='ltr'>colluvione</span> <span class='ocrx_word' id='word_1_424' title='bbox 2976 2615 3224 2685; x_wconf 90' lang='lat' dir='ltr'>potuerit</span> <span class='ocrx_word' id='word_1_425' title='bbox 3261 2619 3555 2672; x_wconf 88' lang='lat' dir='ltr'>maculari.</span> 
     </span>
    </p>
   </div>
   <div class='ocr_carea' id='block_1_58' title="bbox 1962 2698 3560 2775">
    <p class='ocr_par' dir='ltr' id='par_1_58' title="bbox 1962 2698 3560 2775">
     <span class='ocr_line' id='line_1_58' title="bbox 1962 2698 3560 2775; baseline 0.004 -23"><span class='ocrx_word' id='word_1_426' title='bbox 1962 2698 2109 2752; x_wconf 83' lang='lat' dir='ltr'>Nam</span> <span class='ocrx_word' id='word_1_427' title='bbox 2130 2698 2249 2761; x_wconf 89' lang='lat' dir='ltr'>etsi,</span> <span class='ocrx_word' id='word_1_428' title='bbox 2283 2701 2468 2765; x_wconf 86' lang='lat' dir='ltr'>donec,</span> <span class='ocrx_word' id='word_1_429' title='bbox 2493 2716 2715 2770; x_wconf 89' lang='lat' dir='ltr'>semper</span> <span class='ocrx_word' id='word_1_430' title='bbox 2745 2700 2952 2772; x_wconf 90' lang='lat' dir='ltr'>ubique</span> <span class='ocrx_word' id='word_1_431' title='bbox 2992 2703 3133 2756; x_wconf 85' lang='lat' dir='ltr'>ﬁniti</span> <span class='ocrx_word' id='word_1_432' title='bbox 3161 2709 3308 2757; x_wconf 89' lang='lat' dir='ltr'>esset</span> <span class='ocrx_word' id='word_1_433' title='bbox 3337 2710 3560 2775; x_wconf 76' lang='lat' dir='ltr'>tempo-</span> 
     </span>
    </p>
   </div>
   <div class='ocr_carea' id='block_1_59' title="bbox 1964 2786 3560 2864">
    <p class='ocr_par' dir='ltr' id='par_1_59' title="bbox 1964 2786 3560 2864">
     <span class='ocr_line' id='line_1_59' title="bbox 1964 2786 3560 2864; baseline 0.005 -25"><span class='ocrx_word' id='word_1_434' title='bbox 1964 2786 2059 2851; x_wconf 87' lang='lat' dir='ltr'>ris,</span> <span class='ocrx_word' id='word_1_435' title='bbox 2103 2789 2254 2842; x_wconf 92' lang='lat' dir='ltr'>nullo</span> <span class='ocrx_word' id='word_1_436' title='bbox 2280 2790 2450 2842; x_wconf 92' lang='lat' dir='ltr'>modo</span> <span class='ocrx_word' id='word_1_437' title='bbox 2472 2789 2562 2843; x_wconf 89' lang='lat' dir='ltr'>hic</span> <span class='ocrx_word' id='word_1_438' title='bbox 2591 2807 2723 2845; x_wconf 90' lang='lat' dir='ltr'>eum</span> <span class='ocrx_word' id='word_1_439' title='bbox 2757 2790 2979 2845; x_wconf 89' lang='lat' dir='ltr'>sinebat</span> <span class='ocrx_word' id='word_1_440' title='bbox 3022 2792 3184 2859; x_wconf 88' lang='lat' dir='ltr'>ratio,</span> <span class='ocrx_word' id='word_1_441' title='bbox 3226 2792 3560 2864; x_wconf 88' lang='lat' dir='ltr'>prohibente</span> 
     </span>
    </p>
   </div>
   <div class='ocr_carea' id='block_1_60' title="bbox 1964 2875 3564 2954">
    <p class='ocr_par' dir='ltr' id='par_1_60' title="bbox 1964 2875 3564 2954">
     <span class='ocr_line' id='line_1_60' title="bbox 1964 2875 3564 2954; baseline 0.006 -25"><span class='ocrx_word' id='word_1_442' title='bbox 1964 2875 2087 2946; x_wconf 85' lang='lat' dir='ltr'>lege</span> <span class='ocrx_word' id='word_1_443' title='bbox 2117 2878 2323 2945; x_wconf 88' lang='lat' dir='ltr'>divina,</span> <span class='ocrx_word' id='word_1_444' title='bbox 2352 2879 2573 2933; x_wconf 89' lang='lat' dir='ltr'>ﬁnitum</span> <span class='ocrx_word' id='word_1_445' title='bbox 2611 2880 2868 2950; x_wconf 87' lang='lat' dir='ltr'>intelligi.</span> <span class='ocrx_word' id='word_1_446' title='bbox 2890 2880 3172 2952; x_wconf 87' lang='lat' dir='ltr'>Alioquin,</span> <span class='ocrx_word' id='word_1_447' title='bbox 3205 2882 3253 2936; x_wconf 90' lang='lat' dir='ltr'>si</span> <span class='ocrx_word' id='word_1_448' title='bbox 3284 2900 3411 2937; x_wconf 82' lang='lat' dir='ltr'>mox</span> <span class='ocrx_word' id='word_1_449' title='bbox 3436 2888 3564 2954; x_wconf 88' lang='lat' dir='ltr'>post</span> 
     </span>
    </p>
   </div>
   <div class='ocr_carea' id='block_1_61' title="bbox 1968 2969 3566 3040">
    <p class='ocr_par' dir='ltr' id='par_1_61' title="bbox 1968 2969 3566 3040">
     <span class='ocr_line' id='line_1_61' title="bbox 1968 2969 3566 3040; baseline 0.005 -22"><span class='ocrx_word' id='word_1_450' title='bbox 1968 2972 2192 3037; x_wconf 88' lang='lat' dir='ltr'>partum</span> <span class='ocrx_word' id='word_1_451' title='bbox 2218 2984 2339 3021; x_wconf 90' lang='lat' dir='ltr'>eam</span> <span class='ocrx_word' id='word_1_452' title='bbox 2372 2969 2580 3039; x_wconf 87' lang='lat' dir='ltr'>cogitet</span> <span class='ocrx_word' id='word_1_453' title='bbox 2607 2969 2813 3040; x_wconf 89' lang='lat' dir='ltr'>aliquis</span> <span class='ocrx_word' id='word_1_454' title='bbox 2841 2971 3184 3040; x_wconf 90' lang='lat' dir='ltr'>cognovisse,</span> <span class='ocrx_word' id='word_1_455' title='bbox 3213 2972 3367 3025; x_wconf 91' lang='lat' dir='ltr'>nullo</span> <span class='ocrx_word' id='word_1_456' title='bbox 3395 2972 3566 3026; x_wconf 85' lang='lat' dir='ltr'>inter-</span> 
     </span>
    </p>
   </div>
   <div class='ocr_carea' id='block_1_62' title="bbox 290 3044 3567 3132">
    <p class='ocr_par' dir='ltr' id='par_1_62' title="bbox 290 3044 3567 3132">
     <span class='ocr_line' id='line_1_62' title="bbox 290 3044 3567 3132; baseline 0.004 -20"><span class='ocrx_word' id='word_1_457' title='bbox 290 3058 436 3127; x_wconf 90' lang='lat' dir='ltr'>Ergo</span> <span class='ocrx_word' id='word_1_458' title='bbox 466 3064 594 3130; x_wconf 91' lang='lat' dir='ltr'>post</span> <span class='ocrx_word' id='word_1_459' title='bbox 622 3061 1165 3115; x_wconf 89' lang='lat' dir='ltr'>consummationem</span> <span class='ocrx_word' id='word_1_460' title='bbox 1205 3062 1411 3128; x_wconf 63' lang='lat' dir='ltr'>saeculi,</span> <span class='ocrx_word' id='word_1_461' title='bbox 1453 3078 1565 3115; x_wconf 92' lang='lat' dir='ltr'>non</span> <span class='ocrx_word' id='word_1_462' title='bbox 1598 3062 1708 3116; x_wconf 89' lang='lat' dir='ltr'>erit</span> <span class='ocrx_word' id='word_1_463' title='bbox 1734 3044 1948 3118; x_wconf 75' lang='lat' dir='ltr'>Deusc</span> <span class='ocrx_word' id='word_1_464' title='bbox 1974 3055 2229 3109; x_wconf 65' lang='lat' dir='ltr'>veniente</span> <span class='ocrx_word' id='word_1_465' title='bbox 2272 3057 2622 3127; x_wconf 76' lang='lat' dir='ltr'>purgationis</span> <span class='ocrx_word' id='word_1_466' title='bbox 2665 3075 2780 3112; x_wconf 68' lang='grc' dir='ltr'>δαῖε</span> <span class='ocrx_word' id='word_1_467' title='bbox 2825 3064 3098 3130; x_wconf 62' lang='lat' dir='ltr'>tempore,</span> <span class='ocrx_word' id='word_1_468' title='bbox 3132 3060 3228 3114; x_wconf 74' lang='lat' dir='ltr'>Ubi</span> <span class='ocrx_word' id='word_1_469' title='bbox 3266 3061 3373 3114; x_wconf 69' lang='lat' dir='ltr'>erit</span> <span class='ocrx_word' id='word_1_470' title='bbox 3417 3062 3567 3132; x_wconf 84' lang='lat' dir='ltr'>quod</span> 
     </span>
    </p>
   </div>
   <div class='ocr_carea' id='block_1_63' title="bbox 290 3147 1886 3221">
    <p class='ocr_par' dir='ltr' id='par_1_63' title="bbox 290 3147 1886 3221">
     <span class='ocr_line' id='line_1_63' title="bbox 290 3147 1886 3221; baseline 0.003 -21"><span class='ocrx_word' id='word_1_471' title='bbox 290 3163 421 3201; x_wconf 90' lang='lat' dir='ltr'>cum</span> <span class='ocrx_word' id='word_1_472' title='bbox 465 3147 582 3201; x_wconf 89' lang='lat' dir='ltr'>suis</span> <span class='ocrx_word' id='word_1_473' title='bbox 630 3149 918 3219; x_wconf 90' lang='lat' dir='ltr'>apostolis,</span> <span class='ocrx_word' id='word_1_474' title='bbox 963 3155 1062 3204; x_wconf 88' lang='lat' dir='ltr'>aut</span> <span class='ocrx_word' id='word_1_475' title='bbox 1090 3166 1219 3203; x_wconf 91' lang='lat' dir='ltr'>cum</span> <span class='ocrx_word' id='word_1_476' title='bbox 1247 3151 1456 3204; x_wconf 86' lang='lat' dir='ltr'>sanctis</span> <span class='ocrx_word' id='word_1_477' title='bbox 1485 3151 1623 3217; x_wconf 86' lang='lat' dir='ltr'>suis,</span> <span class='ocrx_word' id='word_1_478' title='bbox 1663 3151 1886 3221; x_wconf 88' lang='lat' dir='ltr'>quando</span> 
     </span>
    </p>
   </div>
   <div class='ocr_carea' id='block_1_64' title="bbox 290 3235 1889 3310">
    <p class='ocr_par' dir='ltr' id='par_1_64' title="bbox 290 3235 1889 3310">
     <span class='ocr_line' id='line_1_64' title="bbox 290 3235 1889 3310; baseline 0.002 -20"><span class='ocrx_word' id='word_1_479' title='bbox 290 3236 400 3290; x_wconf 86' lang='lat' dir='ltr'>erit</span> <span class='ocrx_word' id='word_1_480' title='bbox 426 3235 578 3290; x_wconf 90' lang='lat' dir='ltr'>Deus</span> <span class='ocrx_word' id='word_1_481' title='bbox 606 3236 795 3291; x_wconf 89' lang='lat' dir='ltr'>omnia</span> <span class='ocrx_word' id='word_1_482' title='bbox 826 3238 884 3292; x_wconf 93' lang='lat' dir='ltr'>in</span> <span class='ocrx_word' id='word_1_483' title='bbox 913 3238 1172 3292; x_wconf 90' lang='lat' dir='ltr'>omnibus</span> <span class='ocrx_word' id='word_1_484' title='bbox 1199 3239 1227 3291; x_wconf 91' lang='lat'><strong>?</strong></span> <span class='ocrx_word' id='word_1_485' title='bbox 1257 3239 1326 3293; x_wconf 90' lang='lat' dir='ltr'>Et</span> <span class='ocrx_word' id='word_1_486' title='bbox 1366 3239 1505 3293; x_wconf 92' lang='lat' dir='ltr'>illud</span> <span class='ocrx_word' id='word_1_487' title='bbox 1540 3240 1794 3310; x_wconf 89' lang='lat' dir='ltr'>Apostoli</span> <span class='ocrx_word' id='word_1_488' title='bbox 1823 3257 1889 3293; x_wconf 82' lang='lat' dir='ltr'>ex</span> 
     </span>
    </p>
   </div>
   <div class='ocr_carea' id='block_1_65' title="bbox 290 3326 1891 3397">
    <p class='ocr_par' dir='ltr' id='par_1_65' title="bbox 290 3326 1891 3397">
     <span class='ocr_line' id='line_1_65' title="bbox 290 3326 1891 3397; baseline 0.002 -20"><span class='ocrx_word' id='word_1_489' title='bbox 290 3341 530 3395; x_wconf 87' lang='lat' dir='ltr'>persona</span> <span class='ocrx_word' id='word_1_490' title='bbox 550 3326 652 3378; x_wconf 91' lang='lat' dir='ltr'>ﬁlii</span> <span class='ocrx_word' id='word_1_491' title='bbox 674 3343 685 3378; x_wconf 90' lang='lat'><strong>:</strong></span> <span class='ocrx_word' id='word_1_492' title='bbox 709 3327 860 3394; x_wconf 81' lang='lat' dir='ltr'>Quod</span> <span class='ocrx_word' id='word_1_493' title='bbox 873 3334 1116 3396; x_wconf 84' lang='lat' dir='ltr'>oporteat</span> <span class='ocrx_word' id='word_1_494' title='bbox 1136 3345 1261 3382; x_wconf 87' lang='lat' dir='ltr'>eum</span> <span class='ocrx_word' id='word_1_495' title='bbox 1278 3330 1705 3397; x_wconf 83' lang='lat' dir='ltr'>regnare,donec</span> <span class='ocrx_word' id='word_1_496' title='bbox 1717 3333 1891 3396; x_wconf 80' lang='lat' dir='ltr'>ponat</span> 
     </span>
    </p>
   </div>
   <div class='ocr_carea' id='block_1_66' title="bbox 292 3416 1891 3484">
    <p class='ocr_par' dir='ltr' id='par_1_66' title="bbox 292 3416 1891 3484">
     <span class='ocr_line' id='line_1_66' title="bbox 292 3416 1891 3484; baseline 0.002 -18"><span class='ocrx_word' id='word_1_497' title='bbox 292 3416 553 3468; x_wconf 83' lang='lat' dir='ltr'>inimicos</span> <span class='ocrx_word' id='word_1_498' title='bbox 585 3431 709 3468; x_wconf 88' lang='lat' dir='ltr'>suos</span> <span class='ocrx_word' id='word_1_499' title='bbox 737 3418 837 3469; x_wconf 88' lang='lat' dir='ltr'>sub</span> <span class='ocrx_word' id='word_1_500' title='bbox 861 3418 1087 3484; x_wconf 85' lang='lat' dir='ltr'>pedibus</span> <span class='ocrx_word' id='word_1_501' title='bbox 1113 3420 1229 3471; x_wconf 85' lang='lat' dir='ltr'>suis</span> <span class='ocrx_word' id='word_1_502' title='bbox 1258 3420 1310 3482; x_wconf 82' lang='grc' dir='ltr'>(Ι</span> <span class='ocrx_word' id='word_1_503' title='bbox 1333 3418 1455 3472; x_wconf 86' lang='lat' dir='ltr'>Cor.</span> <span class='ocrx_word' id='word_1_504' title='bbox 1478 3434 1564 3483; x_wconf 84' lang='lat' dir='ltr'>xv,</span> <span class='ocrx_word' id='word_1_505' title='bbox 1597 3417 1707 3473; x_wconf 71' lang='grc'>25).</span> <span class='ocrx_word' id='word_1_506' title='bbox 1737 3417 1891 3470; x_wconf 87' lang='lat' dir='ltr'>Nun-</span> 
     </span>
    </p>
   </div>
   <div class='ocr_carea' id='block_1_67' title="bbox 295 3502 1892 3576">
    <p class='ocr_par' dir='ltr' id='par_1_67' title="bbox 295 3502 1892 3576">
     <span class='ocr_line' id='line_1_67' title="bbox 295 3502 1892 3576; baseline 0.002 -20"><span class='ocrx_word' id='word_1_507' title='bbox 295 3502 431 3572; x_wconf 91' lang='lat' dir='ltr'>quid</span> <span class='ocrx_word' id='word_1_508' title='bbox 454 3502 654 3557; x_wconf 86' lang='lat' dir='ltr'>tandiu</span> <span class='ocrx_word' id='word_1_509' title='bbox 675 3510 1010 3575; x_wconf 87' lang='lat' dir='ltr'>regnaturus</span> <span class='ocrx_word' id='word_1_510' title='bbox 1032 3511 1134 3571; x_wconf 90' lang='lat' dir='ltr'>est,</span> <span class='ocrx_word' id='word_1_511' title='bbox 1168 3505 1344 3563; x_wconf 65' lang='lat' dir='ltr'>donec</span> <span class='ocrx_word' id='word_1_512' title='bbox 1363 3506 1572 3560; x_wconf 90' lang='lat' dir='ltr'>inimici</span> <span class='ocrx_word' id='word_1_513' title='bbox 1595 3506 1892 3576; x_wconf 89' lang='lat' dir='ltr'>subjician-</span> 
     </span>
    </p>
   </div>
   <div class='ocr_carea' id='block_1_68' title="bbox 294 3593 1893 3666">
    <p class='ocr_par' dir='ltr' id='par_1_68' title="bbox 294 3593 1893 3666">
     <span class='ocr_line' id='line_1_68' title="bbox 294 3593 1893 3666; baseline 0.003 -21"><span class='ocrx_word' id='word_1_514' title='bbox 294 3597 392 3646; x_wconf 87' lang='lat' dir='ltr'>tur</span> <span class='ocrx_word' id='word_1_515' title='bbox 424 3593 513 3646; x_wconf 84' lang='lat' dir='ltr'>ei?</span> <span class='ocrx_word' id='word_1_516' title='bbox 554 3598 652 3647; x_wconf 90' lang='lat' dir='ltr'>aut</span> <span class='ocrx_word' id='word_1_517' title='bbox 690 3600 987 3665; x_wconf 89' lang='lat' dir='ltr'>postquam</span> <span class='ocrx_word' id='word_1_518' title='bbox 1018 3596 1098 3650; x_wconf 90' lang='lat' dir='ltr'>illi</span> <span class='ocrx_word' id='word_1_519' title='bbox 1136 3595 1373 3666; x_wconf 84' lang='lat' dir='ltr'>subjecti</span> <span class='ocrx_word' id='word_1_520' title='bbox 1399 3596 1625 3663; x_wconf 81' lang='lat' dir='ltr'>fuerint,</span> <span class='ocrx_word' id='word_1_521' title='bbox 1660 3597 1893 3650; x_wconf 88' lang='lat' dir='ltr'>desistet</span> 
     </span>
    </p>
   </div>
   <div class='ocr_carea' id='block_1_69' title="bbox 295 3684 1891 3756">
    <p class='ocr_par' dir='ltr' id='par_1_69' title="bbox 295 3684 1891 3756">
     <span class='ocr_line' id='line_1_69' title="bbox 295 3684 1891 3756; baseline 0.003 -20"><span class='ocrx_word' id='word_1_522' title='bbox 295 3684 579 3753; x_wconf 84' lang='lat' dir='ltr'>regnare?</span> <span class='ocrx_word' id='word_1_523' title='bbox 606 3684 726 3738; x_wconf 89' lang='lat' dir='ltr'>Tali</span> <span class='ocrx_word' id='word_1_524' title='bbox 753 3684 928 3755; x_wconf 90' lang='lat' dir='ltr'>igitur</span> <span class='ocrx_word' id='word_1_525' title='bbox 962 3685 1259 3739; x_wconf 89' lang='lat' dir='ltr'>locutionis</span> <span class='ocrx_word' id='word_1_526' title='bbox 1282 3703 1488 3756; x_wconf 89' lang='lat' dir='ltr'>genere</span> <span class='ocrx_word' id='word_1_527' title='bbox 1516 3692 1681 3741; x_wconf 87' lang='lat' dir='ltr'>utens</span> <span class='ocrx_word' id='word_1_528' title='bbox 1712 3687 1891 3740; x_wconf 88' lang='lat' dir='ltr'>Evan-</span> 
     </span>
    </p>
   </div>
   <div class='ocr_carea' id='block_1_70' title="bbox 297 3772 1894 3844">
    <p class='ocr_par' dir='ltr' id='par_1_70' title="bbox 297 3772 1894 3844">
     <span class='ocr_line' id='line_1_70' title="bbox 297 3772 1894 3844; baseline 0.001 -17"><span class='ocrx_word' id='word_1_529' title='bbox 297 3772 517 3844; x_wconf 84' lang='lat' dir='ltr'>gelista,</span> <span class='ocrx_word' id='word_1_530' title='bbox 554 3772 800 3844; x_wconf 86' lang='lat' dir='ltr'>profecto</span> <span class='ocrx_word' id='word_1_531' title='bbox 830 3774 1006 3828; x_wconf 87' lang='lat' dir='ltr'>voluit</span> <span class='ocrx_word' id='word_1_532' title='bbox 1041 3774 1306 3829; x_wconf 89' lang='lat' dir='ltr'>intimare</span> <span class='ocrx_word' id='word_1_533' title='bbox 1339 3775 1582 3830; x_wconf 90' lang='lat' dir='ltr'>Mariam</span> <span class='ocrx_word' id='word_1_534' title='bbox 1628 3792 1740 3829; x_wconf 92' lang='lat' dir='ltr'>non</span> <span class='ocrx_word' id='word_1_535' title='bbox 1774 3791 1894 3829; x_wconf 90' lang='lat' dir='ltr'>esse</span> 
     </span>
    </p>
   </div>
   <div class='ocr_carea' id='block_1_71' title="bbox 293 3862 1896 3936">
    <p class='ocr_par' dir='ltr' id='par_1_71' title="bbox 293 3862 1896 3936">
     <span class='ocr_line' id='line_1_71' title="bbox 293 3862 1896 3936; baseline 0.001 -21"><span class='ocrx_word' id='word_1_536' title='bbox 293 3862 581 3931; x_wconf 87' lang='lat' dir='ltr'>cognitam</span> <span class='ocrx_word' id='word_1_537' title='bbox 609 3863 776 3917; x_wconf 88' lang='lat' dir='ltr'>aviro</span> <span class='ocrx_word' id='word_1_538' title='bbox 798 3880 899 3917; x_wconf 90' lang='lat' dir='ltr'>suo</span> <span class='ocrx_word' id='word_1_539' title='bbox 928 3881 1105 3934; x_wconf 90' lang='lat' dir='ltr'>usque</span> <span class='ocrx_word' id='word_1_540' title='bbox 1124 3864 1195 3918; x_wconf 91' lang='lat' dir='ltr'>ad</span> <span class='ocrx_word' id='word_1_541' title='bbox 1222 3870 1465 3936; x_wconf 88' lang='lat' dir='ltr'>partum.</span> <span class='ocrx_word' id='word_1_542' title='bbox 1493 3865 1637 3929; x_wconf 85' lang='lat' dir='ltr'>Quia</span> <span class='ocrx_word' id='word_1_543' title='bbox 1663 3865 1765 3919; x_wconf 91' lang='lat' dir='ltr'>sub</span> <span class='ocrx_word' id='word_1_544' title='bbox 1792 3865 1896 3917; x_wconf 93' lang='lat' dir='ltr'>hoc</span> 
     </span>
    </p>
   </div>
   <div class='ocr_carea' id='block_1_72' title="bbox 294 3952 1896 4023">
    <p class='ocr_par' dir='ltr' id='par_1_72' title="bbox 294 3952 1896 4023">
     <span class='ocr_line' id='line_1_72' title="bbox 294 3952 1896 4023; baseline 0.001 -19"><span class='ocrx_word' id='word_1_545' title='bbox 294 3956 552 4022; x_wconf 84' lang='lat' dir='ltr'>tempore</span> <span class='ocrx_word' id='word_1_546' title='bbox 575 3952 757 4021; x_wconf 85' lang='lat' dir='ltr'>magis</span> <span class='ocrx_word' id='word_1_547' title='bbox 778 3954 1103 4007; x_wconf 90' lang='lat' dir='ltr'>scandalum</span> <span class='ocrx_word' id='word_1_548' title='bbox 1120 3959 1341 4023; x_wconf 89' lang='lat' dir='ltr'>poterat</span> <span class='ocrx_word' id='word_1_549' title='bbox 1352 3954 1521 4007; x_wconf 89' lang='lat' dir='ltr'>etiam</span> <span class='ocrx_word' id='word_1_550' title='bbox 1541 3953 1896 4007; x_wconf 87' lang='lat' dir='ltr'>credentibus</span> 
     </span>
    </p>
   </div>
   <div class='ocr_carea' id='block_1_73' title="bbox 295 4038 1895 4111">
    <p class='ocr_par' dir='ltr' id='par_1_73' title="bbox 295 4038 1895 4111">
     <span class='ocr_line' id='line_1_73' title="bbox 295 4038 1895 4111; baseline 0.002 -19"><span class='ocrx_word' id='word_1_551' title='bbox 295 4038 557 4104; x_wconf 89' lang='lat' dir='ltr'>suboriri,</span> <span class='ocrx_word' id='word_1_552' title='bbox 609 4041 815 4110; x_wconf 88' lang='lat' dir='ltr'>quippe</span> <span class='ocrx_word' id='word_1_553' title='bbox 846 4042 978 4110; x_wconf 88' lang='lat' dir='ltr'>quia</span> <span class='ocrx_word' id='word_1_554' title='bbox 1006 4042 1075 4093; x_wconf 90' lang='lat' dir='ltr'>de</span> <span class='ocrx_word' id='word_1_555' title='bbox 1117 4058 1325 4111; x_wconf 89' lang='lat' dir='ltr'>sponsa</span> <span class='ocrx_word' id='word_1_556' title='bbox 1352 4058 1541 4095; x_wconf 90' lang='lat' dir='ltr'>coram</span> <span class='ocrx_word' id='word_1_557' title='bbox 1571 4043 1745 4096; x_wconf 88' lang='lat' dir='ltr'>oculis</span> <span class='ocrx_word' id='word_1_558' title='bbox 1777 4042 1895 4096; x_wconf 85' lang='lat' dir='ltr'>fru-</span> 
     </span>
    </p>
   </div>
   <div class='ocr_carea' id='block_1_74' title="bbox 297 4127 1896 4202">
    <p class='ocr_par' dir='ltr' id='par_1_74' title="bbox 297 4127 1896 4202">
     <span class='ocr_line' id='line_1_74' title="bbox 297 4127 1896 4202; baseline 0.003 -22"><span class='ocrx_word' id='word_1_559' title='bbox 297 4132 423 4180; x_wconf 89' lang='lat' dir='ltr'>ctus</span> <span class='ocrx_word' id='word_1_560' title='bbox 450 4127 784 4197; x_wconf 87' lang='lat' dir='ltr'>cognitionis</span> <span class='ocrx_word' id='word_1_561' title='bbox 805 4129 853 4197; x_wconf 88' lang='lat' dir='ltr'>ej</span> <span class='ocrx_word' id='word_1_562' title='bbox 862 4144 927 4181; x_wconf 90' lang='lat' dir='ltr'>us</span> <span class='ocrx_word' id='word_1_563' title='bbox 950 4128 1283 4184; x_wconf 88' lang='lat' dir='ltr'>cernebatur</span> <span class='ocrx_word' id='word_1_564' title='bbox 1301 4130 1359 4183; x_wconf 94' lang='lat' dir='ltr'>in</span> <span class='ocrx_word' id='word_1_565' title='bbox 1374 4132 1607 4201; x_wconf 87' lang='lat' dir='ltr'>prolem.</span> <span class='ocrx_word' id='word_1_566' title='bbox 1636 4133 1744 4185; x_wconf 91' lang='lat' dir='ltr'>Sed</span> <span class='ocrx_word' id='word_1_567' title='bbox 1762 4148 1896 4202; x_wconf 89' lang='lat' dir='ltr'>quo-</span> 
     </span>
    </p>
   </div>
   <div class='ocr_carea' id='block_1_75' title="bbox 297 4214 1897 4289">
    <p class='ocr_par' dir='ltr' id='par_1_75' title="bbox 297 4214 1897 4289">
     <span class='ocr_line' id='line_1_75' title="bbox 297 4214 1897 4289; baseline 0.004 -20"><span class='ocrx_word' id='word_1_568' title='bbox 297 4214 455 4269; x_wconf 89' lang='lat' dir='ltr'>niam</span> <span class='ocrx_word' id='word_1_569' title='bbox 474 4221 610 4269; x_wconf 91' lang='lat' dir='ltr'>tunc</span> <span class='ocrx_word' id='word_1_570' title='bbox 639 4230 768 4268; x_wconf 88' lang='lat' dir='ltr'>vere</span> <span class='ocrx_word' id='word_1_571' title='bbox 797 4232 857 4268; x_wconf 89' lang='lat' dir='ltr'>se</span> <span class='ocrx_word' id='word_1_572' title='bbox 883 4215 1171 4283; x_wconf 88' lang='lat' dir='ltr'>abstinuit,</span> <span class='ocrx_word' id='word_1_573' title='bbox 1191 4235 1318 4272; x_wconf 91' lang='lat' dir='ltr'>cum</span> <span class='ocrx_word' id='word_1_574' title='bbox 1344 4219 1414 4273; x_wconf 91' lang='lat' dir='ltr'>de</span> <span class='ocrx_word' id='word_1_575' title='bbox 1437 4220 1691 4289; x_wconf 92' lang='lat' dir='ltr'>jussione</span> <span class='ocrx_word' id='word_1_576' title='bbox 1715 4221 1897 4275; x_wconf 90' lang='lat' dir='ltr'>adhuc</span> 
     </span>
    </p>
   </div>
   <div class='ocr_carea' id='block_1_76' title="bbox 297 4302 1892 4378">
    <p class='ocr_par' dir='ltr' id='par_1_76' title="bbox 297 4302 1892 4378">
     <span class='ocr_line' id='line_1_76' title="bbox 297 4302 1892 4378; baseline 0.004 -20"><span class='ocrx_word' id='word_1_577' title='bbox 297 4307 522 4376; x_wconf 84' lang='lat' dir='ltr'>poterat</span> <span class='ocrx_word' id='word_1_578' title='bbox 570 4302 834 4368; x_wconf 90' lang='lat' dir='ltr'>dubitari,</span> <span class='ocrx_word' id='word_1_579' title='bbox 871 4304 1049 4359; x_wconf 90' lang='lat' dir='ltr'>multo</span> <span class='ocrx_word' id='word_1_580' title='bbox 1102 4306 1280 4376; x_wconf 89' lang='lat' dir='ltr'>magis</span> <span class='ocrx_word' id='word_1_581' title='bbox 1335 4307 1760 4378; x_wconf 88' lang='lat' dir='ltr'>intelligendum</span> <span class='ocrx_word' id='word_1_582' title='bbox 1790 4316 1892 4372; x_wconf 85' lang='lat' dir='ltr'>est,</span> 
     </span>
    </p>
   </div>
   <div class='ocr_carea' id='block_1_77' title="bbox 301 4392 1893 4469">
    <p class='ocr_par' dir='ltr' id='par_1_77' title="bbox 301 4392 1893 4469">
     <span class='ocr_line' id='line_1_77' title="bbox 301 4392 1893 4469; baseline 0.004 -23"><span class='ocrx_word' id='word_1_583' title='bbox 301 4392 452 4463; x_wconf 88' lang='lat' dir='ltr'>quod</span> <span class='ocrx_word' id='word_1_584' title='bbox 481 4397 608 4463; x_wconf 88' lang='lat' dir='ltr'>post</span> <span class='ocrx_word' id='word_1_585' title='bbox 626 4398 851 4463; x_wconf 90' lang='lat' dir='ltr'>partum</span> <span class='ocrx_word' id='word_1_586' title='bbox 880 4410 1005 4447; x_wconf 89' lang='lat' dir='ltr'>eam</span> <span class='ocrx_word' id='word_1_587' title='bbox 1022 4410 1133 4448; x_wconf 92' lang='lat' dir='ltr'>non</span> <span class='ocrx_word' id='word_1_588' title='bbox 1151 4396 1502 4465; x_wconf 86' lang='lat' dir='ltr'>cognoverit;</span> <span class='ocrx_word' id='word_1_589' title='bbox 1524 4398 1746 4467; x_wconf 89' lang='lat' dir='ltr'>quando</span> <span class='ocrx_word' id='word_1_590' title='bbox 1753 4400 1893 4469; x_wconf 89' lang='lat' dir='ltr'>jam,</span> 
     </span>
    </p>
   </div>
   <div class='ocr_carea' id='block_1_78' title="bbox 300 4481 1899 4559">
    <p class='ocr_par' dir='ltr' id='par_1_78' title="bbox 300 4481 1899 4559">
     <span class='ocr_line' id='line_1_78' title="bbox 300 4481 1899 4559; baseline 0.006 -24"><span class='ocrx_word' id='word_1_591' title='bbox 300 4481 497 4536; x_wconf 89' lang='lat' dir='ltr'>multis</span> <span class='ocrx_word' id='word_1_592' title='bbox 516 4482 833 4556; x_wconf 77' lang='lat' dir='ltr'>divinarum</span> <span class='ocrx_word' id='word_1_593' title='bbox 867 4500 1054 4538; x_wconf 90' lang='lat' dir='ltr'>rerum</span> <span class='ocrx_word' id='word_1_594' title='bbox 1076 4484 1301 4539; x_wconf 87' lang='lat' dir='ltr'>indiciis</span> <span class='ocrx_word' id='word_1_595' title='bbox 1322 4486 1473 4540; x_wconf 90' lang='lat' dir='ltr'>Deus</span> <span class='ocrx_word' id='word_1_596' title='bbox 1498 4486 1647 4541; x_wconf 89' lang='lat' dir='ltr'>idem</span> <span class='ocrx_word' id='word_1_597' title='bbox 1679 4489 1775 4559; x_wconf 92' lang='lat' dir='ltr'>qui</span> <span class='ocrx_word' id='word_1_598' title='bbox 1803 4506 1899 4545; x_wconf 87' lang='lat' dir='ltr'>na-</span> 
     </span>
    </p>
   </div>
   <div class='ocr_carea' id='block_1_79' title="bbox 301 4571 1899 4643">
    <p class='ocr_par' dir='ltr' id='par_1_79' title="bbox 301 4571 1899 4643">
     <span class='ocr_line' id='line_1_79' title="bbox 301 4571 1899 4643; baseline 0.006 -18"><span class='ocrx_word' id='word_1_599' title='bbox 301 4571 495 4637; x_wconf 89' lang='lat' dir='ltr'>scitur,</span> <span class='ocrx_word' id='word_1_600' title='bbox 541 4577 711 4643; x_wconf 89' lang='lat' dir='ltr'>atque</span> <span class='ocrx_word' id='word_1_601' title='bbox 740 4573 906 4627; x_wconf 89' lang='lat' dir='ltr'>homo</span> <span class='ocrx_word' id='word_1_602' title='bbox 937 4574 1038 4627; x_wconf 92' lang='lat' dir='ltr'>Dei</span> <span class='ocrx_word' id='word_1_603' title='bbox 1081 4574 1254 4628; x_wconf 87' lang='lat' dir='ltr'>Filius</span> <span class='ocrx_word' id='word_1_604' title='bbox 1286 4576 1622 4633; x_wconf 88' lang='lat' dir='ltr'>declaratur.</span> <span class='ocrx_word' id='word_1_605' title='bbox 1665 4578 1823 4642; x_wconf 88' lang='lat' dir='ltr'>Quod</span> <span class='ocrx_word' id='word_1_606' title='bbox 1850 4580 1899 4637; x_wconf 91' lang='lat' dir='ltr'>si</span> 
     </span>
    </p>
   </div>
   <div class='ocr_carea' id='block_1_80' title="bbox 303 4661 1896 4737">
    <p class='ocr_par' dir='ltr' id='par_1_80' title="bbox 303 4661 1896 4737">
     <span class='ocr_line' id='line_1_80' title="bbox 303 4661 1896 4737; baseline 0.005 -22"><span class='ocrx_word' id='word_1_607' title='bbox 303 4661 606 4733; x_wconf 73' lang='lat' dir='ltr'>quaerimus</span> <span class='ocrx_word' id='word_1_608' title='bbox 632 4679 733 4717; x_wconf 90' lang='lat' dir='ltr'>cur</span> <span class='ocrx_word' id='word_1_609' title='bbox 759 4664 965 4735; x_wconf 90' lang='lat' dir='ltr'>Joseph</span> <span class='ocrx_word' id='word_1_610' title='bbox 994 4682 1171 4736; x_wconf 87' lang='lat' dir='ltr'>usque</span> <span class='ocrx_word' id='word_1_611' title='bbox 1200 4666 1271 4720; x_wconf 91' lang='lat' dir='ltr'>ad</span> <span class='ocrx_word' id='word_1_612' title='bbox 1301 4672 1498 4737; x_wconf 90' lang='lat' dir='ltr'>partus</span> <span class='ocrx_word' id='word_1_613' title='bbox 1520 4668 1668 4721; x_wconf 90' lang='lat' dir='ltr'>diem</span> <span class='ocrx_word' id='word_1_614' title='bbox 1688 4686 1748 4723; x_wconf 92' lang='lat' dir='ltr'>se</span> <span class='ocrx_word' id='word_1_615' title='bbox 1767 4669 1896 4725; x_wconf 86' lang='lat' dir='ltr'>abs-</span> 
     </span>
    </p>
   </div>
   <div class='ocr_carea' id='block_1_81' title="bbox 301 4751 1898 4830">
    <p class='ocr_par' dir='ltr' id='par_1_81' title="bbox 301 4751 1898 4830">
     <span class='ocr_line' id='line_1_81' title="bbox 301 4751 1898 4830; baseline 0.006 -25"><span class='ocrx_word' id='word_1_616' title='bbox 301 4751 541 4807; x_wconf 89' lang='lat' dir='ltr'>tinuerit</span> <span class='ocrx_word' id='word_1_617' title='bbox 570 4768 605 4805; x_wconf 88' lang='lat' dir='ltr'>a</span> <span class='ocrx_word' id='word_1_618' title='bbox 633 4753 950 4821; x_wconf 92' lang='lat' dir='ltr'>concubitu,</span> <span class='ocrx_word' id='word_1_619' title='bbox 992 4755 1143 4810; x_wconf 87' lang='lat' dir='ltr'>haud</span> <span class='ocrx_word' id='word_1_620' title='bbox 1182 4755 1413 4810; x_wconf 90' lang='lat' dir='ltr'>dubium</span> <span class='ocrx_word' id='word_1_621' title='bbox 1445 4758 1583 4828; x_wconf 92' lang='lat' dir='ltr'>quin</span> <span class='ocrx_word' id='word_1_622' title='bbox 1634 4760 1898 4830; x_wconf 87' lang='lat' dir='ltr'>angelum</span> 
     </span>
    </p>
   </div>
   <div class='ocr_carea' id='block_1_82' title="bbox 302 4840 1900 4921">
    <p class='ocr_par' dir='ltr' id='par_1_82' title="bbox 302 4840 1900 4921">
     <span class='ocr_line' id='line_1_82' title="bbox 302 4840 1900 4921; baseline 0.006 -27"><span class='ocrx_word' id='word_1_623' title='bbox 302 4840 582 4895; x_wconf 90' lang='lat' dir='ltr'>dicentem</span> <span class='ocrx_word' id='word_1_624' title='bbox 611 4842 886 4908; x_wconf 89' lang='lat' dir='ltr'>audierat,</span> <span class='ocrx_word' id='word_1_625' title='bbox 906 4845 1044 4898; x_wconf 89' lang='lat' dir='ltr'>illud</span> <span class='ocrx_word' id='word_1_626' title='bbox 1075 4846 1135 4899; x_wconf 91' lang='lat' dir='ltr'>in</span> <span class='ocrx_word' id='word_1_627' title='bbox 1162 4862 1229 4900; x_wconf 91' lang='lat' dir='ltr'>ea</span> <span class='ocrx_word' id='word_1_628' title='bbox 1257 4851 1473 4912; x_wconf 85' lang='lat' dir='ltr'>natum,</span> <span class='ocrx_word' id='word_1_629' title='bbox 1510 4849 1657 4918; x_wconf 91' lang='lat' dir='ltr'>quod</span> <span class='ocrx_word' id='word_1_630' title='bbox 1681 4850 1750 4903; x_wconf 92' lang='lat' dir='ltr'>de</span> <span class='ocrx_word' id='word_1_631' title='bbox 1779 4850 1900 4921; x_wconf 87' lang='lat' dir='ltr'>Spi-</span> 
     </span>
    </p>
   </div>
   <div class='ocr_carea' id='block_1_83' title="bbox 302 4930 1900 5010">
    <p class='ocr_par' dir='ltr' id='par_1_83' title="bbox 302 4930 1900 5010">
     <span class='ocr_line' id='line_1_83' title="bbox 302 4930 1900 5010; baseline 0.006 -26"><span class='ocrx_word' id='word_1_632' title='bbox 302 4930 417 4985; x_wconf 87' lang='lat' dir='ltr'>ritu</span> <span class='ocrx_word' id='word_1_633' title='bbox 444 4937 636 4986; x_wconf 90' lang='lat' dir='ltr'>sancto</span> <span class='ocrx_word' id='word_1_634' title='bbox 657 4937 823 4987; x_wconf 89' lang='lat' dir='ltr'>esset.</span> <span class='ocrx_word' id='word_1_635' title='bbox 846 4934 953 4988; x_wconf 91' lang='lat' dir='ltr'>Sed</span> <span class='ocrx_word' id='word_1_636' title='bbox 984 4934 1151 4989; x_wconf 92' lang='lat' dir='ltr'>simul</span> <span class='ocrx_word' id='word_1_637' title='bbox 1170 4952 1298 4989; x_wconf 90' lang='lat' dir='ltr'>cum</span> <span class='ocrx_word' id='word_1_638' title='bbox 1316 4936 1420 4990; x_wconf 90' lang='lat' dir='ltr'>hoc</span> <span class='ocrx_word' id='word_1_639' title='bbox 1445 4936 1609 4992; x_wconf 90' lang='lat' dir='ltr'>verbo</span> <span class='ocrx_word' id='word_1_640' title='bbox 1635 4955 1900 5010; x_wconf 90' lang='lat' dir='ltr'>percepe-</span> 
     </span>
    </p>
   </div>
   <div class='ocr_carea' id='block_1_84' title="bbox 302 5021 1901 5099">
    <p class='ocr_par' dir='ltr' id='par_1_84' title="bbox 302 5021 1901 5099">
     <span class='ocr_line' id='line_1_84' title="bbox 302 5021 1901 5099; baseline 0.007 -27"><span class='ocrx_word' id='word_1_641' title='bbox 302 5021 493 5074; x_wconf 86' lang='lat' dir='ltr'>rat:Ne</span> <span class='ocrx_word' id='word_1_642' title='bbox 509 5023 701 5075; x_wconf 86' lang='lat' dir='ltr'>timeas</span> <span class='ocrx_word' id='word_1_643' title='bbox 729 5026 969 5091; x_wconf 82' lang='lat' dir='ltr'>accipere</span> <span class='ocrx_word' id='word_1_644' title='bbox 986 5025 1230 5078; x_wconf 81' lang='lat' dir='ltr'>Mariam</span> <span class='ocrx_word' id='word_1_645' title='bbox 1249 5029 1533 5094; x_wconf 84' lang='lat' dir='ltr'>conjugem</span> <span class='ocrx_word' id='word_1_646' title='bbox 1564 5032 1738 5081; x_wconf 89' lang='lat' dir='ltr'>tuam.</span> <span class='ocrx_word' id='word_1_647' title='bbox 1758 5028 1901 5099; x_wconf 90' lang='lat' dir='ltr'>Ergo</span> 
     </span>
    </p>
   </div>
   <div class='ocr_carea' id='block_1_85' title="bbox 305 5108 1901 5184">
    <p class='ocr_par' dir='ltr' id='par_1_85' title="bbox 305 5108 1901 5184">
     <span class='ocr_line' id='line_1_85' title="bbox 305 5108 1901 5184; baseline 0.006 -23"><span class='ocrx_word' id='word_1_648' title='bbox 305 5108 401 5161; x_wconf 88' lang='lat' dir='ltr'>ubi</span> <span class='ocrx_word' id='word_1_649' title='bbox 429 5110 778 5179; x_wconf 86' lang='lat' dir='ltr'>prohibitum</span> <span class='ocrx_word' id='word_1_650' title='bbox 804 5116 890 5165; x_wconf 88' lang='lat' dir='ltr'>est</span> <span class='ocrx_word' id='word_1_651' title='bbox 939 5128 1009 5166; x_wconf 91' lang='lat' dir='ltr'>ne</span> <span class='ocrx_word' id='word_1_652' title='bbox 1057 5112 1432 5184; x_wconf 89' lang='lat' dir='ltr'>derelinquat,</span> <span class='ocrx_word' id='word_1_653' title='bbox 1467 5112 1545 5169; x_wconf 73' lang='lat' dir='ltr'>ne</span> <span class='ocrx_word' id='word_1_654' title='bbox 1587 5116 1901 5171; x_wconf 83' lang='lat' dir='ltr'>adulteram</span> 
     </span>
    </p>
   </div>
   <div class='ocr_carea' id='block_1_86' title="bbox 308 5198 1901 5277">
    <p class='ocr_par' dir='ltr' id='par_1_86' title="bbox 308 5198 1901 5277">
     <span class='ocr_line' id='line_1_86' title="bbox 308 5198 1901 5277; baseline 0.006 -26"><span class='ocrx_word' id='word_1_655' title='bbox 308 5198 567 5265; x_wconf 55' lang='lat' dir='ltr'>aestimet,</span> <span class='ocrx_word' id='word_1_656' title='bbox 598 5206 836 5271; x_wconf 89' lang='lat' dir='ltr'>putasne</span> <span class='ocrx_word' id='word_1_657' title='bbox 862 5218 897 5256; x_wconf 90' lang='lat' dir='ltr'>a</span> <span class='ocrx_word' id='word_1_658' title='bbox 929 5218 1232 5272; x_wconf 87' lang='lat' dir='ltr'>congressu</span> <span class='ocrx_word' id='word_1_659' title='bbox 1259 5204 1513 5274; x_wconf 87' lang='lat' dir='ltr'>conjugis</span> <span class='ocrx_word' id='word_1_660' title='bbox 1541 5204 1712 5259; x_wconf 81' lang='lat' dir='ltr'>fuerit</span> <span class='ocrx_word' id='word_1_661' title='bbox 1739 5223 1901 5277; x_wconf 89' lang='lat' dir='ltr'>sepa-</span> 
     </span>
    </p>
   </div>
   <div class='ocr_carea' id='block_1_87' title="bbox 304 5292 1900 5365">
    <p class='ocr_par' dir='ltr' id='par_1_87' title="bbox 304 5292 1900 5365">
     <span class='ocr_line' id='line_1_87' title="bbox 304 5292 1900 5365; baseline 0.006 -24"><span class='ocrx_word' id='word_1_662' title='bbox 304 5293 485 5354; x_wconf 88' lang='lat' dir='ltr'>ratus,</span> <span class='ocrx_word' id='word_1_663' title='bbox 506 5305 616 5359; x_wconf 91' lang='lat' dir='ltr'>quo</span> <span class='ocrx_word' id='word_1_664' title='bbox 634 5306 704 5343; x_wconf 92' lang='lat' dir='ltr'>ne</span> <span class='ocrx_word' id='word_1_665' title='bbox 734 5296 1028 5361; x_wconf 77' lang='lat' dir='ltr'>separetur</span> <span class='ocrx_word' id='word_1_666' title='bbox 1054 5292 1235 5363; x_wconf 89' lang='lat' dir='ltr'>magis</span> <span class='ocrx_word' id='word_1_667' title='bbox 1264 5298 1350 5347; x_wconf 90' lang='lat' dir='ltr'>est</span> <span class='ocrx_word' id='word_1_668' title='bbox 1369 5294 1688 5349; x_wconf 89' lang='lat' dir='ltr'>admonitus</span> <span class='ocrx_word' id='word_1_669' title='bbox 1708 5296 1731 5348; x_wconf 90' lang='lat'>?</span> <span class='ocrx_word' id='word_1_670' title='bbox 1751 5295 1900 5365; x_wconf 86' lang='lat' dir='ltr'>Ergo</span> 
     </span>
    </p>
   </div>
   <div class='ocr_carea' id='block_1_88' title="bbox 306 5376 1901 5447">
    <p class='ocr_par' dir='ltr' id='par_1_88' title="bbox 306 5376 1901 5447">
     <span class='ocr_line' id='line_1_88' title="bbox 306 5376 1901 5447; baseline 0.006 -17"><span class='ocrx_word' id='word_1_671' title='bbox 306 5376 403 5447; x_wconf 91' lang='lat' dir='ltr'>qui</span> <span class='ocrx_word' id='word_1_672' title='bbox 424 5381 642 5431; x_wconf 88' lang='lat' dir='ltr'>tantam</span> <span class='ocrx_word' id='word_1_673' title='bbox 673 5395 799 5433; x_wconf 90' lang='lat' dir='ltr'>eam</span> <span class='ocrx_word' id='word_1_674' title='bbox 821 5380 1137 5435; x_wconf 88' lang='lat' dir='ltr'>crediderat</span> <span class='ocrx_word' id='word_1_675' title='bbox 1165 5386 1231 5435; x_wconf 90' lang='lat' dir='ltr'>ut</span> <span class='ocrx_word' id='word_1_676' title='bbox 1266 5398 1499 5437; x_wconf 84' lang='lat' dir='ltr'>uxorem</span> <span class='ocrx_word' id='word_1_677' title='bbox 1530 5400 1638 5438; x_wconf 89' lang='lat' dir='ltr'>non</span> <span class='ocrx_word' id='word_1_678' title='bbox 1668 5386 1901 5439; x_wconf 87' lang='lat' dir='ltr'>auderet</span> 
     </span>
    </p>
   </div>
   <div class='ocr_carea' id='block_1_89' title="bbox 307 5465 1900 5540">
    <p class='ocr_par' dir='ltr' id='par_1_89' title="bbox 307 5465 1900 5540">
     <span class='ocr_line' id='line_1_89' title="bbox 307 5465 1900 5540; baseline 0.007 -21"><span class='ocrx_word' id='word_1_679' title='bbox 307 5465 602 5537; x_wconf 80' lang='lat' dir='ltr'>attingere,</span> <span class='ocrx_word' id='word_1_680' title='bbox 624 5484 751 5522; x_wconf 89' lang='lat' dir='ltr'>cum</span> <span class='ocrx_word' id='word_1_681' title='bbox 771 5474 920 5522; x_wconf 88' lang='lat' dir='ltr'>esset</span> <span class='ocrx_word' id='word_1_682' title='bbox 937 5469 1019 5523; x_wconf 90' lang='lat' dir='ltr'>vir</span> <span class='ocrx_word' id='word_1_683' title='bbox 1035 5471 1241 5540; x_wconf 88' lang='lat' dir='ltr'>justus,</span> <span class='ocrx_word' id='word_1_684' title='bbox 1274 5477 1330 5525; x_wconf 89' lang='lat' dir='ltr'>et</span> <span class='ocrx_word' id='word_1_685' title='bbox 1354 5472 1575 5527; x_wconf 89' lang='lat' dir='ltr'>audiret</span> <span class='ocrx_word' id='word_1_686' title='bbox 1588 5474 1687 5529; x_wconf 90' lang='lat' dir='ltr'>Dei</span> <span class='ocrx_word' id='word_1_687' title='bbox 1699 5474 1900 5530; x_wconf 91' lang='lat' dir='ltr'>Filium</span> 
     </span>
    </p>
   </div>
   <div class='ocr_carea' id='block_1_90' title="bbox 302 5556 1901 5637">
    <p class='ocr_par' dir='ltr' id='par_1_90' title="bbox 302 5556 1901 5637">
     <span class='ocr_line' id='line_1_90' title="bbox 302 5556 1901 5637; baseline 0.006 -26"><span class='ocrx_word' id='word_1_688' title='bbox 302 5556 364 5611; x_wconf 89' lang='lat' dir='ltr'>in</span> <span class='ocrx_word' id='word_1_689' title='bbox 389 5563 568 5626; x_wconf 88' lang='lat' dir='ltr'>utero,</span> <span class='ocrx_word' id='word_1_690' title='bbox 594 5557 683 5613; x_wconf 88' lang='lat' dir='ltr'>hic</span> <span class='ocrx_word' id='word_1_691' title='bbox 719 5557 790 5614; x_wconf 87' lang='lat' dir='ltr'>de</span> <span class='ocrx_word' id='word_1_692' title='bbox 808 5559 956 5619; x_wconf 83' lang='lat' dir='ltr'>coitu</span> <span class='ocrx_word' id='word_1_693' title='bbox 988 5559 1237 5635; x_wconf 82' lang='lat' dir='ltr'>Virginis</span> <span class='ocrx_word' id='word_1_694' title='bbox 1269 5563 1453 5637; x_wconf 87' lang='lat' dir='ltr'>potuit</span> <span class='ocrx_word' id='word_1_695' title='bbox 1471 5563 1762 5635; x_wconf 85' lang='lat' dir='ltr'>cogitare?</span> <span class='ocrx_word' id='word_1_696' title='bbox 1788 5566 1901 5621; x_wconf 80' lang='lat' dir='ltr'>Au-</span> 
     </span>
    </p>
   </div>
   <div class='ocr_carea' id='block_1_91' title="bbox 1909 4360 1962 4420">
    <p class='ocr_par' dir='ltr' id='par_1_91' title="bbox 1909 4360 1962 4420">
     <span class='ocr_line' id='line_1_91' title="bbox 1909 4360 1962 4420; baseline 0 0"><span class='ocrx_word' id='word_1_697' title='bbox 1909 4360 1962 4420; x_wconf 94' lang='lat' dir='ltr'>D</span> 
     </span>
    </p>
   </div>
   <div class='ocr_carea' id='block_1_92' title="bbox 1971 3145 3562 3218">
    <p class='ocr_par' dir='ltr' id='par_1_92' title="bbox 1971 3145 3562 3218">
     <span class='ocr_line' id='line_1_92' title="bbox 1971 3145 3562 3218; baseline 0.004 -20"><span class='ocrx_word' id='word_1_698' title='bbox 1971 3150 2183 3215; x_wconf 88' lang='lat' dir='ltr'>septem</span> <span class='ocrx_word' id='word_1_699' title='bbox 2205 3145 2419 3212; x_wconf 90' lang='lat' dir='ltr'>diebus,</span> <span class='ocrx_word' id='word_1_700' title='bbox 2449 3148 2610 3216; x_wconf 83' lang='lat' dir='ltr'>juxta</span> <span class='ocrx_word' id='word_1_701' title='bbox 2643 3148 2825 3217; x_wconf 86' lang='lat' dir='ltr'>legem</span> <span class='ocrx_word' id='word_1_702' title='bbox 2846 3149 3216 3218; x_wconf 86' lang='lat' dir='ltr'>separationis</span> <span class='ocrx_word' id='word_1_703' title='bbox 3242 3156 3562 3218; x_wconf 64' lang='lat' dir='ltr'>menstruae,</span> 
     </span>
    </p>
   </div>
   <div class='ocr_carea' id='block_1_93' title="bbox 1973 3234 3563 3308">
    <p class='ocr_par' dir='ltr' id='par_1_93' title="bbox 1973 3234 3563 3308">
     <span class='ocr_line' id='line_1_93' title="bbox 1973 3234 3563 3308; baseline 0.004 -21"><span class='ocrx_word' id='word_1_704' title='bbox 1973 3234 2167 3288; x_wconf 90' lang='lat' dir='ltr'>debuit</span> <span class='ocrx_word' id='word_1_705' title='bbox 2194 3235 2486 3289; x_wconf 88' lang='lat' dir='ltr'>immunda</span> <span class='ocrx_word' id='word_1_706' title='bbox 2506 3236 2719 3302; x_wconf 91' lang='lat' dir='ltr'>sedere,</span> <span class='ocrx_word' id='word_1_707' title='bbox 2741 3243 2798 3291; x_wconf 92' lang='lat' dir='ltr'>et</span> <span class='ocrx_word' id='word_1_708' title='bbox 2824 3237 3060 3308; x_wconf 87' lang='lat' dir='ltr'>triginta</span> <span class='ocrx_word' id='word_1_709' title='bbox 3084 3239 3270 3293; x_wconf 90' lang='lat' dir='ltr'>tribus</span> <span class='ocrx_word' id='word_1_710' title='bbox 3291 3239 3485 3293; x_wconf 90' lang='lat' dir='ltr'>diebus</span> <span class='ocrx_word' id='word_1_711' title='bbox 3504 3240 3563 3294; x_wconf 92' lang='lat' dir='ltr'>in</span> 
     </span>
    </p>
   </div>
   <div class='ocr_carea' id='block_1_94' title="bbox 1972 3324 3563 3395">
    <p class='ocr_par' dir='ltr' id='par_1_94' title="bbox 1972 3324 3563 3395">
     <span class='ocr_line' id='line_1_94' title="bbox 1972 3324 3563 3395; baseline 0.003 -18"><span class='ocrx_word' id='word_1_712' title='bbox 1972 3324 2246 3394; x_wconf 87' lang='lat' dir='ltr'>sanguine</span> <span class='ocrx_word' id='word_1_713' title='bbox 2283 3341 2423 3395; x_wconf 90' lang='lat' dir='ltr'>puro</span> <span class='ocrx_word' id='word_1_714' title='bbox 2454 3342 2808 3395; x_wconf 91' lang='lat' dir='ltr'>permanens,</span> <span class='ocrx_word' id='word_1_715' title='bbox 2839 3342 3005 3381; x_wconf 90' lang='lat' dir='ltr'>omne</span> <span class='ocrx_word' id='word_1_716' title='bbox 3033 3334 3290 3382; x_wconf 89' lang='lat' dir='ltr'>sanctum</span> <span class='ocrx_word' id='word_1_717' title='bbox 3334 3329 3563 3383; x_wconf 88' lang='lat' dir='ltr'>interim</span> 
     </span>
    </p>
   </div>
   <div class='ocr_carea' id='block_1_95' title="bbox 1970 3414 3568 3489">
    <p class='ocr_par' dir='ltr' id='par_1_95' title="bbox 1970 3414 3568 3489">
     <span class='ocr_line' id='line_1_95' title="bbox 1970 3414 3568 3489; baseline 0.004 -24"><span class='ocrx_word' id='word_1_718' title='bbox 1970 3428 2084 3466; x_wconf 89' lang='lat' dir='ltr'>non</span> <span class='ocrx_word' id='word_1_719' title='bbox 2112 3414 2498 3483; x_wconf 80' lang='lat' dir='ltr'>tangere?Vel</span> <span class='ocrx_word' id='word_1_720' title='bbox 2520 3416 2772 3485; x_wconf 90' lang='lat' dir='ltr'>nunquid</span> <span class='ocrx_word' id='word_1_721' title='bbox 2804 3432 2930 3469; x_wconf 89' lang='lat' dir='ltr'>eam</span> <span class='ocrx_word' id='word_1_722' title='bbox 2959 3419 3151 3471; x_wconf 89' lang='lat' dir='ltr'>statim</span> <span class='ocrx_word' id='word_1_723' title='bbox 3173 3418 3379 3489; x_wconf 88' lang='lat' dir='ltr'>Joseph</span> <span class='ocrx_word' id='word_1_724' title='bbox 3405 3419 3568 3482; x_wconf 77' lang='lat' dir='ltr'>inva-</span> 
     </span>
    </p>
   </div>
   <div class='ocr_carea' id='block_1_96' title="bbox 1972 3503 3567 3579">
    <p class='ocr_par' dir='ltr' id='par_1_96' title="bbox 1972 3503 3567 3579">
     <span class='ocr_line' id='line_1_96' title="bbox 1972 3503 3567 3579; baseline 0.003 -22"><span class='ocrx_word' id='word_1_725' title='bbox 1972 3503 2046 3557; x_wconf 86' lang='lat' dir='ltr'>sit</span> <span class='ocrx_word' id='word_1_726' title='bbox 2075 3503 2224 3579; x_wconf 85' lang='lat' dir='ltr'>inter</span> <span class='ocrx_word' id='word_1_727' title='bbox 2251 3504 2532 3573; x_wconf 67' lang='lat' dir='ltr'>praeconia</span> <span class='ocrx_word' id='word_1_728' title='bbox 2550 3505 2901 3575; x_wconf 81' lang='lat' dir='ltr'>angelorum.</span> <span class='ocrx_word' id='word_1_729' title='bbox 2924 3504 3020 3559; x_wconf 91' lang='lat' dir='ltr'>ubi</span> <span class='ocrx_word' id='word_1_730' title='bbox 3044 3506 3233 3561; x_wconf 90' lang='lat' dir='ltr'>nullus</span> <span class='ocrx_word' id='word_1_731' title='bbox 3262 3513 3386 3561; x_wconf 91' lang='lat' dir='ltr'>erat</span> <span class='ocrx_word' id='word_1_732' title='bbox 3413 3508 3567 3562; x_wconf 92' lang='lat' dir='ltr'>locus</span> 
     </span>
    </p>
   </div>
   <div class='ocr_carea' id='block_1_97' title="bbox 1972 3592 3568 3667">
    <p class='ocr_par' dir='ltr' id='par_1_97' title="bbox 1972 3592 3568 3667">
     <span class='ocr_line' id='line_1_97' title="bbox 1972 3592 3568 3667; baseline 0.003 -21"><span class='ocrx_word' id='word_1_733' title='bbox 1972 3592 2034 3646; x_wconf 90' lang='lat' dir='ltr'>in</span> <span class='ocrx_word' id='word_1_734' title='bbox 2059 3592 2407 3647; x_wconf 84' lang='lat' dir='ltr'>diversorio?</span> <span class='ocrx_word' id='word_1_735' title='bbox 2440 3595 2669 3649; x_wconf 88' lang='lat' dir='ltr'>Constat</span> <span class='ocrx_word' id='word_1_736' title='bbox 2697 3610 2830 3663; x_wconf 84' lang='lat' dir='ltr'>ergo</span> <span class='ocrx_word' id='word_1_737' title='bbox 2857 3595 3037 3650; x_wconf 88' lang='lat' dir='ltr'>modis</span> <span class='ocrx_word' id='word_1_738' title='bbox 3086 3594 3365 3660; x_wconf 90' lang='lat' dir='ltr'>omnibus,</span> <span class='ocrx_word' id='word_1_739' title='bbox 3420 3597 3568 3667; x_wconf 89' lang='lat' dir='ltr'>quod</span> 
     </span>
    </p>
   </div>
   <div class='ocr_carea' id='block_1_98' title="bbox 1975 3682 3570 3756">
    <p class='ocr_par' dir='ltr' id='par_1_98' title="bbox 1975 3682 3570 3756">
     <span class='ocr_line' id='line_1_98' title="bbox 1975 3682 3570 3756; baseline 0.004 -21"><span class='ocrx_word' id='word_1_740' title='bbox 1975 3683 2163 3736; x_wconf 90' lang='lat' dir='ltr'>nullus</span> <span class='ocrx_word' id='word_1_741' title='bbox 2173 3682 2344 3736; x_wconf 81' lang='lat' dir='ltr'>fuerit</span> <span class='ocrx_word' id='word_1_742' title='bbox 2365 3683 2689 3753; x_wconf 89' lang='lat' dir='ltr'>nuptiarum</span> <span class='ocrx_word' id='word_1_743' title='bbox 2707 3683 2861 3737; x_wconf 90' lang='lat' dir='ltr'>locus</span> <span class='ocrx_word' id='word_1_744' title='bbox 2878 3683 3027 3738; x_wconf 90' lang='lat' dir='ltr'>inter</span> <span class='ocrx_word' id='word_1_745' title='bbox 3039 3689 3280 3755; x_wconf 86' lang='lat' dir='ltr'>angusta</span> <span class='ocrx_word' id='word_1_746' title='bbox 3299 3686 3570 3756; x_wconf 68' lang='lat' dir='ltr'>praesepia</span> 
     </span>
    </p>
   </div>
   <div class='ocr_carea' id='block_1_99' title="bbox 1971 3773 3568 3845">
    <p class='ocr_par' dir='ltr' id='par_1_99' title="bbox 1971 3773 3568 3845">
     <span class='ocr_line' id='line_1_99' title="bbox 1971 3773 3568 3845; baseline 0.001 -19"><span class='ocrx_word' id='word_1_747' title='bbox 1971 3773 2379 3842; x_wconf 87' lang='lat' dir='ltr'>jumentorum.</span> <span class='ocrx_word' id='word_1_748' title='bbox 2401 3773 2597 3843; x_wconf 88' lang='lat' dir='ltr'>Neque</span> <span class='ocrx_word' id='word_1_749' title='bbox 2605 3774 2792 3842; x_wconf 89' lang='lat' dir='ltr'>justus</span> <span class='ocrx_word' id='word_1_750' title='bbox 2809 3773 3148 3827; x_wconf 88' lang='lat' dir='ltr'>scriberetur</span> <span class='ocrx_word' id='word_1_751' title='bbox 3168 3773 3227 3827; x_wconf 92' lang='lat' dir='ltr'>in</span> <span class='ocrx_word' id='word_1_752' title='bbox 3248 3774 3568 3845; x_wconf 81' lang='lat' dir='ltr'>Evangelia,</span> 
     </span>
    </p>
   </div>
   <div class='ocr_carea' id='block_1_100' title="bbox 1978 3860 3573 3932">
    <p class='ocr_par' dir='ltr' id='par_1_100' title="bbox 1978 3860 3573 3932">
     <span class='ocr_line' id='line_1_100' title="bbox 1978 3860 3573 3932; baseline 0.004 -20"><span class='ocrx_word' id='word_1_753' title='bbox 1978 3861 2025 3913; x_wconf 89' lang='lat' dir='ltr'>si</span> <span class='ocrx_word' id='word_1_754' title='bbox 2049 3865 2207 3913; x_wconf 87' lang='lat' dir='ltr'>tanto</span> <span class='ocrx_word' id='word_1_755' title='bbox 2237 3860 2512 3914; x_wconf 89' lang='lat' dir='ltr'>insaniret</span> <span class='ocrx_word' id='word_1_756' title='bbox 2553 3862 2855 3932; x_wconf 85' lang='lat' dir='ltr'>voluptatis</span> <span class='ocrx_word' id='word_1_757' title='bbox 2882 3878 3093 3929; x_wconf 86' lang='lat' dir='ltr'>amore,</span> <span class='ocrx_word' id='word_1_758' title='bbox 3125 3868 3189 3917; x_wconf 91' lang='lat' dir='ltr'>ut</span> <span class='ocrx_word' id='word_1_759' title='bbox 3215 3879 3341 3917; x_wconf 87' lang='lat' dir='ltr'>eam</span> <span class='ocrx_word' id='word_1_760' title='bbox 3371 3864 3573 3918; x_wconf 88' lang='lat' dir='ltr'>saltem</span> 
     </span>
    </p>
   </div>
   <div class='ocr_carea' id='block_1_101' title="bbox 1978 3948 3573 4024">
    <p class='ocr_par' dir='ltr' id='par_1_101' title="bbox 1978 3948 3573 4024">
     <span class='ocr_line' id='line_1_101' title="bbox 1978 3948 3573 4024; baseline 0.003 -22"><span class='ocrx_word' id='word_1_761' title='bbox 1978 3954 2267 4020; x_wconf 87' lang='lat' dir='ltr'>appeteret</span> <span class='ocrx_word' id='word_1_762' title='bbox 2284 3948 2512 4009; x_wconf 83' lang='lat' dir='ltr'>violare,</span> <span class='ocrx_word' id='word_1_763' title='bbox 2537 3967 2704 4021; x_wconf 84' lang='lat' dir='ltr'>quam</span> <span class='ocrx_word' id='word_1_764' title='bbox 2728 3952 2918 4006; x_wconf 90' lang='lat' dir='ltr'>multis</span> <span class='ocrx_word' id='word_1_765' title='bbox 2936 3952 3354 4024; x_wconf 86' lang='lat' dir='ltr'>Scripturarum</span> <span class='ocrx_word' id='word_1_766' title='bbox 3376 3954 3573 4024; x_wconf 87' lang='lat' dir='ltr'>ﬁguris</span> 
     </span>
    </p>
   </div>
   <div class='ocr_carea' id='block_1_102' title="bbox 1976 4038 3576 4115">
    <p class='ocr_par' dir='ltr' id='par_1_102' title="bbox 1976 4038 3576 4115">
     <span class='ocr_line' id='line_1_102' title="bbox 1976 4038 3576 4115; baseline 0.004 -24"><span class='ocrx_word' id='word_1_767' title='bbox 1976 4038 2373 4110; x_wconf 81' lang='lat' dir='ltr'>praesignatam</span> <span class='ocrx_word' id='word_1_768' title='bbox 2403 4039 2620 4109; x_wconf 87' lang='lat' dir='ltr'>legerat</span> <span class='ocrx_word' id='word_1_769' title='bbox 2646 4041 2703 4094; x_wconf 92' lang='lat' dir='ltr'>in</span> <span class='ocrx_word' id='word_1_770' title='bbox 2719 4047 3054 4112; x_wconf 90' lang='lat' dir='ltr'>perpetuum</span> <span class='ocrx_word' id='word_1_771' title='bbox 3072 4042 3342 4113; x_wconf 86' lang='lat' dir='ltr'>virginem</span> <span class='ocrx_word' id='word_1_772' title='bbox 3356 4059 3576 4115; x_wconf 88' lang='lat' dir='ltr'>perma-</span> 
     </span>
    </p>
   </div>
   <div class='ocr_carea' id='block_1_103' title="bbox 1976 4144 2129 4182">
    <p class='ocr_par' dir='ltr' id='par_1_103' title="bbox 1976 4144 2129 4182">
     <span class='ocr_line' id='line_1_103' title="bbox 1976 4144 2129 4182; baseline 0 -1"><span class='ocrx_word' id='word_1_773' title='bbox 1976 4144 2129 4182; x_wconf 90' lang='lat' dir='ltr'>nere.</span> 
     </span>
    </p>
   </div>
   <div class='ocr_carea' id='block_1_104' title="bbox 2050 4219 3571 4291">
    <p class='ocr_par' dir='ltr' id='par_1_104' title="bbox 2050 4219 3571 4291">
     <span class='ocr_line' id='line_1_104' title="bbox 2050 4219 3571 4291; baseline 0.003 -19"><span class='ocrx_word' id='word_1_774' title='bbox 2050 4219 2114 4272; x_wconf 82' lang='lat' dir='ltr'>Et</span> <span class='ocrx_word' id='word_1_775' title='bbox 2146 4222 2374 4287; x_wconf 79' lang='lat' dir='ltr'>peperit,</span> <span class='ocrx_word' id='word_1_776' title='bbox 2408 4219 2611 4290; x_wconf 89' lang='lat' dir='ltr'>inquit,</span> <span class='ocrx_word' id='word_1_777' title='bbox 2661 4224 2847 4288; x_wconf 78' lang='lat' dir='ltr'>ﬁlium</span> <span class='ocrx_word' id='word_1_778' title='bbox 2902 4238 3069 4276; x_wconf 87' lang='lat' dir='ltr'>suum</span> <span class='ocrx_word' id='word_1_779' title='bbox 3108 4226 3571 4291; x_wconf 81' lang='lat' dir='ltr'>primogenitum.</span> 
     </span>
    </p>
   </div>
   <div class='ocr_carea' id='block_1_105' title="bbox 1982 4306 3579 4383">
    <p class='ocr_par' dir='ltr' id='par_1_105' title="bbox 1982 4306 3579 4383">
     <span class='ocr_line' id='line_1_105' title="bbox 1982 4306 3579 4383; baseline 0.004 -23"><span class='ocrx_word' id='word_1_780' title='bbox 1982 4306 2428 4378; x_wconf 88' lang='lat' dir='ltr'>Primogenitum</span> <span class='ocrx_word' id='word_1_781' title='bbox 2472 4315 2681 4374; x_wconf 84' lang='lat' dir='ltr'>autem,</span> <span class='ocrx_word' id='word_1_782' title='bbox 2732 4327 2845 4365; x_wconf 90' lang='lat' dir='ltr'>non</span> <span class='ocrx_word' id='word_1_783' title='bbox 2888 4328 3018 4366; x_wconf 90' lang='lat' dir='ltr'>eum</span> <span class='ocrx_word' id='word_1_784' title='bbox 3056 4328 3224 4383; x_wconf 90' lang='lat' dir='ltr'>quem</span> <span class='ocrx_word' id='word_1_785' title='bbox 3260 4312 3462 4366; x_wconf 87' lang='lat' dir='ltr'>fratres</span> <span class='ocrx_word' id='word_1_786' title='bbox 3494 4329 3579 4367; x_wconf 90' lang='lat' dir='ltr'>se-</span> 
     </span>
    </p>
   </div>
   <div class='ocr_carea' id='block_1_106' title="bbox 1983 4398 3576 4471">
    <p class='ocr_par' dir='ltr' id='par_1_106' title="bbox 1983 4398 3576 4471">
     <span class='ocr_line' id='line_1_106' title="bbox 1983 4398 3576 4471; baseline 0.004 -20"><span class='ocrx_word' id='word_1_787' title='bbox 1983 4404 2229 4470; x_wconf 90' lang='lat' dir='ltr'>quantur</span> <span class='ocrx_word' id='word_1_788' title='bbox 2246 4398 2400 4467; x_wconf 91' lang='lat' dir='ltr'>dicit,</span> <span class='ocrx_word' id='word_1_789' title='bbox 2424 4400 2519 4452; x_wconf 92' lang='lat' dir='ltr'>sed</span> <span class='ocrx_word' id='word_1_790' title='bbox 2541 4416 2670 4454; x_wconf 91' lang='lat' dir='ltr'>eum</span> <span class='ocrx_word' id='word_1_791' title='bbox 2689 4416 2855 4471; x_wconf 87' lang='lat' dir='ltr'>quem</span> <span class='ocrx_word' id='word_1_792' title='bbox 2874 4402 3062 4455; x_wconf 90' lang='lat' dir='ltr'>nullus</span> <span class='ocrx_word' id='word_1_793' title='bbox 3083 4402 3396 4456; x_wconf 88' lang='lat' dir='ltr'>antecedat.</span> <span class='ocrx_word' id='word_1_794' title='bbox 3416 4403 3576 4457; x_wconf 87' lang='lat' dir='ltr'>Unde</span> 
     </span>
    </p>
   </div>
   <div class='ocr_carea' id='block_1_107' title="bbox 1980 4487 3575 4562">
    <p class='ocr_par' dir='ltr' id='par_1_107' title="bbox 1980 4487 3575 4562">
     <span class='ocr_line' id='line_1_107' title="bbox 1980 4487 3575 4562; baseline 0.003 -21"><span class='ocrx_word' id='word_1_795' title='bbox 1980 4487 2203 4541; x_wconf 89' lang='lat' dir='ltr'>videtur</span> <span class='ocrx_word' id='word_1_796' title='bbox 2223 4489 2408 4559; x_wconf 91' lang='lat' dir='ltr'>potius</span> <span class='ocrx_word' id='word_1_797' title='bbox 2438 4488 2791 4558; x_wconf 89' lang='lat' dir='ltr'>unigenitum</span> <span class='ocrx_word' id='word_1_798' title='bbox 2817 4489 2926 4543; x_wconf 90' lang='lat' dir='ltr'>dici</span> <span class='ocrx_word' id='word_1_799' title='bbox 2956 4490 3235 4558; x_wconf 88' lang='lat' dir='ltr'>debuisse,</span> <span class='ocrx_word' id='word_1_800' title='bbox 3259 4508 3429 4562; x_wconf 89' lang='lat' dir='ltr'>quam</span> <span class='ocrx_word' id='word_1_801' title='bbox 3458 4492 3575 4557; x_wconf 84' lang='lat' dir='ltr'>pri-</span> 
     </span>
    </p>
   </div>
   <div class='ocr_carea' id='block_1_108' title="bbox 1981 4577 3575 4649">
    <p class='ocr_par' dir='ltr' id='par_1_108' title="bbox 1981 4577 3575 4649">
     <span class='ocr_line' id='line_1_108' title="bbox 1981 4577 3575 4649; baseline 0.003 -19"><span class='ocrx_word' id='word_1_802' title='bbox 1981 4577 2351 4647; x_wconf 89' lang='lat' dir='ltr'>mogenitum,</span> <span class='ocrx_word' id='word_1_803' title='bbox 2374 4579 2536 4649; x_wconf 83' lang='lat' dir='ltr'>juxta</span> <span class='ocrx_word' id='word_1_804' title='bbox 2552 4578 2699 4649; x_wconf 92' lang='lat' dir='ltr'>quod</span> <span class='ocrx_word' id='word_1_805' title='bbox 2721 4580 3013 4634; x_wconf 70' lang='lat' dir='ltr'>saeculares</span> <span class='ocrx_word' id='word_1_806' title='bbox 3041 4580 3244 4635; x_wconf 76' lang='lat' dir='ltr'>littera:</span> <span class='ocrx_word' id='word_1_807' title='bbox 3271 4581 3342 4634; x_wconf 89' lang='lat' dir='ltr'>de</span> <span class='ocrx_word' id='word_1_808' title='bbox 3372 4596 3439 4634; x_wconf 93' lang='lat' dir='ltr'>eo</span> <span class='ocrx_word' id='word_1_809' title='bbox 3466 4581 3575 4636; x_wconf 89' lang='lat' dir='ltr'>dici</span> 
     </span>
    </p>
   </div>
   <div class='ocr_carea' id='block_1_109' title="bbox 1984 4665 3570 4738">
    <p class='ocr_par' dir='ltr' id='par_1_109' title="bbox 1984 4665 3570 4738">
     <span class='ocr_line' id='line_1_109' title="bbox 1984 4665 3570 4738; baseline 0.003 -19"><span class='ocrx_word' id='word_1_810' title='bbox 1984 4665 2185 4720; x_wconf 91' lang='lat' dir='ltr'>debere</span> <span class='ocrx_word' id='word_1_811' title='bbox 2216 4683 2383 4737; x_wconf 90' lang='lat' dir='ltr'>quem</span> <span class='ocrx_word' id='word_1_812' title='bbox 2428 4666 2631 4720; x_wconf 84' lang='lat' dir='ltr'>fratres</span> <span class='ocrx_word' id='word_1_813' title='bbox 2686 4673 3004 4738; x_wconf 88' lang='lat' dir='ltr'>sequantur</span> <span class='ocrx_word' id='word_1_814' title='bbox 3042 4675 3081 4735; x_wconf 80' lang='grc' dir='ltr'>ι</span> <span class='ocrx_word' id='word_1_815' title='bbox 3105 4676 3221 4736; x_wconf 71' lang='lat'>.5</span> <span class='ocrx_word' id='word_1_816' title='bbox 3242 4669 3532 4724; x_wconf 87' lang='lat' dir='ltr'>insinuant</span> <span class='ocrx_word' id='word_1_817' title='bbox 3559 4688 3570 4723; x_wconf 96' lang='lat'>:</span> 
     </span>
    </p>
   </div>
   <div class='ocr_carea' id='block_1_110' title="bbox 1980 4755 3578 4830">
    <p class='ocr_par' dir='ltr' id='par_1_110' title="bbox 1980 4755 3578 4830">
     <span class='ocr_line' id='line_1_110' title="bbox 1980 4755 3578 4830; baseline 0.003 -21"><span class='ocrx_word' id='word_1_818' title='bbox 1980 4756 2108 4821; x_wconf 91' lang='lat' dir='ltr'>nisi,</span> <span class='ocrx_word' id='word_1_819' title='bbox 2127 4756 2274 4826; x_wconf 91' lang='lat' dir='ltr'>quod</span> <span class='ocrx_word' id='word_1_820' title='bbox 2297 4755 2508 4809; x_wconf 86' lang='lat' dir='ltr'>idioma</span> <span class='ocrx_word' id='word_1_821' title='bbox 2528 4762 2612 4810; x_wconf 89' lang='lat' dir='ltr'>est</span> <span class='ocrx_word' id='word_1_822' title='bbox 2639 4764 2963 4812; x_wconf 89' lang='lat' dir='ltr'>sanctarum</span> <span class='ocrx_word' id='word_1_823' title='bbox 2988 4759 3427 4830; x_wconf 89' lang='lat' dir='ltr'>Scripturarum,</span> <span class='ocrx_word' id='word_1_824' title='bbox 3452 4776 3578 4814; x_wconf 89' lang='lat' dir='ltr'>san-</span> 
     </span>
    </p>
   </div>
   <div class='ocr_carea' id='block_1_111' title="bbox 1982 4844 3577 4919">
    <p class='ocr_par' dir='ltr' id='par_1_111' title="bbox 1982 4844 3577 4919">
     <span class='ocr_line' id='line_1_111' title="bbox 1982 4844 3577 4919; baseline 0.002 -20"><span class='ocrx_word' id='word_1_825' title='bbox 1982 4847 2253 4900; x_wconf 88' lang='lat' dir='ltr'>ctiﬁcatos</span> <span class='ocrx_word' id='word_1_826' title='bbox 2302 4844 2560 4910; x_wconf 89' lang='lat' dir='ltr'>Domino,</span> <span class='ocrx_word' id='word_1_827' title='bbox 2594 4847 2679 4900; x_wconf 90' lang='lat' dir='ltr'>vel</span> <span class='ocrx_word' id='word_1_828' title='bbox 2724 4863 2890 4901; x_wconf 91' lang='lat' dir='ltr'>omne</span> <span class='ocrx_word' id='word_1_829' title='bbox 2920 4846 3070 4918; x_wconf 91' lang='lat' dir='ltr'>quod</span> <span class='ocrx_word' id='word_1_830' title='bbox 3122 4849 3306 4919; x_wconf 89' lang='lat' dir='ltr'>aperit</span> <span class='ocrx_word' id='word_1_831' title='bbox 3331 4849 3577 4917; x_wconf 87' lang='lat' dir='ltr'>vulvam,</span> 
     </span>
    </p>
   </div>
   <div class='ocr_carea' id='block_1_112' title="bbox 1983 4934 3582 5006">
    <p class='ocr_par' dir='ltr' id='par_1_112' title="bbox 1983 4934 3582 5006">
     <span class='ocr_line' id='line_1_112' title="bbox 1983 4934 3582 5006; baseline 0.003 -18"><span class='ocrx_word' id='word_1_832' title='bbox 1983 4934 2385 5006; x_wconf 91' lang='lat' dir='ltr'>primogenitos</span> <span class='ocrx_word' id='word_1_833' title='bbox 2398 4935 2686 5006; x_wconf 89' lang='lat' dir='ltr'>appellari.</span> <span class='ocrx_word' id='word_1_834' title='bbox 2713 4935 2924 4990; x_wconf 90' lang='lat' dir='ltr'>Idcirco</span> <span class='ocrx_word' id='word_1_835' title='bbox 2938 4937 3095 4991; x_wconf 90' lang='lat' dir='ltr'>illum</span> <span class='ocrx_word' id='word_1_836' title='bbox 3121 4954 3456 4992; x_wconf 87' lang='lat' dir='ltr'>conservans</span> <span class='ocrx_word' id='word_1_837' title='bbox 3469 4944 3582 4992; x_wconf 80' lang='lat' dir='ltr'>tex-</span> 
     </span>
    </p>
   </div>
   <div class='ocr_carea' id='block_1_113' title="bbox 1984 5023 3583 5097">
    <p class='ocr_par' dir='ltr' id='par_1_113' title="bbox 1984 5023 3583 5097">
     <span class='ocr_line' id='line_1_113' title="bbox 1984 5023 3583 5097; baseline 0.002 -19"><span class='ocrx_word' id='word_1_838' title='bbox 1984 5029 2106 5078; x_wconf 89' lang='lat' dir='ltr'>tum</span> <span class='ocrx_word' id='word_1_839' title='bbox 2126 5023 2430 5094; x_wconf 87' lang='lat' dir='ltr'>Evangelii,</span> <span class='ocrx_word' id='word_1_840' title='bbox 2454 5025 2655 5079; x_wconf 82' lang='lat' dir='ltr'>maluit</span> <span class='ocrx_word' id='word_1_841' title='bbox 2674 5026 3110 5096; x_wconf 90' lang='lat' dir='ltr'>primogenitum</span> <span class='ocrx_word' id='word_1_842' title='bbox 3130 5043 3301 5097; x_wconf 88' lang='lat' dir='ltr'>quam</span> <span class='ocrx_word' id='word_1_843' title='bbox 3327 5026 3583 5097; x_wconf 87' lang='lat' dir='ltr'>unigeni-</span> 
     </span>
    </p>
   </div>
   <div class='ocr_carea' id='block_1_114' title="bbox 1983 5113 3584 5188">
    <p class='ocr_par' dir='ltr' id='par_1_114' title="bbox 1983 5113 3584 5188">
     <span class='ocr_line' id='line_1_114' title="bbox 1983 5113 3584 5188; baseline 0.001 -19"><span class='ocrx_word' id='word_1_844' title='bbox 1983 5120 2105 5169; x_wconf 90' lang='lat' dir='ltr'>tum</span> <span class='ocrx_word' id='word_1_845' title='bbox 2135 5114 2339 5168; x_wconf 91' lang='lat' dir='ltr'>dicere.</span> <span class='ocrx_word' id='word_1_846' title='bbox 2363 5115 2509 5168; x_wconf 88' lang='lat' dir='ltr'>Nam</span> <span class='ocrx_word' id='word_1_847' title='bbox 2538 5122 2594 5168; x_wconf 91' lang='lat' dir='ltr'>et</span> <span class='ocrx_word' id='word_1_848' title='bbox 2623 5115 2756 5169; x_wconf 89' lang='lat' dir='ltr'>alibi</span> <span class='ocrx_word' id='word_1_849' title='bbox 2785 5118 2953 5181; x_wconf 85' lang='lat' dir='ltr'>(Rom.</span> <span class='ocrx_word' id='word_1_850' title='bbox 2988 5130 3100 5183; x_wconf 85' lang='lat' dir='ltr'>vm,</span> <span class='ocrx_word' id='word_1_851' title='bbox 3133 5113 3348 5187; x_wconf 75' lang='lat' dir='ltr'>29)ipse</span> <span class='ocrx_word' id='word_1_852' title='bbox 3374 5117 3584 5188; x_wconf 88' lang='lat' dir='ltr'>primo-</span> 
     </span>
    </p>
   </div>
   <div class='ocr_carea' id='block_1_115' title="bbox 1984 5204 3583 5277">
    <p class='ocr_par' dir='ltr' id='par_1_115' title="bbox 1984 5204 3583 5277">
     <span class='ocr_line' id='line_1_115' title="bbox 1984 5204 3583 5277; baseline 0.003 -20"><span class='ocrx_word' id='word_1_853' title='bbox 1984 5204 2209 5274; x_wconf 88' lang='lat' dir='ltr'>genitus</span> <span class='ocrx_word' id='word_1_854' title='bbox 2230 5204 2288 5257; x_wconf 92' lang='lat' dir='ltr'>in</span> <span class='ocrx_word' id='word_1_855' title='bbox 2317 5206 2731 5259; x_wconf 88' lang='lat' dir='ltr'>resurrectione</span> <span class='ocrx_word' id='word_1_856' title='bbox 2761 5221 2826 5258; x_wconf 83' lang='lat' dir='ltr'>ex</span> <span class='ocrx_word' id='word_1_857' title='bbox 2856 5205 3049 5259; x_wconf 91' lang='lat' dir='ltr'>multis</span> <span class='ocrx_word' id='word_1_858' title='bbox 3078 5205 3368 5271; x_wconf 84' lang='lat' dir='ltr'>fratribus,</span> <span class='ocrx_word' id='word_1_859' title='bbox 3393 5207 3583 5277; x_wconf 89' lang='lat' dir='ltr'>appel-</span> 
     </span>
    </p>
   </div>
   <div class='ocr_carea' id='block_1_116' title="bbox 1987 5294 3579 5366">
    <p class='ocr_par' dir='ltr' id='par_1_116' title="bbox 1987 5294 3579 5366">
     <span class='ocr_line' id='line_1_116' title="bbox 1987 5294 3579 5366; baseline 0.002 -19"><span class='ocrx_word' id='word_1_860' title='bbox 1987 5294 2166 5360; x_wconf 88' lang='lat' dir='ltr'>latur;</span> <span class='ocrx_word' id='word_1_861' title='bbox 2192 5300 2420 5364; x_wconf 89' lang='lat' dir='ltr'>propter</span> <span class='ocrx_word' id='word_1_862' title='bbox 2432 5294 2599 5364; x_wconf 91' lang='lat' dir='ltr'>quod,</span> <span class='ocrx_word' id='word_1_863' title='bbox 2633 5294 2765 5363; x_wconf 89' lang='lat' dir='ltr'>quia</span> <span class='ocrx_word' id='word_1_864' title='bbox 2785 5311 2964 5364; x_wconf 90' lang='lat' dir='ltr'>genus</span> <span class='ocrx_word' id='word_1_865' title='bbox 2991 5294 3274 5365; x_wconf 87' lang='lat' dir='ltr'>colligitur</span> <span class='ocrx_word' id='word_1_866' title='bbox 3292 5295 3351 5349; x_wconf 89' lang='lat' dir='ltr'>in</span> <span class='ocrx_word' id='word_1_867' title='bbox 3374 5295 3579 5366; x_wconf 89' lang='lat' dir='ltr'>specie,</span> 
     </span>
    </p>
   </div>
   <div class='ocr_carea' id='block_1_117' title="bbox 1984 5383 3583 5455">
    <p class='ocr_par' dir='ltr' id='par_1_117' title="bbox 1984 5383 3583 5455">
     <span class='ocr_line' id='line_1_117' title="bbox 1984 5383 3583 5455; baseline 0.002 -18"><span class='ocrx_word' id='word_1_868' title='bbox 1984 5383 2239 5454; x_wconf 87' lang='lat' dir='ltr'>quamvis</span> <span class='ocrx_word' id='word_1_869' title='bbox 2260 5383 2583 5453; x_wconf 88' lang='lat' dir='ltr'>unigenitus</span> <span class='ocrx_word' id='word_1_870' title='bbox 2604 5400 2704 5454; x_wconf 88' lang='lat' dir='ltr'>per</span> <span class='ocrx_word' id='word_1_871' title='bbox 2726 5389 3008 5447; x_wconf 84' lang='lat' dir='ltr'>naturam,</span> <span class='ocrx_word' id='word_1_872' title='bbox 3028 5384 3152 5437; x_wconf 91' lang='lat' dir='ltr'>ideo</span> <span class='ocrx_word' id='word_1_873' title='bbox 3172 5384 3583 5455; x_wconf 88' lang='lat' dir='ltr'>primogenitus</span> 
     </span>
    </p>
   </div>
   <div class='ocr_carea' id='block_1_118' title="bbox 1983 5472 3583 5544">
    <p class='ocr_par' dir='ltr' id='par_1_118' title="bbox 1983 5472 3583 5544">
     <span class='ocr_line' id='line_1_118' title="bbox 1983 5472 3583 5544; baseline 0.002 -18"><span class='ocrx_word' id='word_1_874' title='bbox 1983 5477 2039 5527; x_wconf 92' lang='lat' dir='ltr'>et</span> <span class='ocrx_word' id='word_1_875' title='bbox 2067 5473 2157 5526; x_wconf 91' lang='lat' dir='ltr'>hic</span> <span class='ocrx_word' id='word_1_876' title='bbox 2187 5472 2381 5526; x_wconf 88' lang='lat' dir='ltr'>debuit</span> <span class='ocrx_word' id='word_1_877' title='bbox 2407 5472 2613 5537; x_wconf 89' lang='lat' dir='ltr'>dici,ut</span> <span class='ocrx_word' id='word_1_878' title='bbox 2641 5479 2790 5527; x_wconf 91' lang='lat' dir='ltr'>esset</span> <span class='ocrx_word' id='word_1_879' title='bbox 2817 5473 3107 5539; x_wconf 90' lang='lat' dir='ltr'>indicium,</span> <span class='ocrx_word' id='word_1_880' title='bbox 3133 5474 3279 5544; x_wconf 90' lang='lat' dir='ltr'>quod</span> <span class='ocrx_word' id='word_1_881' title='bbox 3292 5475 3411 5544; x_wconf 88' lang='lat' dir='ltr'>jam</span> <span class='ocrx_word' id='word_1_882' title='bbox 3436 5473 3495 5528; x_wconf 90' lang='lat' dir='ltr'>in</span> <span class='ocrx_word' id='word_1_883' title='bbox 3517 5490 3583 5530; x_wconf 90' lang='lat' dir='ltr'>eo</span> 
     </span>
    </p>
   </div>
   <div class='ocr_carea' id='block_1_119' title="bbox 1981 5562 3577 5641">
    <p class='ocr_par' dir='ltr' id='par_1_119' title="bbox 1981 5562 3577 5641">
     <span class='ocr_line' id='line_1_119' title="bbox 1981 5562 3577 5641; baseline 0.001 -25"><span class='ocrx_word' id='word_1_884' title='bbox 1981 5567 2040 5617; x_wconf 87' lang='lat' dir='ltr'>et</span> <span class='ocrx_word' id='word_1_885' title='bbox 2066 5562 2161 5617; x_wconf 88' lang='lat' dir='ltr'>alii</span> <span class='ocrx_word' id='word_1_886' title='bbox 2183 5578 2356 5637; x_wconf 89' lang='lat' dir='ltr'>quam</span> <span class='ocrx_word' id='word_1_887' title='bbox 2369 5562 2533 5618; x_wconf 90' lang='lat' dir='ltr'>multi</span> <span class='ocrx_word' id='word_1_888' title='bbox 2558 5563 2760 5618; x_wconf 85' lang='lat' dir='ltr'>fratres</span> <span class='ocrx_word' id='word_1_889' title='bbox 2774 5562 3179 5636; x_wconf 84' lang='lat' dir='ltr'>colligebantur</span> <span class='ocrx_word' id='word_1_890' title='bbox 3207 5578 3309 5641; x_wconf 84' lang='lat' dir='ltr'>per</span> <span class='ocrx_word' id='word_1_891' title='bbox 3329 5563 3577 5634; x_wconf 82' lang='lat' dir='ltr'>gratiam</span> 
     </span>
    </p>
   </div>
  </div>
