3966 6206
227 358 299 431 121

1029 376 1408 433 EXPOSITIO
1446 354 1524 431 IN
1562 370 2006 431 MATTHEUM.
2051 403 2112 417 -—
2155 375 2291 430 LIB.
2333 354 2405 441 ῘῙ,
2448 373 2603 430 CAP.
2646 344 2718 431 ΪΙ.

3356 348 3472 434 '122

226 500 272 554 In
295 499 477 554 Veteri
499 466 729 573 quoque
749 502 1127 569 Testamento,
1151 502 1262 557 illis
1279 502 1653 574 primogenita
1671 518 1797 557 con-
1812 503 1862 562 A
1881 502 1939 557 in
1960 508 2200 575 utraque
2219 500 2530 557 substantia
2548 501 2880 574 significanti
2889 517 2952 556 us
2972 478 3306 573 Unigenitus
3326 520 3470 577 prae-

223 588 495 654 donantur,
536 592 636 662 qui
665 592 767 646 Dei
793 593 977 663 gratia
1005 593 1387 664 praeleguntur
1416 609 1654 663 quorum
1683 609 1797 646 non

222 695 268 732 ex
290 680 787 750 natura'dignitas,
832 682 930 736 sed
959 699 1022 736 ex
1049 682 1235 752 gratia
1262 682 1525 736 meritum
1553 682 1797 735 antefer-

220 774 303 820 tur.
334 768 558 822 Idcirco
580 774 638 823 et
670 786 769 823 nos
798 771 1052 837 dicimus,
1087 772 1233 843 quod
1268 772 1674 843 primogenitus
1707 771 1796 825 hic

218 856 609 926 signiﬁcantius
638 859 920 925 scribitur,
953 866 1018 914 ut
1071 878 1172 931 per
1201 878 1329 915 eum
1382 877 1575 914 omnes
1605 861 1699 932 qui
1731 877 1796 916 ex

214 946 369 1016 gratia
399 947 751 1017 colliguntur
778 948 925 1003 illico
953 950 1186 1003 adunati
1219 951 1595 1021 primogenita
1614 951 1669 1004 in
1692 968 1796 1004 coe-

214 1033 420 1088 lestibus
443 1036 712 1090 habeant.
731 1038 886 1092 Hanc
906 1040 1111 1110 quippe
1134 1040 1371 1109 figuram
1399 1039 1795 1109 gerebantom-

211 1123 288 1198 nia
311 1123 407 1177 illa
437 1126 842 1196 primogenita,
871 1127 974 1181 sub
1006 1128 1128 1198 lege
1167 1129 1404 1183 Domino
1436 1136 1783 1188 consecrata.

208 1187 341 1267 Uiide
360 1219 421 1266 et
437 1187 517 1267 de
544 1187 924 1270 bisvDominus
957 1218 1027 1271 ad
1048 1187 1237 1271 Xaron
1266 1218 1437 1272 talem
1466 1218 1675 1288 legitur
1694 1187 1793 1273 de-

208 1300 375 1355 ﬁnisse
407 1298 776 1357 sententiam:
799 1305 985 1369 Omne,
1003 1306 1203 1376 inquit,
1220 1308 1363 1375 quod
1382 1311 1559 1375 aperit
1572 1312 1795 1362 vulvam

208 1391 263 1442 ab
280 1394 436 1443 omni
451 1408 750 1462 carnequa'
772 1397 1002 1461 offertur
1023 1397 1271 1460 Domino,
1297 1398 1367 1449 ab
1382 1397 1601 1450 homine
1625 1413 1794 1466 usque

207 1480 268 1532 ad
275 1495 453 1546 pecus,
480 1497 601 1534 mea
622 1488 785 1535 erunt
810 1486 1188 1538 tantummodo
1208 1488 1612 1553 ;primogenita
1630 1503 1795 1555 pecu-

206 1568 317 1621 dum
342 1572 421 1622 im
433 1572 774 1625 mundorum
790 1577 969 1641 pretio
986 1574 1656 1636 rediment(E.rod.xxx1v.
1686 1574 1789 1641 19).

207 1655 326 1711 Ecce
354 1659 495 1728 quid
525 1659 641 1713 sint
660 1661 1044 1733 primogenita
1063 1663 1288 1716 divinus
1300 1680 1485 1717 sermo
1506 1664 1784 1717 deﬁnivit:

211 1747 379 1811 Omne.
405 1748 610 1818 inquit,
645 1752 789 1819 quod
820 1755 1000 1820 aperit
1037 1756 1281 1806 fulvam.
1316 1753 1578 1823 Alioquin
1620 1753 1677 1807 in
1705 1771 1790 1807 sa-

1879 593 2114 646 dicatur.

1955 683 2105 749 (CAP.
2123 682 2215 749 II.)
2240 682 2377 735 Cum
2406 698 2530 750 ergo
2554 687 2717 736 natus
2745 688 2871 736 esset
2899 685 3050 737 .lesus
3080 685 3144 736 in
3172 684 3472 739 Bethlehem

1879 773 1941 823 in
1993 772 2180 824 diebus
2228 772 2450 824 Herodis
2509 774 2667 838 regis.
2698 771 2950 835 Quatuor
2977 772 3066 826 hic
3107 789 3240 826 sane
3277 773 3473 835 funda-

1877 864 2069 912 menta
2092 859 2397 929 jaciuntur,
2438 861 2834 930 prOphetarum
2865 861 3150 932 praesagiis
3186 861 3467 930 roborata,

1876 953 1941 1001 ut
1966 948 2137 1002 nullis
2178 949 2399 1001 vacillet
2422 948 2659 1017 ingeniis
2688 949 2887 1002 domus
2908 966 3029 1019 quae
3057 967 3224 1020 super
3254 956 3472 1021 petram

1876 1036 2164 1091 fundatur.
2196 1036 2547 1091 Describitur
2568 1054 2813 1108 namque
2840 1038 3124 1104 nativitas,
3156 1039 3225 1093 de
3254 1057 3366 1110 qua
3391 1042 3473 1095 di-

1876 1132 2026 1179 ctum
2048 1126 2261 1179 fuerat:
2289 1128 2432 1180 Puer
2450 1132 2614 1179 natus
2635 1132 2709 1178 est
2746 1129 2917 1191 nobis,
2940 1133 2989 1179 et
3019 1131 3171 1195 ﬁlius
3202 1130 3364 1182 datus
3394 1136 3468 1184 est

1875 1216 2029 1268 nobis
2062 1218 2192 1281 (Isa.
2218 1229 2292 1281 Ix,
2326 1215 2398 1283 6).
2418 1215 2486 1268 Et
2513 1214 2834 1268 declaratur
2859 1231 3099 1285 persona
3125 1232 3187 1270 ex
3219 1218 3465 1285 nomine,

1872 1304 2207 1375 jamdudum
2236 1304 2428 1357 multis
2455 1304 2513 1357 in
2569 1303 2704 1357 locis
2744 1304 3097 1374 przesignata.
3128 1306 3473 1361 Monstratur

1878 1410 2099 1464 quoque
2126 1399 2183 1447 et
2208 1394 2361 1447 locus
2388 1411 2453 1447 ex
2481 1392 2775 1464 prophetia
2803 1402 3062 1447 ostensus
3095 1413 3106 1448 :
3142 1411 3243 1449 nec
3272 1413 3384 1450 non
3414 1404 3470 1451 et

1875 1488 2100 1554 tempus
2132 1499 2231 1552 per
2261 1482 2537 1536 Herodem
2592 1482 2851 1551 signatur
2889 1483 3170 1536 nascentis
3197 1485 3468 1556 astipulaa

1874 1571 2028 1625 tione
2058 1571 2281 1625 circiter
2299 1572 2603 1625 evolutum.
2621 1569 2751 1632 Sed.
2774 1569 3138 1641 quamobrem
3165 1584 3265 1643 per
3290 1572 3468 1629 Hero-

1875 1660 2002 1713 dem
2037 1662 2158 1730 ejus
2186 1661 2449 1715 nativitas
2476 1660 2598 1729 lege
2619 1660 3167 1732 ehronographorum
3180 1663 3467 1732 metiatur,

1873 1766 1995 1820 qua:
2028 1755 2144 1803 toto
2170 1751 2354 1803 fuerat
2380 1749 2513 1803 orbe
2544 1748 3033 1820 praedicandamon
3064 1751 3303 1806 absurde
3323 1770 3469 1823 qua:-

211 1835 509 1890 cerdotibus
540 1839 918 1909 primogenita
963 1857 1076 1895 non
1130 1841 1421 1906 debentur,
1456 1843 1705 1913 quandiu
1735 1849 1791 1896 et
1810 1820 1856 1878 B
1876 1839 2041 1893 ritur.
2062 1839 2381 1893 Praesertim
2411 1856 2535 1893 cum
2566 1856 2673 1893 nec
2704 1856 2883 1894 annus
2916 1840 3072 1909 regni
3092 1842 3230 1910 ejus,
3258 1848 3322 1895 ut
3346 1859 3467 1897 mos

209 1924 303 1977 alia
327 1926 385 1979 in
412 1927 567 1980 omni
586 1944 791 1997 genere
821 1930 974 1983 nasci
1003 1947 1165 2001 posse
1188 1931 1513 1997 creduntur,
1536 1948 1607 1985 ne
1647 1932 1789 1987 forte
1872 1933 1957 1981 est
1985 1928 2469 1999 historiographis,
2488 1929 2709 1999 quando
2748 1929 3002 1983 Christus
3021 1934 3187 1983 natus
3203 1930 3294 1993 sit,
3315 1937 3466 1986 certo

208 2029 304 2066 non
327 2015 719 2085 primogenita,
751 2018 846 2071 sed
870 2019 1163 2090 unigenita
1204 2021 1442 2074 Domino
1471 2038 1794 2076 consecren-
1874 2034 1939 2071 ex
1959 2034 2192 2071 numero
2220 2017 2545 2088 praeﬁgitur.
2582 2017 2858 2070 Prmterea
2884 2018 3138 2071 fortassis
3185 2019 3468 2074 videretur

209 2112 305 2155 tur.
321 2104 462 2167 Quia
482 2106 753 2160 nimirum
777 2108 823 2160 si
840 2108 919 2161 sic
940 2109 1325 2180 accipiendum
1349 2117 1495 2165 esset
1516 2117 1581 2165 ut
1607 2112 1789 2165 solum

207 2192 597 2263 primogenitus
617 2195 902 2250 diceretur
916 2197 964 2251 is
983 2213 1150 2268 quem
1179 2198 1380 2252 fratres
1401 2207 1787 2271 sequerentur,

205 2289 408 2352 poterat
426 2285 815 2339 excusationes
837 2285 1140 2342 obtendere
1161 2288 1561 2353 sacerdotibus,
1592 2289 1672 2343 ita
1701 2290 1787 2343 di-

208 2385 324 2423 cens
349 2389 360 2423 :
384 2372 529 2436 Quid
555 2390 644 2427 me
660 2375 717 2428 in
740 2375 909 2429 unius
929 2377 1140 2431 mensis
1172 2379 1334 2447 juxta
1349 2378 1595 2432 debitum
1622 2379 1788 2433 strin-

202 2459 278 2528 gis
305 2461 555 2527 articulo,
591 2469 655 2516 ut
683 2464 945 2519 offerrem
987 2483 1052 2520 ex
1080 2467 1201 2537 lege
1231 2467 1666 2537 primogenitum
1696 2470 1785 2523 cui

200 2546 389 2603 fratres
416 2567 527 2604 non
585 2554 934 2623 sequuntur?
975 2555 1244 2627 Exspecta
1290 2556 1575 2629 paulisper
1610 2558 1785 2611 donec

202 2639 458 2692 secundus
487 2648 776 2701 nascatur.
803 2644 935 2713 quia
964 2645 1191 2698 interim
1238 2645 1377 2699 nihil
1402 2646 1575 2700 debeo
1601 2663 1785 2701 sacer-

200 2725 327 2789 doti,
361 2729 463 2781 nisi
496 2729 667 2784 fuerit
694 2740 1021 2802 procreatus
1069 2751 1169 2804 per
1219 2752 1384 2805 quem
1419 2736 1464 2789 is
1491 2736 1586 2806 qui
1616 2745 1783 2791 natus

198 2820 276 2868 est
296 2816 521 2889 incipiat
551 2836 673 2873 esse
701 2822 1129 2893 primogenitus.
1161 2824 1305 2877 Nam
1334 2825 1403 2879 de
1448 2826 1626 2879 Maria
1654 2826 1785 2880 scri-

1875 2108 2213 2176 evangelista
2246 2107 2453 2160 rectius
2480 2106 2693 2169 fecisse,
2739 2107 2785 2160 si
2825 2105 2893 2159 ad
2924 2112 3145 2177 tempus
3174 2107 3467 2177 designan-

1873 2196 2007 2250 dum
2038 2195 2346 2249 nativitatis
2394 2195 2601 2249 Christi
2653 2195 3016 2249 Octavianum
3047 2197 3365 2265 Augustum
3395 2197 3469 2251 ad

1872 2285 2120 2339 medium
2148 2290 2427 2339 evocasset
2452 2304 2463 2350 ;
2497 2286 2657 2354 cujus
2685 2290 2932 2355 potestas
2961 2290 3148 2338 evecta
3186 2301 3364 2355 usque
3395 2287 3465 2340 ad

1869 2376 2009 2428 ﬁnes
2038 2373 2187 2427 orbis
2213 2375 2690 2437 terrarum,etiam
2706 2375 2982 2428 Herodem
3010 2374 3159 2427 hunc
3173 2380 3465 2429 etomnem

1868 2464 2222 2517 Palaestinam
2241 2464 2579 2534 provinciam
2594 2464 2744 2516 inter
2754 2464 2970 2534 reliqua
2982 2469 3260 2517 terrarum
3290 2477 3466 2534 regna

1868 2569 1968 2605 suo
1980 2553 2974 2623 claudebatimperio,quadragesimo
2991 2554 3036 2607 si
3051 2553 3275 2624 quidem
3306 2554 3465 2623 regni

1870 2640 2136 2710 Augusti,
2165 2642 2387 2712 quando
2419 2643 2578 2695 Jesus
2599 2648 2765 2695 natus
2795 2647 2896 2706 est,
2934 2643 3294 2706 anno,divina
3311 2644 3461 2698 ordi-

1867 2736 2038 2783 nante
2052 2730 2649 2801 potentia,firmissima
2661 2731 2905 2801 primum
2918 2732 3092 2800 paxin
3113 2732 3266 2785 omni
3283 2739 3465 2787 terra-

1865 2834 1992 2872 rum
2030 2826 2066 2885 ]
2095 2827 2130 2884 Ι
2153 2825 2201 2885 τ
2227 2826 2405 2890 parte,
2429 2819 2758 2873 mortalibus
2780 2819 3266 2875 famulatur.Tunc
3292 2822 3466 2892 igitur

192 2908 348 2974 ptum
369 2914 451 2960 est
466 2909 616 2978 quod
638 2927 649 2961 :
674 2911 809 2964 Cum
834 2915 1033 2981 expleti
1058 2919 1229 2967 essent
1274 2915 1385 2968 dies
1429 2919 1782 2983 purgationis
1864 2926 2066 2980 nempe
2086 2911 2190 2963 hoc
2203 2909 2411 2963 factum
2433 2909 2657 2979 legitur,
2683 2909 2905 2979 quando
2935 2910 3120 2980 angeli
3142 2910 3464 2966 CBCinel'unt

192 2997 608 3061 ejussecundum
629 3002 797 3066 legem
812 3002 1004 3069 Moysi,
1019 3003 1555 3058 duxeruntitlumin
1584 3005 1782 3058 Hieru-
1864 2998 2223 3053 audientibus
2242 2998 2594 3052 hominibus:
2632 2998 2819 3053 Gloria
2849 3001 2912 3052 in
2933 3003 3149 3053 excelsis
3189 3002 3311 3067 Deo,
3334 3007 3381 3054 et
3400 3004 3464 3055 in

185 3086 443 3150 salem,ut
461 3089 855 3142 sisterenteum
872 3091 1123 3157 Domino,
1151 3094 1293 3145 sicut
1321 3096 1591 3162 scriptum
1626 3098 1699 3147 est
1718 3097 1780 3147 in
1798 3136 1839 3162 η
1866 3094 2016 3142 terra
2067 3104 2182 3156 pax
2223 3089 2539 3141 hominibus
2568 3089 2715 3141 bona:
2755 3089 3059 3143 voluntatis
3092 3090 3236 3151 (Luc.
3279 3103 3317 3155 I,
3354 3088 3460 3152 14).

186 3171 312 3238 lege,
348 3177 479 3241 quia
495 3191 656 3229 omne
666 3181 983 3232 masculina
993 3196 1043 3232 m
1070 3182 1395 3249 adaperiens
1414 3183 1637 3235 vulvam
1656 3199 1782 3236 san-

181 3265 337 3314 ctum
360 3263 589 3318 Domino
606 3268 894 3320 vocabitur
908 3287 925 3332 ;
958 3274 1007 3321 et
1032 3274 1095 3321 ut
1120 3271 1319 3323 darent
1348 3272 1570 3337 hostias,
1594 3278 1781 3326 secun-

180 3349 319 3402 dum
340 3354 482 3421 quod
493 3355 702 3408 dictum
717 3362 792 3409 est
828 3358 1034 3425 in'lege
1064 3359 1307 3424 Domini,
1339 3375 1446 3428 far
1467 3366 1778 3429 turturum,

180 3445 278 3491 aut
298 3441 434 3494 duos
449 3446 634 3510 pullos
650 3448 1036 3501 columbarum
1050 3449 1258 3515 (Luc.n,
1282 3446 1394 3517 2‘2).
1423 3449 1566 3518 Ergo
1595 3450 1641 3503 si
1667 3450 1782 3520 pri-

177 3530 532 3598 mogenitum
563 3540 862 3602 sequentes
884 3534 1115 3601 faciunt,
1140 3542 1197 3589 et
1215 3536 1333 3590 haec
1360 3537 1446 3589 lex
1463 3544 1681 3591 tantum
1712 3539 1783 3592 ad

177 3617 587 3689 primogenitos
610 3622 893 3692 pertinere
913 3624 1149 3691 videtur,
1173 3641 1285 3679 non
1314 3625 1506 3679 debuit
1524 3626 1645 3697 lege
1667 3628 1786 3697 pri-

176 3707 453 3775 mogeniti
482 3710 717 3773 censeri,
752 3712 842 3764 cui
870 3713 1119 3767 nondum
1153 3713 1355 3767 fratres
1377 3721 1778 3769 successerant.

179 3792 430 3849 Sedideo
455 3803 493 3862 Ι
521 3804 641 3864 ιθ
663 3799 755 3853 hic
777 3808 926 3855 recte
941 3808 1166 3856 tenetur
1192 3803 1618 3874 primogenitus,
1654 3806 1787 3875 quia

179 3897 380 3937 omnes
400 3887 678 3956 unigeniti
705 3890 1068 3961 primogeniti
1098 3908 1221 3945 esse
1262 3898 1513 3964 possunt,
1548 3910 1660 3947 non
1690 3910 1786 3948 au-

176 3974 295 4025 tem
320 3989 513 4029 omnes
534 3977 896 4048 primogeniti
912 3980 1039 4049 jure
1055 3992 1270 4051 queunt
1288 3982 1565 4051 unigeniti
1579 3982 1782 4036 vocari.

180 4057 259 4113 Ex
288 4079 401 4133 quo
430 4065 715 4136 colligitur
742 4068 799 4121 in
820 4085 1060 4135 summa,
1093 4070 1529 4141 primogenitum
1547 4089 1675 4126 eum
1696 4089 1789 4126 vo-

183 4151 299 4203 cari
332 4152 534 4208 debere
564 4155 659 4226 qui
694 4157 906 4211 vulvam
931 4158 1112 4229 aperit
1140 4165 1196 4213 et
1224 4164 1355 4213 ante
1384 4177 1550 4232 quem
1575 4161 1781 4227 nullus,

186 4252 299 4293 non
331 4258 457 4295 eum
489 4249 708 4299 tantum
734 4263 901 4316 quem
930 4246 1133 4302 fratres
1162 4256 1492 4319 sequuntur.
1524 4250 1656 4305 Jure
1686 4250 1787 4320 igi-

185 4332 282 4381 tur
308 4331 564 4387 Christus
598 4334 1006 4405 primogenitus
1057 4338 1375 4409 appellatur
1426 4355 1489 4391 ex
1550 4338 1781 4409 virgine,

1862 3176 2023 3233 Unde
2051 3176 2265 3246 liquido
2286 3181 2505 3230 constat
2525 3176 2657 3247 quia
2675 3192 2783 3246 pax
2804 3175 2912 3229 ista
2931 3193 3044 3231 non
3063 3176 3265 3232 virtute
3286 3178 3464 3233 Czesa-

1865 3267 1963 3331 ris,
1998 3266 2095 3320 sed
2125 3266 2335 3319 Christi
2364 3264 2565 3335 gratia,
2599 3266 2971 3336 componitur.
2997 3265 3153 3319 Adeo
3201 3271 3267 3319 ut
3313 3267 3462 3322 idem

1863 3358 2172 3425 Augustus,
2207 3356 2277 3408 ad
2307 3371 2474 3426 quem
2506 3371 2694 3408 rerum
2722 3371 2945 3409 summa
2994 3361 3370 3421 concurrerat,
3403 3357 3463 3411 in

1866 3445 2197 3499 consistorio
2227 3462 2287 3498 se
2322 3445 2613 3498 dominum
2668 3443 2936 3515 appellari
2986 3461 3097 3498 non
3129 3443 3201 3498 sit
3242 3462 3458 3516 passus.

1865 3535 1985 3588 Imo
2017 3534 2147 3604 quia
2176 3551 2288 3587 non
2320 3550 2489 3587 ausus
2519 3539 2605 3587 est
2660 3533 2844 3586 divino
2892 3549 3181 3599 succensu,
3214 3551 3279 3587 eo
3314 3535 3463 3606 quod

1865 3640 2030 3676 verus
2057 3623 2329 3676 Dominus
2357 3622 3009 3691 totiushumanigcncris
3038 3623 3186 3675 inter
3205 3623 3462 3678 homines

1866 3710 2218 3764 nascebatur.
2244 3710 2457 3764 Eodem
2504 3727 2724 3780 quoque
2775 3726 2922 3763 anno
2957 3710 3306 3780 singularum
3338 3729 3465 3783 pro-

1865 3800 2175 3853 vinciarum
2205 3799 2412 3869 ubique
2441 3799 2694 3851 homines
2725 3804 3102 3851 censenturex
3131 3800 3377 3865 nomine,
3407 3808 3465 3855 et

1867 3889 2073 3959 singuli
2103 3889 2220 3942 suis
2251 3890 2585 3959 profitentur
2612 3888 2671 3941 in
2730 3887 2898 3953 locis;
2932 3887 3008 3939 ita
3041 3891 3105 3940 ut
3135 3903 3326 3939 servus
3366 3887 3463 3956 qui

1870 3979 2159 4050 prOprium
2189 3994 2301 4031 non
2326 3977 2565 4030 redisset
2592 3975 2662 4029 ad
2705 3976 3012 4041 dominum,
3042 3977 3170 4045 jure
3198 3975 3463 4045 plectere-

1868 4073 1964 4121 tur
1986 4069 2045 4122 in
2075 4073 2333 4121 mortem.
2362 4065 2706 4120 Describitur
2733 4070 2921 4119 autem
2966 4065 3258 4118 universus
3288 4064 3458 4133 orbis,

1871 4157 2017 4228 quod
2045 4156 2225 4210 Lucas
2253 4155 2529 4221 meminit,
2554 4154 2927 4224 eamdemque
2967 4155 3243 4208 Caesarem
3273 4154 3461 4208 claris-

1867 4247 2013 4301 sima
2041 4246 2138 4298 illa
2168 4245 2435 4316 professio
2459 4251 2787 4298 cunctorum
2831 4244 3123 4298 hominum
3153 4243 3461 4315 principem

1867 4334 2202 4403 designavit.
2236 4336 2389 4388 Inter
2412 4350 2550 4404 quos
2599 4334 2865 4387 nimirum
2897 4332 3171 4399 Christus,
3208 4334 3304 4405 qui
3334 4334 3460 4387 uni-

190 4419 322 4486 qnia
349 4420 417 4473 ab
460 4422 624 4476 initio
663 4424 1071 4495 primogenitus
1132 4432 1217 4481 est
1263 4428 1435 4481 totius
1474 4433 1743 4482 creatura;
1769 4441 2087 4510 ;Dversum
2137 4441 2314 4493 genus
2368 4423 2636 4489 condidit,
2670 4423 2907 4477 inveniri
2965 4429 3133 4493 atque
3189 4423 3460 4478 conscribi

191 4520 289 4559 nec
321 4525 427 4562 non
445 4516 501 4563 et
522 4511 579 4564 in
599 4510 880 4583 baptismo
918 4515 1328 4585 primogenitus
1349 4517 1601 4571 ﬁdelium
1631 4524 1780 4571 recte
1866 4512 2035 4565 homo
2064 4512 2213 4565 inter
2240 4511 2495 4564 homines
2534 4512 2798 4565 humanis
2827 4510 3043 4581 legibus
3070 4511 3246 4565 νοῙυίῐ
3271 4532 3283 4577 ;
3319 4530 3459 4583 qua-

192 4604 431 4665 vocatur,
457 4600 554 4671 qui
600 4607 658 4655 et
686 4601 744 4655 in
798 4605 1205 4658 resurrectione
1256 4606 1669 4676 primogenitus
1716 4623 1781 4660 ex
1869 4608 2034 4656 tenus
2063 4618 2162 4671 per
2192 4601 2295 4654 hoc
2325 4617 2453 4653 suos
2484 4601 2857 4654 conscriberet
2882 4601 2939 4653 in
2970 4600 3282 4655 aeternitate
3304 4603 3463 4656 caele-

196 4688 424 4741 mortuis
444 4691 813 4744 resurrexisse
834 4692 1057 4746 dicitur.
1084 4694 1417 4765 Unigenitus
1442 4702 1631 4748 autem
1650 4712 1785 4749 non-
1871 4690 1970 4743 stis
1983 4690 2175 4760 patriae
2187 4690 2350 4753 cives,
2385 4707 2485 4760 P9P
2499 4691 2646 4760 (111οά
2660 4690 2805 4743 idem
2820 4690 3067 4743 humano
3088 4690 3352 4760 dignatus
3378 4698 3464 4747 est

200 4788 477 4847 nunquam
498 4779 625 4833 ideo
646 4785 893 4847 vocatur,
913 4783 1047 4852 quia
1066 4783 1217 4837 solus
1239 4784 1541 4853 singularis
1558 4801 1623 4839 ac
1650 4802 1785 4857 pro-
1864 4779 2154 4848 subjacere
2176 4778 2595 4850 imperio.Quod
2620 4796 2897 4850 nusquam
2920 4779 3142 4850 penitus
3155 4780 3224 4833 ab
3237 4782 3461 4836 exordio

200 4873 346 4939 prius
373 4882 456 4929 est
480 4877 657 4931 Filius
681 4878 803 4944 Dei,
837 4879 986 4933 unde
1026 4886 1083 4934 et
1124 4881 1449 4951 unigenitus
1480 4888 1608 4953 apte
1635 4883 1784 4937 idem

1871 4870 2198 4939 cujusquam
2228 4869 2285 4921 in
2314 4885 2487 4938 regno
2517 4868 2642 4927 fuit.
2682 4874 2745 4922 ut
2795 4870 2998 4939 aliquis
3045 4870 3219 4924 totius
3266 4871 3461 4925 mundi

200 4985 257 5022 ex
288 4973 459 5028 Maria
486 4975 776 5047 probatur,
810 4994 980 5048 quam
995 4978 1076 5032 vis
1108 4980 1518 5051 primogenitus
1548 4982 1787 5052 appelle-

202 5074 304 5122 tur.
327 5073 381 5128 Si
411 5074 638 5145 quidem
669 5075 993 5145 unigenitus
1023 5079 1154 5149 quia
1198 5080 1348 5133 solus
1378 5080 1447 5133 de
1476 5079 1789 5134 substantia

202 5163 369 5223 Patris
389 5178 552 5226 natus
569 5177 657 5226 est
675 5172 869 5238 Filius,
913 5173 1058 5229 sicut
1091 5175 1159 5228 de
1184 5176 1364 5230 Maria
1400 5176 1700 5247 singularis
1725 5194 1789 5231 ac

201 5266 443 5337 proprius
468 5269 621 5323 idem
646 5275 734 5323 est
762 5270 1005 5325 hominis
1036 5271 1205 5326 filius.
1243 5272 1355 5326 Sed
1384 5272 1516 5344 quia
1542 5290 1643 5345 per
1680 5274 1783 5328 hoc

201 5364 459 5421 mediator
487 5368 589 5423 Dei
618 5374 677 5423 et
704 5369 996 5424 hominum
1028 5378 1114 5425 est
1139 5371 1336 5437 factus,
1347 5372 1476 5441 jure
1504 5372 1785 5442 primoge-

200 5460 337 5516 nitus
373 5481 438 5518 ex
496 5467 694 5521 multis
748 5469 1082 5539 appellatus,
1114 5474 1389 5540 quatenus
1436 5469 1506 5524 ob
1552 5470 1656 5524 hoc
1686 5488 1787 5541 per

195 5561 424 5627 gratiam
453 5563 661 5619 habeat
684 5566 895 5620 multos
920 5566 1145 5635 fratres,
1174 5584 1411 5639 quorum
1442 5558 1648 5639 ubique
1676 5568 1787 5640 pri-

194 5666 400 5716 matum
423 5668 635 5719 teneat.
651 5665 798 5730 Quia
815 5666 1122 5724 secundum
1145 5665 1546 5739 proprietatem
1568 5672 1783 5723 naturae

1154 5866 1221 5920 /

1866 4959 2144 5029 potiretur
2200 4958 2453 5029 imperio.
2487 4958 2645 5012 Unde
2698 4958 2829 5012 ﬁdei
2884 4963 3092 5013 nostrae
3132 4959 3462 5031 inspectioni

1866 5047 2319 5101 manifestissime
2342 5051 2515 5117 patet,
2550 5048 2683 5116 quia
2738 5048 3011 5101 Dominus
3063 5055 3258 5102 noster
3301 5050 3462 5104 Jcsus

1868 5136 2144 5195 Christus,
2169 5136 2477 5201 cumvenit,
2504 5135 2858 5205 potissimum
2885 5153 3079 5208 pacem
3101 5137 3225 5191 ideo
3254 5138 3462 5192 mundo

1867 5225 2132 5291 reddidit,
2153 5230 2217 5278 ut
2243 5225 2330 5277 sui
2360 5225 2753 5295 praedicatores
2774 5242 2875 5296 per
2904 5226 3094 5281 orbem
3119 5226 3350 5280 liberam
3384 5227 3465 5282 in-

1867 5314 2054 5367 trandi
2083 5314 2226 5367 viam
2248 5312 2535 5375 haberent,
2561 5319 2618 5367 et
2647 5331 2782 5385 pace
2811 5320 3035 5385 recepta
3058 5316 3467 5372 mundustran-

1868 5403 2072 5474 quillus
2102 5401 2329 5455 verbum
2357 5402 2767 5473 przedicationis
2814 5404 3149 5458 intenderet.
3183 5405 3327 5459 Hinc
3356 5407 3467 5477 igi-

1864 5496 1961 5545 tur
1989 5496 2092 5555 est,
2122 5490 2269 5561 quod
2293 5491 2351 5545 in
2381 5507 2603 5545 omnem
2631 5497 2841 5546 terram
2875 5508 3045 5571 sonus
3085 5495 3467 5563 apostolorum

1866 5580 2048 5634 exisse
2072 5580 2279 5650 legitur
2305 5582 2482 5649 (Rom.
2514 5596 2570 5644 Χ,
2612 5581 2721 5651 18),
2764 5586 2821 5634 et
2866 5581 2926 5636 in
2956 5582 3095 5635 ﬁnes
3124 5581 3274 5635 orbis
3301 5587 3465 5635 teme

1862 5669 2093 5728 verbum
2108 5669 2525 5741 praedicationis
2544 5668 2857 5727 cucurrisse
2882 5668 3465 5725 monstratur.Deindo
