3966 6206
160 325 249 389 125

955 329 1340 393 EXPOSITIO
1374 332 1457 397 IN
1489 334 1938 399 MA'H‘HEUM.
1974 326 2043 383 ὲ·-
2078 333 2225 395 ΜΒ.
2260 334 2340 405 Il,
2375 334 2535 393 CAP.
2572 333 2654 394 Il.

3300 322 3411 393 126

157 458 229 509 est
250 456 560 513 ostensum.
595 454 711 514 Cur
738 459 935 516 autem
961 460 1192 526 venerit,
1226 463 1463 534 angelus
1485 463 1970 537 insinuatApotus
1988 465 2172 536 (Joan.
2188 477 2267 531 v1,
2281 461 2392 529 55).
2414 462 2481 519 In
2492 457 2825 518 Bethlebem
2842 472 2976 530 ergo
2996 454 3409 533 nascitur,un

148 544 403 615 populum
440 547 657 603 scilicet
701 565 870 605 suum
913 566 949 604 a
990 550 1235 621 peccatis
1275 568 1471 608 eorum
1516 555 1732 611 salvum

145 633 327 699 facere,
372 642 451 703 et,
482 642 550 691 ut
573 636 714 693 alibi
743 638 954 695 dictum
998 645 1102 705 est,
1150 645 1355 698 clausis
1393 648 1733 715 apertionem

143 723 423 779 ostendere
458 727 589 795 (Isa.
612 742 723 793 mu,
756 728 833 798 1).
886 729 1059 785 Porro
1092 729 1243 786 idem
1275 749 1288 785 :
1344 734 1446 789 Ubi
1496 735 1730 803 venerit,

136 812 370 868 Joannes
383 814 541 871 dicat
559 816 709 889 quod
730 820 793 871 in
806 820 1086 885 suavenit,
1102 824 1160 874 et
1179 821 1455 894 propheta
1470 823 1736 882 describit

132 900 314 957 dicens
349 920 363 956 :
405 904 490 958 Tu
520 906 848 974 Bethtehcm,
882 912 1033 966 terra
1063 910 1232 976 Juda,
1270 926 1384 967 non
1410 928 1462 966 es
1490 916 1733 970 minima

132 992 193 1044 in
212 994 579 1061 principibus
606 996 789 1051 Juda:
820 1012 886 1051 ea;
905 1002 953 1051 te
980 1000 1131 1052 enim
1157 1002 1294 1057 exiet
1315 1001 1430 1056 dua:
1458 1005 1557 1072 qui
1579 1008 1734 1072 regat

121 1082 398 1149 populum
417 1098 610 1138 meum
622 1086 799 1140 Israel
823 1085 1002 1157 (Mich.
1020 1103 1071 1154 v,
1106 1086 1182 1157 2).
1205 1089 1351 1155 Dux,
1374 1090 1627 1163 inquam,
1642 1092 1733 1149 cui

126 1171 444 1242 repositum
461 1179 608 1239 erat,
622 1190 791 1246 quem
820 1175 1019 1232 Daniel
1044 1177 1242 1252 utique
1268 1179 1521 1239 futurum
1541 1185 1734 1255 praevi-

120 1261 306 1315 derat.
341 1261 588 1326 Quando
606 1280 738 1318 vero
753 1265 924 1331 venit,
941 1271 1076 1325 tunc
1095 1268 1291 1339 utique
1322 1273 1547 1342 quando
1565 1275 1733 1346 cmpit

125 1350 240 1404 dux
272 1351 345 1404 de
399 1351 555 1406 Iuda
590 1352 851 1420 deficere,
896 1372 960 1410 ac
1014 1357 1275 1429 princeps
1312 1359 1381 1414 de
1429 1361 1732 1420 femoribus

120 1441 264 1510 ejus,
297 1441 536 1512 quando
567 1442 721 1498 venit
746 1443 1035 1515 plenitudo
1059 1451 1376 1519 temporum
1405 1464 1416 1499 :
1444 1450 1502 1506 in
1532 1452 1731 1509 diebus

122 1529 335 1585 scilicet
359 1530 608 1587 Herodis
636 1533 809 1603 regis,
839 1535 934 1606 qui
947 1537 1067 1605 jam
1089 1536 1407 1609 alienigena
1428 1547 1625 1597 contra
1648 1543 1731 1600 le-

122 1636 245 1690 gem
265 1620 330 1674 in
360 1621 563 1677 Judma
592 1622 883 1693 regnabat.
916 1624 1402 1690 Quemadmodum
1446 1630 1623 1701 igitur
1658 1633 1732 1691 sit

124 1716 309 1778 natus,
344 1712 717 1767 manifestum
749 1714 897 1784 quod
944 1714 1305 1772 ineliabiliter
1349 1718 1419 1773 de
1447 1719 1683 1790 Virgine
1711 1736 1728 1779 ι

1814 570 1948 611 vera
1961 554 2161 609 domus
2175 552 2335 624 panis
2354 551 2474 606 sola
2488 549 2733 607 Ecclesia
2752 547 3204 607 Christianorum
3223 550 3405 606 osten~

1814 644 1988 709 ditur,
2011 650 2170 701 extra
2188 659 2358 717 quam
2386 641 2546 713 panis
2569 640 2661 695 ille
2687 638 2928 695 caelestis
2960 654 3076 693 non
3096 634 3403 695 invenitur.

1816 733 1958 791 Hinc
1981 730 2157 805 igitur
2182 732 2243 786 in
2270 731 2540 806 praesepio
2561 730 2810 802 ponitur,
2833 728 2989 783 velut
3000 726 3222 799 piorum
3243 724 3407 785 uber-

1814 823 1992 881 rimus
2019 824 2406 893 jumentorum
2437 820 2614 887 cibus,
2645 820 2693 877 si
2722 834 2860 890 quos
2898 816 3040 873 forte
3065 815 3285 873 ratione
3313 829 3407 871 ca-

1813 918 2003 969 rentes
2029 912 2338 977 invenerat,
2353 910 2590 966 refectos
2608 908 2876 965 alimento
2900 904 3179 978 spirituali
3201 904 3276 963 ad
3298 920 3405 963 an-

1812 1002 2051 1073 gelicam
2077 1000 2373 1056 sublimius
2391 999 2627 1056 referret
2640 997 2993 1069 dignitatem.
3005 995 3087 1055 De
3104 1010 3214 1068 quo
3233 992 3407 1051 nimi-

1813 1108 1941 1147 rum
1970 1089 2281 1147 nativitatis
2315 1090 2457 1158 loco,
2500 1088 2671 1147 latius
2704 1091 2833 1163 post
2858 1084 3153 1159 paululum
3170 1082 3405 1158 explica-

1812 1180 1983 1239 bitur.

1883 1272 2031 1338 Ecce,
2062 1270 2265 1344 inquit,
2298 1273 2450 1339 magi
2466 1272 2536 1325 ab
2558 1270 2777 1325 Oriente
2801 1273 3069 1325 venerunt
3097 1267 3407 1333 Hierosoly.

1813 1376 1967 1415 mam
1988 1362 2222 1415 dicentes
2245 1380 2260 1415 :
2296 1362 2395 1415 Ubi
2411 1365 2486 1415 est
2501 1362 2602 1431 qui
2628 1364 2794 1415 natus
2812 1364 2887 1414 est
2915 1373 3013 1411 rem
3038 1357 3359 1411 Judaorum
3379 1357 3404 1409 ν

1814 1450 1880 1506 In
1909 1449 2092 1520 magis
2116 1466 2248 1521 ergo
2269 1449 2392 1506 istis
2414 1450 2535 1521 jam
2565 1448 2702 1505 ﬁdes
2725 1447 3000 1519 gentium,
3031 1444 3187 1501 velut
3210 1440 3406 1516 primi-

1812 1538 1920 1601 tiae,
1943 1539 2182 1595 Domino
2210 1543 2639 1606 consecrantur;
2661 1537 2757 1610 qui
2786 1552 2887 1608 per
2915 1535 3086 1593 fidem
3104 1532 3162 1587 in
3175 1530 3406 1590 Oriente

1812 1627 1967 1683 sidus
1993 1633 2304 1695 cernentes,
2337 1628 2675 1684 matutinum
2710 1627 2950 1691 stellam,
2979 1641 3102 1697 quae
3142 1619 3403 1681 Christus

1812 1723 1914 1784 est,
1939 1718 2177 1773 feliciter
2203 1722 2338 1773 sunt
2362 1719 2557 1773 secuti.
2590 1717 2712 1773 Nisi
2748 1716 2897 1771 enim
2942 1713 3138 1769 lucifer
3169 1708 3406 1769 matutis

122 1800 253 1870 quia
270 1816 478 1854 revera
504 1801 611 1855 iste
642 1800 842 1858 modus
869 1805 1132 1861 nascendi
1163 1823 1275 1862 non
1296 1812 1382 1862 est
1396 1814 1611 1866 naturae
1625 1812 1727 1868 hu-
1745 1792 1790 1852 Β
1810 1824 1916 1862 nus
1945 1808 2190 1878 primum
2220 1824 2415 1865 eorum
2444 1806 2705 1862 cordibus
2726 1806 2988 1871 oriretur,
3020 1816 3398 1874 nequaquam.

120 1904 299 1944 mana:
324 1888 680 1960 fragilitatis,
710 1892 812 1946 sed
838 1893 1039 1950 divina:
1066 1897 1386 1966 majestatis
1403 1897 1511 1953 fuit
1527 1900 1731 1971 digna-

120 1977 216 2032 tio.
238 1979 495 2044 Interea,
509 1979 716 2049 quibus
744 1982 1098 2039 adminiculis
1128 1985 1202 2040 sit
1227 1986 1456 2055 factum,
1481 1989 1732 2049 deelarat

122 2068 356 2137 angelus
376 2068 451 2122 ad
480 2069 722 2124 Mariam
735 2087 866 2126 cum
884 2073 1045 2129 dicit:
1061 2074 1221 2139 Quod
1241 2076 1489 2145 Spiritus
1504 2085 1727 2135 sanctus

122 2161 469 2225 superueniet
499 2161 563 2213 in
584 2164 651 2225 te,
667 2165 717 2214 et
738 2165 917 2218 virtus
933 2164 1211 2218 Altissimi
1230 2168 1582 2224 obumbrabit
1601 2170 1723 2230 tibi.

122 2247 304 2317 Atque
332 2246 477 2301 illud
500 2266 512 2300 :
537 2250 691 2316 Quod
720 2256 919 2305 natum
946 2257 1020 2306 est
1042 2256 1107 2307 in
1136 2270 1199 2308 ea
1218 2256 1281 2308 de
1308 2254 1727 2324 Spiritusancto

126 2336 333 2401 fulti-3t
350 2336 491 2407 quia
508 2344 791 2410 praecepta
810 2340 925 2395 haec
941 2341 1399 2414 philosophorum
1409 2346 1481 2401 ad
1497 2363 1728 2418 persua-

131 2424 374 2478 dendum
428 2427 742 2482 incredulis
792 2429 1052 2485 videntur
1104 2432 1243 2503 ipsis
1295 2450 1417 2489 esse
1454 2452 1722 2507 congrua,

133 2513 330 2568 idcirco
373 2517 746 2586 apposuimus
783 2524 848 2572 ut
886 2519 1012 2573 hinc
1050 2520 1181 2575 inde
1217 2527 1470 2592 patescat
1506 2525 1726 2587 divinus

134 2618 309 2656 sermo
340 2605 575 2675 quantis
602 2606 856 2661 redoleat
881 2611 1565 2683 sacramentis,quantisve
1582 2632 1727 2687 prte-

138 2691 369 2747 emineat
392 2694 640 2761 indiciis,
662 2702 720 2749 et
745 2698 1028 2767 praecellat
1043 2700 1396 2756 saecularium
1409 2702 1727 2761 litterarum

140 2780 382 2850 eloquiis.
413 2783 518 2838 Est
544 2783 698 2838 enim
716 2787 1064 2841 constantior
1091 2788 1150 2841 in
1179 2788 1435 2856 dicendo,
1454 2793 1730 2863 cepiosior

143 2868 197 2922 in
221 2870 457 2942 eloquio,
491 2873 826 2943 profundior
851 2876 911 2931 in
940 2892 1128 2945 sensu,
1155 2877 1215 2933 in
1244 2879 1533 2935 intellectu
1560 2880 1730 2937 subli-

142 2959 293 3026 mior,
339 2957 678 3018 luminosior
723 2964 784 3018 in
826 2972 1141 3037 prospectu,
1184 2969 1408 3023 suavior
1443 2970 1504 3024 in
1540 2976 1725 3041 gestu,

139 3049 333 3104 iratior
361 3052 419 3106 in
457 3053 758 3122 promisso,
782 3054 1118 3110 fructuosior
1134 3057 1195 3112 in
1223 3064 1515 3129 proventu.
1546 3061 1729 3126 Quam

1810 1898 1975 1952 stella
1995 1897 2217 1969 praevia,
2243 1914 2434 1969 regem
2460 1898 2783 1954 Iudaeorum
2812 1900 2931 1951 tam
2955 1895 3279 1948 constanter
3304 1889 3398 1949 in-

1811 1987 2119 2057 quirerent.
2149 1988 2402 2044 Fuerunt
2429 1992 2637 2053 autem,
2670 1990 2736 2042 ut
2763 1985 2942 2050 aiunt,
2974 1980 3044 2041 de
3069 1996 3277 2052 genere
3296 1979 3401 2037 Bav

1808 2076 1982 2143 laam,
2012 2092 2473 2147 successoresque
2511 2075 2897 2129 doctrinarum
2926 2073 3068 2145 ejus,
3100 2074 3158 2124 et
3180 2068 3306 2127 ideo
3335 2079 3405 2125 ex

1808 2166 2106 2237 prophetia
2120 2166 2271 2222 illius
2298 2165 2613 2222 evidentius
2631 2166 3029 2235 cognoverunt,
3052 2158 3203 2233 quod
3225 2156 3402 2215 etiam

1808 2254 1868 2309 in
1896 2255 2153 2310 doctrina
2172 2256 2421 2313 studiose
2460 2254 2789 2317 recolentes,
2822 2249 3060 2324 experiri
3090 2246 3402 2306 secundum

1808 2344 2160 2417 disciplinam
2188 2346 2369 2416 ipsius
2405 2345 2546 2400 artis
2584 2341 3022 2401 meditabantur.
3070 2333 3400 2429 Nammagi

1807 2435 1956 2490 idem
1987 2441 2122 2490 sunt
2145 2435 2241 2505 qui
2273 2440 2470 2507 postea
2496 2431 2881 2489 mathematici
2905 2435 3040 2485 sunt
3059 2426 3401 2505 vocati,un

1809 2540 1937 2579 rum
1950 2528 2038 2579 est
2055 2525 2113 2578 in
2132 2524 2308 2580 stellis
2323 2523 2677 2581 nascentium
2707 2528 2748 2591 ι
2762 2528 2887 2593 ππ
2910 2525 3067 2576 ortus
3097 2516 3397 2587 inspicere,

1809 2620 1866 2669 et
1894 2631 1960 2669 ex
1984 2614 2224 2668 mathesi
2253 2630 2443 2668 rerum
2473 2612 2711 2683 probare
2751 2614 3002 2667 eventus.
3038 2607 3148 2664 Sed
3178 2605 3248 2660 de
3275 2603 3401 2663 istis

1809 2703 1994 2774 magis
2018 2702 2311 2757 fatendum
2332 2702 2521 2773 potius
2536 2700 2685 2773 quod
2704 2717 2775 2757 ex
2806 2697 3119 2791 prophetia,
3141 2696 3228 2753 vel
3250 2698 3402 2791 certe

1811 2792 2025 2865 Spiritu
2044 2799 2239 2848 sancto
2265 2808 2362 2846 eos
2390 2791 2686 2857 excitante,
2718 2787 3077 2852 crediderint,
3104 2799 3274 2863 quam
3303 2781 3404 2841 alia-

1811 2898 1923 2953 qua
1952 2882 2169 2939 inimici
2194 2882 2389 2938 fraude
2415 2880 2754 2939 substitutos
2784 2880 2856 2937 ad
2884 2877 3056 2971 fidem
3085 2890 3231 2941 esse,
3258 2888 3399 2971 prae-

1811 2972 2007 3027 sertim
2035 2989 2159 3028 cum
2200 2972 2558 3043 praeceptoris
2593 2987 2789 3027 eorum
2821 2967 3150 3026 vaticinium
3187 2966 3404 3019 cunctis

1808 3061 1869 3117 in
1887 3060 2111 3132 signum
2124 3068 2274 3117 esset
2289 3061 2492 3117 futurae
2508 3057 2911 3132 promissionis.
2932 3058 3180 3121 Orietur,
3193 3052 3401 3124 inquit,

146 3137 237 3207 qui
260 3140 431 3195 altius
456 3142 731 3207 effoderit,
757 3145 1002 3213 majores
1013 3144 1120 3199 sibi
1144 3147 1441 3203 thesauros
1467 3150 1728 3221 acquirit,
1748 3157 1792 3217 ί]
1810 3154 1968 3205 stella
1991 3168 2057 3205 ex
2073 3153 2255 3219 Jacob,
2269 3157 2319 3206 et
2340 3155 2629 3219 consurget
2659 3151 2817 3204 homo
2842 3150 2923 3202 vel
2952 3147 3190 3215 virgade
3207 3136 3405 3207 Israel.

140 3233 193 3281 et
216 3246 339 3300 quae
356 3238 495 3287 sunt
518 3231 838 3287 indicibilia
864 3234 1215 3302 mortalibus,
1259 3236 1444 3292 subito
1468 3256 1569 3310 per
1593 3256 1727 3311 gra-

138 3317 268 3373 tiam
305 3319 552 3391 Spiritus
596 3321 808 3377 ibidem
838 3323 1144 3378 adinvenit.
1178 3325 1507 3382 Bethlebem
1535 3334 1727 3387 autem

137 3405 307 3475 Iudae,
337 3409 408 3463 ob
428 3411 854 3468 distinctionem
882 3413 1112 3468 alterius
1146 3415 1476 3472 Bethlebem
1501 3418 1725 3486 dicitur,

139 3510 251 3564 que
270 3504 360 3553 est
378 3499 440 3553 in
464 3500 704 3569 Galilea,
726 3501 785 3556 in
815 3502 962 3557 tribu
980 3502 1247 3573 Zabulon,
1261 3507 1367 3561 etsi
1386 3507 1445 3561 in
1455 3508 1731 3579 antiquiov

136 3583 282 3640 ribus
294 3590 721 3659 exemplaribus
736 3591 941 3647 Judzeae
960 3592 1441 3667 inveniatur:quia
1459 3598 1729 3655 nimirum

135 3672 321 3731 Iudaea
334 3684 455 3733 tota
466 3680 569 3734 illa
585 3681 742 3751 regio
754 3680 945 3735 decem
959 3682 1208 3738 tribuum
1220 3685 1571 3756 intelligitur;
1591 3689 1618 3742 J
1622 3688 1734 3745 uda

132 3778 276 3832 vero,
319 3769 443 3823 sola
469 3769 573 3824 illa
600 3770 784 3826 tribus
822 3771 998 3827 David
1029 3789 1131 3844 per
1158 3774 1264 3829 hoc
1292 3776 1540 3846 apertius
1578 3777 1729 3833 desi-

121 3861 360 3922 gnatur.
391 3865 435 3925 ]
458 3864 573 3925 τι
604 3861 705 3915 Est
723 3866 916 3916 autem
944 3878 1139 3919 earum
1168 3869 1408 3936 utraque
1426 3865 1486 3920 in
1512 3866 1725 3933 Judaea,

116 3947 176 3996 et
204 3944 342 4000 ideo
369 3948 467 4003 hic
494 3949 799 4019 legendum
818 3957 906 4006 est
922 3952 1098 4019 Judte,
1118 3958 1183 4007 ut
1201 3953 1612 4024 signiﬁcantius
1632 3957 1732 4013 illa

114 4034 479 4103 exprimatur
523 4039 719 4094 civitas
768 4040 949 4095 David
998 4042 1057 4096 in
1097 4041 1248 4097 tribu
1288 4044 1452 4110 Juda,
1501 4045 1571 4100 de
1617 4059 1732 4118 qua

114 4121 388 4180 Christus
407 4127 506 4182 diu
537 4129 863 4199 prophetice
890 4132 1261 4201 repromissus
1281 4135 1721 4205 exspectabatur.

116 4210 277 4279 Hec,
319 4216 575 4287 inquam,
610 4223 700 4272 est
728 4218 924 4274 civitas
952 4219 1051 4274 Dei
1079 4220 1140 4275 in
1168 4226 1319 4276 sorte
1346 4223 1529 4278 tribus
1565 4225 1725 4282 Judaa

125 4298 177 4353 in
208 4309 382 4359 sexto
405 4305 637 4376 quidem
667 4306 936 4362 milliario
961 4308 1031 4362 ab
1057 4309 1203 4366 Elia
1221 4310 1348 4376 sita,
1381 4317 1579 4368 contra
1606 4330 1727 4369 me-

124 4390 412 4448 ridianam
442 4396 685 4466 plagam,
712 4398 877 4467 juxta
903 4398 1048 4452 viam
1077 4416 1201 4470 quae
1219 4400 1375 4455 ducit
1392 4400 1637 4458 Hebron.
1660 4403 1725 4459 In

1808 3244 1857 3294 et
1879 3244 2147 3309 percutiet
2166 3243 2324 3296 duces
2344 3241 2865 3309 Moab,oastabitque
2885 3252 3069 3293 omnes
3085 3228 3227 3304 ﬁlios
3250 3232 3399 3307 Seth,

1808 3331 2019 3399 eritque
2055 3332 2300 3386 Idumam
2322 3334 2579 3400 possessio
2621 3331 2737 3398 eius
2769 3328 2959 3394 (Num.
2991 3338 3139 3392 xxxv,
3174 3320 3261 3399 l7,
3293 3317 3401 3391 18).

1810 3419 1881 3474 Et
1905 3424 2035 3490 post
2060 3420 2389 3491 paululum:
2421 3421 2497 3476 De
2520 3421 2688 3484 Juda,
2722 3416 2924 3488 inquit,
2949 3416 3077 3480 erit,
3109 3415 3208 3485 qui
3227 3412 3404 3466 domi—

1810 3513 1976 3563 netur
2003 3514 2054 3562 et
2077 3510 2276 3576 perdat
2318 3511 2585 3578 reliquias
2612 3510 2855 3563 civitatis
2897 3507 3081 3575 (Ibid.,
3119 3502 3227 3571 19).
3268 3501 3404 3579 Quae

1809 3596 2079 3652 nimirum
2105 3596 2327 3668 singula
2346 3614 2511 3653 nemo
2540 3598 2637 3668 qui
2656 3597 2725 3652 de
2755 3584 2981 3653 Christo
2999 3592 3221 3650 dubitet
3240 3590 3404 3649 intel-

1813 3687 1931 3757 ligi.
1963 3687 2123 3743 Unde
2151 3692 2208 3742 et
2233 3686 2348 3753 isti,
2372 3686 2474 3741 tali
2500 3686 2685 3747 edocti
2710 3685 3007 3756 praeconio,
3026 3683 3216 3739 divina
3234 3679 3407 3752 inspi-

1813 3782 1975 3831 rante
2002 3776 2207 3846 gratia,
2243 3775 2596 3831 nativitatem
2627 3774 2836 3831 summi
2872 3773 3030 3829 ducis
3077 3771 3402 3844 pradicant,

1810 3865 1906 3937 qui
1933 3865 2185 3920 nondum
2212 3866 2398 3920 locum
2427 3865 2486 3921 in
2516 3881 2625 3936 quo
2654 3868 2980 3921 nasceretur
3025 3859 3400 3931 agnovissent.

1809 3956 2096 4011 Noverunt
2120 3955 2295 4025 igitur
2337 3954 2486 4026 quod
2541 3971 2608 4009 ex
2650 3951 2911 4007 vaticinio
2940 3947 3196 4020 magistri
3235 3962 3404 4019 quem

1810 4043 2175 4099 sectabantur
2200 4048 2585 4116 perceperant,
2619 4047 2677 4098 et
2704 4039 3044 4113 ignorabant
3071 4037 3295 4110 penitus
3324 4036 3404 4090 lo-

1810 4149 1938 4187 cum
1968 4149 2137 4203 quem
2166 4120 2301 4188 alibi
2319 4150 2421 4205 per
2441 4133 2773 4211 prophetam
2795 4130 3039 4203 Spiritus
3067 4131 3294 4187 sanctus
3312 4125 3408 4183 de-

1810 4221 2076 4277 clarabat.
2110 4222 2253 4277 Hinc
2278 4238 2414 4277 sane
2438 4223 2505 4277 fit
2529 4222 2678 4281 inter
2701 4221 2922 4279 Iudaeos
2951 4224 3007 4275 et
3033 4223 3231 4291 gentes
3259 4214 3406 4293 mira

1808 4312 2193 4368 doctrinarum
2220 4312 2464 4368 vicissim
2494 4311 2879 4367 commutatio.
2922 4310 3011 4367 Illi
3048 4309 3233 4367 locum
3270 4304 3407 4367 insi-

1808 4405 2008 4469 nuant,
2045 4403 2140 4472 qui
2160 4408 2382 4473 tempus
2410 4401 2684 4459 adventus
2709 4398 2933 4455 Domini
2961 4413 3075 4457 non
3102 4411 3403 4471 recognos-s

127 4495 237 4549 qua
258 4483 539 4539 nimirum
566 4485 751 4539 adhuc
778 4486 947 4541 hodie
985 4489 1305 4560 sepulcrum
1333 4491 1489 4545 Jesse
1524 4508 1591 4546 ac
1618 4492 1730 4547 Da—
1746 4482 1795 4541 D
1813 4495 1965 4545 cunt.
2000 4490 2216 4563 Quippe
2245 4472 2379 4562 quia
2405 4492 2679 4562 scriptum
2703 4493 2791 4544 est
2817 4487 2967 4560 quod
2994 4488 3217 4559 Miluus,
3242 4472 3292 4539 et
3314 4485 3406 4541 hi-

126 4570 211 4624 Vid
242 4573 607 4642 ostenditur;
639 4591 968 4646 quanquam
1012 4583 1071 4631 et
1097 4578 1234 4633 alibi
1262 4579 1418 4634 idem
1446 4580 1506 4634 in
1536 4580 1734 4637 Hiem-

129 4660 309 4717 salem
331 4664 586 4735 sepultus
601 4664 841 4735 legatur.
866 4666 1192 4722 Bethlehem
1212 4668 1416 4741 quippe
1429 4671 1622 4725 domus
1634 4684 1734 4741 pa-

131 4752 217 4803 nis
246 4752 681 4825 interpretatur,
721 4770 790 4811 ex
819 4772 930 4827 quo
970 4756 1241 4812 nimirum
1285 4760 1621 4830 praesagium
1651 4761 1733 4816 in-

135 4836 359 4896 ducitur
381 4841 724 4911 futurorum,
740 4845 891 4915 quod
916 4844 1125 4900 ibidem
1153 4847 1317 4917 panis
1337 4848 1513 4915 vivus,
1535 4850 1633 4919 qui
1659 4850 1730 4908 de

138 4928 269 4983 melo
302 4931 679 4986 descenditad
709 4933 1068 4988 refectionem
1095 4951 1291 5013 eorum
1325 4937 1422 5008 qui
1464 4938 1731 4995 credituri

143 5025 314 5087 erant,
345 5022 684 5093 quandoque
711 5032 1054 5078 nasceretur.
1089 5025 1235 5081 Nam
1272 5032 1441 5081 antea
1481 5028 1732 5098 Ephrata

144 5108 557 5173 Vocabatur,sed
568 5116 765 5182 postea
774 5117 1118 5169 commutato
1131 5113 1731 5172 vocabuloBethlebem

146 5194 542 5265 Signiﬁcantius
572 5199 917 5255 nominatur.
936 5201 1097 5257 Gerit
1113 5202 1264 5257 enim
1287 5205 1529 5274 figuram
1556 5206 1730 5261 totius

58 5332 63 5361 ξ
145 5281 417 5356 Ecclesiae,
447 5305 573 5360 qua
602 5289 805 5345 domus
828 5290 992 5361 panis
1021 5305 1134 5346 non
1162 5292 1622 5349 inconvenienter
1648 5295 1732 5352 di-

146 5372 304 5444 citur;
338 5378 399 5433 in
428 5394 542 5449 qua
572 5378 825 5449 quotidie
850 5379 1143 5436 credentes
1183 5381 1395 5437 ccelesti
1432 5382 1728 5449 dulcedine

143 5464 247 5531 iam
272 5466 367 5521 illo
403 5468 639 5522 aluntur
663 5468 787 5524 cibo
827 5469 1101 5539 angelico,
1134 5474 1192 5524 et
1208 5471 1560 5542 saginantur,
1593 5474 1729 5530 dum

149 5562 475 5627 pragustant
484 5568 716 5613 carnem
733 5559 1728 5634 acsanguinemRedemptoris.Garo,

146 5645 324 5719 inquit,
342 5663 466 5704 mea
483 5662 654 5705 verus
685 5652 761 5705 est
777 5650 951 5717 cibus,
984 5654 1034 5706 et
1051 5654 1283 5721 sanguis
1303 5668 1455 5709 meus
1480 5668 1643 5711 verus
1657 5657 1733 5711 est

1812 4581 2097 4647 rundo,ac
2124 4583 2355 4647 ciconia,
2380 4581 2761 4635 custodierunt
2785 4584 2994 4648 tempus
3014 4591 3182 4637 suum
3200 4593 3216 4630 :
3234 4588 3407 4651 popu-

1815 4674 1902 4725 tus
1931 4674 2118 4724 autem
2145 4671 2374 4726 Domini
2402 4686 2515 4727 non
2528 4671 2849 4727 custodierit
2859 4669 3146 4737 judicium
3164 4666 3264 4721 Dei
3290 4665 3402 4741 sui,

1814 4774 1985 4827 neque
2017 4764 2224 4827 tempus
2269 4762 2605 4815 uisitationis
2646 4761 2958 4827 cognoverit
2995 4759 3127 4827 (λον.
3172 4769 3295 4829 vm,
3328 4754 3401 4827 7).

1812 4848 1913 4903 Isti
1943 4864 2073 4903 vero
2103 4864 2134 4902 e
2162 4854 2358 4904 contra
2399 4854 2622 4920 tempus
2653 4847 2977 4919 praedicant,
3011 4847 3109 4919 qui
3138 4841 3407 4919 nascendi

1811 4937 1997 4991 locum
2026 4954 2091 4991 ex
2120 4937 2415 5008 disciplina
2441 4939 2580 4993 artis
2599 4954 2715 4993 sua)
2734 4941 3023 5009 nequeunt
3042 4933 3406 5006 comprehen-

1811 5027 1964 5081 dere.
2002 5026 2088 5082 Ab
2131 5026 2360 5082 Oriente
2403 5044 2626 5099 quoque
2670 5028 2903 5085 veniunt
2932 5025 3401 5098 Hierosolymam,

1812 5116 1947 5187 quia
1970 5116 2163 5171 civitas
2191 5116 2452 5171 altissimi
2478 5117 2581 5171 Dei
2611 5117 2710 5175 illa
2742 5117 2802 5171 in
2839 5121 2959 5172 toto
2987 5114 3239 5187 fulgebat
3265 5112 3400 5193 orbe

1811 5211 2110 5273 terrarum,
2134 5211 2200 5261 ut
2217 5222 2284 5261 ex
2312 5206 2450 5277 ipsa,
2476 5206 2627 5276 quod
2654 5206 2842 5269 minus
2864 5210 3029 5263 erant
3043 5204 3242 5273 edocti,
3266 5201 3415 5261 divi-'

1809 5295 1899 5349 nis
1928 5294 2144 5365 legibus
2174 5295 2552 5350 erudirentur.

1883 5383 1992 5438 Sed
2021 5384 2299 5455 quomodo
2319 5384 2576 5438 venerint
2602 5401 2670 5440 ex
2697 5385 2946 5452 Oriente,
2963 5389 3248 5445 terrarum
3275 5401 3408 5458 apau-

1811 5472 1892 5528 tia
1918 5472 2247 5544 longissima
2269 5472 2327 5528 in
2356 5478 2474 5531 tam
2496 5474 2684 5531 subito
2704 5481 3090 5547 peragrantes,
3113 5491 3229 5533 non
3267 5474 3408 5532 satis

1813 5567 2065 5634 apparet,
2097 5562 2206 5617 nisi
2232 5562 2374 5621 forte
2402 5570 2531 5636 post
2566 5581 2797 5633 annum,
2830 5570 2895 5623 ut
2930 5565 3163 5637 quidam
3194 5566 3408 5637 volunt,

1813 5651 2031 5709 venisse
2058 5652 2378 5724 credantur,
2413 5654 2565 5727 quod
2583 5655 2809 5728 penitus
2837 5659 2991 5717 stare
3020 5654 3236 5727 nequit.
3268 5652 3418 5722 Quia
