3966 6206
606 369 708 429 127

1354 373 1415 427 Β.
1455 368 1832 427 PASCHASII
1870 366 2231 427 RADBERTI
2268 370 2572 427 ABBATIS
2611 371 3109 431 CORBEIENSIS.

3769 378 3868 435 1‘28

605 496 653 550 si
682 499 807 567 post
834 512 1044 552 annum
1074 512 1140 552 eo
1181 512 1359 567 usque
1404 498 1704 563 venissent,
1743 513 2100 569 nequaquam
2138 497 2428 558 inAdicat
2450 498 2822 569 Evangelista,
2872 502 2981 555 illis
3011 501 3081 556 ab
3113 501 3468 557 Hierusalem
3516 502 3867 571 exeuntibus,

605 580 894 657 praesepio,
939 592 1003 641 ut
1043 586 1402 656 Evangelium
1453 592 1665 653 narrat,
1697 587 1794 641 sed
1819 588 1937 657 jam
1966 604 2095 641 eum
2132 587 2192 641 in

604 678 907 747 FEgyptum
928 677 1173 730 delatum
1190 692 1418 746 prorsus
1437 676 1925 741 invenissent.Quo
1947 678 2193 749 profecto

606 766 762 836 patet
786 766 932 836 quod
962 766 1031 819 ad
1060 765 1449 819 duodecimum
1479 766 1735 820 venerint
1761 767 1927 833 diem,
1953 772 2009 821 et
2038 784 2103 821 eo
2124 768 2197 822 sit

607 849 986 910 Kalendarum
1008 854 1243 907 articulo
1277 871 1311 907 a
1337 855 1515 924 magis
1536 855 1593 909 in
1611 856 1880 927 praesepio
1906 856 2189 923 adoratus,

609 944 717 1014 quo
762 949 955 1014 postea
1007 944 1065 996 in
1108 944 1351 997 Jordane
1395 945 1576 1016 specie
1623 946 1891 1001 columbae
1917 964 1952 1001 a
1984 948 2195 1018 Spiritu

607 1039 800 1087 sancto
830 1039 1152 1103 perunctus,
1190 1039 1247 1087 et
1296 1050 1427 1088 voce
1472 1041 1726 1106 paterna,
1769 1039 1871 1091 llic
1916 1042 1990 1091 est
2019 1039 2195 1091 Filius

606 1137 756 1175 meus
774 1123 1022 1187 dilectus,
1058 1123 1128 1176 de
1161 1123 1299 1176 caelo
1328 1124 1677 1179 testiﬁcatus.
1718 1126 2058 1181 Duodecimo
2089 1144 2191 1181 au-

605 1216 718 1262 tem
750 1210 839 1263 die
879 1209 1083 1264 idcirco
1127 1227 1221 1264 eos
1268 1211 1528 1282 possibile
1558 1219 1686 1284 apte
1724 1215 1972 1269 creditur
1995 1216 2195 1270 adven-

601 1298 774 1364 tasse,
808 1299 1072 1368 quoniam
1094 1300 1277 1354 omnis
1296 1301 1392 1354 illa
1419 1319 1548 1372 pars
1576 1304 1825 1357 anterior
1851 1306 2098 1375 regionis
2126 1305 2196 1359 ab

608 1388 959 1443 Hierusalem
984 1389 1112 1458 jure
1143 1389 1342 1444 Oriens
1364 1392 1698 1462 appellatur,
1721 1393 1865 1447 sicut
1887 1395 2056 1448 etiam
2074 1396 2197 1466 ipsa

608 1477 951 1557 consuetudo
980 1478 1243 1548 loquendi
1273 1479 1451 1543 docet,
1479 1486 1534 1534 et
1561 1483 1863 1536 auctoritas
1882 1483 2194 1538 divinarum

605 1566 1026 1637 Scripturarum
1057 1568 1255 1622 multis
1304 1574 1483 1634 [23
1510 1571 1569 1623 in
1604 1571 1737 1625 locis
1765 1571 1845 1625 ita
1876 1572 2077 1627 debere
2107 1574 2195 1628 in-

608 1655 783 1727 telligi
814 1655 1030 1726 probat.
1064 1658 1221 1711 Unde
1245 1657 1505 1712 Habacuc
1533 1659 1602 1712 de
1624 1660 1728 1713 hac
1748 1660 1872 1731 ipsa
1903 1662 2195 1717 nativitate

604 1745 1054 1815 gratulabundus
1083 1746 1254 1809 canit,
1282 1747 1470 1801 dicens
1502 1766 1512 1800 :
1544 1750 1680 1801 Deus
1706 1751 1775 1802 ab
1794 1752 1996 1804 Austro
2025 1756 2191 1806 venit.

2284 592 2323 653 ι
2340 592 2462 652 24
2485 588 2633 658 quod
2654 590 2781 642 Ecce
2798 594 2952 645 stella
2972 608 3141 659 quam
3159 593 3415 645 viderant
3431 595 3492 646 in
3516 593 3866 655 Oriente,an-

2278 678 2539 731 tecedehat
2566 695 2667 731 eos.
2708 679 2823 733 Nec
2852 681 3046 750 utique
3075 681 3468 735 demonstrans
3506 686 3700 735 utrum
3750 682 3869 753 ipsa

2278 765 2605 837 perduxerit
2627 784 2721 821 eos
2753 768 3220 840 Hierosolymam,
3256 775 3313 823 et
3347 770 3630 823 civitatem
3655 770 3867 840 regiam

2276 854 2553 909 intrantes
2574 857 2904 923 deseruerit,
2936 875 3008 911 an
3026 863 3269 923 tantum,
3303 864 3601 930 postquam
3633 859 3873 913 exierint

2277 943 2347 997 ab
2369 945 2740 1011 Hierusalem,
2774 947 2969 1000 eadem
2992 947 3113 1018 ipsa
3136 948 3314 1011 stella,
3342 965 3511 1020 quam
3537 948 3793 1002 viderant
3812 948 3870 1001 in

2278 1033 2509 1088 Oriente
2529 1034 2716 1105 positi,
2746 1036 2856 1089 dux
2886 1053 2951 1090 ac
2979 1053 3164 1091 comes
3201 1037 3421 1092 itineris
3449 1054 3571 1091 esse
3613 1037 3865 1109 cmperit.

2276 1122 2469 1177 Potest
2491 1124 2696 1195 quippe
2727 1142 3051 1196 congruere,
3077 1128 3221 1180 sicut
3239 1127 3403 1181 multi
3426 1127 3723 1181 doctorum
3751 1131 3869 1179 tra-

2276 1212 2591 1283 dunt,quod
2607 1230 2671 1267 ex
2684 1214 2913 1269 Oriente
2941 1232 3036 1269 eos
3058 1216 3504 1287 Hierosolymam
3524 1216 3866 1287 perduxerit.

2280 1302 2349 1355 Et
2376 1302 2510 1356 dum
2524 1304 2823 1374 requirunt
2844 1305 3151 1359 humanum
3168 1306 3326 1377 quasi
3347 1323 3411 1359 ex
3433 1307 3557 1376 lege
3577 1305 3863 1367 auxilium,

2278 1391 2605 1445 moxdivino
2627 1392 3031 1447 destituuntur.
3051 1394 3161 1448 Sed
3191 1395 3239 1448 si
3270 1394 3594 1464 diligentius
3613 1394 3867 1465 inspicia-

2278 1484 2385 1544 tur,
2418 1497 2777 1551 nequaquam
2806 1482 3093 1552 Evangelii
3119 1483 3326 1537 veritas
3372 1482 3609 1554 probare
3649 1483 3869 1536 videtur

2278 1569 2425 1640 quod
2449 1570 2517 1624 ad
2549 1571 2797 1625 Judaeam
2826 1588 2920 1625 eos
2941 1572 3036 1625 illa
3057 1572 3397 1643 perduxerit.
3420 1574 3541 1627 Imo
3562 1573 3621 1625 in
3640 1571 3868 1627 Oriente

2276 1662 2499 1711 tantum
2527 1675 2619 1713 eos
2649 1660 2867 1713 stellam
2892 1660 3093 1714 vidisse
3130 1660 3355 1726 fatetur,
3382 1678 3444 1714 ex
3465 1677 3577 1732 qua
3600 1660 3867 1714 nimirum

2277 1746 2601 1802 intellexere
2621 1754 2816 1803 natum
2838 1750 2895 1802 in
2906 1750 2933 1803 J
2940 1750 3115 1815 udaaa,
3131 1750 3199 1803 de
3222 1767 3331 1820 quo
3350 1751 3578 1804 Balaam
3600 1749 3870 1820 praedixe-

606 1835 803 1905 Itaque
834 1836 965 1905 quia
994 1836 1342 1900 Bethlehem,
1376 1837 1472 1890 ubi
1504 1837 1758 1891 Christus
1798 1845 1965 1893 natus
1990 1846 2092 1907 est,
2123 1842 2191 1895 ad
2211 1830 2257 1889 Β
2276 1841 2383 1889 rat.
2412 1838 2650 1908 Propter
2670 1838 2816 1908 quod
2840 1838 2921 1892 illi
2938 1839 3130 1892 statim
3149 1844 3211 1892 ut
3230 1839 3597 1909 conspiciunt,
3618 1839 3867 1892 Iudaeam

608 1925 975 1978 meridianam
1002 1925 1223 1996 plagam
1246 1925 1315 1979 ab
1335 1927 1686 1981 Hierusalem
1703 1934 1856 1982 sexto
1880 1929 2050 1983 ferme
2072 1931 2193 1983 mil-

606 2011 769 2066 liario
797 2013 906 2067 sita
934 2020 1037 2079 est,
1063 2014 1263 2068 idcirco
1281 2014 1350 2069 ab
1373 2016 1566 2070 eadem
1588 2022 1748 2088 parte
1775 2018 2019 2088 regionis
2042 2026 2193 2074 recte

602 2103 819 2155 venisse
850 2103 1072 2157 dicitur.
1096 2104 1347 2158 Fuerunt
1370 2122 1613 2176 namque
1642 2106 1755 2173 isti,
1781 2113 1841 2161 ut
1871 2108 2077 2175 ferunt,
2123 2109 2192 2163 de

604 2194 757 2245 terra
782 2193 1100 2259 Persarum,
1129 2194 1282 2247 velut
1298 2195 1573 2250 Juvencus
1599 2202 1790 2250 noster
1817 2196 1969 2251 canit
2000 2221 2012 2252 :

790 2287 1004 2354 Tumque
1029 2291 1161 2354 jubet
1189 2292 1357 2340 Persas
1382 2295 1625 2342 extendere
1651 2308 1857 2353 gressus,

603 2371 921 2442 Specialiter
953 2377 1143 2426 tamen
1173 2373 1472 2437 Evilat,ubi
1516 2373 1765 2429 abundat
1804 2393 2006 2430 aurum
2045 2378 2193 2448 opti-

604 2477 779 2527 mum,
841 2460 1122 2516 habitasse
1148 2463 1471 2517 creduntur.
1516 2465 1595 2518 De
1625 2464 1826 2534 quibus
1870 2466 2086 2519 Isaias:
2126 2470 2194 2522 In

605 2555 840 2619 tempore
870 2554 987 2617 illo,
1011 2552 1475 2622 inquit.defcrtur
1498 2569 1704 2606 munus
1737 2556 1965 2609 Domino
1996 2559 2196 2610 exerci-

607 2646 766 2695 tuum
778 2658 811 2694 a
822 2645 1023 2711 populo
1045 2643 1261 2695 divulso
1277 2648 1325 2695 et
1342 2644 1701 2707 dilacerato,a
1706 2646 1909 2712 populo
1927 2647 2188 2712 terribili,

598 2736 721 2801 post
750 2747 907 2799 quem
936 2747 1048 2784 non
1073 2731 1187 2797 fuit
1209 2733 1358 2784 alius
1391 2734 1515 2797 (Isa.
1547 2747 1700 2798 vaII,
1737 2731 1809 2801 7).
1849 2734 1965 2786 Hoc
2002 2740 2193 2787 autem

601 2817 979 2891 hyperbolice,
1010 2825 1239 2890 propter
1259 2821 1557 2875 Persarum
1586 2821 2031 2876 robustissimam
2054 2840 2194 2892 gen-

604 2910 742 2972 tem,
770 2907 937 2971 dicit;
989 2908 1059 2961 ad
1090 2910 1249 2978 cujus
1279 2914 1414 2962 tunc
1447 2908 1755 2979 potentiam
1798 2909 1986 2963 nullus
2025 2910 2111 2962 his
2137 2910 2195 2963 in

602 2994 740 3049 locis
762 2998 999 3067 populus
1020 2998 1482 3068 comparatur.De
1495 2997 1695 3067 quibus
1718 2999 1864 3067 magi
1888 2998 2190 3062 venientes,

605 3085 705 3139 Dei
737 3092 936 3155 agente
965 3090 1127 3149 nutu,
1152 3086 1372 3139 Christo
1403 3102 1638 3139 munera
1667 3086 2007 3141 detulerunt.
2055 3088 2197 3142 Hinc

2275 1931 2493 1996 petunt,
2529 1932 2585 1979 et
2599 1926 2882 1981 civitatem
2906 1929 3141 1997 regiam,
3167 1927 3261 1981 ubi
3286 1929 3406 1997 ejus
3430 1928 3783 1981 nativitatem
3805 1944 3870 1981 ex

2274 2015 2613 2086 propheticis
2656 2016 2897 2070 oraculis
2940 2017 3315 2083 crediderant,
3353 2032 3654 2087 agnoscere
3703 2017 3872 2069 deve-

2276 2104 2458 2158 niunt.
2477 2105 2583 2159 Ubi
2614 2122 2741 2159 cum
2771 2106 3097 2160 Bethlehem
3122 2123 3249 2160 eum
3275 2111 3471 2160 natum
3490 2123 3554 2159 ex
3575 2105 3871 2176 propheta-

2275 2209 2402 2247 rum
2426 2194 2760 2249 testimoniis
2781 2195 3199 2266 comperissent,
3219 2211 3342 2249 mox
3360 2196 3491 2249 illuc
3510 2195 3619 2248 iter
3635 2194 3866 2265 agressi,

2276 2298 2401 2335 ecce
2426 2283 2644 2337 stellam
2663 2300 2832 2354 quam
2853 2284 3109 2338 viderant
3128 2285 3186 2338 in
3214 2285 3442 2339 Oriente
3471 2284 3735 2355 przeviam
3757 2300 3874 2338 cer-

2276 2377 2477 2425 nentes
2499 2378 2926 2442 recognoscunt.
2961 2373 3053 2428 Sic
3080 2390 3324 2443 namque
3343 2373 3515 2427 habes
3533 2373 3592 2427 in
3624 2374 3872 2444 Evange-

2277 2461 2352 2531 lio
2372 2460 2684 2515 dicentibus
2724 2464 2902 2532 magis
2954 2480 2965 2516 :
3034 2464 3296 2528 Vidimus,
3336 2462 3619 2533 inquiunt,
3654 2466 3869 2516 stellam

2277 2554 2394 2618 ejus
2423 2553 2484 2603 in
2514 2551 2750 2606 Oriente.
2784 2553 2978 2622 Neque
3004 2552 3153 2605 enim
3190 2550 3440 2605 fatentur
3477 2551 3626 2622 quod
3668 2568 3764 2605 eos
3800 2550 3872 2604 ab

2278 2639 2507 2693 Oriente
2538 2640 2671 2694 illuc
2701 2641 3040 2711 perduxerit,
3063 2641 3161 2694 sed
3179 2647 3437 2695 tantum:
3478 2643 3725 2694 Vidimus
3751 2644 3870 2695 stel-

2279 2730 2392 2781 lam
2411 2733 2527 2797 ejus
2557 2734 2620 2783 in
2652 2731 2889 2783 Oriente.
2918 2730 3024 2795 Qui
3056 2747 3183 2784 cum
3215 2730 3463 2801 profecto
3486 2731 3772 2784 audissent
3792 2746 3874 2783 re-

2276 2833 2416 2884 gem,
2436 2819 2707 2888 sequitur,
2736 2821 3017 2886 abierunt,
3036 2825 3205 2874 etecce
3226 2822 3384 2874 stella
3414 2836 3583 2889 quam
3614 2820 3875 2872 viderant

2278 2909 2342 2959 in
2376 2907 2595 2961 Oriente
2623 2910 2965 2962 antecedebat
2994 2925 3097 2962 eos.
3130 2909 3199 2963 Et
3227 2925 3409 2979 neque
3429 2908 3694 2962 scribitur
3723 2909 3877 2977 quod

2279 2994 2411 3048 alibi
2442 3012 2565 3049 eam
2589 2996 2876 3064 vidissent,
2894 3015 3075 3068 neque
3094 2998 3241 3069 quod
3259 2997 3678 3051 comesitineris
3701 3003 3873 3050 esset.

2278 3084 2676 3139 Verumtamen
2709 3086 2811 3140 etsi
2842 3086 2922 3140 ita
2938 3088 3131 3158 possit,
3161 3103 3225 3140 ac
3248 3086 3297 3140 si
3325 3085 3670 3140 enucleatius
3688 3085 3880 3155 expla-

603 3161 808 3228 iterum
832 3174 951 3245 ipse
974 3175 1181 3228 fatetur
1203 3175 1465 3245 loquens:
1499 3176 1692 3229 Omnes
1716 3178 1779 3229 de
1808 3177 1951 3231 Saba
1980 3180 2255 3249 veniente
2279 3174 2425 3235 nari,
2457 3191 2568 3228 non
2589 3192 2714 3229 mox
2746 3176 2899 3247 prior
2927 3176 3303 3247 plurimorum
3343 3174 3623 3229 sententia
3650 3174 3881 3227 videtur

604 3279 814 3317 aurum
846 3268 895 3316 et
926 3265 1049 3316 thus
1066 3265 1381 3331 deferentes,
1407 3269 1453 3317 et
1484 3267 1697 3318 laudem
1718 3267 1949 3319 Domino
1964 3283 2198 3321 annun-

605 3356 805 3407 tiantes
833 3355 967 3423 (Isa.
999 3368 1085 3419 Lx,
1119 3352 1195 3421 6).
1221 3353 1363 3417 Quia
1392 3354 1659 3407 nimirum
1678 3354 1823 3408 Saba
1843 3355 1952 3409 illis
1984 3356 2039 3409 in
2067 3373 2196 3427 par-

604 3441 754 3495 tibus
788 3441 1030 3495 Persidis
1060 3442 1304 3512 regionis
1333 3442 1533 3497 tluvius
1558 3444 1821 3510 decurrit,
1843 3446 1907 3498 ex
1937 3462 2046 3516 quo
2077 3450 2197 3499 tota

604 3531 700 3584 illa
739 3531 912 3601 regio,
954 3532 1176 3602 proprio
1225 3532 1477 3602 ejusdem
1508 3539 1866 3603 nuncupatur
1904 3533 2194 3601 vocabulo,

598 3622 761 3692 juxta
790 3638 958 3691 quam
988 3621 1196 3675 Arabia
1214 3622 1383 3692 jacet,
1408 3627 1465 3675 et
1483 3622 1721 3676 confinis
1752 3624 1833 3676 est
1853 3624 2098 3693 regionis
2124 3624 2195 3677 il-

604 3710 731 3765 lius.
764 3711 921 3765 Unde
952 3716 1009 3764 et
1034 3710 1209 3765 David
1239 3729 1249 3763 :
1294 3713 1452 3775 Vivet,
1488 3712 1692 3782 inquit,
1726 3718 1774 3766 et
1804 3713 2035 3765 dabitur
2052 3717 2103 3766 ei
2131 3715 2194 3766 de

602 3815 742 3853 auro
771 3802 1005 3854 Arabia.
1038 3801 1117 3854 Ac
1143 3805 1269 3871 post
1295 3816 1473 3871 pauca
1504 3819 1517 3853 :
1558 3798 1720 3869 'Reges
1757 3803 1978 3855 T/iarsis
2020 3808 2067 3855 et
2100 3805 2195 3855 in-

599 3894 749 3954 sula,
787 3906 1022 3944 munera
1051 3894 1293 3957 o/ferent,
1327 3907 1473 3959 reges
1501 3892 1745 3944 Arabum
1787 3895 1836 3944 et
1878 3890 2020 3945 Saba
2049 3892 2193 3943 dona

601 3980 871 4033 adducent
903 3981 1063 4049 (Psat.
1100 3994 1242 4045 LxxI,
1271 3977 1354 4045 10,
1386 3979 1497 4048 15).
1536 3980 1682 4033 Nam
1714 3984 1770 4032 et
1809 3979 1866 4031 in
1897 3979 1986 4031 his
2018 3979 2195 4047 regio-

597 4067 784 4131 nibus,
819 4069 890 4121 ad
915 4069 1245 4121 orientalem
1277 4068 1500 4137 plagam
1523 4068 2062 4138 Hierosolymorum,
2083 4083 2194 4119 ma-

600 4173 701 4225 gos
731 4172 892 4225 reges
921 4156 1403 4220 exstitisse,nemo
1433 4157 1528 4224 qui
1555 4156 1818 4210 historias
1848 4157 1983 4227 legit
2013 4157 2194 4227 genti-

600 4244 759 4308 lium,
794 4244 1018 4313 ignorat
1042 4263 1054 4310 ;
1088 4261 1198 4314 quo
1218 4243 1463 4314 profecto
1485 4261 1644 4313 reges
1677 4262 1772 4300 eos
1801 4247 1973 4299 fuisse
1996 4247 2189 4316 opina~

602 4349 749 4386 mur.
773 4332 935 4398 Quia,
969 4333 1073 4386 etsi
1103 4333 1214 4385 tria
1237 4349 1425 4386 rerum
1446 4350 1680 4386 munera
1708 4334 1977 4387 detulisse
2001 4335 2195 4403 legun-

2278 3263 2599 3317 refellenda.
2633 3264 2795 3330 Quia,
2820 3266 2924 3319 etsi
2957 3282 3118 3319 cursu
3150 3266 3371 3319 itineris
3395 3265 3483 3319 sui
3504 3262 3741 3317 visibilis
3762 3279 3878 3317 non

2276 3355 2580 3423 prmcessit,
2613 3359 2803 3408 tamen
2848 3355 3219 3408 illustratione
3247 3355 3374 3408 ﬁdei
3405 3355 3558 3408 intus
3596 3354 3656 3406 in
3683 3353 3879 3407 animo

2278 3458 2462 3496 comes
2483 3443 2607 3496 fuit.
2634 3444 2792 3507 Quod
2815 3451 3002 3498 autem
3033 3445 3278 3498 sidereas
3306 3444 3421 3497 vias
3456 3459 3568 3497 non
3600 3443 3877 3506 tenuerit,

2278 3533 2594 3587 ostenditur
2624 3550 2687 3587 ex
2716 3534 2820 3587 hoc
2844 3534 2991 3605 quod
3014 3535 3235 3587 stetisse
3264 3550 3437 3604 supra
3466 3531 3563 3586 ubi
3591 3537 3717 3584 erat
3735 3548 3882 3602 puer

2276 3628 2560 3676 narratur.
2593 3623 2734 3687 Quia
2759 3624 2805 3676 si
2835 3623 2893 3676 in
2921 3640 3141 3677 summa
3160 3623 3283 3676 eteli
3315 3638 3441 3676 arce
3464 3622 3614 3675 inter
3643 3626 3882 3674 caeteras

2278 3711 2388 3765 sita
2407 3717 2571 3777 esset,
2591 3712 2893 3782 unicuique
2914 3712 3105 3766 domui
3129 3713 3191 3766 in
3217 3713 3372 3766 omni
3404 3712 3503 3765 illa
3530 3710 3759 3763 civitate
3785 3727 3885 3763 su-

2276 3816 2378 3871 pra
2394 3800 2654 3854 verticem
2669 3807 2819 3854 stare
2840 3802 3138 3855 videretur.
3164 3802 3323 3856 Unde
3340 3806 3599 3872 patenter
3619 3798 3887 3852 insinuat

2278 3890 2518 3943 multum
2540 3908 2663 3944 eam
2690 3890 2881 3944 domui
2907 3891 3147 3944 vicinam
3175 3891 3235 3945 in
3271 3908 3383 3961 qua
3415 3906 3556 3961 puer
3583 3893 3728 3954 erat,
3755 3894 3890 3941 ste-

2276 3977 2796 4046 tisse.Caterum,si
2825 3980 2883 4033 in
2913 3980 3035 4033 ραδιί
3064 3984 3256 4034 centro
3284 3980 3467 4033 locata
3493 3978 3794 4041 radiasset,
3819 3983 3888 4031 ut

2276 4066 2465 4136 ipside
2480 4068 2710 4139 reliquis
2734 4069 2970 4139 probare
2981 4085 3278 4140 possumus
3292 4068 3485 4139 signis,
3510 4082 3694 4137 neque
3725 4066 3892 4119 vian-

2274 4155 2550 4210 tibusillis
2576 4158 2685 4212 iter
2701 4164 3059 4223 monstraret,
3094 4174 3275 4228 neque
3287 4157 3587 4212 domumin
3599 4171 3711 4227 qua
3738 4171 3892 4225 puer

2276 4252 2399 4300 erat
2434 4246 2728 4317 signanter
2766 4248 3127 4318 exprimeret.
3158 4249 3221 4303 1n
3251 4263 3361 4318 quo
3387 4245 3655 4300 nimirum
3687 4246 3892 4315 operis

2275 4337 2519 4406 negotio,
2538 4341 2779 4406 quatuor
2799 4337 2965 4391 simul
3001 4337 3261 4391 videntur
3286 4350 3617 4406 congruere,
3643 4334 3887 4403 signum

599 4426 713 4489 tur,
738 4438 849 4475 non
879 4421 1004 4475 ideo
1037 4438 1181 4487 mox,
1198 4438 1263 4475 ex
1292 4422 1588 4492 Evangelio
1618 4438 1731 4475 non
1760 4423 2002 4492 amplius
2022 4440 2191 4493 quam
2214 4428 2261 4485 D
2278 4424 2625 4489 videlicet,ac
2644 4426 2958 4497 prophetia,
2982 4431 3039 4480 et
3057 4425 3481 4490 demonstratio,
3497 4430 3667 4493 atque
3684 4423 3893 4493 typica

599 4515 714 4565 tres
739 4511 910 4565 fuisse
941 4511 1226 4582 probatur.
1262 4512 1369 4565 Sed
1394 4526 1460 4565 ex
1490 4511 1790 4565 traditione
1814 4514 2110 4581 majorum,
2130 4520 2193 4568 ut

600 4618 703 4674 per
735 4618 829 4654 eos
871 4601 1124 4671 gentium
1156 4601 1477 4661 multitudo,
1509 4617 1632 4670 qua:
1675 4601 1743 4653 de
1770 4601 1950 4655 tribus
1978 4604 2096 4656 Noe
2123 4603 2190 4657 ﬁ-

599 4690 688 4745 liis
714 4691 1013 4756 enascitur,
1047 4690 1117 4743 ad
1138 4690 1305 4743 fidem
1335 4689 1539 4743 Christi
1570 4696 1807 4743 ventura
1826 4691 2193 4761 praesignare-

598 4786 712 4835 tur.
762 4781 1012 4844 Quorum
1058 4780 1187 4850 quia
1233 4780 1463 4833 nomina
1497 4780 1668 4833 etiam
1698 4795 1732 4833 a
1762 4781 2190 4851 quamplurimis

597 4869 809 4924 viritim
840 4870 1245 4940 exprimuntur,
1280 4875 1464 4939 potest
1491 4869 1613 4923 ﬁeri
1642 4873 1725 4923 tot
1750 4869 2026 4940 principes
2058 4870 2190 4922 reli-

598 4960 783 5031 gionis
822 4975 886 5013 ac
926 4958 1187 5029 potentiae
1216 4958 1357 5012 tanti
1388 4958 1606 5012 itineris
1644 4958 1938 5024 exstitisse,
1973 4965 2030 5012 et
2053 4959 2193 5012 alios

600 5048 1044 5121 quamplurimos
1077 5047 1133 5101 in
1174 5064 1273 5102 suo
1303 5048 1589 5113 comitatu,
1636 5048 1781 5102 sicut
1808 5066 1927 5102 mos
1957 5054 2040 5102 est
2071 5064 2192 5100 ma-

600 5156 862 5212 gnorum,
895 5138 1073 5192 socios
1110 5136 1389 5192 habuisse.
1422 5138 1685 5209 Alioquin
1715 5139 1937 5191 videtur
1966 5138 2191 5192 «lit‘ticile

600 5234 664 5281 ut
692 5227 795 5281 soli
820 5235 935 5280 tres
963 5226 1219 5286 homines
1246 5243 1348 5296 per
1376 5225 1587 5279 alienas
1618 5226 1928 5296 provincias
1969 5232 2189 5280 tantum

601 5316 853 5371 subirent
905 5315 1211 5385 negotium,
1248 5320 1306 5369 et
1347 5331 1570 5390 omnem
1625 5315 2048 5387 Hierosolymam
2091 5332 2191 5370 suo

594 5406 799 5460 nuntio
830 5410 1263 5458 commoverent.

673 5495 783 5549 Sed
811 5500 1002 5547 utrum
1032 5494 1194 5547 stella
1241 5509 1410 5564 quam
1450 5492 1706 5547 viderant
1761 5494 1819 5548 in
1850 5494 2079 5548 Oriente
2117 5494 2190 5549 sit

602 5589 744 5649 orta,
769 5599 841 5637 an
871 5583 1043 5637 etiam
1073 5599 1138 5637 eo
1168 5582 1334 5653 positi
1357 5582 1425 5636 ad
1457 5582 1813 5638 Occidentem
1838 5600 1962 5637 eam
1997 5588 2192 5637 natam

600 5672 1008 5748 conspexerint,
1041 5671 1262 5727 videtur
1306 5670 1633 5740 ambiguum
1665 5691 1679 5729 :
1711 5672 2021 5743 praesertim
2064 5689 2193 5729 cum

2275 4513 2629 4567 Hierusalem
2655 4522 2692 4580 ι
2711 4522 2990 4580 ωῆηογω
3002 4516 3110 4569 fide
3123 4514 3328 4586 praevia
3338 4512 3579 4568 caelestis
3589 4511 3898 4581 adingres-

2273 4604 2375 4657 sio.
2402 4603 2635 4673 Signum
2659 4604 2703 4656 si
2726 4604 2953 4674 quidem
2968 4605 3137 4674 hujus
3151 4604 3521 4675 mysteriifuit
3534 4601 3807 4655 columna
3827 4602 3894 4653 il-

2273 4692 2637 4762 laigneaquze
2650 4693 3015 4746 antecedebat
3025 4695 3291 4764 populum
3303 4692 3403 4747 Dei
3420 4690 3894 4759 Hierosolymam

2273 4786 2577 4851 petentem,
2612 4799 2711 4853 per
2730 4800 2897 4852 quam
2924 4783 3166 4853 Spiritus
3186 4786 3413 4836 sanctus
3442 4781 3642 4834 ductor
3671 4795 3898 4832 eorum

2274 4869 2616 4939 designatur,
2638 4872 2733 4941 qui
2759 4872 2830 4925 ad
2865 4872 3151 4925 Christum
3178 4872 3428 4926 veniunt.
3451 4869 3613 4924 Unde
3637 4868 3897 4937 quidam

2275 4960 2545 5031 Spiritum
2568 4966 2824 5014 sanctum
2852 4978 2953 5031 per
2981 4961 3203 5015 stellam
3234 4961 3385 5014 velut
3417 4958 3474 5012 in
3509 4956 3782 5012 columba
3813 4956 3901 5009 vi-

2274 5065 2399 5103 sum
2426 5048 2595 5103 fuisse
2626 5055 2904 5115 astruunt,
2931 5050 3079 5120 quod
3105 5050 3335 5103 omnino
3359 5046 3733 5118 Evangelium
3772 5062 3899 5100 non

2272 5138 2542 5209 loquitur,
2574 5156 2755 5209 neque
2802 5138 3087 5209 probabile
3138 5144 3237 5192 aut
3282 5136 3587 5192 verisimile
3625 5135 3898 5203 videtur;

2274 5244 2593 5298 quanquam
2628 5235 2687 5281 et
2716 5229 2835 5297 ipsa
2860 5229 3099 5297 figuram
3129 5226 3370 5297 gesserit
3397 5225 3641 5296 Spiritus
3669 5224 3899 5291 sancti,

2273 5333 2376 5387 per
2394 5334 2560 5387 quem
2592 5318 2730 5370 ﬁdes
2762 5316 2816 5370 in
2840 5317 3005 5369 corde
3026 5316 3374 5371 credentium
3396 5314 3599 5370 radiat.
3627 5314 3908 5383 Prophe-

2271 5406 2366 5459 tia:
2408 5406 2632 5476 quidem
2680 5406 2804 5471 fuit,
2847 5412 2909 5459 ut
2942 5406 3309 5477 prmtulimus,
3356 5403 3712 5474 adimpletio,
3746 5402 3907 5473 quia

2271 5495 2482 5549 dictum
2521 5500 2643 5548 erat
2683 5510 2696 5549 :
2745 5495 2969 5551 Orietur
3013 5499 3169 5548 stella
3217 5511 3281 5547 ea;
3326 5495 3507 5559 Jacob,
3539 5498 3587 5546 et
3617 5498 3905 5559 exsurget

2273 5585 2429 5638 homo
2478 5587 2539 5638 in
2589 5586 2780 5639 Israel.
2837 5585 2980 5638 Nam
3014 5584 3117 5637 etsi
3146 5583 3215 5636 de
3250 5583 3474 5636 Christo
3513 5580 3900 5651 simpliciter,

2276 5674 2501 5729 Orietur
2517 5678 2673 5729 stella
2687 5675 2939 5741 ean/acab,
2955 5672 3131 5744 possit
3149 5672 3406 5742 intelligi,
3437 5671 3572 5743 quia
3600 5670 3704 5729 illa
3731 5670 3907 5736 velut
