3966 6206
139 271 205 329 129
851 212 1229 316 EXPCSITIO
1268 260 1347 315 ΙΝ
1384 258 1835 315 MATTHIEUM.
1879 289 1945 303 —-
1984 261 2118 317 LIB.
2162 262 2233 329 II,
2278 262 2435 318 CAP.
2478 265 2522 319 Ι.
3200 266 3301 327 130

130 397 178 450 de
199 393 305 448 caelo
325 387 558 444 inanitur
573 385 874 452 exstitisse,
904 386 1147 440 fatemur
1172 389 1363 438 tamen
1391 384 1539 454 quod
1558 384 1628 439 ad
1644 384 1694 443 Α
1713 383 1865 438 enim
1892 401 2020 440 eum
2041 402 2142 440 suo
2165 386 2497 457 subjiciebat
2523 387 2888 459 imperio,sed
2900 391 2992 462 pio
3020 392 3304 453 indicabat

132 492 357 551 utrumque
396 475 579 531 referri
627 480 831 546 queat:
868 476 999 545 quia
1035 480 1094 529 et
1139 474 1415 539 Christus,
1470 476 1633 544 juxta
1712 474 1998 544 obsequio.
2034 476 2275 530 Proinde
2304 483 2523 531 constat
2551 494 2675 532 eam
2706 495 2819 533 non
2845 496 2916 534 ex
2959 481 3073 535 illis
3128 485 3301 541 fuisse

129 572 235 643 quod
255 572 458 624 Joannes
471 566 526 618 in
550 565 885 636 Apocalypsi
910 568 1069 631 (xxn,
1104 562 1216 635 16,)
1234 580 1336 618 sua
1358 564 1625 634 loquitur,
1713 564 1904 626 stellis,
1932 581 2053 634 qua:
2083 564 2155 617 ab
2184 565 2570 620 initioitineris
2589 568 2842 623 ordinem
2890 580 3255 629 servaverunt
3286 596 3296 630 :

130 661 247 715 stella
268 658 388 720 fuit;
417 661 467 709 et
496 654 553 708 in
579 670 664 714 ea,
698 671 821 724 quae
866 653 1144 725 apparuit,
1179 654 1464 707 Christum
1511 670 1631 707 esse
1715 652 1811 705 sed
1827 669 1966 707 novo
1988 654 2234 723 Virginis
2250 660 2413 724 partu
2428 673 2630 709 novum
2658 656 2811 713 sidus
2826 662 3106 731 apparuit.
3142 664 3303 728 Quod

128 753 422 803 monstratum
489 742 943 796 manifestissime
995 741 1355 812 approbatur.
1404 743 1634 796 Nullum
1715 740 2092 795 ministerium
2124 742 2292 795 officii
2316 744 2402 797 sui
2440 745 2609 798 etiam
2644 746 2780 816 ipsis
2811 749 2988 818 magis
3019 752 3304 807 Christum

130 837 254 906 igitur
273 835 463 904 signum
491 832 891 902 congruentius
911 837 1131 902 poterat
1156 848 1428 903 apparere
1457 832 1528 884 ad
1547 832 1634 885 in-
1717 831 2113 899 quaerentibus,
2163 848 2289 884 cum
2321 840 2451 886 ante
2495 833 2694 887 faciem
2743 837 2982 905 praeiret,
3014 840 3300 909 exhibuit;

129 923 363 987 vitandum,
393 937 549 991 quam
581 937 684 991 per
707 921 855 991 quod
868 921 1006 975 fides
1019 922 1369 975 credentium
1389 920 1637 975 radiaret
1717 918 1893 973 donec
1913 936 2007 974 eos
2035 936 2211 989 usque
2235 921 2303 974 ad
2324 922 2505 991 ipsum
2524 922 2708 976 locum
2724 923 2819 977 ubi
2840 926 2940 979 Dei
2963 928 3202 983 Verbum
3224 932 3306 985 in-

128 1015 168 1067 in
186 1010 430 1075 miraculo;
456 1015 511 1064 et
538 1026 671 1065 vera
695 1026 817 1081 quae
843 1010 1098 1064 Christus
1129 1015 1232 1075 est,
1260 1011 1422 1064 stella
1452 1026 1515 1063 ex
1544 1012 1636 1064 Ja-
1714 1008 1839 1061 fans
1851 1009 2298 1079 erat,prteeundo
2313 1010 2777 1079 perduceret.Qui
2794 1015 3022 1069 tandem
3037 1020 3303 1090 astrologi

126 1101 196 1155 σοι)
218 1100 608 1171 praesignaretur
632 1116 698 1153 ex
711 1100 956 1155 oraculo.
975 1099 1079 1153 Cui
1110 1100 1356 1169 profecto
1375 1116 1507 1153 vera
1527 1099 1636 1153 fide
1719 1097 1851 1167 quia
1877 1097 2292 1151 constituerunt
2315 1098 2604 1152 hominum
2622 1102 2971 1157 nascentium
3001 1106 3176 1160 fatum
3203 1109 3306 1163 sub

124 1187 648 1258 Christoobsequentes
663 1187 1129 1259 configurati,per
1145 1188 1250 1241 hoc
1265 1190 1384 1258 jam
1405 1190 1638 1259 jamque
1720 1186 1914 1243 stellis.
1950 1186 2243 1256 przebeant
2268 1186 2515 1257 aliquam
2549 1189 2837 1243 stellarum
2870 1192 3094 1248 homine
3119 1197 3306 1267 aliquo

123 1276 1267 1348 relutstelltecmlorum,eternaperpetuitate
1277 1278 1634 1345 collucentes,
1721 1279 1852 1329 nato
1868 1292 2064 1329 cursus
2083 1276 2170 1329 sui
2200 1276 2454 1330 ordinem
2478 1278 2853 1347 reliquisse,et
2863 1281 2933 1334 ad
2948 1299 3077 1337 eum
3093 1286 3189 1354 qui
3210 1303 3311 1341 na-

123 1369 275 1421 virtute
297 1366 398 1438 spei
424 1366 479 1420 in
503 1366 830 1420 caelestibus
875 1366 1256 1438 praesiderent.
1290 1366 1435 1430 Quid
1487 1367 1636 1420 enim
1720 1370 1813 1419 tus
1841 1365 2010 1420 fuerit
2042 1366 2375 1435 perrexisse.
2399 1367 2543 1430 Quia
2559 1374 2767 1421 sortem
2790 1370 2996 1440 quippe
3025 1377 3307 1431 nascentis

123 1456 274 1526 aptius,
296 1471 442 1526 quam
471 1472 575 1525 per
603 1455 825 1509 stellam
841 1455 996 1521 ﬁdes,
1021 1472 1132 1527 qua
1159 1456 1276 1509 itur
1302 1456 1374 1509 ad
1394 1456 1635 1521 stellam,
1721 1459 2001 1508 astrorum
2036 1455 2231 1508 ordine
2260 1455 2424 1526 ligari
2455 1456 2752 1523 aestimant,
2788 1475 2897 1512 non
2922 1466 3202 1516 astrorum
3218 1480 3312 1517 or-

123 1545 398 1611 ostenditur;
423 1554 484 1599 ut
509 1561 616 1615 per
638 1560 784 1610 eam,
819 1544 952 1614 quia
975 1545 1166 1598 lumen
1186 1544 1474 1615 proprium
1527 1560 1640 1598 non
1722 1543 1909 1597 dinem
1932 1542 2002 1596 ab
2023 1543 2267 1597 hominis
2295 1546 2413 1598 nati
2436 1545 2525 1599 die
2548 1563 2708 1616 posse
2720 1548 2928 1601 mutari
2962 1556 2995 1614 |
3014 1555 3134 1615 ἰτ
3167 1553 3312 1616 Qua-

125 1633 342 1697 habemus,
365 1633 625 1687 illustrati
656 1638 927 1704 perpetua
959 1633 1274 1688 aeternitate
1301 1634 1489 1687 lucere
1509 1650 1639 1704 pos—
1659 1699 1700 1712 n
1723 1638 1952 1703 propter
1979 1633 2027 1686 si
2057 1634 2219 1686 stella
2238 1633 2334 1687 illa
2357 1633 2425 1687 de
2455 1634 2542 1688 his
2572 1641 2695 1688 erat
2725 1653 2847 1706 quae
2874 1637 2933 1691 in
2981 1640 3120 1694 curlo
3149 1658 3314 1712 pera-

122 1722 289 1776 simus?
325 1699 730 1776 Demonstratio
760 1699 992 1794 -quippe
1041 1722 1249 1777 Christi
1285 1699 1532 1793 profecto
1580 1699 1865 1791 intun‘t
1892 1721 2143 1775 ordinem
2174 1739 2360 1783 suum.
2411 1725 2690 1793 quomodo
2740 1699 2962 1795 poterat
3014 1699 3315 1785 decernere

123 1808 239 1861 stella
251 1807 353 1861 fuit.
372 1808 636 1879 Alioquin
662 1824 776 1861 non
805 1809 1055 1862 dicerent
1083 1826 1095 1862 :
1131 1809 1228 1863 Ubi
1246 1814 1321 1863 est
1350 1811 1451 1877 qui
1470 1814 1635 1861 natus
1723 1810 1858 1880 quid
1886 1815 2051 1864 natus
2077 1810 2333 1865 Christus
2361 1818 2588 1866 acturus
2622 1818 2762 1878 erat,
2788 1831 2910 1885 quae
2938 1822 3071 1870 nato
3093 1818 3316 1874 Christo

120 1902 171 1949 ut
195 1913 268 1950 rex
289 1898 595 1951 Judzm'um
625 1903 650 1950 Ρ
670 1899 912 1953 vidimus
946 1900 1098 1951 enim
1151 1900 1365 1951 stellam
1415 1901 1530 1965 ejus
1578 1900 1641 1951 in
1722 1898 1908 1953 divino
1931 1901 2093 1969 jussu
2118 1916 2284 1970 passa
2310 1906 2396 1953 est
2422 1901 2739 1972 relinquere
2782 1904 2926 1974 quod
2976 1906 3179 1975 agebat
3203 1908 3231 1960 ‘2
3259 1909 3318 1963 Si

123 1985 298 2052 Oriente,
322 1992 363 2039 et
386 1989 637 2040 venimus
655 1988 889 2040 adorare
919 2003 1065 2040 eum.
1097 1986 1182 2040 Ad
1210 2003 1375 2056 quem
1407 1986 1503 2057 qui
1520 2003 1642 2057 per-
1723 1994 1933 2053 autem,
1964 1994 2028 2042 ut
2056 1988 2399 2059 probabilius
2427 1990 2692 2055 creditur,
2715 1992 2786 2045 ad
2817 1993 3317 2051 demonstrandum

120 2074 359 2139 renerit,et
385 2075 674 2144 ingressus
694 2075 861 2129 fuerit
888 2075 1245 2129 Hierusalem
1268 2075 1425 2128 illam
1483 2076 1641 2129 coele-
1724 2077 2010 2132 Christum
2034 2094 2156 2147 quae
2186 2095 2298 2131 non
2337 2084 2459 2132 erat
2478 2084 2671 2133 exorta
2698 2086 2802 2145 est,
2835 2098 2948 2135 non
2994 2083 3120 2138 ideo
3152 2086 3315 2139 Chri-

121 2164 629 2227 stem,monstrabitur
649 2164 702 2217 ei
719 2163 983 2218 continuo
1005 2164 1259 2219 Christus
1282 2165 1446 2218 stella
1461 2170 1641 2225 matu-
1721 2171 1842 2220 stus
1871 2171 2037 2220 natus
2058 2173 2144 2220 est
2172 2166 2418 2237 quiailla
2444 2168 2673 2231 exstitit,
2701 2169 2799 2222 sed
2826 2169 2952 2224 ideo
2981 2171 3078 2225 illa
3106 2174 3319 2227 exstitit

120 2249 202 2304 tina
211 2253 344 2321 juxta
358 2254 700 2333 promissum
718 2254 969 2317 Joannis,
994 2259 1052 2307 et
1063 2253 1187 2307 ideo
1207 2270 1378 2323 supra
1400 2271 1638 2324 puerum
1722 2255 1854 2325 quia
1873 2255 2128 2310 Christus
2148 2261 2314 2309 natus
2346 2261 2450 2310 est.
2477 2257 2601 2327 Ipse
2630 2257 2836 2328 quippe
2868 2259 2969 2325 illi,
3003 2266 3059 2314 et
3078 2278 3193 2316 non
3220 2262 3319 2317 illa

120 2346 226 2393 recte
248 2343 439 2396 stetisse
464 2342 699 2407 dicitur,
731 2342 863 2413 quia
885 2342 1036 2396 idem
1055 2348 1376 2397 sanctorum
1414 2343 1639 2398 claritas
1721 2343 1945 2397 Christo
1966 2344 2471 2399 nascendicausam
2492 2345 2702 2399 attulit.
2721 2347 2919 2417 Neque
2935 2349 3068 2419 quia
3078 2351 3319 2405 cessavit

118 2429 409 2499 approbatur:
437 2448 618 2502 quam
636 2431 734 2501 qui
762 2434 1127 2502 conspexerit,
1158 2431 1426 2502 gaudebit
1446 2431 1639 2503 utique
1721 2432 1780 2485 in
1809 2433 2116 2503 primordio
2158 2449 2358 2488 novam
2389 2434 2652 2505 deinceps
2679 2436 2921 2490 condere
2974 2444 3312 2507 creaturam,

115 2518 265 2584 gaudio
289 2536 473 2590 magno
501 2520 696 2582 valde,
728 2526 785 2573 et
816 2520 1051 2574 adorare
1099 2526 1230 2575 ante
1278 2526 1637 2592 conspectum
1721 2522 1846 2575 ideo
1877 2538 1977 2591 per
1992 2522 2093 2575 hoc
2107 2538 2312 2576 novum
2336 2527 2423 2576 est
2450 2523 2676 2593 aliquod
2706 2525 3121 2594 appellandum.
3151 2529 3313 2596 Quia,

116 2605 186 2658 Dei
213 2623 302 2662 non
326 2609 574 2665 desistet.
635 2608 777 2673 Quia
823 2609 1049 2664 domum
1102 2611 1276 2664 semel
1330 2611 1637 2681 ingressus,
1725 2610 1831 2664 etsi
1849 2610 2095 2664 nondum
2122 2616 2245 2664 erat
2268 2628 2390 2681 qum
2411 2611 2556 2665 facta
2574 2618 2660 2666 est
2687 2613 2745 2666 in
2777 2614 2982 2682 subito,
3020 2623 3182 2671 erant
3233 2624 3316 2673 ta-

116 2702 268 2751 eterna
290 2700 534 2755 satietate
570 2699 785 2753 Christi
808 2700 966 2754 laetus
986 2700 1209 2755 fruitur.
1724 2715 1854 2752 men
1869 2698 2087 2769 reliqua
2110 2704 2263 2753 astra
2299 2699 2623 2769 singulatim
2652 2702 2979 2771 composita,
3023 2704 3172 2759 inter
3193 2723 3317 2776 qua;

163 2785 245 2838 Sed
266 2787 608 2843 Hierusalem
632 2805 731 2842 cur
759 2788 929 2843 iidem
948 2789 1099 2859 magi
1125 2789 1462 2844 intraverint
1483 2794 1642 2844 tanto
1723 2787 1832 2841 ista
1860 2803 2001 2842 novo
2023 2792 2219 2842 exortu
2260 2787 2729 2844 manifestationis
2758 2790 2940 2845 ofﬁcio
2991 2792 3314 2863 deputatur.

114 2876 343 2941 prariante
368 2877 607 2941 lumine,
639 2894 751 2931 non
771 2877 869 2931 abs
915 2895 975 2931 re
1020 2878 1230 2932 factum
1286 2878 1639 2933 crediderim.
1724 2878 1868 2931 Nam
1899 2876 2217 2947 pastoribus
2241 2877 2444 2947 angeli,
2480 2878 2659 2948 magis
2679 2896 2808 2933 vero
2839 2881 3001 2935 stella
3029 2882 3317 2937 Christum

110 2961 247 3016 Primo
273 2967 502 3022 utJudzei
535 2975 581 3033 Ι
603 2972 730 3033 πθ
752 2968 1035 3021 Christum
1056 2984 1167 3022 non
1193 2968 1485 3023 credentes
1515 2985 1645 3038 pro-
1727 2966 2078 3020 demonstrat
2103 2984 2117 3033 ;
2142 2966 2283 3020 utris
2297 2983 2394 3036 lue
2424 2972 2613 3021 tamen
2642 2967 2895 3039 loquitur
2920 2970 3113 3040 lingua
3155 2973 3319 3027 ecclo-

105 3052 316 3120 genitum,
347 3073 379 3109 a
400 3057 586 3127 magis
602 3056 769 3126 longe
798 3056 1149 3110 venientibus
1177 3056 1492 3117 discerent;
1515 3063 1572 3112 et
1592 3054 1701 3114 siC
1725 3073 1871 3123 rum,
1906 3056 2000 3127 qui
2039 3061 2350 3110 cessaverat
2403 3058 2524 3127 jam
2563 3058 2794 3128 jamque
2840 3059 3035 3129 lingua
3082 3062 3318 3132 prophep

106 3141 275 3195 credere
300 3144 631 3209 noluissent,
688 3144 1089 3199 inexcusabiles
1152 3145 1307 3199 omni
1362 3162 1427 3199 ex
1478 3152 1639 3216 parte
1720 3149 1925 3199 tarum.
1956 3145 2141 3215 Atque
2169 3162 2270 3215 per
2296 3145 2417 3211 hoc,
2450 3145 2704 3216 utrisque
2733 3147 2855 3200 cmli
2902 3154 3169 3203 enarrant
3190 3150 3315 3219 glo-

104 3230 434 3299 prophetarum
456 3233 707 3305 eloquiis
740 3233 973 3288 convicti
1013 3240 1392 3288 remanerent.
1424 3235 1638 3290 Deinde
1720 3234 1864 3288 riam
1881 3234 1982 3288 Dei
2014 3252 2026 3301 ;
2054 3240 2117 3287 ut
2139 3234 2197 3287 hi
2227 3234 2323 3305 qui
2338 3250 2511 3305 prope
2539 3252 2604 3289 ac
2631 3236 2725 3306 qui
2745 3236 2909 3307 longe
2940 3244 3120 3305 erant,
3146 3238 3317 3293 simul

106 3321 147 3367 ut
164 3322 452 3389 sacerdotes,
469 3322 706 3389 Scribze,
740 3339 805 3377 ac
831 3323 1122 3389 Pharisaei,
1160 3324 1256 3395 qui
1284 3324 1468 3378 locum
1498 3325 1640 3380 nati—
1721 3324 1851 3379 cceli
1871 3323 2016 3378 cives
2041 3324 2258 3377 ﬁerent.
2294 3323 2439 3387 Quid
2495 3341 2628 3394 ergo
2678 3330 2763 3378 est
2805 3327 2953 3397 quod
3007 3332 3091 3381 tot
3153 3344 3315 3399 reges

105 3405 238 3463 iitatis
281 3427 341 3466 ex
398 3412 709 3484 prophetia
757 3412 1145 3483 designabant,
1203 3413 1359 3467 velut
1429 3413 1642 3485 lapides

105 3496 293 3553 milliarii
314 3501 637 3556 immobiles
653 3509 1066 3572 permanentes,
1085 3519 1200 3556 non
1220 3519 1286 3556 ex
1300 3502 1638 3573 ignorantia,

98 3585 165 3638 sed
186 3586 242 3641 ob
263 3591 432 3645 cordis
455 3591 761 3656 duritiam,
786 3591 934 3661 qucd
962 3591 1189 3645 credere
1219 3592 1519 3661 noluerint,
1548 3594 1641 3648 de-

100 3670 180 3727 bite
194 3676 597 3735 damnarentur.
639 3678 831 3733 Tertio
846 3695 1110 3750 namque,
1139 3684 1206 3733 ut
1233 3680 1510 3748 Christus,
1543 3679 1640 3750 qui

99 3777 173 3830 per
195 3772 361 3822 nostra
380 3769 613 3837 dicitur,
647 3768 719 3821 de
747 3768 1118 3835 Hierusalem,
1148 3785 1271 3839 quae
1300 3771 1436 3823 visio
1485 3771 1639 3838 pacis

102 3848 456 3924 interpretatur,
473 3856 838 3912 manifestius
860 3856 1004 3911 Isaia
1027 3858 1247 3911 dicente
1259 3858 1635 3912 nuntiaretur:

103 3937 271 4003 Qm'ade
293 3946 421 4001 Sion
451 3950 627 4001 exibit
653 3950 741 4001 lea:
778 3952 825 3999 et
846 3948 1072 4000 verbum
1102 3948 1333 4000 Domini
1353 3950 1416 4000 de
1443 3948 1643 4000 Hieru-

104 4032 223 4082 talem
248 4034 370 4101 (Ira.
402 4050 463 4100 Ir,
496 4034 576 4105 3),
613 4052 683 4088 ac
705 4035 753 4089 si
786 4035 1000 4089 diceret
1025 4034 1446 4106 praedicabitur.
1481 4035 1642 4089 Unde

103 4116 309 4175 nimirum
334 4124 542 4178 Judzeis
562 4123 908 4195 pastoribus,
927 4130 1200 4195 tanquam
1226 4138 1293 4178 ex
1323 4124 1446 4193 lege
1467 4122 1644 4177 ratio-

100 4208 181 4259 nali
195 4211 342 4266 aifatu
358 4213 829 4284 promptioribus,
853 4214 1085 4283 angelus
1112 4214 1397 4269 Christum
1427 4229 1645 4267 annun-

105 4293 187 4349 liat.
202 4299 312 4354 Istis
328 4319 455 4356 vero
472 4304 683 4374 magis,
701 4308 973 4374 tanquam
1004 4303 1343 4367 inﬁdelibus,
1376 4304 1527 4357 Deus
1560 4303 1640 4356 si-

1724 3418 1893 3467 antea
1930 3412 1988 3466 in
2015 3413 2208 3466 Judaea
2236 3412 2374 3478 nati,
2403 3429 2570 3467 nemo
2619 3419 2809 3468 tamen
2865 3414 2935 3469 ab
2986 3416 3315 3485 alienigenis

1726 3501 2045 3556 adorandus
2091 3501 2416 3571 requiritur,
2477 3504 2788 3572 praesertim
2832 3519 2960 3558 cum
3010 3505 3311 3572 Herodem,

1725 3607 1892 3661 quem
1913 3590 2190 3654 adierant,
2220 3606 2321 3643 nec
2348 3591 2585 3645 adorent
2612 3592 2634 3643 ?
2661 3592 2794 3662 quia
2823 3593 2928 3646 etsi
2976 3584 3313 3662 regnantem

1721 3678 2032 3743 inveniunt,
2064 3678 2239 3731 alium
2268 3678 2594 3733 Judzeorum
2632 3695 2843 3749 regem,
2902 3681 3042 3735 duce
3082 3683 3153 3736 de
3177 3682 3314 3753 ipsis

1720 3767 2030 3833 deﬁciente,
2048 3768 2168 3835 jam
2188 3772 2383 3820 natum
2404 3765 2745 3835 intelligunt.

1792 3857 1857 3910 El
1902 3859 2171 3919 venimus,
2222 3854 2506 3925 inquiunt,
2548 3857 2784 3908 adorare
2839 3872 2987 3912 cum.
3040 3858 3311 3924 Adorare,

1724 3962 1889 4015 quem
1928 3945 2104 3999 Deum
2134 3943 2297 3997 stella
2340 3943 2647 3997 famulante
2677 3943 3015 4014 intelligunt.
3048 3946 3315 4017 Alioquin

1728 4034 2026 4097 Herodem,
2062 4049 2228 4103 quem
2264 4031 2419 4102 regio
2439 4033 2594 4087 cultu
2617 4031 2953 4087 renitentem
2992 4034 3312 4101 cernebant,
3370 4028 3377 4032 ’

1725 4123 1968 4194 primum
1990 4122 2301 4176 debuerant
2315 4121 2570 4178 adorare.
2596 4122 2704 4176 Sed
2724 4122 2856 4193 quia
2881 4122 3150 4177 divinitus
3181 4140 3316 4194 age-

1726 4211 1952 4278 bantur,
1984 4216 2048 4264 ut
2071 4211 2338 4265 latentem
2360 4211 2538 4266 Deum
2566 4211 2624 4265 in
2653 4211 2829 4278 cunis,
2862 4212 2947 4265 vel
2996 4211 3145 4266 inter
3181 4230 3319 4283 prte-

1725 4303 1881 4372 sepia
1906 4300 2240 4371 vagientem,
2273 4300 2345 4354 ad
2386 4300 2736 4355 adorandum
2766 4300 3137 4371 requirerent,
3168 4303 3318 4359 hunc

101 4385 425 4460 Enisloquitur
453 4412 468 4459 ;
498 4393 642 4464 quia
665 4395 848 4461 signa,
873 4392 1016 4446 sicut
1068 4393 1150 4446 ait
1176 4392 1497 4463 Apostolus,
1530 4371 1706 4446 nonD
1724 4406 1825 4443 nec
1844 4406 2033 4460 regem
2063 4389 2383 4455 intendunt,
2415 4406 2516 4443 nec
2544 4406 2674 4444 eum
2704 4395 3060 4455 venerantur,
3087 4406 3189 4444 nec
3205 4392 3313 4445 ali-

104 4474 308 4545 Melibus,
336 4483 426 4534 sed
456 4482 784 4549 inﬁdelibus
831 4486 962 4534 sunt
990 4483 1120 4535 data
1149 4480 1207 4553 (Ι
1228 4482 1349 4535 Cor.
1374 4496 1486 4545 xxv,
1531 4479 1639 4551 2'2).

103 4558 303 4636 Utrisque
326 4576 519 4625 tamen
550 4570 627 4623 de
650 4569 789 4623 emlo
825 4574 1129 4636 reseratur,
1153 4575 1218 4625 ut
1244 4570 1315 4623 ad
1353 4570 1641 4624 caelestem

105 4652 288 4709 caelestia
309 4660 423 4729 jam
454 4660 721 4714 caelestes
748 4659 1023 4713 credendo
1044 4676 1233 4713 rerum
1256 4659 1528 4730 praesagia
1548 4660 1645 4712 tir-

102 4740 203 4795 mins
228 4744 541 4803 invitarent.
579 4749 1014 4820 Ferturautem,
1044 4754 1110 4802 ut
1136 4747 1269 4814 dixi,
1322 4748 1439 4802 hzec
1484 4746 1648 4800 stella

103 4827 290 4888 Sidereas
311 4838 424 4892 vias
446 4856 567 4893 non
593 4838 867 4903 tenuisse,
903 4837 1034 4908 quia
1063 4836 1392 4907 quantisper
1410 4834 1645 4889 inferius

100 4912 195 4981 ibat,
216 4925 308 4978 etsi
334 4927 602 4998 superior
634 4926 820 4980 volatu
848 4926 1033 4979 avium
1063 4924 1350 4995 paulisper
1378 4922 1641 4994 parebat;

102 5006 194 5070 Ἷυίξι
214 5010 359 5068 illum
382 5014 865 5085 praemonstrabat
888 5031 953 5068 ex
982 5013 1203 5078 itinere,
1229 5012 1325 5084 qui
1352 5012 1519 5084 paulo
1539 5011 1645 5065 mi-

98 5105 173 5147 nus
194 5098 252 5153 ab
268 5104 483 5174 angelis
523 5104 589 5157 in
622 5120 790 5157 carne
810 5103 1143 5168 minoratus,
1162 5102 1430 5156 excelsior
1456 5108 1647 5155 tamen

101 5188 254 5241 Sanctis
262 5192 523 5247 omnibus
534 5198 750 5246 natura
761 5197 817 5246 et
824 5193 1011 5262 gratia
1024 5189 1647 5263 praeeminebatltaque

100 5272 214 5329 δι’ἐυεὶ
229 5278 332 5347 illa,
364 5289 429 5337 ut
452 5282 633 5336 aiunt
652 5281 1048 5347 mathematici,
1080 5282 1165 5336 vel
1190 5280 1644 5347 Priscillianistaz,

102 5371 223 5424 quam
245 5370 386 5441 magi
407 5370 703 5436 viderant,
735 5386 847 5424 non
875 5370 947 5423 ad
973 5371 1260 5424 decretum
1300 5387 1369 5424 ex
1405 5368 1648 5423 mathesi

103 5442 266 5509 Chn'sto
315 5459 647 5517 secundum
701 5473 925 5513 carnem
966 5457 1381 5525 dominabatur,
1431 5459 1529 5513 sed
1578 5458 1650 5512 ad

102 5538 426 5606 ιεειὶωοηὶιιω
448 5548 506 5603 ei
549 5553 623 5603 ut
673 5563 772 5603 sua
808 5552 1066 5630 creatura
1108 5547 1503 5630 famulabatur.
1536 5547 1651 5630 Nec

1727 4478 1862 4549 quid
1891 4495 2021 4532 eum
2051 4495 2171 4532 esse
2199 4483 2547 4548 computant.
2584 4478 2705 4541 Quo
2744 4495 2879 4532 sane
2931 4479 3316 4549 inspirationis

1727 4569 1929 4621 aﬂ’ectu
1954 4573 2012 4621 et
2037 4566 2174 4621 illud
2229 4572 2452 4637 gestum
2482 4566 2735 4633 dixerim,
2778 4567 2926 4637 quod
2973 4567 3311 4624 Octavianus

1727 4657 2035 4727 Augustus,
2070 4673 2134 4710 eo
2164 4661 2417 4726 tempore
2473 4672 2582 4726 quo
2639 4661 2821 4710 totum
2873 4655 2976 4710 sibi
3029 4656 3319 4712 subditum

1729 4750 1901 4816 atque
1929 4744 2242 4815 subjectum
2272 4748 2628 4815 persenserat
2640 4743 2851 4809 orbem,
2884 4748 3053 4815 atque
3080 4746 3318 4815 populus

1728 4834 2024 4888 universus
2052 4834 2110 4887 in
2138 4836 2420 4899 concione,
2454 4833 2603 4902 quod
2631 4848 2803 4903 supra
2842 4832 3094 4900 memini,
3144 4834 3320 4888 domi-

1728 4939 1862 4978 num
1892 4938 2021 4976 eum
2051 4921 2223 4976 totius
2253 4926 2415 4975 terrae
2466 4921 2705 4974 voluerit
2742 4921 3071 4987 acclamare,
3111 4938 3319 4993 nequa-

1728 5029 1899 5083 quam
1928 5028 2125 5082 passus
2150 5016 2237 5064 est
2270 5029 2281 5064 :
2314 5009 2413 5064 sed
2437 5009 2653 5079 legibus
2682 5010 2786 5064 hoc
2828 5009 3131 5081 prohibuit,
3170 5012 3320 5082 quod

1728 5101 1916 5156 nullus
1944 5116 2192 5170 unquam
2219 5115 2415 5168 regum
2438 5103 2569 5152 ante
2580 5098 2777 5152 fecisse
2792 5099 3016 5169 legitur.
3042 5100 3183 5153 Hinc
3196 5116 3322 5170 pro-

1729 5189 1871 5244 fecto
1899 5194 2054 5260 patet
2108 5188 2241 5259 quia
2280 5188 2361 5241 vis
2409 5187 2614 5251 divina,
2659 5204 2780 5258 quae
2820 5188 2956 5242 istos
3013 5188 3318 5245 devotionis

1729 5278 1881 5335 intus
1910 5277 2113 5349 agebat
2139 5277 2361 5343 alfectu,
2386 5277 2507 5348 ipsa
2534 5277 2683 5331 hunc
2710 5276 2960 5332 cohibuit
2988 5277 3316 5348 principem,

1729 5385 1799 5424 ne
1820 5368 1927 5424 sibi
1942 5366 2307 5439 applauderet
2324 5366 2589 5433 indebite,
2608 5366 2756 5438 quod
2780 5371 3071 5437 potentatu
3087 5367 3321 5423 alterius

1730 5461 1882 5512 totus
1906 5462 2188 5513 terrarum
2223 5461 2259 5522 ι
2275 5460 2398 5521 28
2427 5455 2576 5509 orbis
2599 5454 2703 5509 sub
2728 5455 3056 5509 monarchia
3083 5456 3322 5511 Romani

1730 5545 1952 5619 imperii
1999 5543 2363 5627 subdebatur.‘
2393 5543 2501 5599 Sed
2547 5542 2854 5627 corybanta
2896 5544 3169 5627 ilerodes,
3225 5562 3323 5604 au-
