3966 6206
605 258 707 320 131
1359 253 1420 311 s.
1458 247 1838 309 necesse
1880 243 2245 305 massam
2281 243 2588 303 ABBATIS
2624 200 3126 306 conssisnsts.
3773 255 3872 314 432

603 385 765 443 diens
791 383 967 440 alium
991 396 1167 454 quam
1202 396 1264 436 se
1299 379 1621 434 Iudam-um
1652 391 1843 446 regem
1890 372 2199 443 requirere,
2218 373 2517 440 Aveniret,
2557 373 2768 430 faceret
2795 377 2942 447 quod
2973 381 3170 448 postea
3205 392 3267 432 se
3316 377 3457 432 velle
3485 377 3767 448 insinuat;
3789 381 3869 435 sin

605 475 866 532 turbatus
909 473 1133 539 dicitur,
1170 476 1232 525 et
1272 469 1453 524 omnis
1487 467 1874 535 Hierolosyma
1909 479 2038 518 cum
2080 463 2197 518 illo.
2282 469 2472 518 autem
2505 471 2570 518 ut
2595 465 2644 519 si
2670 466 2744 519 ad
2761 466 3025 522 notitiam
3053 467 3297 537 Augusti
3327 469 3584 534 Caesaris,
3626 469 3709 523 vel
3727 486 3873 524 sens-

606 563 942 622 Moliebatur
967 563 1276 627 enim,cum
1294 563 1442 613 esset
1468 555 1783 625 alienigena
1799 552 2060 623 ignobilis
2107 569 2201 622 ge-
2281 558 2374 607 tus
2395 555 2730 625 quandoque
2759 557 2999 612 relatum
3047 564 3214 624 esset,
3247 575 3353 614 sua
3381 565 3740 613 excusaretur
3763 560 3874 618 dili-

605 669 762 722 nere,
831 652 1117 723 legi-timus
1167 649 1487 703 Iudaeorum
1541 662 1639 699 rex
1707 643 1900 698 videri.
1949 642 2109 696 Unde
2142 646 2201 694 et
2277 643 2490 711 gentia,
2536 649 2736 697 cuncta
2778 661 2901 715 quae
2945 651 3206 717 potuerat
3251 647 3367 700 zelo
3399 647 3638 701 Romani
3666 647 3874 718 imperii

607 759 804 800 omnes
841 741 1075 804 codices,
1131 743 1276 792 teste
1331 735 1592 806 Josepho,
1625 732 1828 804 quibus
1876 732 2198 786 Iudaeorum
2279 733 2582 802 peregisse.
2611 734 2766 787 Alias
2789 740 2981 790 autem
3005 735 3076 789 ob
3105 736 3244 806 legis
3273 737 3554 808 peritiam,
3587 743 3651 790 ut
3669 738 3876 791 cautius

608 831 940 904 genealcgia
957 827 1269 890 texebatur,
1301 826 1813 896 ignecremaverat,
1848 839 1917 876 ne
1937 827 2201 876 notarent
2278 837 2378 874 eos
2403 822 2736 892 exploraret,
2770 823 2817 877 si
2875 841 2971 878 rex
3027 842 3223 879 eorum
3248 842 3314 880 ex
3357 827 3479 897 lege
3517 826 3874 899 repromissus

603 939 759 988 eum,
817 919 1120 984 reticendo,
1152 915 1482 987 ignobilem,
1513 920 1572 968 et
1622 912 1895 984 prosapiae
1945 911 2199 964 ordinem
2286 910 2481 964 tristes
2508 912 2897 982 gaudentesve
2916 915 3143 972 faceret.
3179 915 3467 969 Christum
3525 921 3714 970 autem
3761 916 3875 969 ideo

607 1011 786 1067 tribus
809 1009 966 1064 Iudae
991 1007 1366 1062 clarissimum
1388 1002 1869 1058 commendarent.
1899 1001 2208 1057 1Estimans
2290 1000 2561 1067 nominat,
2589 1003 2724 1072 quia
2758 1003 3034 1058 didicerat
3062 1021 3127 1058 ex
3153 1021 3308 1059 more
3329 1005 3526 1076 patriae
3569 1006 3876 1060 Judaei-um

602 1117 668 1155 se
695 1099 886 1169 itaque
901 1096 1146 1151 nobilem
1177 1094 1354 1149 videri
1386 1109 1570 1164 posse,
1601 1092 1648 1146 si
1674 1091 1846 1145 nullis
1874 1106 2044 1144 sacra:
2064 1089 2210 1143 Scri-
2291 1105 2457 1158 reges
2484 1107 2680 1144 omnes
2709 1091 2778 1146 ab
2808 1092 3070 1148 unctione
3100 1094 3337 1150 christos
3358 1094 3564 1148 vocari.

603 1193 787 1260 ptum
813 1186 1056 1241 fascibus
1082 1190 1454 1256 premeretur.
2358 1179 2432 1234 At
2461 1183 2550 1234 illi
2565 1183 2939 1240 dimeruntdn
2953 1184 3250 1237 Bethlehem
3270 1186 3426 1238 Judz
3451 1187 3566 1248 ;sic
3583 1187 3732 1237 enim
3757 1188 3881 1238 scri-

681 1277 842 1334 Unde
873 1291 1068 1330 verum
1107 1273 1355 1345 profecto
1410 1275 1646 1336 constat,
1707 1270 1857 1340 quod
1912 1269 2205 1322 Africanus
2281 1272 2443 1336 ptum
2463 1275 2540 1322 est
2553 1286 2654 1338 per
2661 1273 2986 1339 prophetam
3009 1291 3025 1325 :
3051 1273 3116 1326 Et
3130 1278 3209 1338 tu,
3229 1275 3876 1339 Betla.lehem,terraluda,

507 1345 527 1362 .
605 1366 816 1432 innuit,
849 1364 983 1435 quia
1001 1364 1230 1418 fuerunt
1266 1362 1368 1416 viri
1394 1360 1633 1416 studiosi
1667 1377 1732 1414 ex
1751 1357 1979 1424 Judaeis,
2001 1358 2099 1427 qui
2125 1357 2206 1410 di-
2288 1374 2636 1427 nequaquam
2652 1363 2895 1414 minima
2911 1378 2962 1414 es
2979 1364 3041 1416 in
3057 1363 3409 1430 principibus
3419 1364 3656 1427 Iuda,”
3673 1368 3719 1415 te
3739 1366 3879 1416 enim

601 1454 880 1509 cebantur
931 1452 1150 1507 Heriles
1209 1455 1439 1522 propter
1477 1447 1955 1528 pmpinquitatem
2001 1446 2212 1500 scilicet
2291 1449 2428 1500 exist
2452 1449 2572 1501 dux
2596 1453 2699 1516 qui
2724 1457 2870 1518 reget
2891 1454 3163 1519 populum
3188 1467 3372 1505 meum
3404 1454 3590 1506 Israel.
3624 1452 3782 1514 Quod
3802 1457 3879 1506 te-

603 1543 834 1614 generis
853 1541 1080 1608 Christi,
1101 1546 1376 1612 erantque
1417 1538 1686 1603 Nazarzei,
1725 1537 1820 1608 qui
1847 1553 1948 1608 per
1982 1551 2208 1589 omnem
2291 1536 2615 1591 stimonium
2643 1538 2917 1593 duntaxat
2941 1556 3046 1594 nec
3076 1539 3366 1606 Hebraico,
3391 1557 3495 1595 nec
3521 1541 3881 1611 Septuaginta

611 1633 902 1702 regionem
919 1631 1354 1694 circumeuntes,
1386 1628 1613 1683 odinem
1639 1627 1976 1697 supradictae
1998 1640 2208 1695 genea-

609 1722 779 1792 logim
796 1721 1023 1787 Christi,
1047 1719 1254 1792 partim
1275 1718 1618 1782 memoriter,
1644 1716 1850 1787 partim
1872 1732 1937 1768 ex
1975 1715 2207 1769 Dierum

613 1811 775 1868 libris
807 1827 952 1881 quos
982 1810 1154 1874 domi,
1193 1825 1320 1863 cum
1355 1806 1806 1872 incenderentur,
1858 1822 1926 1859 ex
1969 1803 2207 1860 archivis

611 1901 809 1971 templi
831 1899 1160 1965 habuerant,
1193 1899 1401 1970 partim
1432 1914 1561 1952 vero
1617 1896 1686 1950 ab
1716 1895 1832 1952 avis
1878 1900 1938 1948 et
1984 1892 2207 1965 proavis

609 1989 974 2044 narrantibus
1004 1989 1330 2053 retinentes,
1362 1987 1566 2042 litteris
1593 1986 1904 2040 secundum
1955 1984 2208 2038 ordinem

607 2079 1038 2134 mandaverunt.
1059 2077 1272 2141 Quibus
1299 2075 1558 2130 omnibus
1588 2073 1969 2146 perscrutatis,
1993 2089 2063 2126 ea
2086 2089 2207 2125 ma-

607 2169 761 2222 xime
789 2184 913 2240 quae
933 2168 992 2221 in
1019 2167 1235 2221 eisdem
1266 2165 1524 2230 archivis,
1554 2170 1652 2219 aut
1673 2163 1845 2218 aliubi
1899 2162 2044 2215 infra
2097 2162 2207 2214 im-

609 2257 986 2329 penetrabilia
1011 2256 1261 2312 locorum
1277 2254 1470 2310 abdita
1487 2260 1623 2308 sunt
1639 2258 1878 2317 servata,
1911 2268 1976 2305 ex
2004 2250 2208 2322 quibus

609 2353 808 2401 nostra
821 2346 1138 2402 divinorum
1168 2343 1472 2399 auctoritas
1488 2343 1755 2396 librorum
1768 2341 2058 2395 derivatur
2080 2340 2211 2393 hinc

607 2435 747 2491 inde
765 2441 831 2490 ut
855 2436 1062 2489 veritas
1092 2433 1520 2503 Evangeliorum
1534 2431 1844 2486 evidentius
1873 2431 2207 2484 declaretur.

685 2525 896 2595 Regem
940 2529 1130 2579 autem
1161 2523 1439 2580 Herodem
1471 2522 1595 2576 ideo
1626 2521 1900 2586 nominat,
1953 2519 2211 2589 quamvis

611 2620 861 2685 nequeat
881 2616 1010 2684 jure
1037 2629 1135 2666 rex
1159 2611 1362 2676 vocari,
1391 2611 1486 2681 qui
1514 2610 1769 2682 proprios
1797 2609 1975 2663 nescit
2024 2614 2210 2662 motus

611 2704 819 2760 mentis
847 2719 1060 2774 regere,
1091 2707 1158 2756 ut
1183 2718 1252 2756 ex
1308 2701 1604 2755 collatione
1659 2700 1809 2770 regis
1857 2699 2199 2760 Judteorum,

601 2810 779 2868 quem
804 2793 958 2864 magi
980 2795 1301 2864 quaarentes
1315 2790 1548 2861 cupiunt
1577 2789 1830 2854 adorare,
1863 2789 1968 2842 iste
1995 2786 2205 2841 intelli-

603 2889 779 2955 gatur
822 2889 1141 2946 extraneas,
1172 2880 1305 2951 quia
1350 2880 1609 2951 proprius
1643 2880 1762 2949 jam
1806 2878 2102 2932 defecerat.
2138 2875 2207 2929 Et

2289 1624 2691 1696 interpretibus
2751 1627 3065 1692 convenire,
3100 1627 3261 1686 nobis
3309 1643 3532 1698 quoque
3573 1627 3879 1682 tacentibus

2236 1714 2708 1809 Bcomprobatur.
2742 1716 3152 1809 Unde‘quidam
3176 1715 3585 1770 calumniantes
3606 1716 3797 1770 dicunt
3823 1716 3880 1770 in

2289 1803 2550 1858 omnibus
2602 1821 2744 1875 pene
2790 1805 3144 1872 testimoniis,
3178 1821 3302 1875 quae
3343 1811 3646 1860 sumuntur
3699 1821 3763 1858 ex
3789 1805 3883 1858 Ve-

2288 1892 2788 1960 teriTestamento,
2845 1894 3170 1965 hujusmodi
3226 1911 3490 1948 resonare
3532 1910 3800 1959 errorem,
3827 1900 3884 1948 ut

2286 1988 2389 2037 aut
2413 1984 2550 2037 ordo
2578 1983 2874 2038 verborum
2899 1990 3167 2048 mutetur,
3202 1990 3301 2038 aut
3314 2000 3604 2049 sensuum,
3629 1984 3766 2038 adeo
3791 2000 3882 2037 us-

2291 2088 2399 2142 que
2421 2079 2485 2126 ut
2515 2073 2832 2127 intellectus
2863 2073 3147 2127 interdum
3173 2073 3428 2127 diversus
3440 2073 3714 2127 videatur.
3746 2075 3883 2143 Apo-

2289 2160 2440 2225 stoli,
2472 2160 2751 2232 inquiunt,
2784 2162 2870 2215 vel
2896 2162 3251 2232 evangelista
3285 2177 3398 2216 non
3451 2178 3518 2215 ex
3547 2161 3706 2214 libris
3737 2163 3886 2215 testi-

2291 2249 2482 2302 monia
2511 2251 2930 2322 decerpserunt,
2973 2253 3070 2305 sed
3109 2252 3392 2306 memoriae
3417 2251 3734 2317 credentes,
3766 2268 3887 2322 qua:

2291 2353 2699 2410 nonnunquam
2727 2341 2961 2406 fallitur,
2994 2341 3278 2395 contraria
3315 2341 3604 2395 interdum
3648 2342 3888 2410 protule-

2292 2433 2446 2484 runt.
2468 2429 2639 2492 Quasi
2663 2447 2729 2484 ex
2763 2431 2988 2500 ingenio
3009 2436 3230 2484 tantum
3269 2431 3408 2483 artis
3437 2431 3552 2483 sint
3595 2430 3786 2495 locuti,
3831 2437 3888 2483 et

2294 2533 2406 2571 non
2432 2519 2611 2588 magis
2649 2519 2833 2573 divina
2856 2519 3166 2590 inspirante
3191 2520 3400 2590 gratia,
3445 2537 3546 2590 per
3598 2519 3886 2590 Spiritum,

2294 2623 2394 2678 per
2415 2623 2580 2678 quem
2606 2608 2739 2662 olim
2767 2609 3068 2680 Scriptura:
3097 2615 3230 2663 sunt
3260 2610 3443 2676 editae,
3470 2625 3578 2662 non
3592 2609 3885 2662 contrariae

2294 2695 2540 2765 quidem,
2569 2697 2665 2750 sed
2691 2698 2852 2766 juxta
2877 2699 3024 2768 quod
3053 2703 3431 2768 Opportunum
3455 2696 3658 2763 fuerat,
3681 2705 3892 2767 myste-

2286 2784 2373 2838 ria
2401 2785 2698 2840 inserendo
2729 2788 3080 2858 eloquiorum
3111 2787 3208 2842 Dei
3263 2787 3587 2841 testimonia
3615 2803 3900 2841 reserave-

2288 2873 2418 2929 rint.
2453 2875 2556 2928 llic
2592 2882 2783 2931 tamen
2835 2877 3178 2930 arbitramur
3204 2876 3432 2930 beatum
3486 2876 3894 2944 evangelistam

607 2973 926 3026 notandum
953 2971 1102 3042 quod
1136 2968 1318 3024 omnis
1349 2969 1446 3039 qui
1475 2968 1580 3021 sibi
1605 2967 1676 3021 ob
1697 2967 2054 3021 insolentiam
2092 2964 2208 3017 vin-
2223 2989 2266 3050 ρ
2289 2964 2612 3019 Scribarum
2635 2972 2692 3020 et
2711 2967 3128 3021 Pharisaeorum
3149 2982 3386 3036 arguere
3398 2965 3700 3036 ignaviam,
3721 2971 3892 3036 atque

607 3060 762 3116 dicat
801 3059 1114 3116 indebin
1169 3057 1566 3129 principatum,
1597 3063 1654 3111 et
1709 3056 1903 3110 multis
1952 3058 2208 3110 movetur

605 3147 1040 3220 suspicionibus,
1068 3148 1149 3202 ita
1191 3153 1256 3202 ut
1278 3163 1377 3218 per
1424 3146 1579 3200 nefas
1626 3147 1811 3216 pravis
1848 3150 2207 3216 argumento-

609 3254 740 3294 rum
794 3236 1084 3292 fraudibus
1125 3236 1261 3290 velit
1311 3235 1526 3290 cunctis
1567 3234 1793 3289 obviare
1842 3237 2098 3305 negotiis,
2135 3255 2204 3292 ne

603 3326 854 3397 digniori
871 3343 930 3380 se
952 3326 1133 3382 locum
1144 3325 1358 3379 tribuat
1370 3325 1619 3394 regendi,
1640 3325 1786 3395 quod
1807 3325 1955 3378 idem
1978 3327 2207 3398 indigne

605 3421 805 3471 tenere
833 3414 1104 3486 probatur
1134 3433 1147 3481 ;
1180 3413 1379 3468 similis
1412 3419 1504 3468 est
1531 3414 1660 3468 huic
1693 3415 1931 3469 scelesto
1973 3416 2202 3484 Herodi,

608 3505 728 3576 qui,
761 3505 879 3558 suis
915 3503 1284 3574 cupiditatum
1313 3502 1475 3568 dolis,
1511 3520 1611 3574 per
1638 3504 1817 3557 multa
1847 3506 2208 3574 parvulorum

610 3594 909 3648 homicidia
920 3591 1386 3662 divi-nopeccando
1408 3592 1687 3646 contraire
1704 3593 1942 3646 tentavit
1959 3595 2206 3650 decreto.

607 3683 770 3740 Unde
798 3699 925 3736 mox
951 3681 1211 3737 turbatus
1236 3681 1424 3752 plures
1439 3697 1668 3735 suorum
1690 3681 1951 3736 habuisse
1981 3686 2208 3755 compli-

607 3789 699 3828 ces
729 3772 1008 3838 scribitur,
1038 3771 1096 3824 in
1139 3776 1360 3825 tantum
1391 3776 1456 3825 ut
1478 3787 1632 3825 more
1677 3771 1851 3841 vulgi,
1892 3773 1991 3826 Dei
2033 3791 2206 3843 quon-

604 3863 738 3917 dam
767 3862 1007 3934 populus
1041 3860 1112 3915 ob
1155 3859 1357 3914 favoris
1383 3859 1626 3930 gratiam
1675 3860 1934 3914 turbatus
1962 3862 2198 3928 dicatur,

603 3953 802 4007 dolens
815 3951 1216 4023 repromissum
1225 3951 1346 4020 jam
1369 3949 1588 4003 caelitus
1607 3949 1913 4003 advenisse.
1929 3951 1976 4004 Ο
1998 3951 2203 4005 misera

604 4041 928 4111 fragilitatis
965 4041 1226 4093 humanae
1267 4038 1547 4092 conditio!
1580 4053 1702 4108 quae
1729 4055 1874 4109 saepe
1895 4039 2202 4109 plurimum

602 4129 687 4183 eis
713 4129 861 4181 favet
887 4129 1114 4196 injuste,
1141 4130 1325 4192 1”
1347 4142 1485 4196 quos
1517 4127 1617 4181 Dei
1637 4129 1791 4197 justo
1816 4129 2027 4198 judicio
2079 4147 2201 4184 cru—

604 4218 759 4271 deles
779 4216 1020 4270 sustinet
1037 4231 1397 4285 oppressores
1421 4233 1433 4282 ;
1463 4232 1565 4269 nec
1596 4215 1663 4269 iis
1706 4219 1908 4271 metuit
1955 4219 2195 4287 adulari,

2289 3053 2436 3107 circa
2461 3055 2777 3110 divinarum
2807 3057 3225 3128 Scripturarum
3256 3071 3450 3110 eorum
3488 3055 3896 3124 negligentiam

2299 3147 2480 3208 I30
2500 3146 2715 3212 notare,
2739 3152 2797 3200 et
2817 3146 2941 3200 ideo
2967 3147 3045 3200 sic
3071 3145 3342 3217 posuisse,
3373 3150 3437 3199 ut
3462 3144 3532 3198 ab
3561 3144 3642 3198 eis
3674 3145 3892 3199 dictum

2287 3238 2392 3284 est.
2415 3233 2523 3296 Qui
2541 3239 2731 3289 tamen
2750 3237 2856 3290 etsi
2889 3241 3212 3305 arguuntur
3228 3235 3502 3300 socordia,
3524 3250 3725 3288 sensus
3756 3252 3893 3305 quo-

2288 3320 2589 3377 dammodo
2620 3325 2928 3379 restituunt
2956 3327 3269 3379 veritatem.
3294 3325 3440 3379 Nam
3470 3325 3529 3378 in
3551 3323 3788 3378 llebrmo
3813 3325 3893 3378 sic

2290 3410 2462 3466 habet
2484 3431 2493 3465 :
2513 3413 2578 3466 Ει
2594 3419 2676 3479 tu,
2691 3416 2988 3468 Bethlehem
3006 3416 3555 3484 Eph-rata,parvuius
3571 3430 3625 3466 es
3648 3417 3712 3466 in
3724 3417 3906 3468 milli-

2293 3502 2390 3553 bus
2408 3503 2572 3567 Juda,
2597 3519 2665 3555 ea:
2689 3509 2737 3555 te
2762 3505 2902 3557 mihi
2922 3507 3233 3571 egredietur
3250 3507 3356 3573 qui
3381 3507 3453 3556 sit
3481 3504 3816 3556 donu’naior
3841 3508 3904 3556 in

2291 3592 2464 3644 Israel
2489 3611 2501 3650 ;
2534 3597 2580 3644 ei
2608 3609 2849 3659 egressus
2878 3597 2993 3662 ejus
3018 3596 3086 3647 ab
3113 3597 3277 3648 initio
3295 3610 3329 3647 α
3350 3594 3538 3646 diebus
3565 3595 3904 3646 (sternimus

2293 3680 2474 3746 (Mich.
2500 3698 2550 3743 v,
2572 3679 2648 3747 2).
2667 3683 2732 3735 Et
2742 3689 2827 3736 est
2839 3700 3034 3737 sensus
3055 3701 3066 3736 :
3085 3699 3441 3754 nequaquam
3463 3688 3526 3735 tu
3536 3681 3900 3747 Bethlehem,

2288 3765 2345 3818 id
2365 3774 2453 3821 est
2501 3770 2764 3839 Ephrata,
2800 3772 3114 3843 quantitate
3171 3789 3269 3826 seu
3300 3787 3533 3826 numero
3559 3769 3803 3823 minima
3841 3787 3906 3824 es

2287 3854 2436 3910 inter
2464 3875 2659 3913 omnes
2707 3861 2959 3916 civitates
2988 3863 3164 3928 Judee,
3198 3878 3319 3932 quae
3375 3860 3550 3914 tantis
3599 3859 3911 3913 civitatum

2285 3946 2532 4001 millibus
2551 3958 2893 4021 comparata,
2917 3952 3002 4005 vix
3023 3969 3228 4022 parvus
3249 3957 3334 4005 est
3364 3950 3597 4003 viculus.
3628 3949 3712 4002 Ac
3734 3949 3783 4002 si
3819 3949 3907 4001 di-

2286 4041 2468 4090 ceret:
2505 4039 2872 4110 Nequaquam
2909 4042 3144 4094 minima
3169 4057 3248 4108 es,
3277 4040 3410 4110 quia
3439 4054 3504 4092 ex
3532 4044 3589 4092 te
3632 4054 3896 4108 magnus

2284 4127 2604 4195 egredietur
2628 4130 2902 4196 Christus,
2953 4130 3050 4201 qui
3078 4131 3186 4184 erit
3226 4130 3421 4200 utique
3449 4127 3778 4182 dominator
3829 4127 3895 4181 in

2283 4216 2473 4272 Israel.
2507 4219 2700 4289 Neque
2729 4228 2890 4292 putes
2905 4237 3034 4275 eum
3065 4221 3135 4274 de
3165 4236 3370 4290 genere
3395 4223 3619 4272 tantum
3633 4233 3764 4270 esse
3781 4217 3898 4270 Da-

603 4322 747 4383 quos
774 4304 874 4361 Dei
889 4304 948 4358 in
969 4309 1145 4358 semet
1173 4303 1422 4373 quotidie
1447 4305 1717 4358 voluntati
1741 4307 2014 4378 conspicit
2051 4309 2198 4363 relu-
2218 4305 2266 4365 D
2284 4306 2395 4371 Vid,
2417 4307 2506 4361 cui
2545 4310 2778 4379 promisi
2805 4311 2994 4364 dicens
3021 4331 3036 4364 :
3065 4312 3137 4364 De
3167 4313 3358 4378 fructu
3401 4312 3610 4362 centris
3651 4310 3746 4360 iui
3783 4322 3895 4376 po-

603 4395 742 4449 ctari
753 4437 765 4449 .
780 4393 918 4450 Inde
934 4392 1206 4447 nimirum
1225 4392 1362 4447 illud
1373 4393 1686 4448 Salomonis
1701 4411 1893 4449 verum
1909 4397 2199 4468 probatur,

603 4486 760 4553 Quod
795 4500 894 4538 res:
921 4485 1166 4551 injustas
1199 4499 1382 4537 omnes
1435 4485 1723 4538 ministros
1760 4486 1971 4539 habebit
2001 4490 2201 4557 impios

608 4575 786 4646 (Prov.
833 4587 978 4637 xxix,
1007 4570 1114 4639 l2).
1151 4571 1430 4626 Turbatus
1464 4577 1654 4626 autem
1690 4573 1780 4627 hic
1811 4575 1958 4630 forte
1984 4575 2199 4633 duabus

604 4679 674 4717 ex
697 4661 1111 4728 causisdicitur,
1144 4662 1230 4716 vel
1257 4662 1393 4732 quia
1417 4661 1653 4716 exitium
1681 4664 1841 4734 regni
1897 4666 1983 4720 sui
2032 4668 2202 4737 perti-

601 4751 928 4817 mescebat;
961 4757 1018 4804 et
1066 4750 1192 4805 ideo
1221 4751 1346 4804 coeli
1375 4751 1527 4822 Rege
1573 4758 1706 4807 nato
1735 4771 1832 4808 rex
1857 4759 2024 4809 terra:
2079 4761 2200 4810 tur-

602 4839 774 4895 batur
802 4859 812 4892 :
838 4839 924 4893 vel
953 4839 1086 4910 quia
1104 4845 1221 4894 tam
1247 4841 1734 4912 CaesarAugustus
1763 4861 1932 4914 quam
1969 4850 2199 4899 senatus

605 4929 974 4984 deusverunt
1001 4945 1072 4982 ne
1098 4930 1226 5000 quis
1243 4946 1339 4983 rex
1367 4936 1467 4985 aut
1485 4931 1622 4986 deus
1646 4933 1764 4987 sine
1787 4933 2036 5004 ipsorum
2066 4951 2199 4989 con-

605 5019 1041 5074 siliodiceretur.
1072 5018 1286 5073 Idcirco
1315 5020 1550 5074 forsitan
1579 5021 1768 5075 audito
1780 5023 1927 5093 regis
1947 5023 2194 5091 nomine,

599 5108 794 5163 furore
812 5112 1084 5173 movetur,
1125 5124 1196 5162 ne
1221 5108 1283 5162 in
1301 5126 1381 5175 se,
1414 5109 1464 5163 si
1488 5110 1771 5180 vulgatum
1791 5116 1942 5165 esset
1967 5117 2198 5167 senatus

601 5198 832 5254 decreta
858 5197 1112 5263 violasse,
1140 5197 1482 5252 discriminis
1539 5200 1818 5255 sententia
1865 5206 2194 5258 verteretur.

673 5377 1024 5444 Congrum:
1044 5378 1229 5432 mitem
1257 5393 1442 5432 omnes
1471 5379 1749 5450 principes
1777 5383 2118 5438 sacerdotum
2147 5387 2194 5439 et

605 5465 814 5520 scribas
832 5469 1044 5534 populi,
1077 5469 1460 5522 sciscitabatur
1476 5471 1545 5522 ab
1570 5473 1648 5524 eis
1682 5471 1784 5523 ubi
1819 5473 2067 5528 Christus
2100 5490 2196 5528 na-

606 5558 868 5614 sceretur.
1280 5554 1616 5632 inquitsatis
1643 5559 1904 5632 ostendit,
1939 5567 2004 5619 ut
2021 5562 2071 5643 si
2105 5562 2197 5646 in:

2283 4412 2419 4450 nam
2440 4413 2603 4466 super
2630 4400 2802 4452 sedem
2823 4416 3002 4453 meam.
3037 4419 3049 4462 ;
3072 4399 3277 4471 quippe
3302 4399 3435 4470 quia
3454 4397 3640 4451 carnis
3660 4413 3900 4451 assum-

2281 4485 2398 4556 ptio
2416 4503 2528 4540 non
2547 4487 2781 4558 impedit
2807 4489 3178 4544 divinitatem.
3212 4490 3355 4542 Nam
3377 4503 3636 4557 egressus
3660 4487 3798 4556 ejus
3823 4502 3899 4540 ex

2281 4591 2410 4629 mea
2440 4583 2658 4631 constat
2687 4578 3021 4643 substantia,
3055 4585 3222 4633 natus
3245 4596 3278 4633 a
3307 4577 3502 4631 diebus
3522 4576 3899 4640 zeternitatis,

2277 4664 2438 4732 juxta
2463 4666 2612 4735 quod
2643 4666 2700 4720 in
2731 4667 3003 4740 principio
3051 4673 3174 4722 erat
3213 4667 3459 4722 Verbum
3517 4671 3573 4719 et
3628 4659 3904 4718 Verbum

2279 4760 2405 4807 erat
2430 4755 2581 4824 apud
2606 4757 2801 4822 Deum,
2838 4764 2894 4812 et
2923 4758 3071 4812 Deus
3088 4757 3487 4812 eratVerbum.
3506 4756 3707 4825 Neque
3731 4753 3904 4806 enim

2279 4842 2535 4897 conditor
2580 4850 2900 4917 temporum
2927 4853 3153 4903 tenetur
3177 4846 3280 4902 sub
3307 4853 3582 4917 tempore,
3622 4842 3908 4914 quamvis

2280 4932 2434 4987 Deus
2461 4934 2629 4988 homo
2642 4935 2822 4991 factus
2851 4944 3116 4992 nascatur
3145 4955 3209 4991 ex
3235 4942 3509 5007 tempore.
3530 4931 3675 4988 Ecce
3711 4948 3910 5003 quam

2281 5021 2505 5076 evidens
2529 5025 2913 5081 testimonium
2944 5044 3056 5081 non
3084 5028 3267 5082 solum
3280 5031 3476 5081 contra
3504 5023 3758 5088 Iudaeos,
3795 5039 3914 5075 ve—

2277 5128 2405 5166 rum
2423 5113 2593 5168 etiam
2616 5121 2671 5170 et
2686 5122 2880 5171 contra
2903 5133 2996 5171 eos
3010 5117 3104 5188 qui
3121 5117 3315 5171 dicunt
3329 5115 3612 5172 Christum
3625 5112 3688 5166 in
3712 5128 3913 5165 carne

2277 5218 2482 5273 parum
2519 5204 2802 5260 hominem
2831 5207 3019 5262 fuisse.
3042 5208 3320 5262 Caeterum
3351 5205 3499 5276 quod
3522 5204 3583 5257 in
3615 5201 3912 5265 Hebr-.20,

2279 5298 2329 5346 et
2349 5297 2408 5346 tu
2430 5295 2732 5349 Bethlehem
2761 5297 3004 5365 Eli/irata
3025 5296 3305 5361 scribitur,
3328 5301 3384 5350 et
3397 5311 3509 5349 non
3523 5294 3696 5358 Juda,
3723 5290 3922 5345 mali-

2275 5383 2358 5437 tia
2376 5384 2694 5438 Judazorum
2711 5392 2906 5457 postea
2926 5386 3174 5440 creditur
3191 5390 3619 5448 commutatum,
3632 5399 3711 5436 ne
3722 5378 3924 5435 Chri-

2277 5479 2398 5528 stus
2428 5474 2496 5528 de
2525 5474 2676 5529 tribu
2704 5475 2848 5530 Juda
2882 5482 3035 5530 ortus
3061 5475 3333 5528 videatur.
3361 5475 3468 5529 Sed
3524 5473 3606 5527 illi
3647 5469 3917 5544 quando

2277 5563 2518 5626 necdum
2547 5562 2616 5620 de
2663 5565 2890 5622 Christo
2924 5565 3097 5626 livore
3122 5564 3511 5637 movebantur,
3539 5559 3926 5637 simpliciter
