3966 6206
1012 270 1392 330 EXPOSITIO
1431 269 1514 330 IN
1551 263 2000 328 MA’I‘THJEUM.
2043 300 2108 314 —
2146 271 2284 332 LIB.
2325 275 2399 344 Π,
2440 275 2600 334 CAP.
2644 278 2718 335 II.

220 269 324 332 133
1012 270 1392 330 EXPOSITIO
1431 269 1514 330 IN
1551 269 1808 328 MATTH

1894 269 2000 325 3M.
2043 300 2108 314 —
2146 271 2284 332 LIB.
2325 275 2399 344 Π,
2440 275 2600 334 CAP.
2644 278 2718 335 II.
3395 291 3510 350 134

217 408 263 454 et
285 407 343 454 tu
367 399 674 454 Bethlehem
690 401 838 454 Juda
852 399 1106 468 efferunt,
1129 401 1381 475 quamvis
1400 402 1458 456 in
1476 399 1710 471 reliquis
1729 413 1824 454 ne-
1839 398 1892 458 Α
1910 395 2006 492 ubi
2033 399 2137 468 ira,
2174 400 2252 456 ibi
2278 401 2700 475 misericordia;
2747 407 2845 464 ubi
2883 426 3053 483 grave
3091 411 3294 490 jugum
3330 423 3504 492 super

215 489 498 560 gligentize
521 495 860 560 arguantur,
875 491 1021 562 quod
1046 497 1242 562 postea
1260 492 1316 547 in
1333 508 1527 546 eorum
1544 489 1825 545 codicibus
1907 488 2053 543 ﬁlios
2076 490 2257 545 Adam
2290 509 2324 546 a
2345 493 2436 548 die
2463 494 2770 553 nativitatis
2791 516 3006 569 eorum,
3032 503 3108 558 ibi
3127 488 3338 562 Christi
3359 488 3502 566 onus

219 579 452 633 minime
471 579 780 650 reperitur.
807 581 1051 652 Ephrata
1073 581 1282 653 quippe
1302 599 1336 636 a
1365 581 1734 654 Septuaginta
1753 579 1824 633 li-
1904 576 2024 668 leve
2053 583 2109 632 et
2136 596 2302 635 suave
2327 582 2530 652 jugum
2555 603 2568 650 ;
2601 590 2658 640 et
2679 603 2804 657 qua:
2825 595 2948 644 erat
2967 591 3232 664 Ephrata,
3264 595 3388 668 ipsa
3416 601 3502 653 cst

219 666 386 739 quido
431 673 656 722 constat
700 668 957 723 additum
1001 669 1170 723 aliam
1217 671 1287 724 ob
1334 671 1819 742 significationem,
1906 664 2700 743 BethlehemJndomoigitur
2716 664 3496 742 mrorisnatusestmu‘istus:

223 758 366 829 quod
397 757 598 812 multis
618 758 678 811 in
706 757 842 812 locis
863 775 956 812 eos
984 759 1178 813 fecisse
1203 759 1462 830 legimus.
1486 760 1602 816 Nos
1631 764 1823 814 tamen
1907 762 1962 808 et
1985 755 2109 811 ideo
2131 759 2251 828 jam
2291 775 2407 814 non
2437 762 2638 818 domus
2666 765 2890 835 furoris,
2923 771 3021 825 sed
3070 773 3270 829 domus
3315 776 3499 850 panis,

221 851 367 900 recte
397 847 623 900 interea
651 863 950 918 possumus
977 847 1215 918 probare
1250 866 1314 903 ex
1343 849 1530 904 divina
1577 849 1822 903 auctori-
1907 845 2039 915 quia
2061 863 2266 918 panem
2310 849 2378 902 de
2421 851 2558 906 cmlo
2605 855 2921 911 venientem
2969 863 3235 933 suscepit,
3286 845 3500 922 felicius

220 941 354 1001 tate,
382 935 722 990 Bethlehem
755 937 812 991 in
835 936 982 992 tribu
1007 939 1034 991 J
1041 937 1152 992 uda
1179 938 1408 993 omnino
1435 955 1574 992 esse.
1594 939 1824 1008 Legitur
1913 941 1953 1000 I
1971 941 2094 1000 3,2
2112 939 2771 1013 vocatur.Quanquamet
2787 945 3500 1017 Ephrataeumdemvidea-

222 1026 370 1078 enim
399 1026 460 1079 in
489 1025 636 1080 libro
666 1026 926 1081 Judicum
945 1029 1100 1099 (xm,
1134 1028 1189 1097 7)
1217 1027 1363 1100 quod
1391 1027 1654 1081 fueritvir
1669 1027 1822 1082 Levi-

221 1120 302 1168 tes
333 1114 601 1170 habitans
632 1114 691 1168 in
718 1115 988 1170 lateribus
1015 1117 1215 1172 domus
1242 1118 1527 1190 Ephraim,
1564 1123 1620 1171 et
1664 1134 1820 1171 acce-

217 1203 412 1276 pitsibi
432 1204 730 1260 mulierem
752 1205 1118 1261 concubinam
1134 1207 1204 1261 de
1217 1207 1544 1261 Bethlehem
1560 1207 1588 1260 J
1594 1207 1722 1266 uda,
1739 1212 1821 1260 at-

221 1311 322 1364 que
351 1295 524 1348 toties
544 1295 613 1348 de
630 1295 848 1367 reliquo
870 1296 1061 1350 eodem
1087 1296 1388 1368 replicatur
1406 1296 1649 1351 nomine.
1673 1297 1819 1350 Nam

219 1389 270 1436 et
271 1384 440 1454 juxta
455 1384 851 1455 Septuaginta,
867 1385 1218 1457 quamvishic
1233 1385 1491 1452 dixerint,
1508 1393 1555 1440 et
1575 1391 1653 1450 tu,
1670 1387 1819 1440 Beth-

221 1474 409 1539 lehem,
442 1475 639 1526 domus
659 1475 926 1543 Ephrata,
957 1475 1015 1528 in
1038 1475 1170 1530 Jesu
1199 1475 1350 1529 Nave
1371 1481 1578 1540 tamen,
1604 1474 1699 1530 ubi
1722 1475 1821 1530 tri-

216 1560 315 1615 bus
345 1561 526 1628 Iudae,
561 1561 736 1616 urbes
765 1567 935 1635 atque
967 1564 1170 1636 oppida
1199 1563 1613 1631 describuntur,
1649 1565 1820 1622 etiam

216 1650 704 1722 hancinscriptam
733 1651 972 1723 legimus
997 1671 1008 1705 :
1050 1655 1222 1720 Theto,
1255 1653 1456 1726 inquit,
1477 1660 1526 1708 et
1549 1655 1816 1723 Ephrata,

1903 1027 2000 1076 tur
2019 1041 2243 1079 sensum
2257 1027 2594 1100 signiﬁcare,
2618 1033 2864 1103 Ephrata
2875 1053 3117 1110 namque
3128 1043 3502 1110 frugi/‘eradL

1905 1113 2050 1167 citur
2072 1131 2083 1166 :
2111 1115 2242 1185 quia
2259 1116 2317 1170 in
2335 1119 2594 1188 praesenti
2617 1121 2730 1175 vita
2750 1125 2994 1193 profecto
3016 1129 3270 1184 excolens
3300 1147 3502 1202 agrum

1901 1200 1998 1256 ubi
2021 1203 2279 1259 Christus
2300 1207 2563 1274 eflloruit,
2595 1209 2721 1264 vitae
2747 1211 2937 1284 fruges
2967 1215 3037 1270 ad
3056 1217 3321 1274 horreum
3338 1200 3502 1275 indc-

1902 1291 2153 1347 sincnter
2181 1293 2326 1349 ferre
2353 1298 2577 1366 satagit.
2625 1299 2919 1370 Siquidem
2967 1304 3057 1358 hic
3099 1307 3387 1377 frugifera,
3433 1315 3502 1365 ut

1901 1379 1998 1447 ibi,
2032 1398 2158 1436 cum
2190 1385 2549 1440 manifestata
2572 1387 2740 1442 fuerit
2764 1390 2946 1460 gloria
2990 1393 3218 1462 Christi,
3261 1397 3501 1454 satietur

1903 1487 1967 1524 ex
1996 1472 2158 1544 adipe
2181 1473 2472 1540 frumenti,
2507 1483 2564 1530 et
2589 1477 2875 1548 repleatur
2901 1481 3054 1535 omni
3079 1482 3344 1540 felicitate
3376 1503 3500 1561 per-

1900 1566 2090 1630 petua.
2118 1562 2190 1617 Et
2215 1564 2525 1618 notandum
2549 1565 2693 1621 forte
2723 1568 2871 1638 quod
2905 1571 3044 1624 satis
3074 1571 3156 1625 illi
3185 1581 3498 1645 congruant

1899 1649 2207 1705 intellectui
2239 1652 2362 1706 dua:
2387 1653 2506 1708 ista:
2533 1655 2702 1709 unius
2720 1657 2962 1712 nominis
2977 1658 3491 1735 interpretationes,

219 1741 321 1794 haec
350 1746 447 1805 est,
486 1741 810 1796 Bethlehem.
837 1743 1010 1810 Fagor
1041 1745 1164 1812 (Jos.
1196 1744 1306 1814 xv),
1340 1761 1404 1797 ac
1438 1743 1663 1816 reliquie
1696 1760 1816 1816 qua:
1835 1753 1880 1814 Β
1901 1755 1965 1791 ex
1991 1756 2100 1810 quo
2117 1739 2258 1794 bene
2274 1741 2555 1812 Propheta
2575 1761 2801 1812 canens,
2825 1747 2904 1800 ait
2927 1765 2940 1801 ε
2971 1748 3080 1814 Οιιί
3093 1754 3392 1821 seminant,
3413 1754 3499 1810 in.

220 1834 534 1900 sequuntur
563 1829 818 1884 civitates
845 1831 1122 1885 undecim.
1158 1832 1316 1896 Quod
1349 1832 1574 1904 penitus
1618 1849 1720 1886 nec
1759 1833 1816 1887 in

220 1917 450 1973 Hebraeo
472 1935 576 1973 nec
600 1921 749 1990 apud
770 1919 944 1976 alium
966 1919 1272 1993 quemlibet
1290 1919 1653 1993 interpretem
1669 1922 1818 1976 inve-

219 2011 386 2064 nitur.
416 2010 526 2065 Sed
558 2015 616 2064 et
643 2026 869 2063 omnem
895 2009 1164 2064 familiam
1193 2011 1393 2065 domus
1433 2017 1470 2076 Ι
1488 2014 1600 2077 3|
1640 2010 1816 2065 David

219 2099 356 2154 hanc
385 2105 542 2155 sorte
569 2099 918 2153 haereditatis
943 2099 1209 2167 tenuisse,
1234 2116 1398 2154 neruo
1417 2100 1512 2171 qui
1542 2099 1810 2169 ambigat.

220 2189 390 2252 Quam
424 2189 676 2260 profecto
705 2188 938 2243 domum
963 2190 1032 2243 de
1061 2189 1212 2243 tribu
1251 2190 1278 2243 J
1286 2189 1413 2256 uda,
1447 2193 1504 2242 et
1529 2189 1588 2243 in
1618 2190 1815 2245 eadem

218 2278 527 2334 funiculum
576 2279 946 2350 possessionis
990 2279 1305 2350 percepisse
1353 2295 1546 2333 omnes
1594 2279 1812 2350 paginae

219 2367 408 2422 divinae
440 2367 857 2422 distributionis
885 2368 1208 2439 loquuntur.
1229 2368 1504 2422 Craterum
1536 2368 1683 2440 quod
1716 2367 1813 2423 Se-

218 2457 528 2528 ptuaginta,
563 2461 610 2510 et
641 2463 700 2510 tu
730 2459 1051 2520 Bethlehem,
1094 2459 1287 2511 domus
1318 2457 1582 2526 Ephrata,
1616 2455 1812 2510 dicunt

214 2547 361 2614 juxta
375 2544 589 2599 librum
614 2546 896 2599 Geneseos
917 2544 984 2598 ob
1005 2545 1296 2598 veritatem
1313 2543 1414 2609 rei,
1440 2545 1569 2615 quia
1581 2544 1706 2615 ipsa
1725 2550 1813 2598 est

217 2634 564 2699 Bethlehem,
583 2632 679 2686 ubi
695 2640 918 2687 mortua
936 2633 1264 2706 perhibetur
1282 2634 1489 2688 Rachel
1519 2639 1576 2687 et
1592 2634 1811 2705 sepulta

219 2723 269 2776 in
306 2723 394 2777 via
436 2723 708 2794 Ephrata,
760 2724 856 2795 qui
902 2729 1003 2790 est,
1050 2723 1262 2794 inquit,’
1300 2723 1647 2778 Bethlehem.
1699 2723 1810 2779 Sed

217 2811 459 2883 Ephrata
486 2812 780 2884 antiquius
799 2811 1118 2879 vocabatur,
1143 2818 1198 2867 et
1215 2818 1411 2884 postea
1437 2818 1666 2884 propter
1685 2830 1809 2885 my-

215 2902 408 2956 sticum
439 2902 832 2972 intelligentiae
851 2906 1266 2956 sacramentum
1289 2902 1811 2973 significantiusim-

215 2997 481 3046 mutatur.
506 2992 652 3045 Nam
667 2991 932 3062 Ephrata,
947 2993 1195 3060 furorem
1207 2993 1362 3058 vidit,
1380 2991 1804 3065 interpretatur.

1901 1829 2040 1898 quit,
2076 1832 2138 1882 in
2173 1832 2456 1898 laerymis,
2482 1835 2545 1887 in
2572 1835 2777 1901 gaudio
2804 1840 3037 1902 mctcnt;
3062 1844 3248 1894 euntes
3264 1843 3428 1897 ibant
3447 1846 3498 1897 ct

1896 1919 2099 1987 ﬂebant
2117 1925 2404 1989 portantes
2427 1925 2640 1976 semina
2668 1939 2770 1977 sua
2793 1925 2968 1991 (Psat.
2999 1941 3158 1995 cxxv,
3204 1929 3281 1994 6).
3335 1930 3498 1988 Flere

1897 2005 2072 2076 igitur
2098 2023 2212 2061 non
2243 2014 2424 2063 cessat
2444 2010 2550 2064 Dei
2569 2011 2814 2066 Ecclesia
2840 2013 2978 2067 dum
3019 2020 3107 2070 est
3127 2017 3186 2070 in
3228 2017 3334 2084 via,
3384 2021 3497 2078 etsi

1898 2096 2118 2166 sepulta
2145 2096 2367 2152 dicatur
2394 2116 2428 2152 a
2457 2100 2652 2154 mundi
2679 2101 2973 2167 illecebris,
2999 2105 3134 2176 quia
3149 2107 3398 2163 furorem
3417 2111 3496 2165 vi-

1897 2185 1992 2239 det
2017 2187 2243 2240 venturi
2269 2187 2478 2258 judicis
2502 2208 2514 2256 ;
2550 2190 2697 2245 unde
2709 2191 3026 2248 exclamans
3051 2194 3216 2249 dicit:
3237 2199 3488 2267 Domine,

1896 2290 1963 2328 ne
1984 2277 2046 2328 in
2072 2278 2264 2343 furore
2296 2283 2388 2331 tuo
2418 2289 2626 2346 arguas
2645 2297 2728 2334 me
2754 2283 2916 2350 (Psal.
2940 2298 3009 2348 vi,
3038 2282 3107 2352 1).
3134 2285 3280 2340 Cum
3299 2293 3492 2344 autem

1896 2363 2055 2418 dicit:
2083 2365 2189 2430 Qui
2206 2369 2485 2420 seminam
2509 2370 2570 2421 in
2593 2372 2877 2437 laerymis,
2901 2371 3095 2426 edocet
3114 2375 3264 2444 quod
3287 2393 3494 2448 expro-

1892 2452 2014 2522 prio
2039 2452 2232 2507 labore
2260 2454 2528 2525 frugifera
2541 2458 2924 2528 jurevocetur.
2949 2461 3168 2534 Quippe
3194 2464 3327 2536 quia
3348 2482 3494 2536 qum

1891 2540 2028 2594 tidie
2051 2539 2201 2596 intra
2225 2560 2438 2607 aream,
2471 2562 2638 2614 quam
2651 2546 2911 2602 Christus
2925 2549 3238 2604 ventilabro
3255 2568 3358 2607 suo
3367 2570 3493 2625 pcr-

1894 2629 2207 2696 mundabit,
2248 2633 2512 2686 universa
2556 2633 2828 2689 virtutum
2878 2653 3048 2707 opera
3092 2648 3398 2712 congregat
3433 2646 3492 2699 et

1892 2718 2161 2773 recondit.
2190 2720 2268 2774 Eo
2299 2721 2490 2792 itaque
2515 2721 2748 2776 decebat
2773 2729 2839 2777 ut
2877 2725 3136 2781 Christus
3164 2736 3490 2785 nasceretur

1891 2807 1949 2862 in
1978 2808 2098 2862 loco
2129 2809 2222 2880 qui
2249 2811 2425 2864 totius
2452 2811 2705 2866 Ecclesiae
2735 2813 2973 2882 ﬁguram
3001 2821 3268 2885 gestaret,
3313 2823 3488 2892 atque

1893 2913 1958 2950 ex
1983 2897 2210 2952 nomine
2238 2898 2522 2955 Christum
2544 2899 2684 2954 inibi
2715 2901 2926 2956 cunctis
2955 2904 3224 2974 pabulum
3253 2906 3489 2961 creden-

1891 2986 2041 3041 tibus
2061 2987 2383 3043 adfuturum
2397 2989 2690 3056 innueret;
2717 2992 2940 3061 quando
2961 2991 3187 3065 quidem
3209 2999 3365 3049 extra
3384 2994 3488 3052 Dei

214 3081 364 3144 Quod
387 3086 655 3151 patenter
676 3080 862 3134 Hcrod
872 3080 917 3134 is
937 3085 1332 3152 premonstrat
1347 3081 1651 3151 insaniam;
1678 3084 1810 3156 quia,
1826 3066 1869 3128 Ο
1892 3077 2212 3142 Ecclesiam,
2253 3094 2366 3132 non
2395 3077 2502 3132 nisi
2527 3079 2723 3134 mortis
2759 3079 2949 3134 inedia
2995 3082 3300 3138 crudeliter
3335 3084 3487 3140 fame

211 3170 337 3224 dum
367 3170 666 3224 Christum
685 3169 939 3240 quaesivit
955 3170 1252 3241 perimere,
1284 3171 1509 3226 delusus
1536 3178 1622 3226 est
1641 3191 1676 3228 a
1695 3191 1811 3228 ma-

206 3260 286 3329 gis
309 3277 320 3310 :
355 3259 512 3313 unde
533 3259 713 3312 iratus
733 3259 911 3325 valde,
936 3259 1166 3313 mittens
1181 3259 1583 3316 occiditomnes
1603 3280 1808 3333 pueros

205 3349 259 3402 in
275 3347 635 3402 Bethlehem.
653 3348 774 3412 Qua
784 3347 852 3401 de
865 3365 1031 3402 causa
1046 3355 1194 3402 recte
1211 3351 1463 3417 furorem
1485 3353 1690 3419 videns,
1711 3369 1808 3407 an-

207 3438 440 3508 tiquitus
470 3443 562 3492 est
591 3437 891 3508 appellata.
926 3437 1034 3491 Sed
1057 3439 1176 3507 jam
1207 3455 1370 3493 nemo
1399 3440 1615 3508 timeat,
1638 3459 1805 3497 nemo

201 3527 436 3592 dubitet,
471 3543 644 3580 nemo
669 3527 946 3597 desperet,
972 3528 1103 3598 quia
1124 3529 1344 3599 requies
1359 3528 1456 3582 illa
1470 3547 1636 3601 quam
1661 3549 1807 3602 qua:-

201 3616 354 3671 rebat
385 3616 590 3680 David,
625 3615 819 3670 audita
849 3623 934 3670 est
961 3617 1019 3670 in
1066 3617 1330 3688 Ephrata,
1366 3617 1592 3673 inventa
1625 3625 1707 3674 est
1745 3621 1804 3674 in

198 3707 412 3778 campis
438 3707 612 3772 silva),
654 3711 711 3760 et
755 3706 954 3760 domus
1007 3708 1259 3774 furorem
1305 3709 1494 3762 videns
1538 3709 1682 3764 facta
1720 3715 1806 3766 est

197 3797 393 3850 deum:
415 3799 608 3864 panis.
644 3794 803 3850 Unde
825 3800 889 3849 et
913 3795 1136 3862 Rachel,
1171 3797 1410 3867 ﬁguram
1449 3815 1652 3869 gerens
1700 3801 1804 3854 Ec-

198 3885 405 3950 clesiae,
440 3883 654 3939 ibidem
684 3885 904 3955 sepulta
946 3885 1171 3954 legitur,
1225 3892 1289 3939 ut
1331 3885 1393 3940 in
1441 3887 1638 3942 eodem
1683 3888 1804 3945 loco

200 3974 369 4045 plena
397 3973 630 4044 requies
659 3975 780 4044 ejus
805 3974 1076 4044 signetur,
1108 3973 1204 4028 ubi
1235 3975 1493 4031 Christus
1521 3977 1681 4049 panis
1719 3979 1802 4033 vi-

199 4081 317 4128 vus,
355 4063 453 4136 qui
484 4063 555 4117 de
577 4063 720 4117 caelo
749 4063 1053 4129 descendit,
1088 4063 1335 4134 quotidie
1375 4079 1443 4120 ex
1496 4073 1623 4122 ortu
1661 4084 1802 4123 novo

203 4153 324 4207 sine
354 4153 579 4208 defectu
601 4158 875 4208 versatur.
891 4153 1450 4224 Comprehenderunt
1469 4171 1597 4210 eum
1615 4156 1807 4229 itaque

1890 3163 2195 3236 impietatis
2225 3167 2367 3221 ﬁlios
2396 3167 2556 3238 regni
2587 3169 2756 3240 hujus
2781 3174 2986 3228 vastat.

1963 3257 2115 3309 Tunc
2142 3257 2372 3310 Herodes
2400 3261 2543 3312 clam
2562 3261 2763 3312 vocatis
2787 3266 2983 3328 magis,
3018 3261 3317 3331 diligenter
3334 3266 3482 3321 didi-

1889 3347 1962 3399 cit
1991 3347 2060 3400 ab
2097 3349 2173 3399 eis
2217 3351 2423 3415 tempus
2476 3352 2640 3403 stellae
2681 3364 2798 3420 qua:
2837 3355 3122 3420 apparuit.
3177 3355 3484 3426 Diligentia

1888 3435 1999 3488 doli
2031 3448 2116 3488 est
2134 3451 2199 3489 ac
2219 3435 2450 3502 fraudis,
2474 3437 2704 3508 cupiens
2725 3439 3034 3510 explorare,
3058 3442 3191 3512 quia
3209 3445 3392 3500 locum
3415 3463 3484 3502 ex

1887 3523 2183 3595 prophetia
2203 3525 2494 3592 didicerat,
2528 3529 2750 3598 quando
2782 3536 3127 3585 nasceretur.
3145 3523 3485 3607 Etideopol-

1887 3612 2073 3666 licitus
2103 3618 2189 3667 est
2214 3614 2465 3678 adorare,
2500 3632 2570 3669 ne
2617 3618 2912 3688 quisquam
2949 3619 3282 3690 adverteret,
3334 3623 3484 3694 quod

1887 3719 1953 3758 ex
1977 3703 2303 3774 conjectura
2323 3709 2514 3774 postea
2539 3704 2838 3776 colligitur,
2874 3708 3008 3778 quid
3045 3710 3233 3764 animo
3263 3712 3484 3767 celaba-

1885 3798 1998 3848 tur.
2033 3792 2138 3856 Qui
2160 3792 2428 3848 nimirum
2466 3793 2609 3847 clam
2637 3794 2847 3848 vocatis
2878 3796 3057 3867 magis
3087 3799 3323 3854 contulit
3352 3817 3481 3856 cum

1887 3882 1984 3948 eis,
2001 3898 2070 3936 ne
2089 3881 2231 3935 forte
2253 3879 2456 3936 Scribae
2478 3897 2542 3935 ac
2557 3881 2840 3949 Phariszei,
2869 3883 3029 3953 quasi
3052 3901 3116 3938 ex
3129 3885 3230 3939 Dei
3249 3889 3480 3942 oraculo

1886 3970 2284 4043 repromissum
2296 3971 2628 4036 occulerent,
2637 3970 2682 4025 si
2695 3970 2882 4043 aliquo
2894 3972 3320 4042 significationis
3335 3981 3479 4032 nutu

1885 4060 2368 4132 deprehenderent
2395 4076 2524 4115 eum
2544 4077 2602 4115 se
2620 4059 2760 4114 velle
2782 4061 3076 4131 perimere.
3105 4063 3300 4135 Neque
3329 4065 3482 4122 enim

1887 4150 2163 4204 mstimare
2189 4154 2426 4221 poterat,
2457 4149 2608 4221 quod
2633 4154 2828 4204 contra
2862 4149 2962 4204 Dei
3004 4152 3281 4222 promissa
3315 4160 3480 4211 tanto

204 4242 427 4296 dolores
452 4242 827 4316 Parim-mntis
853 4247 1157 4313 antequam
1178 4250 1505 4299 nasceretur
1525 4246 1800 4316 Christus,
1887 4238 2200 4295 insanirent
2227 4239 2373 4305 odio,
2405 4244 2470 4293 ut
2496 4256 2609 4294 non
2637 4239 2843 4293 vellent
2881 4239 3162 4312 suscipere
3207 4258 3338 4297 eum
3382 4240 3482 4314 qui

208 4339 262 4384 et
283 4331 414 4386 ideo
442 4334 697 4400 furorem
728 4333 915 4386 videns
935 4337 1065 4387 ante
1084 4334 1284 4388 merito
1307 4341 1682 4407 nuncupatur.
1713 4339 1806 4392 Vi-

1894 4328 2110 4383 vocibus
2135 4329 2534 4400 prophetarum
2559 4328 2785 4400 proprio
2799 4345 2862 4382 ex
2876 4345 3081 4400 genere
3091 4329 3278 4385 fuerat
3291 4349 3482 4404 reproo

209 4420 376 4476 debat
401 4420 584 4492 igitur
603 4420 875 4487 furorem,
909 4438 975 4476 eo
1007 4422 1153 4493 quod
1183 4429 1406 4495 pareret
1424 4424 1800 4496 iniquitatem,
1820 4417 1870 4445 υ
1888 4418 2116 4476 missus.
2156 4417 2316 4472 Unde
2339 4417 2479 4472 clam
2506 4417 2712 4472 vocatis
2741 4418 2942 4489 magis,
2974 4418 3250 4474 didicitab
3272 4420 3353 4474 eis
3389 4420 3481 4476 di-

212 4514 267 4562 ct
286 4511 502 4580 iugiter
539 4510 760 4565 dolores
812 4511 1144 4582 conciperet,
1175 4513 1547 4584 etinjustitias
1575 4516 1805 4572 amuen-
1885 4508 2127 4579 Iigenter
2153 4512 2376 4578 tempus
2407 4506 2600 4561 stellae.
2629 4505 2740 4562 Sed
2761 4523 2956 4560 revera
2969 4507 3102 4578 quid
3117 4508 3482 4580 deipsadidi-

212 4598 320 4654 tius
347 4601 675 4672 parturiret.
707 4599 909 4655 Nullus
931 4600 1079 4656 enim
1108 4602 1288 4672 magis
1309 4603 1469 4659 dolor
1493 4622 1662 4677 quam
1681 4624 1804 4678 pec-
1886 4598 2043 4664 cerit,
2070 4597 2312 4669 quando,
2345 4602 2403 4650 et
2430 4595 2543 4663 ubi,
2579 4595 2665 4650 vel
2697 4596 2975 4666 quomodo
2997 4596 3341 4667 apparuerit,
3363 4613 3481 4654 non

215 4688 318 4742 cati
352 4690 575 4756 vulnus,
608 4689 704 4745 ubi
732 4689 791 4744 in
830 4691 1168 4746 conscientia
1209 4689 1351 4746 nihil
1399 4699 1484 4749 est
1529 4695 1795 4760 validum,
1884 4687 2022 4742 satis
2051 4688 2225 4742 claret
2251 4686 2553 4758 responsis.
2581 4685 2650 4739 Et
2668 4685 2792 4739 ideo
2819 4685 3041 4740 aliialia
3065 4687 3358 4756 ﬁngentes,
3391 4704 3482 4743 ve.

214 4777 349 4832 nihil
379 4796 602 4845 sanum,
634 4779 732 4834 sed
765 4779 956 4835 omnia
1000 4779 1334 4836 mceroribus
1381 4781 1685 4851 abundant,
1746 4791 1802 4841 et

216 4866 548 4924 discruciant
569 4866 851 4922 infelicem
870 4868 1119 4924 animam
1145 4869 1392 4941 pondere
1419 4879 1796 4944 peccatorum.

215 4955 351 5012 Hinc
377 4975 515 5014 sane
545 4957 724 5013 David
769 4957 1126 5014 miseriarum
1172 4976 1402 5016 suarum
1455 4962 1798 5034 perhorrens

215 5047 435 5104 minem
457 5067 473 5103 :
501 5050 780 5104 Turbatus
799 5053 892 5114 est,
921 5048 1128 5120 inquit,
1146 5066 1181 5102 a
1201 5051 1396 5118 furore
1415 5056 1604 5108 oculus
1624 5071 1795 5124 meus,

213 5137 508 5192 inveteravi
523 5141 676 5193 inter
691 5154 874 5192 omnes
889 5141 1035 5193 inim
1045 5141 1147 5194 icos
1160 5156 1299 5195 nicas
1314 5140 1480 5211 (Psal.
1503 5155 1576 5210 γι,
1595 5141 1670 5214 8).
1696 5143 1800 5201 Cui

211 5225 471 5282 nimirum
510 5225 780 5284 cecitatis
817 5226 996 5284 furori
1042 5228 1223 5285 omnis
1267 5229 1594 5302 subiacebat
1643 5235 1800 5290 natio

208 5316 473 5383 gentium,
506 5318 625 5372 imo
647 5333 819 5372 omne
841 5318 1152 5373 humanum
1187 5335 1386 5390 genus,
1437 5321 1569 5392 quia
1603 5340 1800 5380 omnes

209 5420 422 5462 alamus
443 5407 544 5462 filii
560 5409 683 5462 me.
697 5407 812 5462 Sed
828 5408 1042 5478 gratias
1057 5425 1291 5481 agamus
1309 5410 1562 5481 largitori
1583 5419 1794 5482 nostro,

209 5497 352 5566 Quia,
380 5504 443 5554 ut
469 5497 610 5564 dixi,
627 5512 760 5552 ecoc
781 5497 876 5552 ubi
896 5497 1096 5578 domus
1117 5498 1367 5554 furorem
1387 5499 1624 5557 videntis
1655 5509 1795 5574 erat,

205 5582 345 5644 facta
371 5593 458 5646 est
480 5587 692 5646 domus
719 5586 920 5661 panis;
951 5587 1051 5649 ubi
1084 5587 1402 5664 crudelitas,
1451 5589 1533 5674 ibi
1577 5592 1794 5673 pietas;

1882 4776 2005 4842 lint,
2039 4777 2238 4842 nolint,
2268 4781 2450 4830 totum
2471 4775 2586 4830 Deo
2605 4773 2868 4846 possibile
2897 4774 3267 4847 reliquerunt,
3309 4776 3480 4850 quid-

1885 4864 2015 4940 quid
2034 4862 2423 4920 diflicillimum
2435 4863 2755 4919 hominibus
2769 4863 3233 4920 v‘idetur.lnterea
3247 4865 3479 4923 mittens

1880 4973 1975 5012 eos
1995 4955 2285 5010 Bethleem
2307 4954 2472 5009 dixit:
2499 4956 2574 5009 Ite
2595 4959 2643 5008 et
2664 4955 2936 5024 inquirite
2951 4956 3249 5022 diligenter
3268 4957 3333 5010 de
3343 4972 3478 5026 puc-

1881 5063 1963 5114 ro,
1981 5063 2047 5100 ac
2064 5046 2383 5099 renuntiate
2397 5042 2554 5110 mihi,
2571 5049 2632 5097 ut
2645 5049 2793 5112 ctego
2821 5049 2853 5108 ι
2865 5047 2996 5111 33
3015 5046 3235 5099 veniens
3249 5045 3476 5100 adorem

1882 5153 2025 5192 eum.
2050 5133 2293 5190 Simulat
2320 5149 2379 5188 se
2400 5148 2534 5204 ergo
2558 5131 2792 5186 adorare
2805 5148 2973 5204 quem
2992 5148 3193 5188 necare
3205 5133 3472 5205 disponit,

1881 5232 1946 5282 ut
1967 5221 2302 5298 persuadeat
2323 5221 2423 5287 eis,
2445 5222 2565 5276 sine
2581 5221 2696 5278 ulla
2715 5220 2929 5277 fraudis
2949 5222 3282 5294 suspicione,
3299 5223 3369 5278 ob
3391 5223 3478 5280 fa-

1883 5315 2029 5370 voris
2057 5313 2296 5386 gratiam
2319 5311 2423 5366 sibi
2453 5311 2792 5367 renuntiare.

1953 5407 2019 5461 Et
2040 5421 2150 5458 ecce
2163 5405 2338 5468 stella,
2371 5419 2539 5472 quam
2568 5402 2824 5456 viderant
2844 5403 2907 5456 in
2932 5403 3168 5467 Oriente,
3192 5406 3473 5461 antecede-

1882 5499 1971 5551 bat
1995 5511 2078 5548 eos
2107 5494 2273 5547 donec
2290 5494 2499 5546 veniret
2517 5506 2688 5561 supra
2710 5493 2805 5545 ubi
2815 5496 2934 5545 erat
2944 5507 3106 5561 puer.
3126 5492 3477 5552 Deseruntur

1881 5591 2073 5672 autem
2087 5581 2338 5643 δαάεεαω
2356 5579 2596 5662 ingressi,-
2615 5579 2788 5663 διευεε
2807 5578 3033 5664 indicio.
3067 5586 3137 5665 at
3175 5581 3477 5665 comestis:
