3966 6206
525 235 632 294 135

1289 235 1346 290 S.
1389 233 1770 308 PASCHASII
1809 231 2170 288 RADBERTI
2207 229 2512 286 ABBATIS
2549 229 3044 312 CORBEIENSIS.

3700 230 3796 289 136

526 365 727 418 rentur
750 376 818 416 ex
844 359 967 430 lege
997 363 1228 432 propter
1255 359 1387 414 ﬁdei
1425 361 1776 414 sacramenta
1795 355 2182 426 diligentiusA
2197 353 2256 408 in
2283 355 2584 410 virtutibus
2599 357 2800 422 vivere,
2817 361 2874 410 et
2893 355 3070 410 beatae
3085 353 3210 409 vita:
3227 359 3384 409 actus
3394 353 3604 410 habere
3615 355 3796 412 adhuc

526 451 818 523 requirere
849 449 995 504 tanti
1023 448 1170 519 regis
1199 447 1548 504 nativitatem
1572 465 1584 512 ;
1614 451 1890 516 quatenus
1931 453 1986 499 et.
2016 443 2122 515 ipsi

525 540 842 596 sacerdotes
873 555 908 593 a
929 539 1109 608 magis
1129 537 1460 608 interrogati
1482 536 1574 590 ubi
1597 535 1852 589 Christus
1871 551 2122 588 nascere-

529 633 638 694 tur,
672 629 742 683 de
771 629 1016 683 adventu
1038 629 1159 697 ejus
1189 624 1591 680 inexcusabiles
1619 629 1824 678 essent.
1875 625 1948 678 Ut
1989 624 2121 694 quia

524 719 780 790 socordia
819 715 1238 790 premebantur,
1291 731 1362 768 ne
1407 714 1811 784 prophetarum
1857 712 2121 766 vaticinia

525 807 898 870 intenderent,
934 823 968 859 a
989 803 1250 875 gentibus
1275 802 1608 874 prazmoniti,
1639 803 1836 856 saltem
1869 801 2120 856 debitum

525 895 791 967 exemplis
821 893 1040 948 invitati
1070 891 1444 946 venerationis
1465 890 1795 962 obsequium
1842 890 2119 944 credendo

522 984 927 1056 impenderent,
961 981 1057 1052 qui
1087 980 1254 1052 primi
1279 998 1344 1034 ex
1371 979 1630 1034 vaticinio
1669 979 1738 1034 ad
1769 979 2118 1034 adorandum

525 1073 766 1126 velocius
792 1071 982 1125 venire
1027 1071 1356 1124 debuerant.
1411 1071 1790 1123 Provocantur
1843 1068 1993 1122 enim
2048 1068 2118 1122 ad

521 1165 709 1229 ﬁdem,
741 1164 888 1218 sicut
915 1163 1190 1234 scriptum
1219 1168 1322 1227 est,
1355 1162 1415 1216 in
1458 1162 1539 1216 eis
1578 1162 1674 1232 qui
1705 1177 1818 1215 non
1852 1167 2014 1216 erant
2050 1178 2116 1215 ex

518 1254 726 1326 populo
757 1253 878 1318 Dei,
911 1258 970 1306 et
997 1252 1295 1306 irritantur
1315 1251 1488 1305 stulta
1513 1250 1570 1304 in
1597 1257 1765 1321 gente
1793 1249 1862 1304 ad
1885 1250 2115 1304 aemula-

519 1343 731 1397 tionem
758 1347 822 1396 ut
851 1359 916 1396 ex
946 1347 1186 1412 utroque
1209 1339 1447 1394 convicti
1473 1339 1875 1393 inexcusabiles
1904 1344 2111 1394 essent.

521 1431 631 1492 Sed
659 1431 786 1502 ipsi,
815 1436 1084 1501 tanquam
1113 1428 1282 1484 Jacob
1311 1429 1454 1484 ﬁlios
1491 1428 1846 1493 benedicens,
1903 1427 2115 1482 obfusis

519 1520 767 1574 caecitate
779 1519 953 1574 oculis
969 1517 1305 1589 caligabunt,
1320 1517 1452 1588 quia
1464 1522 1796 1588 praesentem
1809 1517 1987 1570 lucem
2002 1533 2115 1570 non

519 1607 906 1678 intuebantur,
929 1609 1091 1678 cujus
1114 1607 1286 1662 etiam
1311 1607 1491 1660 locum
1530 1605 1842 1660 nativitatis
1869 1622 1936 1659 ex
1983 1623 2115 1676 pro-

2205 445 2263 498 in
2292 445 2454 500 istius
2506 447 2753 518 corporis
2783 447 2896 500 vita
2912 441 2942 498 ?'
2992 445 3150 500 Sicut
3185 462 3215 499 e
3263 446 3564 514 contrario,
3616 453 3797 502 morte

2203 535 2367 600 mori,
2399 535 2534 606 quid
2565 542 2650 589 est
2673 535 2845 602 aliud,
2879 551 3047 606 quam
3093 551 3195 606 pro
3245 533 3392 589 vitiis
3449 541 3505 589 et
3554 537 3798 606 peccatis

2204 629 2384 678 morte
2411 624 2640 694 puniri?
2670 626 2745 679 Ut
2772 625 2866 678 ille
2897 624 2991 694 qui
3016 641 3179 696 posse
3225 623 3486 690 habebat,
3519 625 3567 678 si
3611 626 3795 690 vellet,

2202 702 2314 766 non
2333 714 2514 766 solum
2547 729 2656 768 non
2685 713 2847 780 mori,
2875 730 3070 767 verum
3095 713 3265 767 etiam
3295 713 3604 768 obediendo
3627 731 3801 786 quan-

2201 801 2384 872 doque
2403 819 2504 874 per
2522 803 2699 857 Deum
2723 802 3058 856 immortalis
3087 801 3314 869 haberi;
3340 803 3503 856 ﬁeret
3523 803 3582 856 in
3612 821 3803 874 pecca-

2199 890 2274 944 tis
2302 891 2589 945 moriendo
2615 891 2888 956 mortalis,
2914 896 2985 956 et,
3018 891 3066 945 si
3094 908 3207 945 non
3237 891 3630 959 redimeretur,
3650 893 3802 946 dein-

2201 997 2348 1050 ceps,
2381 987 2508 1052 post
2527 986 2765 1034 mortem
2787 980 2991 1045 carnis,
3016 979 3086 1034 ob
3108 985 3342 1035 mortem
3365 981 3570 1036 animm
3591 987 3803 1038 mterna

2201 1074 2380 1122 morte
2408 1069 2673 1124 victurus.
2705 1069 2840 1123 llinc
2867 1069 3044 1140 igitur
3065 1069 3310 1140 profecto
3326 1074 3498 1141 patet,
3523 1071 3801 1126 indivinis

2196 1157 2401 1212 litteris
2439 1157 2581 1212 nihil
2609 1175 3036 1230 supervacuum,
3079 1159 3197 1225 sed,
3246 1159 3392 1212 mira
3437 1159 3800 1216 distinctione

2196 1246 2512 1312 verborum,
2545 1253 2677 1302 sunt
2705 1248 2895 1302 omnia
2913 1247 3194 1320 mysteriis
3219 1247 3440 1314 referta,
3476 1255 3533 1302 et
3553 1249 3800 1304 mirabili

2197 1335 2396 1390 decore
2421 1336 2678 1390 sensibus
2727 1337 2962 1390 variata.
3011 1337 3169 1391 Unde
3217 1335 3416 1391 beatus
3453 1339 3801 1408 evangelista

2197 1425 2386 1479 volens
2417 1425 2556 1479 illud
2582 1425 2811 1480 unicum
2837 1430 2894 1480 et
2919 1424 3251 1479 admirabile
3275 1426 3545 1496 gaudium
3569 1428 3801 1482 creden-

2196 1513 2348 1568 tibus
2376 1513 2630 1580 innuere,
2663 1514 2934 1585 praemisit
2961 1531 3156 1568 eorum
3191 1515 3471 1586 gaudendi
3523 1518 3800 1586 magiste-

2197 1603 2363 1669 rium,
2393 1603 2730 1674 lzetandique
2749 1620 2974 1671 munus,
2999 1604 3108 1658 ﬁde
3129 1621 3255 1658 cum
3269 1604 3456 1674 gratia
3474 1604 3800 1660 desideran-

517 1673 710 1769 phetia
751 1697 922 1751 veluti
975 1673 1150 1766 digito
1199 1695 1364 1765 longe
1421 1695 1587 1766 positi
1629 1673 2108 1748 demonstrabant.
2133 1697 2284 1767 Bter
2313 1673 2689 1764 quaerentibus
2718 1693 2775 1748 in
2799 1693 2964 1748 corde
2995 1694 3212 1748 coalitus
3249 1673 3543 1752 diffusum.
3580 1694 3658 1750 Et
3689 1713 3801 1751 non

516 1786 698 1850 Aliter
724 1791 934 1851 autem,
964 1786 1302 1840 deseruntur
1333 1785 1484 1854 magi
1513 1783 1700 1837 divino
1716 1784 1930 1837 viantes
1965 1783 2115 1838 auxi-

516 1874 593 1929 lio
618 1875 754 1929 dum
782 1873 1079 1951 requirunt
1099 1874 1408 1928 humanum
1433 1891 1444 1925 :
1478 1878 1542 1926 ut
1569 1889 1634 1926 ex
1663 1873 1766 1926 hoc
1794 1877 1987 1944 pateat
2011 1888 2113 1926 nos

515 1981 631 2021 non
660 1964 882 2030 debere,
911 1981 1050 2034 quos
1074 1963 1213 2017 ﬁdes
1239 1967 1297 2016 et
1352 1961 1558 2016 Christi
1603 1962 1789 2032 gratia
1844 1962 2106 2028 illustrat,

514 2053 828 2114 humanum
858 2053 1112 2116 docendi,
1137 2050 1438 2106 dubietatis
1463 2051 1974 2121 animo,requirere
2002 2049 2113 2104 suf-

514 2142 780 2220 fragium.
804 2143 999 2212 Neque
1011 2141 1160 2195 enim
1177 2139 1449 2194 debuerat
1468 2141 1691 2210 signum
1707 2139 1964 2193 miraculi
1989 2156 2109 2192 ma-

513 2232 602 2302 gis
630 2237 899 2301 tanquam
931 2230 1250 2284 inﬁdelibus
1271 2228 1809 2294 ostensum,.eisdem
1839 2245 2110 2300 apparere

512 2319 655 2390 legis
683 2319 1022 2384 doctoribus,
1055 2335 1194 2388 quos
1222 2318 1623 2390 prophetarum
1662 2317 1902 2388 eloquia,
1935 2323 1992 2370 et
2017 2333 2112 2388 pa-

513 2407 890 2472 triarcharum
921 2407 1208 2478 praesagia,
1241 2412 1412 2476 atque
1454 2407 1762 2476 ﬁgurarum
1791 2405 2108 2476 aenigmata,

513 2497 668 2562 velut
688 2496 1039 2563 domesticos,
1067 2513 1181 2550 non
1205 2495 1372 2550 modo
1401 2495 1471 2549 ad
1499 2495 1684 2561 ﬁdem,
1717 2511 1910 2548 verum
1940 2494 2110 2548 etiam

513 2587 588 2640 ad
619 2585 914 2640 scientiam
935 2585 1338 2656 promissorum
1357 2583 1664 2654 plurimum
1681 2583 2108 2654 praestruebant.

519 2676 674 2731 Unde
701 2675 1012 2729 timendum
1042 2679 1128 2728 est
1155 2674 1225 2727 de
1265 2674 1351 2727 his
1407 2690 1529 2744 qua:
1572 2673 1630 2726 in
1669 2671 1870 2726 divinis
1908 2672 2110 2726 litteris

513 2763 812 2830 habentur,
845 2763 893 2817 si
922 2779 1082 2816 mens
1109 2762 1254 2816 male
1293 2762 1494 2816 devota
1539 2760 1831 2825 exstiterit,
1874 2759 2110 2814 inﬁdeli-

511 2852 647 2912 tatis
665 2853 812 2906 nodo
865 2852 1171 2917 incredula,
1224 2855 1325 2904 aut
1361 2849 1804 2920 subterfugiendi
1853 2849 2108 2904 examine

510 2941 766 3008 subdola,
798 2958 869 2995 ne
897 2957 1147 3012 unquam
1168 2939 1298 2994 ullis
1321 2939 1608 3008 signorum
1633 2937 1902 3008 prodigiis
1927 2938 2110 2992 valeat

511 3028 757 3095 invitari.
794 3029 936 3092 Quia
947 3029 994 3083 si
1009 3030 1241 3099 Moysen
1258 3033 1315 3081 et
1333 3027 1634 3098 prOphetas
1660 3043 1772 3080 non
1801 3026 2102 3094 audierint,

512 3134 694 3188 neque
717 3118 765 3172 si
788 3117 912 3188 quis
935 3135 1000 3172 ex
1021 3117 1260 3170 mortuis
1278 3115 1662 3180 resurrexerit,
1683 3115 1929 3168 credent.
1954 3115 2104 3185 Magi

509 3213 702 3265 autem
731 3207 958 3260 tandem
983 3205 1284 3260 comitante
1309 3205 1472 3258 stella
1502 3205 1887 3276 pervenientes
1915 3205 1987 3260 ad
2019 3207 2102 3260 lo-

509 3313 660 3361 cum,
684 3301 852 3366 atque
873 3295 1178 3348 famulante
1191 3295 1449 3365 desuper,
1475 3295 1569 3349 ubi
1579 3300 1702 3349 erat
1721 3313 1878 3366 puer,
1896 3295 2099 3364 sidere,

508 3385 578 3443 ad
603 3401 769 3455 quem
794 3400 888 3438 eos
907 3400 974 3437 ex
989 3383 1218 3438 Oriente
1244 3383 1598 3454 perduxerat.

580 3473 766 3528 Gavisi
795 3475 928 3525 sunt
973 3472 1176 3538 gaudio
1227 3486 1430 3537 magno
1485 3473 1660 3528 valde.
1713 3471 1859 3526 Usus
1911 3473 2102 3544 itaque

507 3560 923 3632 Scripturarum
950 3575 1188 3630 puerum
1219 3576 1347 3612 eum
1389 3559 1514 3613 ideo
1545 3560 1872 3631 frequenter
1916 3563 2098 3616 nomi-

503 3667 641 3714 nare
671 3649 909 3716 videtur,
939 3654 998 3703 ut
1028 3665 1157 3703 eum
1185 3665 1550 3718 recognoscas
1579 3649 1646 3703 de
1678 3667 1787 3721 quo
1827 3651 2101 3722 propheta

501 3739 686 3794 canit:
721 3741 866 3794 Puer
893 3743 1058 3792 natus
1077 3743 1152 3792 est
1187 3740 1358 3800 nobis,
1390 3743 1438 3792 et
1467 3741 1618 3806 fil-ius
1647 3741 1810 3792 datus
1838 3745 1912 3794 est
1943 3743 2096 3795 nobis

503 3831 625 3900 (Isa.
659 3843 736 3897 Ix,
759 3827 836 3898 6).
863 3829 974 3884 Sed
999 3827 1046 3882 si
1073 3827 1132 3899 in
1161 3826 1574 3882 litterisdivinis
1591 3827 1728 3881 nihil
1747 3829 2097 3898 superﬂuum

505 3923 688 3991 ‘34
720 3935 842 3973 esse
872 3918 1138 3984 creditur,
1175 3933 1357 3988 neque
1381 3933 1529 3970 unus
1558 3933 1699 3987 apex
1730 3917 1812 3970 vel
1843 3917 1958 3970 iota
2005 3934 2097 3970 va-

498 4012 638 4060 cata
659 4007 944 4077 mysterio,
967 4011 1150 4059 textus
1171 4005 1262 4058 hic
1292 4005 1706 4074 Scripturarum
1729 4005 2096 4074 quaestionem

497 4093 719 4158 videtur
745 4095 978 4147 afferre:
1013 4109 1141 4146 cum
1171 4108 1335 4145 nemo
1363 4091 1472 4144 nisi
1507 4092 1716 4162 gaudio
1748 4093 1926 4163 possit
1951 4110 2094 4162 gau-

497 4182 651 4246 dere,
681 4181 826 4235 sicut
854 4198 956 4235 nec
985 4181 1094 4234 nisi
1147 4179 1260 4232 vita
1313 4179 1516 4248 vivere,
1576 4187 1634 4234 et
1681 4187 1860 4236 moxte
1911 4183 2089 4251 mori;

496 4269 809 4341 praisertim
827 4286 954 4324 cum
984 4285 1116 4334 non,
1139 4269 1345 4336 gaudio
1373 4271 1554 4334 gavisi
1580 4275 1729 4335 sunt,
1764 4270 2095 4341 simpliciter

2195 1781 2377 1836 solum
2405 1781 2612 1852 gaudio
2651 1782 2890 1852 gavisos,
2933 1783 3029 1836 sed
3080 1799 3285 1852 magno
3323 1783 3520 1854 utique
3564 1785 3797 1855 gaudio,

2195 1887 2304 1942 quo
2327 1871 2544 1924 nullum
2575 1876 2660 1925 est
2687 1872 2868 1940 majus
2891 1889 2903 1938 ;
2937 1876 3106 1941 atque
3133 1871 3193 1925 in
3219 1871 3338 1942 ipso
3361 1888 3566 1942 magno
3587 1873 3799 1943 gaudio

2196 1975 2290 2012 eos
2311 1960 2469 2014 valde
2489 1959 2728 2029 gavisos.
2754 1959 2899 2024 Quia
2923 1965 3106 2030 potest
3132 1958 3188 2014 in
3212 1977 3324 2014 uno
3343 1961 3659 2032 eodemque
3683 1979 3800 2016 ma-

2191 2065 2304 2118 gno
2331 2048 2556 2119 gaudio,
2579 2049 2724 2102 alius
2744 2048 2888 2120 plus,
2921 2049 3065 2102 alius
3094 2049 3280 2104 minus
3307 2049 3576 2120 gaudere.
3616 2051 3797 2106 Porro

2192 2137 2286 2190 isti
2305 2155 2542 2208 quorum
2567 2137 2752 2208 specie
2771 2155 2948 2208 genus
2962 2137 3401 2209 prazsagiebatur
3419 2139 3796 2206 credentium,

2189 2227 2368 2296 gavisi
2407 2233 2540 2280 sunt
2567 2245 2633 2281 ex
2663 2227 2756 2280 illo
2787 2244 2990 2298 magno
3019 2227 3226 2298 gaudio
3255 2227 3434 2292 valde,
3472 2229 3608 2300 quia
3654 2231 3797 2284 certi

2192 2313 2321 2367 facti
2353 2321 2486 2368 sunt
2516 2315 2585 2369 de
2617 2314 2869 2380 obtentu,
2899 2317 3090 2370 fideles
3111 2316 3180 2370 de
3209 2322 3502 2387 proventu,
3531 2317 3802 2374 devotiex

2195 2404 2414 2468 alfectu,
2450 2404 2712 2458 ardentes
2739 2404 2976 2458 interius
3004 2405 3072 2458 de
3111 2404 3406 2475 inspiratu.
3443 2405 3554 2460 Sed
3584 2411 3645 2460 et
3673 2425 3799 2462 ma-

2191 2510 2367 2564 gnum
2395 2493 2667 2564 gaudium
2688 2493 2798 2546 dici
2816 2498 3018 2564 potest,
3037 2492 3106 2547 ob
3120 2493 3535 2548 distinctionem
3557 2496 3800 2552 alterius

2191 2581 2382 2652 gaudii
2407 2601 2417 2634 :
2453 2581 2584 2652 quia
2611 2587 2698 2636 est
2716 2588 2774 2636 et
2799 2582 3058 2636 inﬁmum
3089 2583 3379 2653 gaudium,
3407 2599 3518 2654 quo
3565 2586 3799 2656 proprie

2192 2671 2372 2740 magis
2396 2671 2602 2741 gestire
2619 2670 2874 2736 dicimur,
2900 2671 3004 2726 etsi
3025 2687 3091 2724 eo
3104 2671 3347 2737 abusive,
3373 2682 3524 2727 recte
3541 2673 3800 2744 gaudere

2191 2759 2430 2813 dicatur.
2463 2759 2622 2814 Unde
2651 2777 2752 2830 per
2781 2760 3156 2826 Salomonem,
3191 2761 3496 2815 secundum
3547 2763 3800 2834 Septua-

2189 2847 2374 2918 ginta:
2399 2851 2683 2902 Lartantur
2715 2857 2748 2914 |
2767 2854 2893 2917 35
2911 2866 3036 2904 cum
3059 2853 3202 2904 male
3213 2851 3530 2917 fererint,'et
3544 2855 3800 2920 gaudent

2191 2939 2254 2990 in
2285 2939 2442 2990 rebus
2452 2941 2704 3006 pessimis
2727 2939 2901 3006 (Prov.
2919 2953 2980 3005 II,
3013 2937 3118 3004 14).
3135 2939 3234 2992 Est
3251 2939 3441 3010 itaque
3463 2945 3522 2995 et
3537 2941 3802 2997 medium

2123 3020 2166 3080 C
2188 3025 2332 3090 vita),
2361 3026 2580 3098 quoties
2604 3027 2673 3080 de
2695 3025 2856 3080 bonis
2870 3027 3092 3081 Domini
3113 3028 3520 3099 temporalibus
3536 3031 3800 3100 gaudere

2187 3115 2426 3186 populus
2455 3115 2819 3186 perhibetur:
2854 3115 3140 3187 quoniam,
3174 3117 3220 3171 si
3257 3117 3327 3171 ad
3383 3119 3580 3172 eadem
3641 3119 3800 3176 bona

2185 3203 2448 3270 refertur,
2485 3203 2746 3259 inﬁmum
2777 3221 2898 3259 esse
2923 3205 3303 3274 convincitur;
3337 3207 3426 3261 sin
3481 3215 3678 3263 autem
3723 3211 3799 3266 ad

2183 3293 2363 3347 Deum
2396 3293 2491 3363 qui
2521 3293 2675 3346 dedit
2702 3293 2818 3361 illa,
2847 3294 3047 3348 saltem
3082 3295 3293 3366 aliquid
3339 3312 3462 3351 esse
3490 3301 3798 3368 cognosci-

2181 3387 2296 3446 tur,
2329 3382 2550 3454 quando
2567 3400 2668 3454 per
2681 3400 2746 3437 ea
2771 3384 3088 3452 gaudendo,
3119 3385 3342 3439 animus
3371 3385 3441 3440 ad
3467 3386 3612 3442 illud
3630 3405 3794 3444 sum-

2183 3489 2340 3526 mum
2371 3478 2428 3526 et
2451 3471 2906 3527 incommutabile
2936 3473 3164 3540 bonum,
3197 3473 3242 3528 si
3273 3491 3386 3529 non
3401 3491 3502 3546 per
3521 3493 3582 3530 se
3598 3478 3794 3533 colen-

2183 3561 2336 3628 dum,
2363 3579 2588 3616 sursum
2601 3562 2855 3632 erigitur.
2887 3563 3153 3633 Magnum
3184 3581 3312 3618 vero
3334 3565 3607 3634 gaudium
3632 3577 3796 3624 recte

2181 3666 2293 3704 non
2321 3650 2492 3706 aliubi
2517 3669 2685 3722 quam
2703 3651 2762 3705 in
2773 3653 2953 3706 Deum
2965 3658 3195 3724 propter
3217 3653 3463 3724 seipsum
3479 3655 3792 3726 accipitur.

2177 3739 2258 3793 De
2280 3756 2390 3810 quo
2407 3740 2540 3810 quia
2559 3740 2820 3811 primitiae
2838 3741 3092 3811 gentium
3115 3746 3277 3796 erant
3296 3742 3352 3796 hi
3375 3743 3546 3813 magi,
3563 3747 3798 3815 perfusi

2177 3827 2388 3882 visione
2418 3828 2773 3894 humilitatis,
2807 3835 3065 3900 suscepta
3092 3831 3202 3884 ﬁde
3233 3831 3415 3886 devoti
3435 3833 3618 3887 Deum
3651 3836 3799 3890 ado-

2177 3922 2460 3984 raverunt,
2495 3922 2552 3971 et
2579 3918 2827 3989 religiosi
2853 3936 2954 3990 pro
2978 3924 3105 3973 voto
3127 3919 3372 3974 ﬁdeliter
3389 3921 3632 3977 Domino
3653 3941 3795 3980 mu-

2177 4021 2315 4060 nera
2345 4005 2686 4061 obtulerunt.
2722 4008 2838 4062 Hoc
2855 4007 3030 4078 igitur
3055 4009 3262 4078 gaudio
3277 4009 3475 4064 beatus
3504 4011 3789 4083 Joannes,

2177 4094 2394 4150 amicus
2419 4097 2627 4166 sponsi,
2660 4096 2908 4167 gaudere
2956 4112 3016 4150 se
3052 4097 3326 4170 perhibet.
3369 4099 3510 4165 Stat,
3563 4099 3787 4173 inquit,

2175 4187 2411 4250 amicus,
2436 4191 2484 4239 et
2512 4188 2716 4254 gaudio
2743 4188 2942 4254 gaudet
2965 4195 3191 4256 propter
3207 4203 3382 4242 vocem
3402 4193 3608 4257 sponsi,
3640 4195 3795 4260 quia

2175 4276 2391 4328 amicus
2422 4278 2536 4343 ejus
2567 4279 2644 4328 est
2670 4275 2855 4344 (Joan.
2880 4289 2962 4341 III,
2985 4273 3092 4342 29).
3129 4277 3215 4330 Ita
3250 4276 3528 4347 siquidem
3569 4283 3629 4332 et
3685 4280 3797 4336 isti

497 4338 819 4424 annotatur,
853 4358 949 4412 sed
983 4357 1153 4412 etiam
1199 4373 1404 4427 magno
1461 4356 1621 4410 valde
1665 4338 2091 4428 superadditum
2111 4338 2286 4415 Dlide
2309 4338 2599 4432 justiﬁcati
2627 4338 2834 4432 gaudio
2861 4338 3112 4433 gaudent
3135 4338 3357 4434 magno,
3393 4371 3626 4436 propter
3647 4369 3798 4425 cha-

496 4447 838 4503 cumulatur.
866 4449 1010 4502 Nam
1031 4446 1272 4517 legimus
1293 4447 1351 4500 in
1373 4445 1576 4500 Genesi
1595 4446 1666 4500 ad
1685 4447 1864 4501 Adam
1887 4447 2093 4504 dixisse

494 4537 797 4594 Dominum
822 4557 832 4591 :
868 4539 936 4592 In
965 4553 1290 4606 quacunque
1317 4537 1403 4590 die
1425 4537 1718 4590 comederis
1738 4538 1801 4590 de
1834 4539 1986 4606 tigno
2010 4540 2093 4593 di-

493 4629 816 4696 gnoscentia:
847 4628 974 4680 boni
1002 4643 1066 4680 ac
1098 4627 1262 4692 mali,
1306 4629 1480 4679 morte
1527 4627 1785 4679 morieris
1821 4625 1972 4694 (Gen.
2025 4641 2086 4694 II,

490 4715 607 4785 17).
641 4715 710 4769 Et
733 4731 835 4786 per
883 4715 1259 4768 Ezechielem:
1293 4715 1524 4783 Impius,
1571 4713 1773 4785 inquit,
1830 4718 1881 4768 si
1921 4719 2090 4784 egerit

485 4805 870 4877 panitentiam
897 4805 966 4858 ab
990 4805 1244 4857 omnibus
1267 4805 1498 4871 peccatis
1524 4806 1641 4856 suis
1683 4820 1802 4874 quae
1831 4810 2086 4873 operatus

493 4897 588 4960 est,
619 4897 668 4946 et
688 4893 877 4960 fecerit
886 4893 1172 4960 judicium
1193 4897 1242 4946 et
1261 4894 1570 4960 justitiam,
1595 4895 1709 4946 vita
1728 4895 1884 4958 viret,
1907 4899 1956 4948 et
1975 4911 2086 4950 non

490 4984 764 5037 morietur
785 4981 998 5049 (Ezech.
1016 4994 1172 5041 xvm,
1187 4977 1296 5050 28).
1317 4978 1622 5052 Nunquam
1641 4980 1831 5053 itaque
1851 4982 2086 5038 dixerim

491 5069 818 5141 hujusmodi
847 5068 1156 5123 locutiones
1179 5067 1596 5139 Scripturarum
1629 5076 1948 5126 sanctarum
1987 5090 2083 5126 su-

489 5175 794 5232 pervacuas
819 5175 961 5213 esse.
995 5158 1158 5224 Quia,
1193 5157 1338 5211 sicut
1375 5159 1541 5212 morti
1562 5176 1731 5230 quam
1761 5178 1906 5231 saepe
1945 5160 2084 5214 vivi-

488 5257 604 5318 tur,
637 5253 695 5302 et
722 5249 866 5316 vitae,
897 5252 964 5302 ut
1005 5263 1142 5302 usus
1185 5247 1599 5317 Scripturarum
1639 5249 1930 5320 approbat,
1978 5250 2086 5304 fre-

489 5345 728 5412 quenter
755 5337 996 5392 molitur
1018 5354 1031 5403 ;
1055 5335 1134 5390 sic
1161 5341 1217 5389 et
1244 5335 1450 5404 gaudio
1480 5337 1722 5408 profecto
1749 5339 1960 5408 gaudet
1986 5339 2084 5393 ali-

489 5427 635 5500 quis,
668 5425 891 5499 quando
914 5430 1144 5497 propter
1171 5423 1351 5478 Deum
1381 5425 1528 5494 quod
1577 5431 1662 5480 est
1705 5444 1901 5482 verum
1938 5444 2082 5498 gau-

487 5516 665 5596 dium,
693 5513 924 5588 gaudet.
954 5514 1100 5574 Nam
1122 5512 1236 5594 vita
1263 5512 1446 5568 vivere
1465 5515 1600 5586 quid
1620 5521 1705 5572 est
1731 5517 1884 5574 aliud
1912 5534 2081 5589 quam

2175 4451 2360 4505 ritatis
2389 4451 2647 4505 ardorem
2673 4451 2784 4506 laeti
2811 4453 3140 4522 gaudentes,
3173 4453 3306 4524 quia
3325 4453 3394 4508 de
3437 4453 3691 4521 inimicis
3726 4474 3796 4514 se

2175 4542 2419 4611 profecto
2448 4540 2658 4594 amicos
2683 4557 2784 4612 per
2809 4541 3318 4596 reconciliationem
3362 4543 3536 4598 factos
3563 4545 3798 4602 intelli-

2172 4635 2332 4698 gunt.
2347 4629 2505 4684 Unde
2528 4629 2793 4684 nimirum
2805 4630 2922 4685 suis
2933 4631 3143 4702 apertis
3163 4632 3446 4688 thesauris
3466 4633 3518 4688 ei
3533 4650 3798 4692 munera

2171 4717 2457 4783 obtulisse,
2493 4724 2549 4772 et
2587 4718 2936 4790 procidentes
2982 4720 3209 4774 devotos
3257 4719 3575 4776 adoravisse
3629 4725 3798 4782 Scri-

2169 4811 2337 4878 ptura
2355 4811 2612 4862 testatur.
2639 4809 2760 4872 Quo
2771 4807 2934 4874 facto,
2960 4825 3228 4880 magnum
3248 4811 3538 4881 religionis
3560 4819 3795 4872 nostrae

2168 4901 2582 4950 sacramentum
2627 4897 2896 4970 aperitur,
2930 4903 2994 4952 ut
3045 4899 3156 4952 ﬁde
3203 4898 3408 4970 praevia
3463 4900 3793 4960 thesauros

2167 4990 2387 5040 nostros
2409 4985 2470 5040 in
2497 4986 2588 5040 via
2617 4986 2848 5042 minime
2875 4987 3208 5058 pandamus,
3235 4989 3412 5043 donec
3437 4993 3796 5062 transpositi

2166 5073 2526 5130 inimicorum
2551 5077 2802 5139 insidias,
2825 5078 3010 5148 gratia
3039 5077 3374 5144 illustrante,
3393 5079 3497 5134 soli
3523 5079 3794 5140 Domino

2165 5164 2368 5230 devoti,
2397 5181 2461 5219 ex
2491 5166 2792 5220 reconditis
2821 5173 3166 5222 secretorum
3198 5167 3450 5222 cordium
3477 5169 3793 5230 thesauris

2165 5268 2401 5308 munera
2429 5254 2748 5310 offeramus.
2775 5255 2856 5310 De
2885 5271 2994 5327 quo
3024 5255 3293 5311 nimirum
3335 5255 3468 5311 alibi
3495 5257 3792 5316 thesauro

2165 5347 2314 5396 recte
2339 5343 2544 5397 dicitur
2575 5361 2587 5396 :
2626 5346 2934 5399 Thesaurus
2962 5347 3339 5401 desiderabilis
3379 5350 3676 5416 requiescit
3712 5355 3744 5406 εἰ
3748 5369 3796 5407 η

2163 5445 2254 5485 ore
2280 5435 2562 5500 sapientis.
2593 5433 2752 5488 Unde
2784 5433 2914 5505 quia
2926 5433 3185 5489 Ezechias
3215 5433 3439 5490 incaute
3464 5436 3793 5496 thesauros

2163 5534 2294 5606 suos
2323 5521 2654 5593 alienigenis
2682 5523 2971 5580 universos
2999 5523 3266 5596 prodidit,
3297 5523 3489 5580 divina
3505 5527 3794 5598 percelli-
