3966 6206
280 268 368 325 137

1069 265 1449 324 EXPOSITIO
1486 266 1566 323 IN
1601 264 2047 327 MA'I'I‘HEUM.
2088 299 2153 315 -
2194 269 2334 328 LIB.
2372 269 2446 339 ΙΙ,
2486 268 2647 333 CAP.
2688 270 2761 327 II.

3410 274 3513 335 138

280 398 358 446 tur
374 388 655 455 sententia,
688 395 759 453 et,
774 392 931 463 justo
969 390 1069 445 Dei
1104 391 1318 462 judicio
1356 391 1416 446 in
1444 392 1682 463 posteris
1712 393 2219 468 con-Aantequam
2269 395 2666 464 deliberarent,
2714 411 3048 468 responsum
3094 403 3181 455 est
3240 401 3343 457 eis.
3402 402 3513 459 Ubi

278 480 558 535 damnatur.
583 479 851 534 Veterum
877 480 1027 534 enim
1054 480 1286 535 traditio
1314 486 1402 536 est
1423 481 1572 552 quod
1600 481 1835 537 Partho-

275 584 383 623 rum
408 584 468 622 ac
492 568 792 624 Persarum
818 585 979 640 reges
1006 569 1193 625 nullus
1222 568 1343 624 sine
1386 569 1713 625 muneribus
1737 587 1833 625 va-

274 673 391 712 cuus
416 655 694 712 adorabat.
726 657 939 712 Idcirco
978 658 1115 714 istos
1156 658 1317 714 aiunt
1345 658 1627 714 vicinitate
1655 659 1835 715 conci-

271 745 402 802 vium
421 751 665 801 assuetos
700 762 939 802 munera
965 746 1253 802 obtulisse.
1300 747 1409 803 Sed
1438 764 1540 803 nos
1560 748 1747 803 divina
1769 766 1835 803 ex

270 834 606 906 inspiratione
640 836 826 905 magis
861 836 1074 891 factum
1110 837 1436 903 astruimus,
1468 841 1534 891 ut
1564 836 1624 892 in
1652 838 1835 909 specie

269 923 420 979 totius
454 923 675 995 generis
720 924 944 980 caeleste
983 924 1259 996 refulgeat
1292 926 1702 997 magisterium,
1734 944 1835 998 pro

270 1029 365 1083 quo
390 1012 674 1083 signanter
702 1013 817 1068 tria
854 1013 1123 1069 obtulisse
1162 1014 1311 1070 dona
1339 1021 1630 1070 narratum
1654 1016 1837 1071 credi-

269 1117 394 1156 mus.

326 1192 531 1245 Aurum
576 1192 842 1257 videlicet,
872 1193 996 1248 thus
1036 1198 1084 1247 et
1132 1193 1447 1261 myrrham.
1485 1194 1589 1248 Per
1632 1210 1834 1250 aurum

267 1278 466 1350 quippe,
491 1279 640 1349 quod
657 1280 897 1335 maxime
916 1297 1113 1352 regum
1136 1286 1221 1337 est
1249 1287 1664 1349 ornamentum,
1686 1282 1834 1354 regis

266 1368 483 1438 insignia
501 1368 851 1425 declarantes
877 1388 889 1423 :
919 1387 1021 1442 per
1044 1371 1177 1425 thus
1204 1388 1354 1439 vero,
1377 1372 1511 1443 quia
1538 1372 1598 1427 in
1621 1373 1837 1426 sacriﬁ-

264 1456 348 1513 ciis
381 1457 690 1528 antiquitus
733 1458 1067 1529 ponebatur,
1104 1477 1235 1515 eum
1266 1466 1613 1527 venerantes,
1655 1461 1837 1515 Deum

263 1546 553 1616 intelligere
584 1546 912 1602 fatebantur
940 1566 952 1601 :
987 1565 1086 1620 per
1111 1549 1422 1620 myrrham,
1452 1566 1565 1621 qua
1592 1555 1839 1604 mortuo-

1915 501 2112 542 eorum
2149 485 2338 541 sobria
2375 485 2635 557 signatur
2679 485 3070 542 sollicitudinis
3114 505 3268 558 cura,
3313 496 3372 546 et
3408 508 3514 547 no-

1914 571 2000 629 bis
2047 574 2332 630 evidenter
2366 573 2624 629 innuitur
2670 574 2820 645 quod
2849 575 3000 631 Deus
3049 592 3273 649 semper
3303 578 3513 650 ubique

1914 678 2160 733 praesens
2210 662 2370 718 adest
2414 662 2570 718 cordi
2617 668 2830 718 nostro.
2868 664 3292 731 Verumtamen,
3336 670 3515 735 1811

1916 750 2051 822 quia
2075 751 2221 807 sicut
2247 752 2468 824 Moyses
2497 750 2639 806 nihil
2670 751 2859 809 dicens
2887 753 2958 808 ad
2977 754 3158 810 Deum
3186 760 3375 811 mente
3409 757 3517 826 cla-

1915 838 2110 894 mabat
2140 858 2152 893 z
2187 840 2268 894 sic
2306 845 2364 895 et
2404 839 2501 895 isti
2542 845 2793 896 tacentes
2828 841 2920 913 pio
2949 842 3263 899 devotionis
3293 844 3515 910 affectu,

1916 927 2145 982 solliciti
2174 927 2603 1000 interrogabant
2628 928 2765 1001 quid
2783 924 2970 985 divind
2992 929 3219 1001 juberet
3238 932 3515 1002 voluntas,

1916 1031 1990 1071 ne
2009 1032 2125 1071 suae
2153 1015 2491 1071 temeritatis
2523 1017 2748 1088 ignavia
2776 1018 3065 1090 quidpiam
3086 1037 3121 1075 a
3138 1020 3242 1077 Dei
3270 1021 3521 1094 omnipo-

1914 1104 2089 1159 tentis
2137 1103 2434 1161 libramine
2463 1104 2771 1159 deviarent.
2805 1105 3010 1162 Forma
3032 1108 3208 1179 igitur
3246 1109 3306 1164 in
3334 1111 3521 1182 specie

1916 1193 2134 1248 cunctis
2184 1192 2530 1265 imprimitur
2570 1193 2943 1261 credentibus,
2987 1213 3156 1268 quam
3196 1198 3394 1254 devote
3446 1199 3521 1254 ad

1914 1281 2094 1336 Deum
2124 1281 2370 1348 veniant,
2398 1287 2455 1335 et
2494 1286 2793 1353 postquam
2820 1283 3092 1353 venerint,
3122 1290 3187 1341 ut
3222 1285 3520 1343 intendant

1919 1369 2052 1439 quid
2081 1371 2229 1424 Deus
2273 1370 2490 1441 jubeat.
2535 1369 2758 1424 Scilicet
2786 1387 2856 1425 ne
2885 1373 3123 1427 redeant
3158 1374 3230 1429 ad
3268 1392 3399 1430 eum
3427 1375 3519 1431 cui

1918 1457 2479 1535 abrenuntiaverunt,
2519 1475 2702 1530 neque
2731 1458 2996 1514 vitiorum
3038 1467 3299 1533 repetant
3327 1464 3516 1530 calles,

1920 1546 2019 1600 sed
2039 1563 2139 1618 per
2155 1546 2324 1601 aliam
2344 1547 2510 1613 viam,
2528 1547 2584 1601 id
2601 1552 2705 1614 est,
2722 1548 2994 1603 virtutum
3009 1549 3240 1605 semitas
3253 1552 3520 1607 sectanda

262 1651 370 1688 rum
389 1651 621 1705 corpora
640 1636 852 1707 passim
871 1636 1294 1705 condiebantur,
1312 1655 1442 1693 eum
1465 1639 1657 1693 testati
1682 1643 1834 1703 sunt,
1855 1708 1889 1712 _
1919 1635 1987 1688 ad
2031 1636 2274 1707 patriam
2314 1636 2562 1707 paradisi
2608 1635 2814 1691 cursim
2855 1638 3091 1693 redeant
3116 1658 3127 1693 :
3166 1643 3231 1693 ut
3259 1640 3355 1712 qui
3385 1657 3521 1696 con-

259 1723 391 1777 velut
416 1740 477 1777 ex
495 1724 795 1795 prazsagio,
819 1725 1146 1781 humanitus
1165 1727 1523 1782 moriturum.
1542 1726 1624 1781 Ex
1656 1732 1838 1792 I36
1855 1708 1901 1768 Β
1919 1724 2224 1779 temnendo
2260 1724 2583 1790 cecidimus,
2616 1724 2926 1780 obediendo
2956 1732 3014 1782 et
3041 1708 3374 1784 abstinendo
3403 1729 3522 1784 vias

262 1828 374 1882 quo,
388 1813 529 1883 quod
548 1812 599 1867 si
613 1814 735 1884 jam
754 1819 890 1869 tunc
906 1831 1036 1870 voce
1055 1815 1207 1871 edita
1227 1817 1572 1887 loqueretur,
1593 1821 1833 1888 poterat,

259 1907 314 1955 ut
337 1901 457 1956 alibi
494 1902 621 1973 ipse
662 1902 890 1968 fatetur,
920 1903 1125 1970 dicere,
1158 1905 1306 1976 quod
1351 1905 1423 1960 ad
1452 1905 1837 1977 sepeliendum

261 2006 373 2044 eum
406 1990 690 2046 fecissent.
721 1992 856 2047 Jure
893 1992 1069 2063 igitur
1096 1993 1366 2065 quaeritur
1396 1999 1587 2049 utrum
1630 1994 1838 2065 singuli

257 2078 472 2148 singula,
504 2096 587 2135 an
616 2081 788 2136 simul
816 2098 1009 2137 omnes
1038 2082 1149 2136 tria
1179 2083 1296 2137 haec
1327 2100 1341 2138 :
1374 2082 1459 2137 vel
1488 2087 1658 2150 certe,
1690 2083 1838 2153 quod

258 2167 417 2238 magis
436 2168 731 2223 fatendum
752 2182 854 2236 est,
869 2176 1062 2227 utrum
1076 2189 1273 2227 eorum
1294 2172 1679 2244 unusquisque
1695 2171 1840 2226 forte

258 2256 357 2311 haec
389 2256 496 2312 tria
522 2258 743 2329 pariter
772 2256 1082 2315 obtulisset.
1133 2261 1251 2316 Hoc
1290 2261 1441 2316 enim
1482 2261 1669 2333 potius
1705 2276 1840 2315 con-

256 2348 391 2415 gruit
413 2346 470 2400 in
496 2347 797 2418 mysterio.
813 2348 959 2412 Quia
976 2365 1143 2404 nemo
1166 2350 1517 2405 Christianus
1534 2355 1687 2406 recte
1708 2350 1841 2404 dici-

256 2437 352 2501 tur,
380 2435 484 2490 nisi
510 2436 616 2507 qui
645 2452 778 2490 eum
806 2436 1014 2509 ubique
1043 2438 1223 2493 Deum
1253 2455 1491 2510 regnare
1522 2439 1749 2504 fatetur,
1784 2444 1843 2494 et

254 2539 339 2593 pro
363 2525 539 2579 salute
582 2525 818 2581 humani
834 2526 1059 2597 generis
1085 2527 1266 2582 Deum
1290 2528 1573 2582 hominem
1608 2528 1837 2597 factum,

252 2611 358 2667 sine
370 2612 642 2685 ambiguo
662 2620 948 2669 mortuum
969 2616 1287 2671 conﬁtetur.
1306 2616 1451 2671 Nam
1471 2608 1564 2671 isti
1584 2623 1841 2671 constan-

249 2705 326 2755 ter
350 2719 533 2774 regem
575 2702 898 2759 Judzeorum
921 2704 1070 2759 inter
1097 2705 1325 2759 eosdem
1343 2705 1583 2770 Iudaeos,
1609 2712 1667 2761 et
1689 2705 1840 2776 apud

250 2788 416 2861 ipsum
437 2792 731 2846 Herodem
757 2809 948 2863 regem
979 2793 1305 2865 requirunt;
1339 2798 1397 2849 et
1420 2794 1546 2848 ideo
1576 2794 1629 2848 ei
1658 2793 1840 2850 ﬁdeli-

251 2884 344 2945 ter,
360 2886 424 2934 ut
440 2880 780 2952 praedictum
808 2883 1009 2948 luerat,
1027 2883 1086 2936 in
1113 2883 1316 2954 spiritu
1336 2899 1538 2937 aurum
1558 2882 1837 2939 deferunt.

252 2967 516 3024 Noverant
567 2986 702 3025 eum
744 2971 925 3026 Deum
965 2970 1173 3044 ubique
1219 2971 1478 3027 omnibus
1521 2971 1641 3027 sine
1683 2978 1839 3026 metu

1915 1812 2042 1867 vita:
2082 1813 2593 1885 apprehendamus.
2641 1813 2708 1868 Et
2751 1816 3062 1871 notandum
3094 1818 3243 1888 quod
3280 1834 3393 1872 non
3419 1835 3523 1890 per

1917 1902 2201 1972 angelum,
2219 1902 2303 1956 uti
2327 1901 2397 1956 ad
2415 1901 2638 1974 Ioseph,
2653 1902 2773 1957 haec
2796 1904 3084 1975 responsio
3111 1905 3257 1961 facta
3280 1906 3516 1962 dicitur:

1918 1990 2016 2044 sed
2046 1995 2368 2045 sanctorum
2399 1990 2632 2044 Patrum
2661 1991 2892 2046 traditio
2922 1997 3008 2047 est
3031 1991 3101 2047 ab
3129 1993 3251 2065 ipso
3278 1992 3521 2051 Domino

1920 2076 2187 2132 divinitus
2215 2076 2464 2132 imbutos
2492 2076 2664 2134 fuisse
2687 2096 2700 2145 ;
2735 2079 2869 2151 quia
2894 2080 3179 2135 neminem
3202 2082 3375 2137 alium
3394 2100 3524 2138 con-

1921 2171 2036 2220 stat
2052 2167 2196 2221 viam
2209 2164 2578 2238 regressionis
2594 2166 2664 2221 ad
2680 2168 2922 2239 patriam
2932 2186 3169 2241 usquam
3186 2169 3519 2238 instituisse,

1921 2260 2127 2326 praeter
2147 2272 2277 2310 eum
2306 2256 2401 2328 qui
2432 2272 2492 2310 se
2521 2254 2665 2310 viam
2692 2255 2931 2328 praebuit
2959 2257 3311 2327 imitabilem,
3333 2266 3397 2316 ut
3424 2278 3528 2333 per

1921 2343 2106 2416 ipsum
2133 2345 2202 2399 ad
2226 2344 2411 2417 ipsum
2434 2344 2729 2399 tendentes
2749 2346 3084 2419 quandoque
3103 2348 3346 2420 patriam
3368 2366 3528 2421 repe-

1921 2438 2129 2487 tamus.
2162 2432 2305 2487 Hinc
2332 2432 2536 2505 quippe
2561 2434 2642 2488 ait
2660 2433 2779 2506 ipse
2806 2434 2875 2488 de
2903 2452 2983 2503 se,
3006 2434 3229 2491 dicens:
3261 2437 3369 2506 Ego
3396 2454 3523 2491 sum

1922 2524 2034 2588 via,
2065 2523 2270 2576 veritas
2300 2527 2347 2576 et
2392 2524 2508 2577 vita
2540 2524 2721 2590 (Joan.
2752 2537 2865 2589 XIV,
2910 2521 2983 2591 6).
3015 2525 3124 2579 Per
3166 2542 3336 2596 quam
3375 2525 3522 2580 viam

1924 2609 2163 2680 quisque
2190 2609 2500 2680 gradiendo
2528 2611 2650 2664 sine
2687 2627 2876 2666 errore
2903 2612 3129 2679 incedit,
3158 2620 3224 2669 ut
3252 2610 3323 2669 ad
3351 2614 3524 2669 vitam

1921 2697 2158 2753 festinus
2185 2696 2477 2752 veritatem
2504 2699 2788 2771 sequendo
2817 2700 3188 2771 ingrediatur.
3216 2704 3341 2758 Non
3371 2703 3523 2758 enim

1923 2787 2229 2859 alloquitur
2242 2804 2335 2841 eos
2348 2803 2489 2859 puer
2502 2788 2562 2842 in
2574 2788 2846 2860 praesepio
2865 2789 3082 2861 positus
3098 2807 3229 2845 voce
3250 2788 3521 2865 humana,

1921 2876 2171 2930 nondum
2191 2876 2435 2943 adultus,
2453 2893 2523 2932 ne
2543 2883 2738 2932 contra
2757 2882 3019 2933 naturam
3041 2884 3245 2953 nostra:
3264 2878 3527 2936 humani-

1920 2963 2055 3018 tatis
2100 2963 2337 3035 agendo,
2383 2980 2442 3019 se
2490 2964 2698 3036 passim
2738 2964 3048 3037 detegeret.
3082 2966 3190 3022 Sed
3221 2968 3407 3023 omnia
3442 2968 3524 3024 sic

250 3055 469 3114 humani
520 3058 751 3115 timoris
792 3060 1065 3115 veraciter
1112 3061 1550 3132 praedicandum.
1596 3062 1665 3116 Et
1712 3059 1837 3115 ideo
1858 3063 1900 3123 C
1920 3057 2220 3125 tamperat,
2253 3058 2320 3108 ut
2366 3052 2547 3111 latens
2579 3053 2839 3110 divinitas
2867 3072 2969 3128 per
2998 3055 3163 3111 ﬁdem
3196 3055 3257 3112 in
3293 3056 3522 3114 homine

252 3153 569 3203 venerantes
590 3149 792 3203 dicunt
808 3148 955 3219 quod
974 3152 1225 3203 venimus
1244 3152 1480 3204 adorare
1493 3166 1637 3203 eum.
1652 3149 1837 3220 Atque

250 3236 416 3292 thuris
450 3237 751 3293 incensum
791 3237 997 3302 ferunt,
1024 3237 1174 3309 quod
1202 3238 1385 3292 solum
1416 3237 1664 3309 quotidie
1692 3237 1839 3292 intra

252 3332 428 3382 sancta
452 3333 786 3382 sanctorum
826 3343 991 3381 mane
1033 3342 1098 3380 ac
1127 3326 1342 3398 vesperi
1384 3326 1566 3381 eidem
1604 3342 1670 3380 ex
1700 3344 1838 3397 prae-

250 3421 395 3486 cepto
444 3416 708 3471 funditus
751 3415 1126 3470 cremabatur.
1160 3414 1458 3470 Hominem
1500 3432 1724 3488 quoque
1751 3415 1835 3470 fa-

253 3511 388 3559 ctum
414 3506 642 3561 caelitus
672 3505 928 3577 inspirati
959 3506 1139 3559 Deum
1170 3504 1514 3575 intelligunt,
1546 3505 1837 3560 eumdem-

252 3609 349 3664 que
374 3611 509 3651 sane
548 3594 914 3650 moriturum.
949 3595 1017 3649 Et
1042 3594 1168 3649 ideo
1196 3594 1460 3649 ardenter
1495 3594 1831 3665 requirunt:

252 3681 340 3737 Ubi
360 3690 431 3739 est
448 3688 553 3753 qui
572 3689 745 3739 natus
764 3688 874 3738 est?
902 3685 1086 3756 Atque
1107 3683 1167 3738 in
1191 3683 1540 3755 sepulturam
1566 3683 1617 3737 ei
1640 3700 1706 3739 ex
1727 3683 1834 3737 ﬁde

246 3784 434 3828 munus
462 3770 922 3829 mortiﬁcationis
948 3773 1239 3845 myrrham
1265 3771 1525 3826 videlicet
1543 3772 1728 3827 devoti
1758 3772 1835 3825 of-

246 3858 602 3926 ferunt.Quia
629 3862 1018 3934 unusquisque
1044 3867 1180 3916 tunc
1209 3860 1493 3916 Christum
1525 3867 1675 3917 recte
1698 3878 1833 3916 con-

244 3947 335 4017 dit,
363 3967 489 4007 cum
526 3968 669 4007 eum
712 3950 772 4008 in
816 3968 983 4007 carne
1022 3966 1251 4023 passum
1290 3949 1741 4022 quandoquidem
1775 3950 1832 4006 in

245 4037 412 4110 seipse
438 4040 821 4095 mortificatus
848 4038 1120 4095 veraciter
1147 4040 1459 4111 proﬁtetur.
1492 4038 1652 4095 Unde
1678 4040 1832 4110 Apo-

244 4127 404 4184 stolus
429 4147 442 4182 :
473 4130 697 4185 Μονίαὶ
730 4131 880 4183 enim
906 4131 1054 4194 estis,
1084 4133 1134 4183 et
1162 4130 1279 4182 vita
1306 4133 1485 4182 vestra
1513 4128 1831 4181 abscondita

244 4221 309 4270 est
334 4234 459 4273 cum
486 4221 601 4274 Deo
630 4220 696 4272 in
724 4220 866 4274 catis
897 4218 1030 4285 (Gal.
1064 4231 1146 4283 III,
1178 4216 1253 4286 3).
1287 4216 1505 4288 Quippe
1535 4215 1667 4287 quia
1692 4216 1833 4271 offe-

242 4306 404 4361 renda
424 4313 563 4363 sunt
582 4322 827 4362 munera
848 4312 1044 4361 nostra
1064 4305 1341 4361 Salvatori
1358 4305 1589 4377 jugiter.
1608 4305 1673 4360 In
1693 4321 1832 4361 auro

1918 3135 2015 3195 illo
2037 3142 2511 3214 deprehendatur;
2545 3158 2617 3198 ne
2637 3142 2883 3214 cuipiam
2908 3150 3211 3217 antequam
3234 3150 3519 3218 oporteret
3550 3144 3555 3149 ’

1918 3229 2232 3286 inconsulte
2277 3231 2639 3286 revelaretur.
2674 3231 2817 3295 Quia
2847 3231 3118 3288 nimirum
3157 3240 3215 3289 et
3243 3235 3380 3290 ﬁdes
3409 3253 3518 3292 nu-

1918 3319 2141 3375 trienda
2162 3325 2285 3375 erat
2312 3319 2382 3375 ad
2412 3319 2728 3392 praemium,
2768 3326 2826 3374 et
2852 3321 2942 3375 via
2968 3321 3354 3378 doctrinarum
3393 3326 3515 3397 ejus

1918 3408 2127 3480 ubique
2172 3408 2535 3480 sequentibus
2569 3402 2978 3481 prosternenda
3013 3409 3083 3465 ad
3119 3410 3512 3483 gradiendum.

1915 3497 2179 3569 Alioquin
2200 3514 2313 3552 non
2335 3514 2461 3553 vere
2480 3498 2815 3570 suscepisset
2833 3498 3220 3556 inﬁrmitatem
3242 3509 3512 3574 nostram,

1916 3586 1966 3639 si
1995 3603 2106 3641 non
2126 3604 2228 3658 per
2254 3604 2477 3642 omnem
2506 3592 2729 3642 aetatem
2755 3590 3027 3661 temporis
3047 3591 3296 3648 humana
3316 3578 3515 3649 crevis-

1918 3680 2005 3729 set
2016 3676 2387 3747 provectione,
2403 3680 2461 3729 et
2478 3675 2805 3731 efﬁcientias
2819 3677 2877 3732 in
2893 3695 2952 3732 se
2975 3680 3263 3749 qualitatis
3284 3687 3508 3749 nostrae,

1917 3770 2122 3836 praeter
2167 3781 2289 3836 quae
2341 3764 2531 3819 divina
2560 3763 2765 3819 virtute
2806 3764 3115 3821 mirabilius
3153 3765 3513 3839 Operabatur,

1918 3853 2148 3908 minime
2176 3852 2538 3925 praetulisset.
2567 3852 2725 3907 Unde
2754 3858 2902 3906 recte
2943 3853 3121 3908 Lucas
3167 3855 3514 3926 evangelista

1915 3946 2174 4010 testatur,
2189 3942 2338 4013 quod
2350 3945 2493 3997 Puer
2505 3943 2590 3997 Jes
2598 3958 2659 3995 us
2670 3942 2985 4011 proﬁciebat
2996 3947 3150 3997 atate
3164 3948 3214 3997 et
3232 3946 3510 4013 sapientia
3526 3945 3530 3949 ⁴

1915 4049 2101 4089 coram
2148 4035 2252 4088 Deo
2289 4037 2338 4087 et
2378 4032 2693 4086 hominibus
2736 4032 2881 4099 (Luc.
2919 4045 2981 4099 ιι,
3014 4031 3135 4101 52);
3188 4038 3253 4088 ut
3287 4048 3512 4089 omnem

1913 4127 2236 4196 provectum
2256 4125 2376 4175 tam
2394 4117 2644 4192 corporis
2672 4136 2840 4191 quam
2865 4120 3067 4176 animae
3086 4119 3427 4194 designaret,
3454 4128 3513 4179 et

1914 4227 2139 4266 omnem
2163 4208 2571 4282 plenitudinem
2602 4208 2972 4264 humanitatis
2998 4210 3057 4264 in
3086 4228 3152 4265 eo
3182 4229 3303 4267 esse
3329 4218 3514 4269 osten-

1913 4300 2091 4356 deret.
2119 4299 2284 4357 Unde
2314 4316 2415 4371 per
2442 4297 2633 4353 omnia
2653 4299 2907 4371 pueritiae
2935 4316 3049 4355 sua
3072 4305 3295 4374 tempus
3320 4300 3519 4360 debuit

240 4394 438 4450 scilicet
484 4395 799 4468 purissima
847 4394 1162 4449 divinarum
1211 4410 1405 4449 rerum
1463 4392 1714 4460 scientia,
1776 4385 2225 4455 inDobservare,
2268 4404 2379 4460 quo
2425 4387 2665 4443 maxime
2707 4394 2998 4460 assumpta
3023 4386 3299 4461 fragilitas
3326 4392 3511 4448 carnis

243 4482 394 4540 thure
422 4485 612 4541 oratio
650 4484 824 4556 jugis,
861 4484 948 4538 vel
972 4482 1328 4555 compunctio
1354 4487 1509 4537 recta
1538 4497 1550 4532 :
1580 4499 1747 4554 porro
1773 4482 1831 4539 in

1913 4480 2247 4552 explicatur,
2279 4483 2337 4533 et
2364 4477 2652 4533 humilitas
2679 4477 3122 4548 longanimitatis
3149 4495 3263 4534 suae
3291 4478 3510 4535 indiciis

242 4575 461 4645 myrrha
480 4583 549 4631 ut
573 4573 947 4648 praetulimus,
969 4578 1088 4627 tam
1107 4572 1460 4627 voluntatum
1482 4588 1651 4642 quam
1676 4571 1833 4626 vitio-
1912 4567 2356 4623 commendatur.
2386 4566 2518 4622 Fuit
2560 4565 2734 4638 igitur
2768 4567 2827 4622 in
2857 4583 2922 4621 eo
2966 4566 3132 4638 plena
3163 4567 3505 4637 humanitas,

244 4676 359 4719 rum
386 4664 698 4732 abdicatio,
729 4669 898 4736 atque
926 4679 1058 4719 vera
1086 4662 1443 4718 mortiﬁcatio
1484 4661 1668 4716 carnis
1696 4679 1834 4734 prae-
1915 4658 2060 4713 sicut
2087 4662 2144 4712 et
2172 4659 2339 4729 plena
2363 4657 2567 4727 gratia,
2600 4660 2768 4727 atque
2816 4656 2980 4727 plena
3017 4657 3242 4713 veritas.
3277 4657 3352 4713 Ex
3397 4676 3507 4731 quo

242 4749 457 4809 libanda
501 4755 629 4809 Deo
677 4753 955 4824 signatur.
985 4751 1119 4816 Quae
1167 4767 1401 4806 munera
1450 4767 1516 4806 ex
1553 4749 1834 4806 thesauris
1914 4747 2158 4801 Joannes
2181 4745 2566 4817 evangelista:
2599 4744 2866 4813 Vidimus,
2882 4744 3086 4816 inquit,
3108 4749 3348 4814 gloriam
3368 4751 3504 4817 ejus,

245 4839 408 4895 animi
443 4844 582 4914 jure
632 4840 917 4897 recondita
943 4839 1324 4912 proferuntur,
1363 4855 1491 4892 cum
1518 4838 1683 4894 corde
1711 4854 1835 4893 cre-
1914 4838 2155 4904 gtoriam
2176 4839 2336 4906 quasi
2352 4835 2633 4902 unigeniti
2654 4838 2691 4897 Ι
2708 4834 3053 4899 aQaPatre
3062 4837 3293 4904 plenum
3312 4841 3509 4905 gratia:

244 4928 386 4985 ditur
427 4932 500 4987 ad
530 4930 842 5003 justitiam,
873 4946 970 4986 ore
998 4934 1188 5009 autem
1215 4927 1485 4994 confessio
1526 4928 1592 4983 ﬁt
1626 4927 1698 4983 ad
1743 4944 1835 4982 sa-
1917 4929 1967 4978 et
2003 4926 2252 4979 veritatis
2276 4924 2452 4995 (Joan.
2482 4935 2520 4986 Ι,
2551 4920 2662 4991 14).
2697 4918 2855 5009 Quod
2885 4926 3075 4978 autem
3101 4922 3350 4978 Verbum
3377 4941 3508 4982 caro

524 5012 525 5015 “
1120 5007 1125 5009 ’
1918 5012 2127 5069 factum
2148 5017 2251 5079 est,
2271 5012 2499 5084 plenum
2514 5008 2764 5064 veritatis
2786 5007 2908 5064 fuit.
2926 5010 3146 5067 Veritas
3166 5012 3371 5086 quippe
3389 5014 3511 5085 ipse

1919 5102 2241 5174 unigenitus
2271 5106 2355 5154 est
2392 5098 2494 5153 Dei
2537 5097 2730 5163 Filius,
2763 5114 2875 5153 non
2910 5100 3113 5169 gratia,
3147 5100 3244 5155 sed
3284 5107 3507 5161 natura.

1919 5191 2055 5259 Quae
2072 5189 2254 5261 gratia
2275 5186 2520 5258 suscepit
2536 5186 2823 5241 hominem
2854 5188 3077 5259 quando
3098 5195 3397 5263 conceptus
3424 5196 3512 5248 est

1920 5282 1989 5338 de
2019 5280 2230 5353 Spiritu
2250 5282 2462 5333 sancto.
2479 5276 2661 5331 Tanta
2684 5274 2962 5347 siquidem
2990 5278 3207 5335 unitate
3234 5297 3507 5353 personae,

1920 5376 1986 5427 ut
2013 5370 2162 5425 idem
2187 5368 2305 5441 ipse
2325 5366 2398 5420 sit
2418 5364 2661 5420 hominis
2679 5364 2847 5431 ﬁlius,
2871 5366 2969 5437 qui
2998 5367 3099 5423 Dei
3122 5367 3299 5425 Filius
3317 5370 3514 5428 unicus

1925 5464 2093 5530 atque
2121 5456 2443 5529 unigenitus
2471 5453 2826 5528 praedicatur.
2858 5455 2925 5512 In
2954 5473 3064 5527 quo
3093 5456 3364 5513 nimirum
3395 5459 3513 5531 ipso

1926 5564 2041 5606 uno
2057 5547 2174 5605 Deo
2201 5548 2259 5603 et
2278 5543 2506 5602 homine
2525 5542 2694 5616 plena
2707 5543 2895 5616 gratia
2914 5541 3305 5616 humanitatis,
3326 5546 3515 5619 plena-
3549 5540 3555 5549 ’

3236 5646 3275 5704 5

243 5015 431 5076 lutem.

307 5109 370 5163 Et
398 5126 664 5181 responso
704 5114 914 5179 accepto
942 5111 1007 5163 in
1024 5110 1250 5175 somnis,
1282 5123 1348 5162 ne
1367 5107 1612 5161 redirent
1641 5106 1716 5161 ad
1740 5107 1840 5161 Ile-

248 5198 440 5266 rodem,
452 5216 558 5268 per
568 5201 745 5253 aliam
758 5201 909 5254 viam
924 5200 1127 5252 reversi
1139 5201 1270 5251 sunt
1288 5199 1349 5250 in
1363 5196 1639 5264 regionem
1651 5211 1834 5252 suam.

245 5283 549 5359 Responso,
573 5287 783 5358 inquit,
804 5291 1051 5358 accepto,
1075 5302 1203 5341 cum
1232 5302 1328 5340 eos
1348 5283 1720 5355 nequicquam
1749 5283 1839 5339 in-

247 5377 558 5448 terrogasse
588 5376 848 5447 legimus.
887 5376 996 5431 Sed
1043 5375 1220 5429 claret
1264 5372 1515 5428 veritatis
1546 5371 1835 5438 indicium,

246 5465 386 5535 quod
435 5465 552 5522 illis
609 5463 1005 5538 cogitantibus,
1053 5470 1247 5519 utrum
1299 5461 1483 5519 redire
1535 5460 1608 5516 ad
1662 5461 1843 5516 Hero-

248 5550 368 5611 dem
409 5571 597 5614 necne
654 5553 953 5625 deberent;
1011 5554 1165 5628 quod
1208 5552 1281 5610 ad
1330 5567 1528 5610 eorum
1576 5550 1841 5624 cogitata,

552 5653 607 5714 P
631 5667 846 5716 anon.
874 5651 1060 5717 CXX.
