3966 6206
394 295 493 355 139

1142 299 1198 353 S.
1242 297 1619 353 PASCHASII
1658 292 2016 351 RADBERTI
2055 291 2359 347 ABBATIS
2398 290 2895 346 CORBEIENSIS.

3542 297 3629 355 HO

383 436 493 492 que
530 419 839 475 divinitatis
868 419 1085 475 Veritas
1114 420 1385 478 catholica
1412 421 1745 493 praedicatur
1773 421 1829 472 et
1848 416 2257 476 coli-Amaria:
2304 419 2431 483 (Isa.
2477 431 2595 480 vui,
2644 414 2719 477 11).
2769 417 2837 471 Et
2878 417 2981 470 hac
3032 417 3237 488 quippe
3288 420 3415 489 fuga
3469 423 3630 479 Isaias

384 515 497 564 tur.
530 510 661 564 Haec
688 510 862 580 igitur
896 509 1186 581 plenitudo
1225 510 1528 564 divinitatis
1556 509 1613 562 in
1649 508 1831 578 seipsa
1860 507 1978 577 ple-

383 597 702 653 nitudinem
731 598 901 652 habet
921 598 1133 669 gratiae,
1158 614 1279 669 quae
1308 602 1393 651 est
1421 603 1542 651 tota
1570 596 1893 651 humanitas
1918 595 1977 649 in

382 686 677 741 divinitate
719 703 823 741 sua
863 705 875 739 :
928 692 986 741 et
1023 686 1311 757 plenitudo
1363 685 1559 755 gratiae
1606 685 1664 738 in
1704 701 1765 739 se
1811 683 1979 737 habet

383 775 1032 847 omnemfplenitudinem
1052 774 1318 841 veritatis,
1338 790 1461 844 qua:
1480 779 1566 829 est
1583 778 1703 828 tota
1717 773 1978 827 divinitas

383 864 443 919 in
473 865 825 919 humanitate
865 880 987 919 sua.
1018 864 1104 918 Ita
1141 868 1205 917 ut
1233 863 1523 934 plenitudo
1548 862 1798 925 veritatis
1835 862 1894 915 in
1921 878 1980 915 se

382 952 589 1008 habeat
599 953 839 1025 perfecte
858 950 1269 1023 plenitudinem
1278 952 1673 1022 gratia:,atque
1690 951 1979 1023 plenitudo

379 1042 578 1112 gratiae
606 1042 665 1096 in
692 1058 752 1096 se
782 1040 988 1095 habeat
1015 1040 1424 1112 plenitudinem
1456 1040 1725 1094 veritatis.
1770 1040 1861 1094 Sic
1896 1044 1981 1093 est

380 1130 554 1201 igitur
587 1147 621 1185 a
648 1130 939 1185 divinitate
984 1130 1275 1202 plenitudo
1304 1128 1672 1184 humanitatis
1698 1134 1977 1200 suscepta,

379 1219 461 1274 ita
474 1224 539 1274 ut
557 1218 616 1273 in
634 1219 987 1275 humanitate
1002 1220 1125 1289 ejus
1145 1217 1327 1272 omnis
1342 1218 1631 1289 plenitudo
1647 1217 1974 1284 divinitatis,

377 1307 523 1363 sicut
549 1307 629 1363 ait
654 1308 956 1380 Apostolus
982 1307 1111 1376 (Col.
1131 1321 1193 1374 ιι,
1218 1306 1291 1377 9),
1319 1307 1681 1378 corporaliter
1699 1306 1979 1362 habitasse

376 1402 529 1453 recte
557 1396 839 1452 credatur.
862 1398 942 1450 Ac
961 1411 1063 1467 per
1078 1396 1185 1449 hoc
1204 1395 1393 1450 omnia
1412 1396 1757 1450 incrementa
1785 1396 1980 1450 huma-

377 1485 595 1552 nitatis,
624 1490 745 1539 tam
782 1484 1031 1557 corporis
1058 1501 1226 1556 quam
1270 1484 1471 1539 animae
1498 1485 1723 1539 fuerant
1754 1485 1980 1540 creden-

375 1574 528 1630 tibus
551 1573 880 1629 exhibenda.
900 1574 1057 1628 Sicut
1076 1579 1133 1628 et
1154 1574 1320 1645 plena
1338 1574 1601 1629 divinitas
1621 1574 1680 1628 in
1702 1590 1786 1640 eo,
1806 1579 1976 1644 atque

376 1663 564 1736 gratia
600 1677 669 1719 ex
704 1662 864 1717 initio
892 1663 1273 1735 conceptionis
1300 1663 1667 1735 corporaliter
1694 1662 1976 1718 habitasse

2059 504 2393 575 praedixerat
2435 504 2623 559 dicens
2658 523 2669 557 :
2722 507 2848 559 Ecce
2890 508 3158 559 Dominus
3199 512 3441 563 ascendet
3481 528 3631 580 super

2061 596 2257 647 nubem
2298 598 2482 657 levem,
2531 610 2698 648 carne
2742 593 2997 648 videlicet
3023 594 3231 666 absque
3268 603 3489 668 peccato
3531 600 3630 654 cir-

2059 688 2389 749 cumtectus,
2421 688 2469 736 ct
2499 684 2847 751 ingredietur
2874 685 3183 752 .Egyptum,
3209 691 3257 738 et
3288 689 3633 742 movebuntur

2058 774 2367 827 simulacra
2412 774 2629 841 1Egypti
2673 789 2708 826 a
2753 774 2895 840 facie
2938 777 3054 841 ejus
3097 775 3367 841 (lsa.x1x,
3398 778 3471 843 1),
3502 778 3638 847 quod

2062 860 2370 915 multorum
2394 858 2795 915 traditionibus
2823 860 3200 932 approbatur:
3236 863 3313 918 ita
3340 869 3403 917 ut
3432 864 3487 918 in
3516 882 3638 937 qua-

2061 950 2192 1004 dam
2229 950 2454 1005 civitate
2492 950 2786 1005 Frondosii
2825 950 2981 1005 ducis
3021 951 3211 1005 omnia
3248 951 3397 1006 idola
3432 954 3641 1025 penitus

2060 1039 2375 1093 corruerint
2402 1039 2462 1093 in
2489 1044 2720 1093 terram.
2758 1039 2826 1093 Et
2854 1039 2923 1094 de
2953 1040 3202 1110 quinque
3233 1039 3543 1097 civitatibus
3569 1044 3642 1097 lo-

2062 1127 2361 1198 quentibus
2408 1127 2599 1199 lingua
2628 1128 2896 1183 Chanaan
2934 1144 3127 1183 earum
3158 1145 3271 1183 una
3300 1136 3433 1184 tunc
3462 1138 3642 1186 vocata

2061 1221 2147 1270 est
2176 1216 2369 1271 civitas
2407 1217 2561 1284 solis,
2609 1217 2668 1272 in
2699 1233 2809 1288 qua
2853 1217 3065 1272 diutius
3095 1218 3301 1273 dicitur
3344 1218 3640 1278 habitasse.

2060 1305 2226 1372 Nam,
2245 1311 2310 1359 ut
2330 1305 2558 1377 quidam
2581 1311 2906 1377 supputant,
2927 1305 2996 1379 ab
3025 1307 3283 1378 ingressu
3302 1307 3524 1380 Egypti
3550 1326 3641 1364 us-

2063 1410 2170 1464 que
2190 1393 2261 1449 ad
2288 1394 2624 1466 principium
2651 1395 2811 1465 regni
2832 1395 3111 1462 Archelai,
3136 1402 3347 1467 septem
3378 1398 3529 1451 fuere
3551 1414 3641 1453 an-

2057 1482 2137 1549 ni,
2167 1481 2367 1554 quibus
2396 1484 2455 1538 in
2500 1483 2740 1555 Egypto
2780 1483 3037 1538 Christus
3066 1484 3354 1541 delituisse
3383 1485 3640 1540 creditur.

2058 1570 2228 1638 Felix,
2259 1572 2509 1643 inquam,
2549 1573 2721 1642 regio,
2773 1588 2943 1643 quam
2984 1577 3143 1628 tanto
3173 1575 3445 1646 temporis
3471 1574 3644 1646 spatio

2058 1660 2140 1714 sol
2165 1661 2398 1732 justitiae
2428 1678 2530 1717 sua
2556 1661 2857 1715 illustravit
2885 1662 3214 1733 praesentia;
3243 1669 3310 1718 ut
3339 1680 3461 1735 quae
3480 1663 3646 1717 tantis

377 1752 653 1824 paulatim
673 1750 932 1806 omnibus
959 1751 1144 1806 fuerat
1166 1751 1340 1822 signis
1368 1756 1537 1824 atque
1559 1751 1858 1807 virtutibus
1881 1752 1974 1806 de-
1994 1737 2178 1804 Berat
2213 1750 2487 1805 idolorum
2520 1751 2775 1806 sordibus
2804 1752 3036 1822 polluta,
3063 1752 3225 1806 fieret
3271 1754 3499 1807 demum
3521 1757 3644 1806 tan-

378 1840 644 1897 claranda
664 1860 677 1896 :
704 1846 769 1897 ut
796 1840 935 1895 ﬁdes
954 1857 1056 1912 per
1072 1841 1317 1911 gratiam
1341 1840 1617 1895 libertatis
1632 1840 1865 1895 arbitrio
1884 1857 1973 1896 su-

379 1931 608 1987 blimius
628 1930 700 1984 ad
718 1929 949 2001 praemia
966 1930 1305 2002 capessenda
1322 1930 1655 1985 nutriretur.
1675 1931 1817 1985 Hinc
1837 1947 1973 1985 sane

375 2020 488 2076 illis
518 2018 920 2075 remeantibus.

447 2110 577 2164 Ecce
602 2110 844 2177 Angelus
867 2110 1093 2163 Domini
1119 2111 1183 2163 in
1202 2109 1410 2163 somnis
1435 2109 1625 2177 Joseph
1652 2124 1853 2163 rursus
1878 2124 1973 2178 ap-

368 2200 571 2269 paruit
588 2199 800 2253 dicens:
819 2198 995 2266 Surge
1007 2203 1055 2251 et
1073 2200 1253 2266 accipe
1265 2213 1507 2266 puerum
1521 2202 1569 2251 et
1584 2203 1819 2251 matrem
1836 2200 1970 2267 ejus,

2054 1854 2222 1909 quam
2253 1839 2449 1894 hortus
2476 1840 2723 1911 irriguus
2752 1840 3007 1895 doctrina
3031 1840 3261 1907 Christi,
3300 1848 3359 1896 et
3384 1848 3647 1913 tanquam

2054 1927 2348 1998 paradisus
2405 1928 2648 1995 Domini,
2703 1929 2915 1984 cmlesti
2968 1929 3271 2001 disciplina
3324 1930 3649 1985 clementius

2055 2014 2363 2071 adimbuta.
2405 2017 2564 2072 Unde
2611 2017 2879 2072 nimirum
2924 2022 3162 2084 constat,
3202 2019 3359 2089 quod
3398 2018 3651 2090 deinceps

2054 2121 2196 2175 pene
2223 2111 2345 2160 tota
2372 2105 2471 2160 illa
2498 2106 2652 2177 regio
2682 2107 2828 2161 facta
2854 2107 2930 2161 sit
2959 2108 3389 2175 monachorum,
3415 2123 3526 2162 non
3556 2108 3651 2161 mi-

2056 2211 2163 2249 nus
2182 2193 2504 2249 coenobialis
2530 2212 2697 2266 quam
2718 2196 3128 2262 anachoretica,
3153 2197 3212 2251 in
3239 2197 3473 2252 modum
3492 2211 3648 2269 para-

375 2292 425 2343 et
470 2290 599 2358 fuge
639 2290 705 2341 in
747 2288 1060 2356 Egi/ptum,
1099 2291 1148 2340 et
1192 2292 1297 2341 esto
1332 2287 1413 2339 ibi
1448 2287 1583 2339 dum
1624 2288 1807 2340 dicam
1850 2288 1966 2340 tibi.
2055 2282 2161 2337 disi
2192 2282 2603 2355 quodammodo
2624 2286 2863 2339 caelestis
2894 2284 3186 2340 habitatio.
3213 2286 3353 2350 Quae
3374 2287 3471 2358 qui
3490 2301 3647 2341 nosse

376 2377 424 2432 Ο
448 2394 619 2449 quam
638 2375 957 2431 inauditum
990 2373 1271 2441 nuntium,
1296 2379 1355 2429 et
1382 2375 1721 2445 profundum
1748 2374 1971 2429 humili—
2051 2372 2305 2439 voluerit,
2338 2373 2489 2444 legat
2511 2373 2669 2428 Vitas
2698 2374 2955 2441 Patrum,
2986 2380 3040 2428 et
3067 2374 3399 2430 collationes
3419 2390 3638 2439 eorum;

314 2468 317 2471 ’
372 2466 509 2522 tatis
537 2465 855 2537 negotium!
904 2463 980 2518 Ut
1006 2462 1076 2518 de
1105 2479 1214 2534 quo
1244 2464 1457 2518 dudum
1482 2463 1762 2534 Propheta
1787 2463 1967 2517 ﬁdelis
2049 2461 2187 2515 satis
2218 2461 2551 2533 abundeque
2580 2462 2815 2517 clarebit
2853 2463 3139 2517 Christum
3175 2479 3289 2518 non
3320 2464 3423 2518 abs
3451 2481 3512 2518 re
3556 2464 3648 2517 de-

369 2555 649 2611 cecinerat
668 2572 683 2611 :
704 2537 952 2619 Domine,
965 2553 1251 2620 refugium
1273 2557 1333 2605 tu
1353 2554 1533 2620 factus
1552 2569 1603 2605 cs
1624 2554 1775 2606 nobis
1790 2552 1959 2618 (Psal.
2046 2550 2326 2605 scendisse
2352 2551 2412 2605 in
2432 2551 2874 2624 ABgyptumjmo
2899 2551 3175 2622 gemitum
3195 2569 3396 2608 eorum
3426 2552 3645 2607 audisse

372 2660 596 2710 Lxxxlx,
622 2644 691 2713 1).
716 2647 790 2707 et,
820 2642 960 2696 Deus
986 2646 1166 2694 noster
1196 2641 1479 2707 refugium
1511 2646 1559 2693 et
1587 2643 1766 2694 virtus
1799 2643 1960 2710 (Psal.
2052 2640 2149 2711 qui
2163 2639 2504 2695 vexabantur
2520 2641 2760 2695 terrenis
2776 2640 3130 2711 operibus,et
3142 2641 3648 2697 descendisselibe-

371 2746 497 2800 XLV,
524 2730 598 2803 1),
619 2729 924 2801 Egyptum
952 2728 1071 2800 ipse
1099 2744 1201 2801 per
1228 2728 1421 2799 fugam
1440 2734 1761 2799 asportatus
1788 2729 1969 2784 intra-
2050 2745 2178 2783 rare
2207 2746 2337 2795 eos;
2391 2734 2456 2783 ut
2502 2735 2705 2797 essent,
2739 2730 3033 2784 Pharaone
3081 2728 3398 2798 submerso,
3430 2730 3646 2785 liberati

370 2826 475 2876 ret.
499 2820 871 2891 Nequaquam
900 2817 1074 2888 igitur
1096 2821 1257 2871 vacat
1282 2832 1317 2870 a
1336 2817 1623 2888 mysterio,
1648 2818 1797 2889 quod
1818 2819 1967 2873 refu-
2045 2819 2182 2889 jugo
2212 2817 2512 2885 servitutis,
2545 2819 2641 2889 qui
2685 2819 2858 2873 tantis
2888 2818 3348 2876 tribulationibus
3376 2825 3435 2876 et
3471 2835 3647 2892 angu-

369 2904 527 2981 gium
553 2907 818 2980 fugiendo
847 2906 990 2978 petit
1023 2906 1357 2976 Egyptum;
1392 2905 1538 2976 quod
1574 2905 1769 2974 virtus,
1805 2907 1969 2977 quasi
2048 2907 2173 2961 stiis
2200 2907 2615 2978 premebantur.

369 2998 574 3055 timore
598 2995 873 3069 perculsa,
895 2995 1116 3049 videtur
1132 2992 1436 3061 inﬁrmari;
1466 2994 1613 3065 quod
1635 2999 1963 3050 cunctorum
1987 3055 2026 3070 Α
2127 3001 2311 3061 I40
2334 2998 2611 3051 Futurum
2642 3005 2715 3051 est
2758 3000 2928 3065 enim,
2959 2997 3145 3069 inquit
3186 2999 3557 3070 evangelista,
3587 3001 3647 3051 ut

368 3055 694 3160 praesidium
721 3055 931 3155 migrat
956 3082 1027 3139 ad
1057 3086 1350 3137 extraneos
1374 3055 1692 3154 per-fugam
1718 3083 1960 3155 elapsus.
1983 3055 2027 3116 θ’
2050 3055 2507 3155 Ηεῖοιῖεξᾳυδναι
2523 3101 2763 3155 puerum
2781 3088 2855 3140 ad
2868 3055 3209 3155 perdendum
3225 3055 3374 3143 eum}.
3399 3055 3648 3160 Angelus

369 3176 558 3244 Forte,
586 3174 730 3230 sicut
774 3178 941 3227 natus
987 3175 1074 3226 est
1113 3176 1179 3225 ut
1206 3176 1530 3242 corruptam
1558 3171 1969 3243 redintegraret
2051 3173 2202 3227 enim
2249 3174 2490 3242 Domini,
2528 3175 2674 3245 quod
2707 3176 2957 3229 Herodes
3001 3176 3191 3230 dolose
3234 3176 3562 3232 insidiando
3590 3192 3648 3231 se

369 3270 654 3331 naturam,
684 3263 764 3317 sic
815 3277 1067 3334 quoque,
1124 3264 1189 3315 ut
1237 3259 1466 3330 fugaces
1519 3260 1636 3315 suis
1683 3267 1970 3315 revocaret
2048 3265 2384 3337 promiserat
2411 3282 2539 3319 eum
2578 3266 2962 3333 adoraturum,
2997 3268 3197 3338 aperit,
3232 3273 3290 3322 et
3337 3273 3651 3340 praemonet

370 3352 658 3425 exemplis,
682 3350 919 3421 aufugit.
955 3350 1341 3421 Praecepturus
1365 3364 1609 3420 namque
1630 3355 1775 3404 erat:
1800 3348 1863 3403 Si
1880 3366 1967 3405 vos
2049 3371 2119 3410 ex
2148 3353 2375 3409 consilio
2399 3355 2919 3426 transportandum,
2948 3371 3116 3427 quem
3134 3356 3228 3409 ille
3255 3356 3651 3413 fraudulenter

364 3445 639 3515 persecuti
672 3443 890 3511 fuerint
932 3442 996 3493 in
1046 3455 1164 3493 una
1212 3440 1448 3505 civitate,
1481 3439 1656 3507 fugite
1703 3441 1767 3492 in
1791 3442 1967 3493 aliam
2048 3443 2326 3498 tractabat
2352 3444 2423 3497 ad
2453 3443 2863 3515 perimendum.
2898 3443 2985 3498 Ex
3013 3461 3122 3516 quo
3150 3445 3403 3516 profecto
3447 3447 3646 3519 liquet,

370 3532 585 3603 (Matth.
623 3548 675 3599 x,
714 3528 822 3599 23).
859 3526 1038 3595 Unde,
1072 3526 1121 3581 si
1148 3525 1418 3581 fortitudo
1448 3543 1508 3581 se
1536 3526 1842 3582 differendo
1870 3543 1962 3582 re-
2045 3533 2193 3604 quod
2230 3533 2453 3587 fraudes
2482 3538 2539 3587 et
2566 3533 2900 3600 simultates,
2933 3539 3101 3604 atque
3123 3550 3317 3589 omnes
3346 3536 3468 3590 doli
3499 3551 3648 3590 nun-

367 3626 555 3676 servat
577 3619 649 3675 ad
677 3617 922 3692 potiores
946 3617 1219 3671 virtutum
1240 3632 1469 3686 agones,
1497 3621 1554 3670 et
1572 3616 1958 3673 universorum
2044 3638 2212 3694 quam
2242 3622 2457 3677 lateant
2484 3622 2670 3677 oculos
2706 3622 2905 3677 divinae
2948 3623 3279 3693 majestatis.
3313 3623 3538 3680 Idcirco
3568 3625 3652 3678 vi-

367 3709 615 3766 defensio
643 3706 1101 3778 subterfugiendo
1132 3705 1377 3760 declinat
1404 3705 1474 3760 ad
1504 3711 1815 3773 extraneos,
1847 3723 1960 3761 non
2042 3727 2168 3766 rum
2186 3712 2555 3782 sanguineum
2572 3715 2630 3765 et
2648 3711 2903 3765 dolosum
2915 3710 3123 3781 passim
3136 3711 3415 3768 Dominus
3434 3713 3649 3768 abomi-

367 3800 535 3856 debet
584 3800 834 3854 humana
878 3795 1152 3868 fragilitas
1196 3795 1501 3850 temeraria
1542 3796 1855 3867 procaciter
1892 3796 1961 3850 de
2043 3806 2230 3866 natur,
2266 3807 2323 3854 et
2355 3800 2413 3855 in
2451 3800 2712 3855 fasciculo
2750 3799 2947 3854 divinae
2977 3800 3207 3854 ultionis
3236 3801 3476 3856 involvit
3507 3822 3518 3857 :
3551 3805 3649 3857 Ac-

365 3889 573 3945 virtute
593 3905 697 3943 sua
731 3891 917 3954 κιο
935 3900 1292 3957 praesumere,
1318 3884 1416 3939 sed
1443 3901 1667 3955 semper
1696 3885 1753 3939 in
1778 3885 1962 3959 omni-
2044 3893 2175 3958 cipe,
2220 3888 2422 3960 inquit,
2450 3906 2692 3958 puerum
2729 3897 2777 3943 et
2820 3895 3056 3943 matrem
3091 3894 3226 3958 ejus.
3260 3889 3408 3945 Hinc
3437 3891 3648 3962 Joseph

364 3977 490 4045 bus,
507 3977 656 4049 quod
672 3974 1013 4030 fructuosius
1033 3974 1124 4041 sit,
1146 3973 1576 4044 diligentissime
1594 3980 1957 4044 pertractare.
2043 3992 2156 4036 non
2185 3978 2344 4049 quasi
2373 3979 2630 4045 maritus,
2655 3978 2754 4032 sed
2782 3979 2932 4033 velut
2960 3978 3227 4033 nutritius
3257 3993 3322 4032 ac
3348 3985 3547 4035 custos
3566 3980 3650 4035 in-

363 4068 512 4121 Nam
539 4066 690 4119 Deus
736 4062 885 4134 quod
924 4061 1070 4131 fugit
1113 4061 1417 4128 hominem,
1452 4064 1787 4118 sacramenti
1832 4064 1955 4130 fuit,
2041 4067 2230 4122 fantiae
2271 4067 2572 4123 Salvatoris
2614 4068 2674 4122 in
2702 4067 2973 4122 comitatu
3011 4066 3357 4135 adsciscitur,
3390 4075 3453 4124 et
3490 4086 3648 4125 como

363 4170 477 4209 non
502 4152 745 4207 timoris.
770 4149 914 4215 Quia
930 4164 1098 4203 nemo
1116 4150 1394 4207 Occultum
1418 4150 1638 4220 patitur
1664 4152 1808 4207 inire
1835 4169 1962 4207 con-
2042 4157 2342 4212 mendatur
2369 4157 2420 4211 ei
2449 4157 2721 4211 servanda
2740 4156 3049 4228 virginitas.
3082 4157 3260 4211 Nocte
3288 4162 3487 4213 autem
3518 4158 3648 4214 ideo

362 4241 599 4308 dictum,
624 4239 720 4312 qui
743 4254 908 4294 suum
927 4237 1141 4292 mulis
1161 4238 1565 4315 vultmandare
1584 4240 1957 4311 triumphum,
2040 4244 2275 4313 tollitur,
2307 4252 2371 4302 ut
2413 4263 2513 4318 per
2554 4247 2659 4301 hoc
2700 4246 3056 4301 commendet
3083 4246 3269 4316 qualis
3308 4247 3395 4300 vel
3428 4253 3649 4318 quanta

362 4336 534 4404 atque
577 4328 893 4429 exemplum
932 4325 1220 4430 pugnandi
1265 4325 1504 4427 posteris
1548 4327 2219 4430 derelinquerencaﬁgo
2257 4336 2605 4391 inﬁdelitatis
2660 4341 2870 4390 terram
2898 4335 3149 4390 Judaeum
3187 4334 3645 4393 obtenebrasset.

360 4422 558 4492 Neque
577 4417 729 4473 enim
757 4420 995 4472 mortem
1022 4414 1186 4487 fugit,
1212 4415 1307 4487 qui
1327 4414 1471 4470 mori
1492 4423 1737 4472 venerat.
1761 4418 1957 4491 Neque
1975 4414 2021 4430 "
2040 4424 2182 4489 Quia
2200 4425 2467 4481 nimirum
2491 4426 2661 4481 corda
2684 4424 3008 4480 Judreorum
3028 4440 3142 4479 non
3167 4424 3322 4479 aliud
3345 4442 3524 4497 quam
3542 4443 3647 4484 cae»-

360 4510 637 4567 humanas
660 4506 894 4562 insidias
910 4503 1147 4577 expavit,
1170 4504 1267 4578 qui
1288 4509 1437 4561 totas
1459 4504 1664 4561 diaboli
1683 4508 1956 4565 versutias
2037 4513 2223 4570 citatis
2259 4531 2367 4570 nox
2404 4514 2713 4587 premebat.
2747 4514 2890 4569 Hinc
2919 4513 3096 4585 igitur
3121 4520 3285 4568 nocte
3314 4515 3470 4580 exiit,
3506 4518 3649 4588 quia

360 4605 419 4656 et
444 4597 672 4652 fraudes
697 4599 927 4651 venerat
954 4593 1193 4666 aperire,
1221 4599 1278 4649 et
1324 4595 1641 4667 superando
1669 4598 1955 4670 potentius
2037 4604 2250 4660 occulte
2288 4621 2388 4676 per
2414 4604 2606 4675 fugam
2649 4603 2719 4659 ad
2748 4603 3141 4676 illustrandam
3183 4603 3494 4675 Egyptum
3539 4605 3646 4661 de-

357 4687 661 4746 revincere.
713 4684 995 4757 Scriptum
1047 4683 1255 4757 quippe
1310 4691 1433 4739 erat
1484 4702 1495 4738 :
1564 4685 1691 4743 Non
1753 4689 1954 4744 occides
2036 4693 2268 4749 scendit.
2289 4674 2445 4749 Cum
2474 4674 2603 4749 vero
2642 4693 2772 4749 hinc
2805 4674 3141 4760 reascehdit,
3167 4674 3350 4764 neque
3379 4710 3515 4764 nox,
3546 4711 3646 4752 ne-

355 4793 569 4849 agnum
591 4779 656 4831 in
685 4779 821 4831 lacte
839 4776 1039 4829 matris
1058 4789 1169 4828 sua:
1192 4773 1384 4840 (Exod.
1410 4787 1567 4842 xxm,
1606 4773 1705 4846 19).
1728 4776 1799 4832 Et
1824 4777 1952 4834 ideo
1984 4784 1997 4795 '
2035 4799 2144 4855 que
2170 4783 2291 4837 dies
2317 4782 2669 4839 describitur.

354 4867 642 4942 provisum
668 4880 739 4919 ne
766 4863 927 4919 ﬂeret
970 4862 1030 4917 in
1058 4867 1305 4934 experto,
1340 4863 1491 4935 quod
1536 4863 1653 4932 diu,
1685 4865 1815 4921 licet
1857 4884 1951 4922 oc-
2107 4872 2169 4927 Ut
2189 4874 2607 4942 adimpleretur,
2622 4872 2825 4945 inquit,
2841 4872 3206 4943 quoddictum
3223 4874 3640 4930 estaDomino:

350 4956 520 5024 culte,
554 4953 898 5027 perhibitum
941 4951 1127 5007 fuerat
1166 4951 1226 5005 in
1268 4952 1558 5024 mysterio.
1611 4954 1952 5011 Moliebatur
2030 4960 2113 5016 Ea:
2134 4960 2374 5030 Egi/pta
2420 4966 2606 5016 vocavi
2651 4964 2837 5030 ﬁlium
2868 4977 3072 5017 meum.
3104 4961 3186 5016 De
3227 4962 3644 5034 adimpletione

350 5045 504 5103 enim
527 5043 762 5101 callidus
786 5058 1101 5115 persuasor,
1133 5046 1198 5095 ut
1226 5041 1433 5096 Christi
1461 5049 1779 5116 susceptam
1802 5062 1947 5118 prie-
2031 5050 2258 5122 quidem
2280 5050 2680 5122 prophetarum
2696 5053 2816 5123 jam
2836 5068 3010 5124 supra
3026 5052 3415 5107 tractavimus.
3435 5052 3558 5107 Sed
3579 5057 3641 5107 et

348 5136 566 5192 veniret
589 5133 905 5200 infantiam,
930 5136 987 5186 et
1017 5130 1237 5186 virtutis
1284 5132 1405 5202 ejus
1450 5133 1785 5206 anticiparet
1812 5136 1945 5191 insi-
2027 5156 2177 5196 nunc
2200 5140 2327 5195 ideo
2365 5140 2572 5210 fugisse
2600 5141 2859 5207 dicimus,
2892 5147 2958 5195 ut
2993 5141 3134 5211 legis
3164 5141 3365 5196 veritas
3396 5149 3641 5197 consta-

347 5225 500 5297 gnia.
531 5226 657 5281 Jam
696 5222 930 5278 forsitan
972 5226 1226 5276 senserat
1254 5221 1512 5293 quaedam
1541 5225 1943 5297 pr0phetarum
2024 5235 2132 5297 ret,
2166 5230 2472 5302 prophetiae
2491 5230 2629 5285 fides
2656 5230 2905 5297 daretur,
2925 5231 3183 5285 Psalterii
3211 5230 3635 5300 testimonium,

345 5314 608 5370 vaticinia
625 5314 685 5367 in
704 5330 769 5368 eo
789 5309 1104 5382 adimpleri.
1121 5310 1284 5364 Haud
1313 5310 1549 5366 dubium
1573 5313 1708 5384 quin
1728 5315 1945 5372 intelle-
2025 5319 2249 5391 quando
2277 5319 2453 5374 David
2481 5336 2644 5374 verus
2667 5318 2814 5390 fugit
2840 5336 2874 5374 a
2900 5319 3038 5375 facie
3067 5320 3201 5375 Saul
3228 5321 3396 5392 regis,
3431 5322 3642 5375 ﬁrma;-

344 5408 505 5462 xerat
525 5404 688 5475 juxta
714 5400 852 5457 illud
882 5399 1165 5472 prOphetze
1203 5418 1215 5453 :
1249 5402 1584 5469 Priusquam
1606 5419 1749 5472 puer
1774 5408 1935 5461 sciret
2021 5414 2198 5464 retur.
2234 5409 2393 5465 Unde
2422 5414 2479 5464 et
2505 5409 2778 5464 Dominus
2809 5426 2820 5461 :
2858 5411 3072 5465 Necesse
3101 5415 3219 5464 erat
3249 5412 3480 5481 impleri
3506 5427 3641 5481 qua:

343 5509 534 5575 vocare
556 5496 775 5563 patrem
819 5494 920 5544 aut
943 5493 1198 5556 matrem,
1232 5488 1539 5543 secundum
1568 5491 1934 5551 humanitatis
2015 5502 2220 5570 scripta
2261 5505 2421 5554 erant
2449 5501 2514 5553 in
2561 5503 2670 5569 lege
2699 5505 2749 5555 et
2785 5500 3059 5571 prophetis
3090 5504 3140 5554 et
3179 5501 3413 5569 psalmis
3441 5499 3512 5553 de
3545 5515 3641 5555 me

344 5582 660 5649 infantiam,
680 5583 959 5638 virtutum
986 5580 1246 5649 accepisse
1267 5580 1544 5648 Damasci,
1567 5586 1615 5635 et
1641 5586 1817 5651 spolia
1834 5584 1936 5643 Sa-
2016 5588 2164 5662 (Luc.
2192 5601 2343 5657 xm,
2377 5586 2492 5661 44).
2525 5587 2632 5647 Ubi
2674 5595 2866 5648 autem
2911 5590 3019 5647 hoc
3063 5588 3333 5661 scriptum
3379 5589 3471 5657 sit,
3508 5588 3636 5649 fre-
