3966 6206
226 369 314 429 lii

996 373 1378 432 EXPOSITIO
1418 378 1497 433 IN
1534 375 1983 434 MATTHEUM.
2027 406 2091 416 —
2131 374 2267 430 LIB.
2311 375 2382 442 II,
2426 375 2582 430 CAP.
2623 377 2695 432 II.

3380 378 3483 440 142

218 500 456 567 quenter
497 496 754 551 omnium
817 496 1191 570 interpretum
1234 500 1579 556 clarissimus
1635 508 1807 575 atque
1826 506 1996 574 Aret,
2020 518 2090 554 ne
2119 497 2401 554 laberetur
2426 516 2455 553 e
2483 499 2837 557 manibus.Et
2855 501 2979 557 ideo
2995 502 3249 559 fortassis
3263 504 3481 560 duobus

214 584 629 641 eruditissimus
658 587 938 658 interpres
970 595 1165 643 noster
1200 593 1461 658 testatur,
1501 592 1670 662 juxta
1701 593 1808 646 He-

219 674 466 729 braicam
491 676 784 730 veritatem
816 676 964 747 quod
993 677 1050 731 in
1094 678 1236 733 Osee
1260 679 1530 750 scriptum
1563 681 1802 751 legatur.

213 762 485 818 Nonnulli
530 770 741 832 tamen,
786 765 930 820 sicut
967 782 1070 821 nec
1110 766 1231 838 ipse
1264 768 1522 839 denegat,
1564 786 1630 824 ex
1665 770 1807 825 libro

212 854 614 920 Numerorum,
633 853 852 908 dicente
881 854 1130 923 Balaam,
1148 856 1253 910 hoc
1279 864 1569 929 sumptum
1594 875 1809 914 asseve-

212 948 361 997 rant.
393 943 541 997 Nam
576 947 634 997 et
662 943 720 997 in
759 942 1041 1014 aliquibus
1076 944 1355 1001 codicibus
1383 948 1803 1019 prophetarum,

210 1032 291 1086 Es:
313 1033 542 1100 ngpto
564 1035 748 1086 vocavi
785 1034 929 1109 ﬁlios
960 1050 1119 1101 meos,
1152 1052 1297 1106 saepe
1323 1034 1625 1103 invenitur,
1659 1037 1807 1109 quod

210 1120 393 1190 magis
413 1120 644 1175 omnino
665 1120 794 1175 ﬁliis
815 1108 990 1176 Israel
1018 1122 1086 1176 de
1116 1123 1437 1194 captivitate
1461 1126 1810 1180 venientibus

209 1209 491 1263 convenit.
522 1210 631 1264 Sed
657 1225 760 1264 nos
786 1209 1016 1266 beatum
1052 1213 1453 1283 evangelistam
1485 1220 1542 1268 et
1571 1214 1809 1269 Hebrai-

208 1314 333 1353 cam
380 1298 672 1370 sequimur
717 1298 1031 1368 veritatem,
1084 1302 1428 1373 amplissime
1476 1305 1808 1359 conﬁtentes

209 1388 359 1459 quod
408 1386 480 1440 de
527 1387 770 1455 Christo,
809 1389 915 1443 etsi
944 1389 1094 1444 aliud
1121 1390 1418 1461 signiﬁcet,
1454 1397 1511 1447 et
1537 1392 1809 1464 praesagio

207 1476 619 1547 prophetarum
640 1482 790 1531 recte
809 1478 1087 1532 credatur.
1104 1480 1254 1534 Vcru
1262 1486 1509 1535 mtamen
1525 1498 1590 1535 ex
1606 1482 1811 1535 Nume-

207 1566 285 1619 ris
333 1567 441 1620 hoc
480 1572 771 1638 sumptum
812 1583 933 1621 esse
982 1568 1222 1636 videtur,
1270 1575 1327 1624 et
1363 1574 1616 1625 astruere
1661 1570 1810 1641 quod

208 1655 438 1725 legitur,
461 1655 610 1709 sicut
628 1656 841 1710 dictum
871 1662 957 1711 est
983 1673 1018 1710 a
1039 1657 1450 1724 Domino.Quia
1470 1660 1517 1714 si
1539 1658 1608 1714 ab
1623 1660 1811 1730 aliquo

209 1748 537 1798 sanctorum
582 1744 1005 1816 prophetarum,
1053 1752 1117 1801 ut
1158 1746 1337 1814 aiunt,
1391 1748 1633 1802 relatum
1663 1755 1813 1803 esset

1890 606 2019 644 eum
2040 594 2260 643 constat
2288 588 2623 644 sustinuisse
2650 590 2831 657 annis,
2872 608 2942 646 ne
2992 592 3136 648 forte
3167 591 3481 665 quibusque

1888 679 2241 734 delitesceret
2286 679 2659 748 argumentis.
2709 680 2823 733 Aut
2850 685 3001 736 certe
3031 682 3127 753 qui
3171 681 3329 737 missi
3359 682 3481 737 fue-

1888 774 2037 834 rant,
2069 766 2296 821 tandem
2334 782 2624 821 morarum
2664 767 2850 822 causis
2886 769 3158 840 explicitis
3197 770 3483 825 interdum

1889 856 2333 912 renuntiassent.
2374 855 2483 910 Sed
2506 856 2640 910 dum
2656 872 2759 927 pro
2772 862 2925 911 certo
2947 875 3007 912 se
3027 859 3301 930 comperit
3318 859 3481 914 delu-

1889 962 2035 1011 sum,
2079 951 2115 1010 l
2133 950 2258 1012 ,ιω
2290 943 2492 998 occidit
2520 960 2713 998 omnes
2742 961 2945 1016 pueros
2974 947 3071 1017 qui
3095 952 3257 1001 erant
3284 947 3342 1001 in
3382 948 3485 1002 Beo

1889 1035 2220 1099 thlehem,et
2238 1032 2295 1086 in
2318 1031 2576 1087 omnibus
2590 1033 2794 1088 finibus
2815 1036 2864 1105 ej
2873 1051 2937 1089 us
2955 1051 2988 1089 a
3008 1034 3223 1090 bimatu
3238 1040 3296 1090 et
3312 1035 3484 1091 infra.

1889 1123 1946 1178 A
1965 1122 2179 1177 bimatu
2209 1121 2435 1187 scilicet,
2452 1138 2516 1175 ex
2531 1138 2640 1191 quo
2655 1127 2872 1178 constat
2888 1124 3110 1178 stellam
3127 1126 3479 1196 apparuisse,

1890 1228 2068 1283 usque
2091 1211 2161 1265 ad
2191 1227 2426 1281 puerum
2458 1210 2624 1265 unius
2655 1212 2853 1265 noctis.
2894 1212 3269 1285 Quoscunque
3309 1213 3485 1285 igitur

1889 1301 2059 1371 hujus
2084 1300 2354 1371 temporis
2374 1316 2676 1371 puerorum
2702 1300 2917 1355 lactans
2937 1303 3288 1357 concluserat
3324 1308 3479 1371 aetas,

1890 1389 2095 1444 idcirco
2119 1388 2369 1459 jugulari
2398 1388 2678 1460 pracepit,
2713 1394 2779 1443 ut
2806 1389 2863 1444 in
2893 1390 3049 1445 nullo
3079 1407 3139 1444 se
3165 1391 3483 1446 dissimula-

1892 1484 1979 1533 ret
1996 1479 2043 1531 si
2064 1483 2212 1532 esset
2228 1479 2498 1548 cujusque
2509 1478 2705 1547 gratize
2727 1478 3010 1545 ﬁlius,nisi
3023 1478 3205 1533 modis
3224 1479 3483 1534 omnibus

1890 1567 2039 1621 infra
2069 1566 2174 1621 hoc
2204 1566 2448 1638 spatium
2469 1566 2927 1637 comprehensus,
2948 1567 3148 1622 saltem
3180 1567 3329 1622 inter
3356 1567 3483 1640 plu-

1892 1658 2069 1711 rimos
2093 1661 2408 1710 necaretur.
2438 1656 2647 1711 Omnes
2666 1657 2843 1727 igitur
2861 1655 3083 1724 occidit,
3108 1662 3171 1711 ut
3198 1674 3345 1713 unus
3369 1675 3484 1713 non

1895 1746 2182 1817 effugeret.
2218 1744 2327 1800 Sed
2358 1746 2553 1815 quanti
2583 1762 2780 1799 eorum
2820 1752 3027 1814 essent,
3059 1763 3174 1800 non
3202 1746 3363 1802 facile
3392 1765 3485 1802 re-

211 1832 267 1885 in
299 1848 400 1886 ore
442 1833 712 1899 Matthaei,
768 1835 912 1889 sicut
939 1834 1150 1889 dictum
1203 1841 1287 1889 est
1335 1853 1436 1907 per
1470 1837 1808 1909 PrOphetam
1830 1832 2126 1908 Bperitur,
2152 1833 2256 1889 etsi
2285 1833 2660 1905 quorumdam
2689 1835 2917 1889 traditio
2946 1834 3151 1889 habeat
3163 1837 3325 1906 juxta
3341 1838 3487 1910 Apo-

210 1922 421 1976 rectius
441 1922 744 1976 diceretur.
777 1924 941 1977 Nunc
959 1928 1149 1978 autem
1168 1925 1298 1995 quia
1319 1924 1461 1979 forte
1488 1943 1553 1980 ex
1581 1928 1811 1981 Balaam

222 2018 331 2077 l4
352 2016 397 2077 ι
433 2011 642 2065 harioli
653 2011 874 2066 videtur
892 2012 1056 2066 dictis
1086 2013 1177 2067 hic
1202 2013 1496 2082 insertum,
1512 2016 1642 2086 jure
1662 2018 1811 2071 Deus

213 2105 412 2154 auctor
441 2100 613 2171 hujus
658 2101 985 2172 prophetiae,
1030 2102 1123 2173 qui
1154 2119 1256 2173 per
1299 2120 1428 2158 eum
1456 2104 1675 2159 locutus
1702 2113 1806 2172 est,

213 2186 577 2257 astipulatur.
606 2187 714 2242 Sed
746 2188 878 2259 quid
911 2189 1112 2242 horum
1144 2189 1329 2244 verius
1359 2190 1682 2252 sit,nullam
1711 2192 1811 2246 ob-

210 2275 473 2345 jectionis
533 2277 976 2331 controversiam
1030 2278 1351 2349 quaerimus.
1410 2279 1555 2348 Quia
1601 2280 1705 2335 etsi
1754 2280 1813 2335 in

216 2365 470 2435 utrisque
498 2364 635 2419 locis
666 2365 736 2420 de
774 2365 995 2421 Christo
1022 2367 1235 2421 dictum
1262 2368 1553 2440 accipitur,
1586 2370 1812 2423 eviden-

214 2452 323 2506 tius
352 2453 489 2506 inde
529 2453 807 2507 duntaxat
838 2454 967 2509 'haac
995 2456 1257 2510 ﬁrmatur
1285 2459 1538 2512 assertio.
1586 2457 1815 2512 Duobus

217 2557 459 2614 namque
487 2543 579 2597 vel
607 2542 790 2597 tribus
818 2542 1056 2598 testibus
1084 2544 1257 2599 stabit
1286 2562 1449 2600 omne
1474 2545 1724 2601 verbum.
1748 2547 1815 2601 Et

219 2632 528 2686 notandum
561 2631 713 2703 quod
753 2632 977 2700 dicitur,
1015 2633 1097 2686 Es:
1138 2636 1361 2703 Egypto
1408 2637 1595 2689 vocavi
1631 2630 1819 2703 ﬁlium.

221 2738 421 2775 meum.
455 2721 665 2791 Meum,
683 2721 1025 2792 inquit,quia
1049 2721 1294 2776 Verbum
1314 2739 1443 2778 caro
1464 2724 1673 2777 factum
1706 2728 1810 2791 est,

223 2818 272 2866 et
288 2811 608 2866 secundum
640 2811 917 2865 unitatem
937 2827 1207 2882 personae,
1241 2828 1387 2866 unus
1429 2812 1689 2884 idemque
1719 2813 1815 2868 ho-

221 2900 382 2954 minis
402 2899 575 2965 filius,
610 2904 667 2953 et
691 2900 790 2953 Dei
820 2899 1015 2971 utique
1045 2900 1305 2972 proprius
1333 2902 1667 2973 appellatur.

288 2991 445 3044 Tunc
472 2991 708 3044 Herodes
744 2992 934 3043 videns
962 2993 1108 3059 quod
1141 2995 1343 3047 illusus
1380 2999 1507 3047 esset
1541 3010 1576 3047 a
1615 2994 1810 3061 Magis,

224 3081 398 3132 iratus
424 3083 506 3132 est
534 3080 711 3132 valde.
746 3079 814 3133 Et
840 3082 1062 3133 mittens
1086 3082 1281 3134 occidit
1308 3098 1491 3135 omnes
1505 3099 1703 3151 pueros
1718 3085 1818 3151 qui

1893 1923 2139 1994 calypsin
2158 1923 2389 1976 Joannis
2417 1927 2642 1977 centum
2678 1923 3052 1994 quadraginta
3082 1931 3326 1994 quatuor
3354 1926 3484 1979 mil-

1893 2012 1970 2066 lia
2019 2011 2189 2066 fuisse
2239 2014 2415 2080 (Apoc.
2470 2027 2567 2078 vn,
2625 2010 2699 2080 5).
2754 2013 2898 2066 Nam
2946 2012 3153 2069 ibidem
3202 2030 3272 2067 ex
3332 2015 3487 2068 omni

1892 2100 2044 2157 tribu
2072 2100 2364 2155 duodecim
2408 2099 2587 2154 millia
2625 2100 2890 2171 leguntur
2922 2101 3179 2173 ascripti;
3226 2102 3315 2156 hic
3353 2119 3486 2157 vero

1890 2195 2114 2259 tantum
2144 2206 2209 2243 ex
2228 2189 2555 2243 Bethlehem
2573 2194 2742 2260 atque
2766 2191 2889 2261 ejus
2916 2190 3124 2245 finibus
3140 2208 3334 2245 omnes
3364 2208 3488 2262 per-

1892 2278 2158 2333 hibentur
2203 2278 2387 2332 occisi.
2440 2279 2656 2332 Rursus
2685 2279 2780 2333 alii
2812 2285 3137 2333 asseverant
3163 2297 3263 2351 per
3292 2280 3489 2350 viginti

1896 2368 2142 2422 locorum
2173 2367 2357 2438 spatia
2386 2367 2498 2421 duo
2528 2367 2707 2421 millia
2744 2367 3021 2423 infantum
3050 2368 3258 2424 occisos
3292 2368 3486 2437 fuisse,

1895 2457 1975 2511 ita
2002 2462 2067 2511 ut
2092 2456 2150 2510 in
2175 2456 2411 2527 singulis
2428 2456 2564 2510 locis
2583 2462 2809 2511 centum
2830 2458 3106 2529 perempti
3117 2457 3490 2522 essent.Quod

1896 2562 1999 2600 nos
2018 2561 2129 2599 non
2152 2544 2475 2598 astruimus.
2512 2545 2657 2609 Quia
2686 2546 2833 2617 quod
2860 2546 2919 2600 in
2955 2546 3259 2617 Scripturis
3280 2547 3486 2601 sanctis

1897 2650 2009 2687 non
2037 2632 2296 2703 legimus,
2323 2632 2525 2686 melius
2553 2633 2814 2702 ignorare
2836 2650 3004 2704 quam
3022 2638 3235 2690 temere
3251 2635 3487 2690 definire

1897 2721 2194 2776 credimus.
2236 2721 2355 2775 Hoc
2400 2726 2624 2775 tantum
2662 2722 2733 2775 ad
2762 2739 3005 2793 praesens
3036 2722 3298 2791 fatemur,
3340 2724 3490 2794 quod

1896 2811 2075 2865 Deum
2121 2826 2231 2863 non
2277 2809 2509 2876 lateant,
2540 2809 2633 2864 cui
2658 2814 2847 2863 omnia
2879 2811 3094 2877 vivunt,
3119 2812 3216 2883 qui
3250 2828 3353 2883 pro
3383 2812 3492 2866 Do-

1896 2900 2050 2953 mino
2079 2898 2276 2953 mortis
2314 2898 2674 2969 dispendium
2713 2898 3025 2953 subierunt.
3080 2900 3492 2972 Prmoccupavit
3547 2890 3557 2899 ’

1897 2994 2087 3043 autem
2116 2987 2356 3042 crudelis
2370 2988 2551 3058 jussio
2571 2988 2719 3058 regis
2748 3004 2941 3042 omnes
2973 2990 3111 3044 ﬁnes
3140 2990 3391 3060 ejusdem
3411 2990 3492 3044 ci-

1897 3076 2104 3143 vitatis,
2120 3078 2266 3131 sicut
2287 3081 2344 3130 et
2370 3092 2537 3131 omne
2567 3082 2789 3148 tempus
2810 3078 2958 3148 quod
2980 3078 3191 3132 dudum
3218 3078 3493 3149 exquisie-

224 3172 380 3221 erant
426 3169 494 3221 in
524 3168 848 3234 Bethlehem,
890 3172 938 3221 et
982 3171 1044 3222 in
1075 3170 1329 3224 omnibus
1381 3172 1584 3239 ﬁnibus
1613 3176 1748 3240 ejus,
1780 3186 1876 3246 ac
1898 3172 1990 3220 rat
2018 3165 2541 3236 aMagis,utneque
2560 3166 2682 3220 loco
2704 3183 2885 3238 neque
2910 3173 3164 3239 tempore
3191 3168 3489 3235 celaretur,

228 3257 433 3310 bimatu
453 3262 505 3310 et
534 3256 715 3323 infra,
735 3258 1037 3311 secundum
1070 3262 1279 3326 tempus
1308 3261 1455 3328 quod
1482 3263 1815 3329 eaquz‘sierat

225 3360 259 3398 α
283 3346 477 3413 Magis.
507 3344 702 3399 Haret
719 3345 834 3399 haec
858 3346 1157 3412 sententia,
1175 3346 1322 3418 quod
1342 3347 1539 3402 illusus
1558 3354 1643 3403 est
1656 3366 1689 3403 a
1705 3350 1815 3403 Ma-

229 3434 325 3503 gis,
345 3432 441 3488 ubi
467 3433 571 3497 ait,
596 3433 731 3505 quia
751 3451 851 3505 per
875 3435 1044 3488 aliam
1067 3435 1215 3489 viam
1255 3437 1462 3491 reversi
1492 3443 1624 3492 sunt
1648 3438 1705 3492 in
1727 3455 1817 3492 re-

230 3522 440 3592 gionem
472 3539 655 3577 suam.
673 3524 743 3578 Et
768 3523 893 3578 ideo
912 3524 1072 3578 valde
1093 3524 1271 3579 iratus
1301 3525 1523 3593 dicitur,
1543 3527 1675 3598 quia
1689 3544 1818 3582 cum

233 3618 368 3666 esset
394 3612 642 3683 primum
663 3612 734 3667 de
755 3613 1049 3667 nativitate
1078 3614 1286 3668 Christi
1318 3614 1504 3669 furore
1535 3615 1812 3684 turbatus,

236 3706 413 3770 postea
441 3701 694 3767 delusus,
736 3701 895 3756 valde
936 3702 1181 3756 ﬂammis
1210 3720 1508 3759 succensus
1546 3704 1632 3758 ira
1660 3722 1818 3759 accu-

238 3790 490 3844 mulatur.
512 3789 795 3845 Occidisse
824 3795 1013 3845 autem
1034 3807 1129 3846 eos
1151 3792 1374 3859 dicitur,
1400 3793 1532 3865 quia
1554 3794 1815 3866 praecepit

241 3877 390 3933 verbo
423 3898 435 3932 :
465 3878 664 3950 lingua
692 3879 842 3934 enim
873 3897 1008 3935 usus
1031 3886 1117 3935 est
1144 3899 1244 3953 pro
1265 3882 1472 3954 gladio.
1505 3884 1664 3939 Unde
1685 3884 1817 3939 scri-

246 3971 383 4036 ptum
407 3974 525 4023 est:
548 3969 616 4023 Et
629 3971 827 4037 lingua
846 3986 1037 4024 eorum
1054 3972 1276 4039 gladius
1304 3978 1500 4027 acutus
1519 3974 1680 4043 (Psal.
1706 3990 1813 4041 va,

247 4052 309 4123 6).
338 4056 543 4112 Omnes
571 4073 777 4130 pueros
806 4058 903 4129 qui
934 4066 1098 4113 erant
1126 4060 1185 4114 in
1216 4060 1545 4115 Bethlehem
1568 4060 1694 4116 ideo
1724 4079 1817 4117 oc-

248 4143 378 4212 cidit,
407 4151 473 4201 ut
493 4146 561 4212 is,
594 4146 692 4217 qui
729 4146 788 4200 in
820 4163 886 4201 ea
922 4147 1137 4203 dudum
1172 4155 1339 4204 natus
1363 4149 1670 4215 dicebatur,
1706 4168 1819 4206 non

250 4234 513 4306 effugeret.
546 4235 617 4290 Et
653 4252 766 4290 non
796 4236 976 4291 solum
1007 4254 1102 4292 eos
1130 4242 1370 4306 tantum,
1414 4239 1510 4311 qui
1538 4239 1597 4294 in
1623 4240 1819 4295 eadem

249 4325 435 4395 reperti
462 4330 599 4379 sunt
625 4324 886 4391 civitate;
930 4342 1121 4381 verum
1152 4327 1323 4382 etiam
1368 4334 1427 4383 et
1461 4328 1520 4382 in
1560 4329 1819 4384 omnibus

1899 3255 1996 3327 qui
2024 3255 2143 3310 sine
2171 3256 2292 3311 loco
2313 3272 2378 3310 ac
2418 3261 2673 3327 tempore
2718 3271 2846 3309 cum
2876 3263 3035 3326 patre
3064 3272 3298 3310 manens
3345 3255 3493 3311 infra

1897 3350 2120 3417 tempus
2150 3361 2216 3400 ac
2237 3346 2422 3400 locum
2442 3344 2778 3399 nascebatur
2794 3345 3003 3399 localis.
3048 3345 3208 3400 Unde
3237 3346 3494 3400 nonnulli

1899 3450 2047 3489 anno
2086 3435 2306 3506 expleto
2351 3434 2677 3501 nativitatis,
2710 3433 2896 3489 verius
2941 3434 3246 3505 opinantur
3289 3451 3493 3506 pueros

1900 3523 2198 3591 occidisse;
2222 3524 2320 3578 sed
2349 3524 2475 3578 ideo
2495 3540 2529 3577 a
2549 3523 2783 3588 bimatu,
2807 3528 2873 3578 ut
2901 3523 3048 3577 sicut
3073 3539 3493 3596 praeoccupave-

1900 3617 1990 3667 rat
2019 3612 2454 3684 circumquaque
2485 3613 2624 3666 ﬁnes
2656 3611 2929 3678 civitatis;
2971 3612 3051 3666 ita
3075 3629 3491 3684 praeoccupave-

1899 3707 1990 3756 rat
2016 3701 2166 3756 ultra
2194 3702 2475 3771 integrum
2495 3716 2707 3754 annum
2723 3701 3075 3755 tantumdem
3089 3702 3357 3772 temporis
3369 3718 3496 3773 spa-

1898 3790 2062 3857 tium,
2083 3795 2252 3862 atque
2281 3789 2427 3844 infra
2449 3789 2795 3861 praeteritum
2817 3789 2989 3843 totius
3018 3788 3199 3843 aetatis
3224 3805 3401 3860 usque
3422 3791 3493 3844 ad

1898 3896 2138 3951 puerum
2160 3879 2327 3933 unius
2356 3878 2533 3933 noctis
2561 3877 2887 3932 terminum.
2912 3878 3156 3932 Noverat
3183 3877 3359 3948 igitur
3384 3878 3495 3931 cal-

1899 3968 2203 4023 lidissimus
2234 3967 2429 4032 hostis,
2462 3965 2768 4021 divinitatis
2813 3982 3051 4038 puerum
3089 3965 3273 4020 subito
3305 3983 3493 4022 coram

1900 4057 2075 4111 oculis
2100 4057 2254 4111 velut
2281 4056 2521 4110 duorum
2549 4071 2825 4109 annorum
2856 4054 2941 4109 vel
2979 4054 3147 4109 unius
3187 4055 3365 4109 noctis
3393 4073 3495 4127 ap-

1900 4162 2099 4217 parere
2120 4145 2386 4216 potuisse,
2420 4151 2478 4199 et
2507 4149 2732 4198 mtatem
2762 4143 2849 4198 sui
2874 4144 3146 4215 temporis
3180 4145 3409 4208 celaret,
3438 4151 3497 4198 et

1902 4235 2027 4289 ideo
2043 4234 2145 4289 sub
2163 4235 2267 4288 hac
2295 4233 2632 4300 conditione,
2658 4232 2789 4287 hinc
2814 4232 2945 4287 inde
2965 4233 3233 4305 temporis
3260 4250 3323 4287 ac
3354 4234 3496 4289 Ioco-

1901 4339 2028 4378 rum
2074 4329 2263 4395 partes
2318 4339 2512 4378 omnes
2558 4322 2979 4393 praeoccupavit,
3011 4329 3076 4375 ut
3129 4322 3339 4394 absque
3380 4323 3494 4376 ullo

250 4410 430 4467 ﬁnibus
456 4415 581 4484 ejus
610 4413 1046 4487 circumquaque
1074 4421 1270 4471 tenera
1314 4423 1702 4473 matronarum
1731 4412 2165 4523 pi-Dambiguo
2207 4414 2264 4467 in
2305 4417 2545 4467 mortem
2585 4426 2714 4465 eum
2745 4427 2911 4482 quem
2944 4411 3229 4482 quaerebat
3270 4412 3495 4467 conclu-

251 4515 396 4523 _-_-
441 4503 719 4523 _‘_____‘|A__24
757 4520 777 4523 _
815 4502 919 4523 L9,“
940 4508 1025 4523 -A_-
1092 4510 1131 4523 In
1169 4505 1181 4516 ⁶
1208 4505 1299 4523 γρνμ
1388 4522 1391 4523 ,
1534 4506 1548 4523 1
1685 4510 1697 4523 Α
1908 4502 2057 4523 ,1-..-Λ

247 4515 402 4569 gnara
436 4503 724 4573 jugulavit
752 4520 788 4558 a
815 4502 1050 4571 bimatu,
1082 4510 1139 4559 et
1166 4505 1313 4559 infra
1344 4506 1652 4561 secundum
1682 4502 2078 4561 tem-"deret.

250 4602 337 4657 pus
366 4592 510 4661 quod
541 4592 883 4663 exquisierat
921 4609 955 4647 a
993 4593 1190 4664 Magis.
1243 4595 1563 4651 Secundum
1598 4602 1821 4668 tempus

250 4675 401 4746 igitur
428 4680 575 4751 quod
606 4681 948 4752 exquisierat
967 4699 1001 4736 a
1028 4683 1204 4737 stellae
1234 4685 1514 4739 nascentis
1543 4690 1689 4754 ortu,
1725 4686 1821 4741 ubi

250 4780 346 4821 non
370 4769 671 4824 verisimile
694 4770 917 4825 videtur
946 4787 1076 4826 eum
1106 4773 1459 4840 sustinuisse,
1494 4781 1559 4829 ut
1586 4792 1618 4829 e
1640 4775 1820 4831 vicino

252 4853 444 4912 duobus
471 4859 636 4913 annis
664 4860 898 4931 expletis
926 4861 998 4915 ad
1028 4877 1087 4916 se
1110 4862 1381 4918 redirent.
1414 4863 1559 4928 Quia
1580 4864 1823 4921 bimatus

254 4941 419 5001 Graece
449 4947 591 5003 duos
634 4948 918 5019 signiﬁcat
945 4965 1141 5005 annos.
1188 4951 1348 5007 Unde
1383 4952 1612 5024 quidam
1644 4954 1824 5026 suspi-

253 5042 444 5104 cantur,
472 5037 623 5109 quod
649 5037 870 5109 integro
899 5038 1208 5094 nativitatis
1243 5041 1451 5096 Christi
1475 5043 1693 5115 expleto
1718 5060 1820 5099 an-

253 5136 330 5188 no,
352 5127 602 5181 venerint
632 5144 644 5178 :
676 5127 880 5182 deinde
905 5127 1014 5183 alio
1040 5145 1187 5184 anno
1212 5135 1517 5196 transacto,
1545 5131 1740 5186 videns
1761 5149 1821 5187 se

255 5208 475 5269 Herodes
520 5214 802 5283 delusum,
834 5216 1039 5272 furoris
1088 5218 1317 5274 stimulo
1363 5236 1565 5291 pueros
1596 5221 1821 5292 jugula-

252 5298 330 5353 rit.
356 5304 432 5357 Ac
459 5321 560 5375 per
577 5305 682 5358 hoc
702 5304 973 5359 abimatu
999 5312 1056 5360 et
1082 5305 1230 5361 infra
1273 5307 1513 5363 duorum
1543 5326 1821 5365 annorum

254 5392 470 5462 tempus,
483 5394 828 5465 exquisitum
852 5393 924 5448 ab
952 5394 1032 5449 eis
1044 5395 1173 5466 jure
1195 5402 1478 5452 narratur.
1502 5398 1609 5453 Sed
1631 5403 1822 5453 tamen

253 5480 411 5550 magis
452 5498 582 5536 reor
623 5483 935 5550 fatendum,
992 5484 1139 5556 quod
1182 5484 1332 5540 idem
1377 5486 1717 5558 quibuslibet
1757 5504 1824 5542 ex

253 5565 399 5623 rebus
425 5570 637 5627 fraudis
680 5587 796 5627 sua:
846 5585 1062 5627 venena
1102 5574 1247 5629 tanti
1290 5577 1559 5648 temporis
1599 5577 1823 5632 silentio

253 5659 593 5727 messoriam;
613 5676 747 5717 eum
762 5660 1101 5735 quandoque
1129 5662 1420 5721 sollicitius
1447 5665 1824 5738 deprehende-

1979 4592 2129 4646 Tunc
2152 4593 2443 4660 impletum
2468 4596 2562 4657 est,
2578 4589 2722 4659 quod
2748 4590 2958 4643 dictum
2979 4594 3055 4643 est
3069 4606 3170 4659 per
3192 4591 3493 4647 Jeremlam

1898 4682 2223 4751 prophetam
2249 4681 2518 4735 dicentem
2550 4698 2566 4732 :
2602 4680 2707 4733 νοω
2736 4681 2799 4732 in
2828 4680 3000 4734 Roma
3028 4681 3228 4734 audita
3259 4686 3352 4748 est,
3369 4685 3495 4751 plo-

1907 4776 2067 4827 ratus
2088 4775 2136 4826 et
2166 4772 2419 4824 ululatus
2446 4771 2681 4823 multus.
2715 4768 2907 4823 Rachel
2921 4769 3154 4837 plorans
3182 4771 3326 4838 ﬁlios
3346 4787 3491 4827 suos.

1904 4858 2123 4914 Veteris
2176 4857 2403 4929 quidem
2441 4856 2678 4911 fortasse
2717 4855 3044 4910 recordatur
3065 4856 3314 4912 historiae
3336 4861 3490 4927 (Jud.

1904 4967 2010 5016 xxx,
2042 4950 2158 5017 xx),
2200 4946 2294 5001 ubi
2326 4946 2554 5017 pr0ptei‘
2599 4960 2828 4999 uxorem
2884 4944 3088 5000 Levita;
3125 4946 3495 5004 fornicatione

1904 5042 2251 5111 peremptam
2274 5035 2581 5090 secundum
2606 5050 2904 5089 numerum
2925 5033 3218 5089 duodecim
3242 5036 3495 5094 tribuum

1902 5128 1961 5182 in
1981 5124 2275 5182 duodecim
2296 5128 2486 5196 partes
2516 5123 2771 5189 divisam,
2786 5122 2969 5176 omnis
2991 5123 3164 5177 Israel
3190 5130 3227 5189 Ι
3244 5130 3369 5190 43
3390 5126 3496 5180 tri-

1899 5216 2037 5272 bum
2066 5212 2381 5285 Benjamin,
2408 5218 2612 5283 praeter
2637 5217 2918 5266 trecentos
2946 5211 3112 5276 viros,
3148 5229 3370 5267 omnem
3396 5231 3494 5269 us-

1904 5323 2013 5378 que
2040 5305 2110 5359 ad
2130 5302 2566 5357 internecionem
2586 5300 2807 5355 delevit.
2828 5300 3077 5365 Quorum
3098 5301 3192 5373 qui
3211 5303 3499 5375 superfue-

1903 5400 2034 5450 rant
2053 5395 2303 5466 ploratus
2322 5396 2378 5444 et
2402 5390 2652 5445 ululatus
2673 5405 2774 5444 vox
2789 5395 2951 5444 tanta
2970 5407 3148 5462 usque
3171 5391 3497 5451 Ramaduo-

1906 5484 2120 5540 decimo
2151 5480 2415 5537 milliaria
2444 5479 2515 5533 ab
2546 5478 2874 5534 Bethlehem
2894 5478 3087 5534 audita
3104 5490 3494 5554 exaggeratur,

1905 5581 1971 5629 ut
1993 5570 2347 5645 hyperbolice
2376 5568 2584 5625 Rachel
2607 5570 2727 5639 jam
2766 5573 2993 5623 mortua
3019 5566 3260 5623 dolentis
3293 5571 3499 5628 afiectu

1905 5662 2051 5720 filios
2076 5662 2212 5718 ﬂere
2235 5659 2473 5717 dicatur.
2501 5657 2660 5715 Unde
2688 5656 2956 5714 nimirum
2982 5671 3086 5726 per
3105 5658 3209 5713 hoc
3234 5656 3305 5712 de
3326 5658 3496 5715 Chal-

3018 5906 3031 5933 ι
