3966 6206
438 287 543 344 143

1201 286 1257 339 S.
1300 268 1677 340 PASCHASII
1716 279 2074 337 RADBERTI
2115 280 2417 335 ABBATIS
2456 279 2944 335 CORBEIENSIS.

3601 285 3699 343 144

437 413 576 469 (Ιξείς
592 412 802 467 texitur
814 410 1065 477 historia,
1085 410 1234 481 quod
1254 408 1456 463 similis
1478 412 1627 462 esset
1653 407 1723 461 ab
1747 407 1828 461 eis
1858 404 2029 477 priori
2048 405 2421 467 Alacerantes
2451 406 2656 459 vertice
2685 405 2867 459 crines
2887 405 3274 474 trahebantur,
3300 414 3358 462 et
3379 410 3529 464 nuda
3559 426 3702 464 rum

438 501 585 560 cladi
616 502 824 574 populo
855 500 1181 556 Judaeorum
1209 498 1401 552 futura
1427 495 1685 551 vastatio.
1719 495 1826 550 Sed
1850 494 2030 549 verius

435 591 724 648 revelante
753 590 969 662 Spiritu
997 593 1210 655 sancto,
1242 604 1344 658 per
1370 586 1598 640 beatum
1628 584 2028 655 evangelistam

437 680 741 753 prophetia
787 679 858 734 de
905 694 1041 733 nece
1080 692 1386 749 puerorum
1436 674 1728 745 accipitur,
1763 672 1860 744 qui
1902 672 2029 727 caesi

434 774 570 825 sunt
592 785 693 842 pro
713 768 955 835 Christo,
988 765 1242 838 quamvis
1270 765 1343 819 ad
1376 768 1681 834 utrumque
1712 778 1868 817 more
1903 776 2029 833 pro-

432 859 640 933 phetiai
672 857 868 913 referri
900 873 1064 929 posse
1092 872 1207 911 non
1231 854 1536 925 incongrue
1573 852 1847 907 videatur.
1886 851 2029 905 Hinc

434 964 569 1021 ergo
598 952 750 1003 recte
775 945 1000 1013 dicitur,
1019 945 1169 1016 quod
1195 949 1330 999 tunc
1348 943 1643 1014 impletum
1664 941 1755 1006 sit,
1780 940 1929 1012 quod
1948 938 2029 994 di-

432 1042 589 1093 ctum
605 1041 691 1092 est
704 1052 806 1108 per
817 1034 1122 1091 Jeremiam
1136 1033 1470 1106 prophetam
1493 1031 1771 1086 dicentem
1798 1048 1809 1084 :
1846 1031 1953 1085 Vox
1965 1031 2027 1083 in

429 1129 605 1182 Rama
629 1127 830 1180 audita
852 1129 947 1179 est.
963 1123 1109 1189 Quia
1125 1122 1395 1177 nimirum
1418 1121 1523 1175 etsi
1547 1120 1619 1175 ad
1638 1118 2028 1174 imminentem

428 1214 813 1288 captivitatem
826 1212 1150 1269 Iudaeorum
1162 1227 1346 1267 sermo
1366 1208 1677 1282 prophetiae
1692 1207 2029 1279 respicit,ta-

427 1319 561 1359 men
586 1303 647 1358 in
675 1319 742 1358 eo
767 1302 921 1357 velut
955 1318 1021 1356 ex
1047 1299 1269 1368 umbra,
1302 1298 1551 1371 corporis
1577 1297 1802 1364 veritas,
1834 1295 2026 1351 futura

425 1391 643 1448 scilicet
659 1391 836 1446 caedes
855 1390 1158 1445 infantium
1175 1389 1593 1462 pronuntiatur.
1611 1387 1679 1441 Et
1697 1386 1823 1440 ideo
1843 1385 2025 1439 adim-

426 1481 645 1552 pletum
670 1496 793 1535 esse
823 1478 1048 1546 dicitur,
1069 1477 1218 1549 quod
1249 1478 1467 1531 interea
1483 1490 1662 1548 usque
1679 1474 1814 1529 dum
1842 1474 2021 1541 ﬁeret,

426 1569 745 1642 legentibus
789 1569 944 1624 velut
986 1567 1357 1638 semiplenum
1407 1564 1659 1637 jacebat;
1702 1563 1835 1635 quia
1872 1562 2021 1635 quod

422 1663 559 1714 tunc
572 1657 632 1714 in
650 1658 842 1714 littera
859 1657 942 1712 rei
956 1661 1128 1728 gestae
1141 1671 1342 1710 sonare
1363 1652 1835 1720 videbatur,a1iud
1855 1652 2021 1723 longe

2111 493 2320 564 pebant
2347 500 2573 565 pectora
2606 513 2619 562 ;
2644 495 2867 565 quando
2896 494 3221 565 lacrymosis
3247 513 3424 567 genas
3446 499 3704 570 rigabant

2111 582 2402 651 imbribus,
2423 590 2480 638 et
2501 588 2685 638 totum
2699 583 2997 638 infeliciter
3014 601 3216 656 corpus
3237 587 3353 641 suis
3378 588 3703 644 sauciabant

2112 672 2430 742 unguibus:
2482 673 2705 744 quando
2754 689 2866 726 non
2912 673 3098 728 minus
3128 680 3317 746 patres
3364 694 3429 731 ac
3475 685 3698 746 matres,

2111 776 2279 832 quam
2309 766 2367 815 et
2395 761 2578 816 omnis
2605 762 2861 832 cognatio
2883 778 3078 817 eorum
3106 781 3237 819 suas
3264 765 3573 821 tendebant
3591 768 3702 838 pal-

2108 866 2248 918 mas,
2282 855 2340 904 et
2370 850 2581 905 dabant
2620 851 2854 907 lamenti
2877 870 3039 908 voces
3076 853 3135 908 in
3165 854 3387 909 coelum.
3433 856 3696 927 Nunquid

2110 955 2221 994 non
2251 943 2443 994 tantus
2472 940 2684 994 clamor
2707 942 2960 997 omnium
2991 948 3049 997 et
3076 943 3316 998 crudelis
3345 944 3554 1000 Christi
3582 960 3703 1018 per-

2108 1029 2320 1084 secutio
2352 1028 2423 1082 ab
2451 1029 2711 1084 omnibus
2748 1036 2971 1102 poterat
2994 1049 3107 1087 non
3138 1033 3326 1087 venire
3363 1033 3421 1088 in
3455 1035 3702 1090 caelum?

2106 1119 2258 1174 Num
2288 1124 2344 1174 et
2362 1136 2464 1174 vox
2491 1121 2782 1191 sanguinis
2804 1126 3089 1177 tantorum
3110 1128 3332 1195 poterat
3350 1125 3515 1181 silere
3535 1143 3703 1199 super

2108 1213 2339 1275 terram,
2372 1226 2501 1264 cum
2545 1225 2648 1264 vox
2682 1212 2976 1282 sanguinis
3002 1211 3140 1267 Abel
3189 1214 3259 1267 ad
3288 1215 3469 1268 Deum
3496 1215 3703 1271 clamet

2106 1298 2175 1352 de
2201 1299 2430 1352 terrain
2457 1299 2696 1354 ccelum?
2723 1300 2840 1354 Vox
2870 1300 3046 1371 igitur
3060 1301 3119 1355 in
3137 1302 3315 1357 Rama
3325 1302 3491 1374 digne
3507 1304 3703 1359 audita

2106 1391 2224 1454 est;
2273 1387 2406 1458 quia
2435 1387 2493 1442 in
2525 1404 2720 1443 eorum
2750 1389 2934 1460 specie
2960 1406 3139 1460 genus
3169 1391 3441 1459 omnium,
3472 1393 3567 1463 qui
3596 1410 3698 1464 pro

2109 1476 2332 1531 Christo
2360 1476 2583 1548 passuri
2609 1482 2788 1544 erant,
2822 1479 3227 1549 ﬁgurabantur.
3272 1481 3432 1536 Unde
3470 1498 3573 1537 nec
3596 1483 3700 1538 im-

2102 1565 2325 1632 merito,
2375 1565 2508 1620 dum
2559 1565 2661 1621 sub
2708 1583 2807 1621 ara
2832 1566 2933 1621 Dei
2961 1584 3088 1622 cum
3142 1570 3358 1624 caeteris
3400 1570 3703 1627 initiantur

2102 1654 2377 1722 mansuri,
2414 1655 2584 1709 etiam
2603 1655 2661 1710 in
2682 1672 2874 1711 eorum
2905 1656 3150 1723 vocibus,
3184 1658 3421 1713 dicimus
3445 1661 3704 1717 omnium

422 1747 680 1803 futurum
709 1723 988 1804 occultius
1006 1742 1388 1819 promittebat.
1408 1743 1554 1800 Nam
1581 1743 1779 1809 Rama,
1794 1757 1903 1813 quo
1933 1740 2020 1794 di-
2040 1723 2425 1798 Bsanctorum
2471 1745 2783 1817 Martyrum
2820 1762 2981 1801 voces
3026 1747 3085 1801 in
3131 1747 3338 1815 Rama,
3380 1749 3594 1805 scilicet
3641 1751 3705 1806 in

423 1837 573 1894 citur
593 1853 697 1892 vox
718 1837 975 1909 ploratus
1001 1840 1059 1889 et
1095 1834 1346 1889 ululatus
1384 1831 1720 1897 resonuisse,
1764 1846 1879 1885 non
1923 1846 2020 1884 no-

420 1942 555 1982 men
581 1925 689 1981 loci
717 1930 916 1998 putare
939 1924 1228 1991 debemus,
1255 1922 1351 1995 qui
1378 1926 1465 1977 est
1484 1923 1649 1993 juxta
1672 1919 1847 1987 Gaba,
1876 1918 2017 1974 duo-

421 2015 655 2081 decimo,
689 2019 756 2070 ut
784 2013 918 2082 dixi,
950 2013 1125 2069 ferme
1152 2011 1415 2067 milliaria
1444 2027 1477 2065 a
1513 2009 1877 2075 Bethlehem;
1919 2007 2017 2062 sed

418 2105 600 2161 Rama
627 2107 900 2160 excelsum
926 2100 1290 2175 interpretari
1328 2101 1624 2155 doctorum
1661 2097 1823 2152 dictis
1848 2113 2017 2168 quam

418 2210 567 2266 saepe
594 2192 918 2266 probamus.
949 2192 1069 2246 Vox
1095 2190 1272 2262 igitur
1298 2189 1357 2244 in
1375 2188 1557 2244 Rama
1591 2187 1785 2242 audita
1806 2190 1909 2253 est,
1941 2184 2017 2239 vi-

417 2283 623 2338 delicet
662 2281 723 2336 in
756 2281 987 2336 excelso.
1022 2279 1166 2346 Quia
1191 2278 1450 2351 planctus
1493 2275 1809 2347 lugentium
1853 2274 2016 2345 longe

414 2371 643 2443 lateque
671 2386 943 2426 resonans
971 2386 1073 2442 per
1100 2366 1593 2440 exaggerationem
1621 2365 1692 2419 ad
1722 2365 1902 2419 Deum
1927 2380 2017 2418 us-

416 2476 526 2533 que
554 2461 614 2515 in
642 2461 844 2516 caelum
874 2458 1211 2531 pervenerit.
1240 2456 1467 2511 Diverse
1494 2470 1738 2525 namque
1766 2452 1826 2507 in
1866 2452 2013 2507 Scri-

412 2549 596 2622 pturis
642 2549 870 2616 sanctis,
919 2564 1023 2603 vox
1060 2546 1320 2601 clamoris
1363 2545 1423 2600 in
1465 2544 1679 2599 excelso
1729 2541 1802 2598 ad
1847 2559 2012 2597 aures

412 2638 625 2694 scilicet
646 2638 750 2693 Dei
768 2636 1028 2692 altissimi
1055 2634 1260 2690 dicitur
1285 2633 1597 2706 pervenire,
1626 2632 1772 2687 sicut
1801 2632 2011 2687 clamor

409 2727 626 2801 peccati
656 2727 806 2799 quod
829 2725 1044 2798 jugiter
1079 2729 1211 2779 ante
1244 2725 1425 2779 Deum
1456 2728 1653 2778 contra
1680 2721 2007 2793 delinquen-

407 2821 499 2873 tes
526 2816 754 2872 clamat.
782 2816 865 2871 De
884 2830 994 2886 quo
1027 2813 1301 2869 Dominus
1331 2829 1346 2865 :
1379 2812 1603 2869 Clamor
1643 2812 2007 2867 Sodomorum

409 2906 562 2961 venit
579 2907 653 2960 ad
687 2921 776 2959 me
806 2904 959 2971 (Gen.
986 2916 1141 2970 xvuI,
1172 2900 1284 2973 20).
1314 2901 1383 2956 Et
1400 2900 1535 2955 alibi
1563 2901 1858 2972 propheta,
1878 2915 2007 2954 cum

2102 1832 2422 1887 coelestibus
2464 1834 2582 1903 jam
2616 1834 2818 1889 audiri.
2853 1836 2921 1889 Et
2954 1835 3080 1890 ideo
3118 1852 3232 1891 non
3268 1837 3552 1893 modicum
3590 1838 3703 1895 fuit

2098 1921 2403 1993 prophetae,
2436 1922 2581 1976 tanti
2602 1922 2857 1995 mysterii
2885 1930 3254 1991 sacramenta,
3290 1925 3421 1981 licet
3441 1926 3701 1996 obscure,

2100 2010 2425 2082 diligentius
2452 2011 2826 2083 praesignare:
2854 2018 2919 2067 ut
2960 2014 3106 2069 sicut
3133 2014 3191 2068 in
3230 2014 3340 2068 illis
3362 2016 3483 2085 jam
3511 2033 3699 2087 genus

2098 2099 2349 2154 omnium
2379 2117 2481 2172 pro
2507 2101 2729 2155 Christo
2754 2107 3068 2174 martyrum
3083 2102 3438 2174 signabatur:
3469 2105 3551 2160 ita
3564 2123 3703 2162 sane

2097 2188 2155 2242 in
2185 2189 2393 2243 Rachel
2440 2190 2623 2260 ﬁgura
2661 2190 2834 2245 totius
2863 2191 3123 2247 Ecclesiae
3166 2192 3440 2263 plorantis
3482 2194 3543 2249 in
3591 2196 3702 2251 hac

2095 2277 2236 2332 valle
2265 2278 2642 2350 lacrymarum
2670 2279 2987 2351 expressius
3012 2297 3113 2351 pro
3133 2280 3250 2335 suis
3275 2286 3697 2338 monstraretur

2097 2365 2311 2420 occisis.
2361 2367 2489 2421 Mox
2534 2367 2709 2438 igitur
2739 2367 2990 2438 Virginis
3028 2374 3193 2440 partu
3242 2369 3425 2424 editus
3470 2372 3692 2427 mundo

2098 2455 2354 2510 Christus
2380 2456 2659 2527 apparuit,
2693 2473 2724 2510 a
2754 2456 3107 2528 passionibus
3141 2458 3315 2530 ccepit
3342 2478 3353 2513 :
3388 2459 3523 2530 quia
3552 2461 3696 2518 dum

2093 2542 2217 2617 ipse
2235 2545 2683 2617 persecutionem
2702 2546 3265 2617 patitur,sanctorum
3281 2547 3534 2605 omnium
3550 2565 3686 2620 per-

2093 2634 2306 2689 secutio
2335 2634 2393 2687 in
2420 2651 2485 2689 eo
2514 2635 2784 2690 nimirum
2813 2635 2967 2689 velut
2989 2652 3055 2690 ex
3085 2636 3358 2707 praesagio
3382 2637 3689 2708 ﬁguratur.

2091 2723 2270 2795 Super
2298 2740 2465 2795 quem
2493 2723 2586 2778 isti
2616 2724 2842 2795 proprio
2867 2724 3113 2795 primum
3134 2742 3332 2780 cruore
3352 2726 3695 2783 dedicantur

2088 2812 2159 2866 ad
2168 2812 2753 2878 victimam,uttenera
2764 2813 2946 2867 adhuc
2956 2819 3014 2868 et
3030 2814 3247 2869 lactans
3257 2815 3495 2870 infantia
3508 2818 3693 2873 totius

2091 2900 2358 2972 corporis,
2376 2901 2553 2956 donec
2573 2901 2765 2956 omnia
2781 2901 2887 2955 viri
2907 2902 3139 2974 perfecti
3158 2902 3412 2958 membra
3422 2904 3482 2960 in
3501 2922 3689 2961 unum

407 3000 639 3069 peccata
661 2993 855 3067 populi
892 2995 1390 3048 commemorasset
1421 3008 1431 3043 :
1466 2990 1680 3056 Nonne,
1705 2989 1910 3060 inquit,
1940 2990 2005 3045 in
2099 2995 2283 3056 [45
2312 2990 2664 3060 colligantur,
2693 2990 2920 3045 initium
2942 2991 3351 3062 signiﬁcantius
3369 2993 3686 3050 exhiberet.

408 3086 645 3140 auribus
677 3085 907 3140 Domini
940 3081 1164 3136 sabaoth
1208 3084 1341 3134 sunt
1384 3079 1493 3134 hac
1521 3081 1750 3134 omnia?
1780 3078 1908 3146 (Isa.
1948 3094 1999 3145 v,
2021 3081 2065 3142 ί]
2086 3077 2604 3149 Igiturocciduntur
2623 3078 2864 3134 infantes
2877 3080 3010 3134 dum
3025 3080 3692 3155 Christusinfansquaeri-

407 3172 578 3245 9.)Fit
592 3172 782 3246 itaque
794 3176 853 3226 et
867 3187 1063 3227 eorum
1082 3169 1311 3236 clamor,
1334 3167 1431 3240 qui
1445 3171 1778 3239 paupertate
1796 3166 1998 3232 vexati,

406 3262 480 3318 ab
508 3261 857 3318 exactoribus
900 3258 1201 3314 crudeliter
1227 3257 1589 3329 affliguntur;
1627 3256 1715 3310 vel
1741 3261 1892 3311 certe
1929 3254 2005 3309 vi-

407 3351 651 3408 duarum
692 3355 751 3406 et
795 3348 1156 3422 pupillorum,
1191 3346 1411 3418 quoties
1436 3345 1647 3417 injuste
1674 3344 2002 3417 opprimun-

403 3445 523 3496 tur.
546 3439 707 3496 Unde
734 3439 1007 3495 Dominus
1045 3455 1057 3490 :
1098 3436 1575 3504 Vociferabuntur,
1607 3434 1810 3507 inquit,
1831 3435 1905 3488 ad
1918 3450 2002 3488 me

413 3533 479 3585 in
506 3535 760 3600 tempore,
773 3533 824 3583 et
854 3544 946 3596 ego
967 3527 1268 3580 exaudiam
1284 3528 1581 3580 clamorem
1595 3540 1786 3578 eorum
1804 3522 1995 3592 (Exod.

403 3632 542 3687 xxn,
578 3616 695 3690 23).
746 3615 838 3672 Fit
871 3621 930 3670 et
952 3614 1055 3670 sub
1080 3631 1181 3669 ara
1207 3613 1309 3669 Dei
1339 3613 1550 3668 clamor
1571 3615 1893 3666 sanctorum
1918 3611 2000 3666 in-

402 3707 764 3764 terfectorum
813 3709 1043 3778 propter
1070 3701 1301 3759 verbum
1336 3701 1457 3771 Dei,
1489 3706 1546 3756 et
1591 3704 1820 3773 propter
1846 3700 2000 3757 tosti-

401 3797 657 3854 monium
685 3795 835 3869 quod
859 3793 1086 3863 habent,
1118 3809 1359 3866 quorum
1392 3791 1623 3862 sanguis
1667 3790 1875 3845 eﬁ‘usus
1912 3795 1998 3844 est

402 3903 575 3959 super
591 3892 825 3941 terram.
856 3885 939 3940 De
960 3883 1162 3956 quibus
1181 3881 1379 3937 beatus
1413 3881 1658 3935 Joannes
1692 3879 1753 3933 in
1782 3880 2000 3950 Apoca-

400 3974 549 4047 lypsi
570 3991 673 4030 sua
696 3974 783 4042 (vi,
824 3970 948 4042 10):
983 3974 1050 4026 Et
1077 3972 1397 4026 clamabant
1421 3984 1543 4023 voco
1566 3984 1774 4037 magna
1813 3971 1995 4033 144

400 4062 635 4118 dicentes
659 4080 675 4114 :
702 4060 977 4130 Usquequo
995 4062 1216 4112 sanctus
1233 4063 1281 4111 et
1297 4072 1478 4122 verus,
1504 4073 1619 4111 non
1629 4057 1854 4125 judicas
1869 4071 1997 4109 san-

400 4152 631 4220 guinem
660 4152 914 4202 nostrum
944 4147 1007 4200 de
1036 4147 1121 4199 his
1134 4147 1235 4214 qui
1260 4145 1515 4199 habitant
1546 4147 1611 4198 in
1636 4148 1787 4198 terra
1808 4144 1987 4198 ?Nam

402 4242 463 4294 et
480 4253 581 4291 vox
603 4234 893 4307 sanguinis
916 4232 1058 4289 Abel
1083 4238 1280 4288 contra
1309 4231 1448 4307 Cain
1475 4232 1545 4285 de
1566 4236 1722 4286 terra
1751 4232 1994 4289 clamare

2083 3171 2196 3221 tur.
2206 3167 2276 3222 Et
2290 3167 2349 3222 in
2375 3167 2587 3230 eisdem
2600 3168 2915 3224 infantibus
2929 3170 3182 3225 nascitur
3194 3171 3377 3226 forma
3393 3173 3682 3244 martyrii,

2083 3255 2181 3310 ubi
2221 3256 2395 3311 totius
2436 3257 2691 3312 Ecclesiae
2738 3256 2977 3313 infantia
3020 3258 3333 3316 mirabilius
3363 3260 3686 3319 dedicatur.

2083 3345 2161 3399 Ex
2187 3362 2296 3418 quo
2327 3345 2537 3400 sensim
2564 3346 2819 3401 membra
2850 3348 3098 3419 corporis
3137 3354 3411 3420 parantur
3452 3350 3687 3409 Christo

2082 3434 2408 3501 conformia,
2445 3435 2622 3490 donec
2647 3452 2841 3490 omnes
2870 3436 2930 3491 in
2958 3454 3282 3493 mensuram
3308 3439 3686 3511 plenitudinis

2081 3523 2204 3594 ejus
2220 3524 2279 3577 in
2298 3524 2481 3579 virum
2500 3527 2805 3595 perfectum
2832 3526 2902 3580 ad
2921 3526 3295 3583 aeternitatem
3319 3531 3676 3599 regenerati,

2081 3613 2314 3668 celerius
2347 3630 2728 3669 occurramus.
2762 3614 2830 3669 Et
2859 3614 2985 3670 ideo
3010 3614 3242 3683 Rachel,
3277 3634 3399 3689 quae
3432 3622 3544 3673 ovis
3570 3621 3685 3675 Dei

2080 3700 2303 3769 dicitur,
2339 3702 2596 3756 videlicet
2623 3702 2831 3758 Christi
2860 3704 3120 3771 Ecclesia,
3139 3706 3269 3775 jure
3290 3711 3513 3761 teneros
3540 3724 3684 3764 suos

2079 3795 2261 3844 morte
2288 3797 2606 3862 peremptos
2636 3792 2895 3863 deplorat
2928 3810 3123 3864 agnos.
3156 3795 3355 3866 Neque
3394 3797 3685 3854 consolari

2077 3879 2196 3933 vult
2222 3879 2282 3933 in
2325 3880 2768 3950 praesentiarum,
2812 3885 2948 3952 quia
2978 3899 3089 3937 non
3117 3889 3276 3949 sunt;
3321 3884 3419 3939 sed
3444 3902 3682 3943 omnem

2077 3982 2239 4021 suam
2265 3984 2442 4040 spem,
2474 3974 2532 4023 et
2558 3971 2955 4026 consolationis
2998 3972 3269 4042 gaudium
3297 3975 3369 4029 ad
3399 3979 3681 4033 aaternam

2076 4056 2412 4112 transmittit
2428 4057 2618 4125 vitam,
2650 4063 2715 4113 ut
2738 4059 2835 4113 ubi
2865 4076 2959 4116 eos
2979 4061 3215 4134 recipiat
3242 4062 3409 4119 beata
3432 4064 3680 4121 immor-

2076 4145 2295 4201 talitate
2340 4146 2589 4216 vestitos,
2641 4165 2780 4220 quos
2823 4149 2915 4204 hic
2965 4150 3155 4206 amisit
3202 4153 3528 4224 quambrevi
3554 4154 3686 4212 vita

2076 4235 2430 4307 exspoliatos.
2484 4237 2632 4292 Nam
2660 4237 2730 4291 de
2772 4238 2981 4293 Rachel
3028 4239 3192 4295 docet
3226 4240 3391 4297 lectio
3436 4243 3686 4300 Genesis

400 4324 629 4382 dicitur.
659 4325 845 4396 Atque
864 4322 990 4378 ideo
1017 4320 1321 4377 Dominus:
1360 4321 1423 4376 Ut
1442 4322 1647 4387 veniat,
1680 4319 1883 4392 inquit,
1904 4323 2289 4405 su-_(xr.vm,
2340 4326 2414 4395 7),
2465 4325 2562 4381 ubi
2612 4325 2710 4394 ait,
2759 4327 2909 4399 quod
2939 4334 3164 4385 mortua
3211 4335 3295 4385 est
3342 4337 3399 4385 et
3451 4333 3688 4405 sepulta.

394 4431 501 4487 per
525 4430 615 4470 vos
638 4416 820 4469 omnis
842 4413 1074 4481 sanguis
1104 4413 1312 4479 justus,
1358 4409 1458 4478 qui
1484 4410 1685 4476 e/I'usus
1712 4414 1788 4463 est
1827 4425 1993 4480 super
2011 4398 2238 4468 Dverno
2267 4418 2517 4485 tempore
2540 4415 2601 4469 in
2631 4415 2723 4469 via
2747 4398 3012 4487 Ephrata,
3046 4434 3169 4489 quae.
3194 4424 3281 4474 est
3310 4398 3682 4479 Bethlehem.

401 4510 633 4571 terram,
665 4519 702 4559 a
732 4504 1007 4571 sanguine
1029 4498 1335 4569 Abeljusti,
1367 4513 1538 4568 usque
1566 4498 1641 4553 ad
1657 4501 1992 4568 sanguinem

396 4592 680 4650 Zacharix
707 4593 819 4660 ﬁlii
844 4589 1144 4656 Barachix,
1172 4605 1335 4659 quem
1380 4588 1652 4642 occidistis
1684 4590 1835 4643 inter
1862 4593 1991 4646 tem-

388 4683 558 4753 plum
585 4686 635 4736 et
661 4684 844 4736 altare
874 4680 1023 4748 (Luc.
1054 4691 1132 4746 vx,
1161 4677 1269 4747 51).
1288 4677 1371 4733 De
1402 4691 1644 4748 quorum
1671 4677 1857 4733 medio
1885 4694 1990 4734 vox

396 4786 595 4826 eorum
623 4769 684 4825 in
713 4768 912 4835 Rama,
944 4766 1204 4822 videlicet
1228 4766 1289 4821 in
1320 4765 1553 4831 excelso,
1586 4770 1746 4821 tanto
1782 4765 1987 4821 clarius

394 4858 591 4915 audita
600 4856 939 4931 praedicitur,
962 4861 1173 4929 quanto
1187 4855 1469 4913 crudelius
1483 4854 1601 4910 vita
1612 4854 1786 4912 totius
1806 4855 1986 4911 turbae

392 4949 662 5006 innocens
689 4964 792 5021 pro
834 4963 948 5003 uno
977 4946 1232 5002 omnium
1260 4945 1634 5018 Redemptore
1665 4945 1980 5017 jugulatur.

392 5040 528 5105 Quae
557 5037 605 5094 si
624 5045 759 5094 tunc
784 5052 850 5093 ac
876 5035 925 5091 si
943 5052 1011 5091 ex
1036 5034 1388 5108 praescientia
1412 5050 1515 5089 vox
1542 5034 1653 5090 ista
1683 5033 1984 5091 infantium

322 5138 331 5147 '
389 5129 539 5184 clare
567 5126 758 5183 sonuit
784 5126 854 5181 ab
884 5124 1117 5193 excelso,
1132 5140 1260 5180 cum
1280 5123 1554 5196 propheta
1574 5124 1693 5179 haec
1719 5122 1985 5180 comebat

387 5217 451 5273 in
468 5217 691 5290 spiritu,
728 5216 894 5286 longe
923 5213 1160 5269 validius
1187 5212 1497 5279 infremuit,
1530 5229 1660 5268 cum
1689 5214 1811 5285 jam
1840 5212 1982 5268 mul-

384 5311 576 5362 torum
605 5305 783 5361 millia
806 5309 864 5358 et
886 5303 1082 5358 inanes
1102 5302 1313 5374 passim
1338 5301 1454 5357 suis
1488 5301 1795 5373 implebant
1813 5319 1980 5358 auras

385 5393 721 5468 gemitibus;
764 5393 988 5465 quando
1029 5391 1277 5462 gloriosa
1311 5391 1610 5446 infantium
1643 5392 1979 5465 acsimplex

384 5483 649 5558 puritatis
663 5483 787 5538 vitae
802 5480 972 5537 turba
984 5497 1086 5554 pro
1105 5481 1329 5538 Christo
1361 5480 1420 5535 in
1437 5485 1619 5536 morte
1645 5481 1937 5537 succubuit
1958 5500 1973 5550 ;

384 5574 610 5648 quando
639 5588 837 5655 eorum
870 5571 1123 5656 omnium
1148 5568 1448 5653 genitrices
1474 5567 1720 5627 vultibus
1747 5571 1977 5629 suffusis

2072 4502 2138 4558 In
2165 4502 2255 4557 via
2272 4520 2517 4576 namque
2544 4505 2764 4577 sepulta
2780 4511 2883 4575 est,
2899 4506 3032 4579 quia
3056 4511 3225 4581 typus
3240 4513 3364 4564 erat
3387 4510 3678 4582 Ecclesiae,
3772 4508 3775 4509 ⁷

2072 4608 2198 4664 quae
2212 4593 2463 4648 nondum
2483 4598 2570 4647 est
2588 4593 2649 4648 in
2682 4594 2886 4666 patria,
2920 4596 3021 4651 sed
3048 4596 3109 4652 in
3130 4597 3218 4653 via
3245 4614 3369 4670 quae
3402 4600 3682 4657 Christus

2071 4685 2173 4748 est,
2202 4696 2307 4752 per
2334 4697 2505 4752 quam
2532 4686 2891 4738 transeuntes
2920 4689 3075 4752 eunt,
3109 4690 3166 4740 et
3208 4685 3348 4741 ﬂent
3374 4692 3685 4758 portantes

2068 4769 2289 4825 semina
2312 4785 2434 4825 sua.
2451 4770 2702 4836 Quorum
2718 4771 2912 4846 itaque
2932 4789 3125 4829 vocem
3141 4773 3202 4829 in
3232 4776 3447 4831 excelso
3469 4793 3685 4833 ascen-

2067 4859 2219 4929 dere;
2251 4864 2307 4914 et
2327 4876 2525 4915 eorum
2552 4861 2775 4933 ploratu
2800 4862 3052 4934 quotidie
3095 4878 3263 4920 aures
3291 4865 3396 4921 Dei
3421 4865 3674 4937 pulsari,

2066 4964 2232 5004 nemo
2261 4948 2357 5020 qui
2376 4966 2510 5005 sane
2530 4950 2675 5022 sapit
2702 4956 2888 5022 potest
2916 4950 3416 5024 ambigere.Verno
3436 4970 3683 5027 quoque

2064 5039 2319 5106 tempore
2357 5035 2628 5107 sepelitur
2655 5037 2715 5091 in
2742 5037 2850 5108 via,
2879 5037 3011 5110 quia
3042 5039 3181 5095 dum
3226 5040 3318 5095 hic
3342 5040 3402 5096 in
3432 5041 3679 5097 Christo

2064 5140 2278 5191 sumus,
2327 5124 2597 5197 pariendo
2640 5125 2800 5182 illum
2840 5128 3055 5199 jugiter
3116 5129 3542 5198 mortiﬁcamur,
3608 5138 3687 5191 et

2063 5212 2424 5268 absconditur
2448 5214 2564 5269 vita
2581 5221 2794 5283 nostra,
2829 5232 3119 5289 quousque
3146 5218 3325 5290 frigus
3347 5219 3677 5275 inﬁdelita-

2060 5303 2134 5358 tis
2157 5308 2526 5375 pertranseat,
2549 5309 2615 5359 ut
2633 5321 2759 5359 cum
2790 5305 3046 5362 Christus
3074 5308 3419 5380 apparuerit,
3446 5309 3544 5381 qui
3576 5317 3689 5368 est

2063 5392 2167 5462 via,
2201 5398 2258 5448 et
2282 5393 2505 5461 veritas,
2537 5400 2594 5450 et
2623 5394 2737 5449 vita
2764 5402 2977 5464 nostra,
2993 5401 3118 5452 tum
3139 5396 3308 5453 simul
3339 5414 3473 5453 cum
3505 5414 3572 5452 eo
3601 5405 3685 5459 et

2056 5482 2166 5558 ipsi
2184 5498 2556 5557 appareamus
2574 5484 2635 5542 in
2649 5483 2851 5558 gloria.
2865 5487 3092 5544 Interea
3107 5493 3299 5545 autem
3318 5505 3422 5547 vox
3444 5488 3683 5544 clamo-

2056 5571 2137 5630 ris
2159 5571 2409 5647 quotidie
2436 5572 2708 5659 inaltatur
2728 5580 2787 5635 et
2809 5575 3064 5651 ploratus
3092 5593 3158 5636 ac
3184 5577 3371 5637 luctus
3389 5582 3675 5654 augetur;
