3966 6206
306 314 404 373 145

1092 317 1472 375 EXPOSITIO
1510 323 1589 377 IN
1628 323 2078 380 MATTHZEUM.
2123 354 2189 367 —
2228 326 2363 381 LIB.
2405 326 2477 393 ΙΙ,
2521 324 2679 380 CAP.
2722 325 2794 380 ΙΙ.

3482 323 3578 380 146

298 443 572 498 nimirum
600 445 734 516 quia
754 444 825 498 de
851 444 957 501 hoc
1002 444 1212 499 mundo
1251 460 1364 499 non
1396 461 1629 501 sumus:
1663 446 1713 502 si
1741 446 1955 508 enimA
1979 447 2323 519 designatur.
2380 448 2577 520 Itaque
2625 446 2821 504 didicit
2865 447 3132 515 Herodes,
3184 443 3438 503 Christus
3478 446 3577 504 ubi

298 533 365 588 de
386 534 606 588 mundo
618 549 892 599 essemus,
917 533 1162 588 mundus
1184 534 1333 605 quod
1353 551 1519 589 suum
1540 542 1689 591 esset
1707 536 1902 608 dilige-

296 629 400 678 ret.
433 623 600 678 Nunc
629 627 823 677 autem
854 622 1060 679 Rachel
1092 628 1302 690 nostra,
1348 624 1485 678 dum
1517 626 1668 698 parit
1701 626 1761 680 in
1790 627 1894 694 via,

293 711 592 767 tristitiam
607 712 989 784 gerit,quippe
1009 711 1142 785 quia
1156 711 1367 767 dictum
1379 717 1465 769 est
1480 714 1531 768 ei
1551 733 1563 767 :
1601 716 1689 769 Vos
1712 718 1900 785 plora-

298 803 427 855 bitis
456 808 509 855 et
528 804 747 872 ﬂebitis,
780 803 1023 856 mundus
1051 818 1175 856 vero
1204 804 1481 870 gaudebit.
1513 804 1624 859 Sed
1650 820 1777 859 mox
1804 804 1899 859 ad-

291 890 448 945 ditur
464 891 953 962 consolatio,quod
967 893 1199 947 tristitia
1218 897 1398 946 vestra
1414 897 1660 947 certetur
1677 896 1742 948 in
1759 909 1898 962 gau-

291 981 475 1034 dium.
499 980 665 1035 Unde
681 980 952 1035 nimirum
972 996 1330 1054 nequaquam
1347 982 1439 1037 hic
1457 983 1576 1037 vult
1595 983 1892 1051 consolari,

293 1069 429 1141 quia
455 1069 561 1123 ﬁlii
591 1071 715 1141 ejus
756 1087 870 1125 non
912 1076 1045 1125 sunt
1072 1070 1141 1126 de
1169 1071 1274 1126 hoc
1313 1072 1547 1137 mundo,
1596 1072 1694 1127 sed
1717 1077 1897 1128 totam

291 1173 421 1212 cum
446 1159 570 1213 suis
599 1175 667 1214 eo
711 1176 771 1213 se
813 1160 1153 1232 transponit,
1192 1160 1288 1216 ubi
1336 1160 1622 1216 Christum
1658 1178 1773 1217 sum
1811 1178 1899 1217 sa-

288 1245 508 1301 tietatis
560 1246 745 1303 cibum
789 1252 921 1302 ante
963 1265 1022 1303 se
1064 1249 1123 1304 in
1159 1250 1325 1304 domo
1376 1250 1541 1322 panis
1591 1254 1788 1305 natum
1840 1257 1898 1307 et

285 1351 523 1407 passum
550 1342 720 1408 atque
749 1338 1143 1392 resuscitatum
1162 1339 1495 1395 transmisit.
1519 1341 1744 1395 Interea
1763 1342 1898 1413 quia

286 1425 356 1479 de
377 1426 486 1480 hoc
518 1426 593 1479 ad
622 1426 918 1481 materiam
947 1444 1060 1482 sua:
1108 1429 1438 1499 quantitatis
1473 1446 1654 1501 pauca
1696 1430 1895 1485 libavi-

286 1530 434 1579 mus,
471 1520 654 1569 restat
673 1532 927 1587 quaerere
952 1521 989 1581 Ι
1006 1521 1133 1582 46
1141 1519 1303 1588 juxta
1320 1518 1634 1585 historiam,
1657 1537 1894 1591 quomo-

286 1602 355 1657 do
388 1603 605 1658 Rachel
636 1603 780 1657 ﬁlios
801 1604 978 1670 Iudae,
999 1604 1055 1658 id
1086 1611 1172 1659 est
1194 1606 1544 1674 Bethlehem,
1577 1608 1737 1678 quasi
1762 1624 1893 1663 suos

284 1692 503 1764 ploret;
540 1692 789 1763 profecto
814 1709 941 1747 cum
971 1711 1036 1748 ex
1065 1711 1133 1748 ea
1157 1701 1323 1750 natus
1366 1702 1453 1750 est
1480 1696 1796 1767 Benjamin,
1831 1699 1891 1753 in

1984 540 2041 591 et
2077 536 2301 608 quando
2328 536 2589 604 venisset,
2621 552 2725 591 nec
2760 541 2953 591 tamen
3002 553 3133 591 eum
3178 541 3482 591 veneratur
3509 542 3575 592 ut

1984 626 2288 693 Christum,
2326 642 2509 698 neque
2551 626 2701 681 unde
2746 626 2819 680 sit
2848 625 3133 697 intelligit,
3184 632 3285 681 aut
3313 626 3447 698 quid
3474 644 3571 682 ve-

1981 714 2131 770 nerit
2158 714 2486 787 qualiterve,
2510 714 2735 786 penitus
2753 731 2866 769 non
2892 714 3148 786 requirit.
3175 715 3266 770 Sic
3295 721 3354 772 et
3379 731 3575 770 omnes

1978 801 2446 874 iniqui,membra
2465 802 2723 858 videlicet
2749 802 2980 871 inimici,
3004 804 3259 875 quamvis
3287 803 3577 859 Christum

1978 891 2118 946 false
2172 892 2482 959 nominent,
2539 909 2643 947 nec
2689 892 3030 963 intelligunt,
3088 910 3191 949 nec
3231 898 3575 949 venerantur

1977 980 2165 1052 digne,
2218 998 2323 1036 nec
2368 981 2683 1054 requirunt,
2734 982 2831 1036 sed
2883 987 3299 1054 persequuntur
3344 1000 3473 1039 eum
3511 982 3574 1038 in

1976 1069 2243 1125 membris
2271 1069 2408 1140 suis,
2440 1076 2498 1127 et
2512 1087 2681 1143 prave
2707 1070 2959 1140 vivendo,
2991 1071 3261 1129 recedunt
3276 1073 3491 1145 procul,
3515 1076 3573 1129 et

1975 1164 2325 1215 avertuntur.

2047 1251 2312 1318 Defuncto
2339 1255 2525 1304 autem
2568 1243 2794 1317 Herode,
2823 1266 2934 1304 ecce
2958 1251 3199 1318 Angelus
3245 1250 3469 1305 Domini
3505 1253 3573 1306 in

1976 1342 2185 1393 somnis
2203 1342 2469 1409 apparuit
2496 1340 2688 1408 Joseph
2720 1341 2782 1392 in
2810 1340 3033 1407 ligypto
3055 1340 3240 1393 dicens
3272 1358 3288 1394 :
3315 1340 3492 1408 Surge
3520 1345 3572 1394 et

1976 1431 2155 1497 accipe
2180 1444 2420 1497 puerum
2449 1432 2499 1481 et
2519 1433 2756 1481 matrem
2778 1430 2912 1497 ejus,
2942 1432 2992 1481 et
3016 1428 3149 1482 vade
3176 1430 3241 1482 in
3256 1432 3466 1483 terram
3494 1430 3573 1484 Is-

1976 1520 2111 1571 rael.
2143 1516 2423 1570 Herodem
2451 1521 2641 1571 autem
2668 1515 2760 1569 hic
2800 1532 2915 1570 non
2958 1532 3089 1570 eum
3132 1515 3401 1571 debemus
3429 1516 3572 1572 acci-

1974 1622 2124 1676 pere,
2155 1622 2320 1677 quem
2342 1609 2537 1677 postea
2555 1605 2828 1659 Joannem
2842 1603 3080 1675 legimus
3094 1605 3398 1660 decollasse
3422 1623 3434 1659 :
3469 1606 3571 1661 sed

1973 1711 2103 1749 eum
2129 1694 2198 1748 de
2228 1710 2338 1766 quo
2374 1696 2495 1765 jam
2551 1710 2724 1765 supra
2768 1693 3153 1760 disseruimus,
3200 1695 3361 1767 cujus
3396 1693 3571 1749 fuisse

285 1782 447 1851 cujus
459 1781 615 1836 tribu
644 1782 799 1836 nullo
823 1784 988 1837 modo
1013 1783 1338 1838 Bethlehem
1371 1785 1565 1840 civitas
1585 1785 1884 1841 invenitur.
1915 1768 2119 1838 Bﬁlius
2134 1783 2281 1838 idem
2298 1800 2363 1838 ac
2382 1799 2670 1838 successor
2685 1799 2798 1837 non
2816 1782 3138 1854 ambigitur.
3169 1784 3331 1852 Tolle,
3359 1783 3567 1856 inquit,

285 1869 445 1933 Quod
503 1871 651 1925 forte
694 1870 916 1926 brevius
956 1872 1251 1941 referatur,
1303 1874 1439 1928 dum
1485 1875 1706 1945 sepulta
1750 1876 1888 1931 inibi

277 1960 440 2030 juxta
459 1961 797 2015 Bethlehem
824 1961 880 2015 in
904 1963 990 2016 via
1012 1962 1237 2033 legitur,
1263 1968 1327 2018 ut
1349 1980 1415 2017 ex
1435 1968 1643 2019 aeterno
1664 1981 1889 2037 corpus-

280 2051 388 2105 culi
420 2052 512 2105 sui
544 2050 789 2123 hospitio
810 2068 1016 2107 nomen
1046 2053 1246 2107 matris
1277 2054 1573 2125 acceperit.
1619 2055 1717 2110 Sin
1746 2055 1886 2110 alias

279 2137 490 2193 idcirco
520 2139 660 2195 ﬂere
707 2140 980 2208 innuitur,
1017 2142 1151 2214 quia
1176 2143 1207 2197 J
1212 2142 1325 2196 uda
1352 2148 1408 2197 et
1435 2143 1733 2214 Benjamin
1762 2144 1886 2200 duae

279 2227 460 2282 tribus
504 2230 719 2299 junctae
769 2236 931 2285 erant
964 2249 976 2286 :
1020 2231 1270 2286 Herodes
1315 2237 1505 2287 autem
1542 2239 1887 2305 praeceperat

279 2332 389 2371 non
417 2318 610 2372 solum
642 2320 701 2373 in
728 2320 1055 2374 Bethlehem
1082 2337 1287 2392 pueros
1314 2321 1655 2389 interimere,
1690 2339 1885 2378 verum

279 2412 334 2459 et
358 2406 418 2460 in
451 2407 719 2462 omnibus
756 2409 1115 2464 circumcirca
1154 2409 1359 2465 ﬁnibus
1406 2412 1547 2482 ejus,
1581 2428 1694 2484 qua
1720 2412 1884 2467 czedis

276 2497 571 2551 occasione
603 2498 768 2568 jussu
817 2498 966 2569 regis
1012 2505 1257 2570 accepta,
1300 2500 1667 2571 intelligimus
1711 2503 1884 2556 etiam

276 2581 486 2635 multos
520 2582 592 2635 de
615 2582 913 2653 Benjamin
943 2588 1123 2638 morte
1134 2584 1306 2640 fuisse
1326 2590 1664 2656 peremptos.
1690 2586 1884 2640 Plorat

274 2675 467 2725 autem
498 2670 709 2725 Rachel
739 2688 835 2726 eos
870 2672 1015 2727 ﬁlios
1042 2690 1192 2740 suos,
1226 2678 1284 2728 et
1311 2690 1424 2728 non
1452 2674 1653 2746 recipit
1682 2691 1880 2730 conso-

246 2757 569 2823 lationem,
604 2761 913 2816 secundum
941 2762 1221 2833 duplicem
1251 2762 1625 2833 quorumdam
1667 2763 1879 2819 intelli-

268 2849 555 2919 gentiam.
588 2848 715 2904 Sive
746 2850 895 2922 quod
923 2866 1017 2905 eos
1056 2850 1113 2905 in
1140 2855 1413 2906 aeternum
1442 2857 1697 2907 mortuos
1726 2854 1879 2908 aesti-

269 2943 475 2993 maret.
494 2938 625 2993 Sive
646 2939 795 3010 quod
811 2940 902 2994 hic
922 2940 1199 2995 consolari
1222 2957 1282 2995 se
1297 2941 1470 2996 nollet
1495 2942 1565 2997 de
1590 2942 1697 3009 his,
1740 2960 1880 3015 quos

267 3028 443 3081 sciret
472 3027 535 3082 in
566 3032 840 3082 aeternum
886 3044 1008 3083 esse
1054 3029 1322 3084 victuros.
1363 3031 1565 3085 Verius
1604 3037 1793 3087 tamen
1819 3032 1879 3087 in

1962 1888 2205 1942 puerum
2233 1878 2281 1927 et
2305 1877 2541 1927 matrem
2561 1876 2678 1942 ejus
2697 1892 2715 1938 ;
2747 1888 2985 1944 puerum
3005 1889 3142 1927 sane
3157 1877 3215 1927 et
3231 1888 3345 1927 non
3364 1872 3566 1941 ﬁlium,

1971 1967 2212 2016 matrem
2226 1961 2389 2033 pueri
2412 1966 2470 2015 et
2488 1978 2603 2016 non
2622 1978 2857 2016 uxorem
2877 1978 3058 2016 suam.
3084 1961 3259 2016 Porro
3286 1960 3569 2017 insomnis

1962 2049 2194 2121 jubetur
2221 2051 2424 2118 redire,
2456 2050 2603 2106 sicut
2650 2056 2707 2105 et
2750 2054 2918 2105 antea
2957 2050 3323 2122 praemonitus
3357 2055 3481 2105 erat
3505 2050 3569 2107 in

1968 2139 2198 2206 somnis,
2225 2145 2291 2195 ut
2310 2139 2369 2195 in
2384 2140 2690 2212 {Egyptum
2719 2139 3113 2207 descenderet;
3146 2138 3278 2211 quia
3302 2155 3404 2194 nec
3428 2139 3569 2196 dum

1965 2228 2186 2299 publice
2210 2228 2583 2297 revelabatur,
2615 2228 2706 2284 cui
2741 2228 2991 2300 Angelus
3035 2228 3233 2284 devote
3276 2228 3566 2285 servitutis

1967 2317 2213 2374 ofﬁcium
2240 2316 2545 2373 deferebat.

2040 2408 2296 2475 Defuncti
2312 2413 2444 2462 sunt
2460 2405 2840 2480 enim,inquit,
2860 2409 2960 2477 qui
2973 2408 3287 2478 quaerebant
3305 2410 3565 2464 animam

1958 2498 2145 2565 pueri.
2188 2495 2296 2551 Ubi
2347 2501 2498 2550 recte
2537 2495 2815 2561 innuitur,
2858 2496 3006 2568 quod
3044 2512 3177 2568 rege
3217 2496 3430 2552 crudeli
3476 2514 3567 2553 ex-

1963 2584 2186 2654 stincto,
2222 2585 2521 2656 complices
2544 2586 2669 2656 ejus
2698 2585 2845 2641 illico
2875 2585 3112 2658 periere,
3144 2585 3241 2657 qui
3264 2586 3478 2658 pariter
3501 2586 3565 2643 in

1962 2689 2157 2728 necem
2192 2673 2422 2741 Christi,
2457 2673 2679 2729 invidiae
2721 2681 2821 2730 aut
2864 2674 3102 2742 timoris,
3154 2674 3563 2730 adulationisve

1958 2763 2146 2834 gratia
2163 2766 2565 2818 tractaverunt.
2597 2763 2805 2818 Mirum
2831 2763 3027 2835 igitur,
3055 2762 3336 2834 quomodo
3347 2763 3562 2819 dictum

1959 2852 2058 2918 sic,
2102 2851 2198 2923 qui
2230 2850 2557 2923 quaerebant
2614 2852 2862 2906 animam
2900 2851 3081 2923 pueri,
3114 2867 3245 2907 cum
3284 2851 3558 2909 Dominus

1960 2940 2147 2995 dicat:
2178 2943 2359 2997 Nolite
2393 2944 2585 2996 timere
2623 2958 2707 2995 eos
2746 2944 2845 3011 qui
2881 2957 3077 3011 corpus
3118 2942 3393 3009 occidunt,
3425 2944 3561 2997 ani-

1960 3046 2112 3084 mam
2140 3036 2327 3085 autem
2357 3047 2471 3085 non
2493 3035 2724 3100 possunt
2755 3031 2993 3085 occidere
3021 3030 3236 3098 (Matth.
3264 3046 3318 3097 x,
3350 3026 3465 3099 28).
3496 3030 3560 3087 Si

266 3115 503 3182 Rachel,
536 3120 603 3171 ut
627 3117 891 3184 diximus,
912 3119 1093 3189 ﬁgura
1116 3119 1288 3173 totius
1318 3119 1573 3175 Ecclesiae
1610 3120 1875 3192 exprimi-
1893 3129 1936 3189 ο
1959 3119 2110 3174 enim
2146 3119 2334 3174 anima
2372 3118 2668 3174 invisibilis
2693 3123 2752 3174 et
2787 3118 3165 3192 impalpabilis
3211 3134 3326 3174 non
3371 3122 3560 3191 potest

265 3212 381 3260 tur.
419 3206 491 3261 Et
514 3206 644 3260 ideo
682 3223 747 3260 ex
769 3213 1007 3279 utraque
1050 3215 1212 3280 parte
1260 3208 1342 3262 illi
1388 3209 1500 3263 duo
1540 3209 1636 3264 isti
1677 3228 1876 3266 sensus

263 3295 644 3350 conveniunt:
664 3311 763 3350 seu
784 3297 931 3367 quod
950 3314 1062 3352 non
1078 3303 1302 3352 tantum
1320 3304 1641 3369 peremptos
1663 3299 1887 3355 doleat.

265 3384 376 3439 Sed
393 3402 492 3439 eos
510 3384 684 3439 etiam
699 3385 892 3456 lugere
910 3385 1198 3458 probatur,
1223 3404 1362 3459 quos
1386 3387 1631 3459 primum
1651 3389 1872 3459 genitos

262 3474 539 3539 retinere,
571 3475 658 3527 vel
686 3484 839 3529 certe
865 3476 1114 3531 nondum
1142 3476 1364 3547 genitos
1375 3493 1650 3548 generare
1674 3478 1867 3534 voluit.

263 3562 344 3617 Ex
373 3563 586 3635 quibus
614 3563 828 3618 nullam
872 3565 1073 3636 recipit
1116 3565 1576 3631 consolationem,
1609 3584 1675 3621 eo
1720 3568 1871 3638 quod

262 3658 476 3707 eterna
500 3656 685 3706 morte
698 3652 814 3707 sint
839 3653 1134 3725 perempti,
1152 3654 1284 3725 quia
1303 3670 1415 3708 non
1436 3655 1638 3709 suntin
1660 3662 1870 3711 aeterna

262 3741 554 3796 soliditate
582 3742 859 3796 mansuri.
891 3744 999 3797 Seu
1028 3743 1209 3797 noluit
1253 3744 1548 3810 consolari,
1594 3744 1728 3815 quia
1755 3762 1868 3800 non

261 3836 605 3902 supererant
629 3846 769 3901 quos
815 3830 1039 3885 dolebat
1077 3832 1313 3887 amissos
1345 3847 1359 3888 :
1410 3849 1476 3887 eo
1508 3832 1655 3904 quod
1684 3833 1743 3888 hi
1771 3834 1868 3906 qui

263 3920 478 3975 mortui
510 3919 866 3986 videbantur,
891 3921 949 3975 in
969 3920 1300 3975 aeternitatis
1320 3921 1629 3992 perfectum
1657 3928 1868 3995 marty-

261 4009 348 4063 rio
377 4013 544 4063 erant
574 4009 1187 4065 translati.Consolatio
1208 4027 1451 4082 namque
1481 4011 1551 4065 de
1578 4029 1641 4066 re
1657 4012 1867 4067 amissa

256 4100 391 4170 jure
416 4098 693 4171 quaeritur
704 4099 1040 4171 praestanda,
1064 4104 1121 4154 et
1137 4116 1248 4155 non
1270 4098 1461 4154 habita
1480 4100 1564 4155 vel
1586 4118 1860 4172 possessa.

262 4187 409 4253 Quia
435 4205 504 4243 ex
533 4193 700 4242 aucta
738 4188 1002 4243 felicitate
1040 4189 1286 4260 profecto
1330 4189 1603 4261 gaudium
1640 4198 1864 4246 internae

260 4276 386 4332 vitae
415 4276 701 4348 copiosius
721 4276 782 4331 in
801 4282 1084 4347 posterum
1104 4278 1862 4348 generatur.Verumtamem

260 4382 663 4438 quamcunque
691 4366 894 4420 horum
924 4366 1160 4437 quisque
1185 4384 1450 4421 sensuum
1479 4368 1754 4439 receperit
1781 4369 1864 4423 in-

261 4455 659 4527 telligentiam,
684 4456 957 4526 tropicam
990 4455 1325 4510 locutionem
1356 4456 1729 4512 intercurrere
1759 4475 1859 4513 ne-

262 4559 416 4599 cesse
447 4550 537 4599 est
576 4560 692 4598 non
736 4543 998 4616 refugiat.
1036 4546 1115 4599 Ac
1141 4562 1242 4617 per
1269 4545 1374 4600 hoc
1418 4546 1524 4600 etsi
1564 4546 1635 4600 ad
1682 4548 1862 4601 Rama

264 4649 443 4704 usque
502 4650 606 4687 vox
646 4634 897 4705 ploratus
943 4651 1009 4687 ex
1057 4635 1313 4705 sepulcro
1362 4634 1618 4690 Rachelis
1662 4653 1859 4706 perve-

263 4721 415 4777 nisse
458 4723 623 4793 juxta
670 4721 916 4777 litteram
958 4724 1312 4795 praedicatur,
1356 4739 1468 4778 non
1514 4724 1781 4780 abhorret
1826 4743 1861 4781 a

258 4826 410 4877 vero,
442 4811 594 4865 sicut
622 4817 681 4866 et
704 4817 983 4866 mortuam
1013 4830 1127 4867 non
1161 4811 1430 4879 fabulose,
1463 4814 1561 4868 sed
1585 4815 1859 4869 transfor-

262 4905 427 4955 mata:
442 4899 743 4955 locutionis
759 4901 943 4967 modo,
962 4906 1090 4974 apte
1120 4901 1267 4956 ﬁlios
1296 4902 1587 4957 deﬂevisse
1608 4920 1860 4975 compro-

260 4986 667 5043 batur.Melius
680 4994 868 5044 tamen
896 5006 998 5061 per
1021 4985 1255 5057 Rachel,
1275 5008 1441 5061 quam
1461 4992 1509 5045 si
1530 4992 1858 5048 Bethlehem

260 5076 458 5131 civitas
508 5078 761 5149 plorasse
812 5079 1112 5146 diceretur,
1166 5080 1386 5151 mystici
1440 5082 1624 5151 ﬁgura
1669 5098 1859 5136 sacra-

259 5167 439 5220 menti
466 5166 875 5231 introducitur;
908 5168 1040 5239 quia
1062 5186 1164 5240 per
1184 5186 1311 5223 eam
1339 5169 1397 5223 in
1424 5170 1682 5225 omnibus
1696 5172 1857 5225 sche-

258 5269 352 5307 ma
369 5254 627 5309 Ecclesiae
658 5254 869 5309 Christi
889 5255 1203 5326 legentibus
1232 5256 1482 5328 apertius
1510 5263 1683 5324 14³1
1712 5275 1859 5313 com-

262 5344 582 5399 mendatur.
615 5344 1055 5399 Commendatur
1083 5352 1272 5401 autem
1294 5364 1394 5417 per
1424 5347 1631 5401 Rachel
1650 5347 1855 5402 Christi

265 5430 513 5488 Ecclesia
539 5451 671 5489 cum
702 5450 803 5488 suo
842 5433 1023 5505 capite
1060 5435 1188 5489 hinc
1226 5436 1356 5491 inde
1396 5441 1513 5490 tam
1552 5437 1855 5491 translatos

265 5528 449 5577 morte
476 5540 645 5595 quam
670 5528 990 5594 peremptos
1018 5526 1289 5597 supplicio
1335 5525 1660 5593 deflevisse;
1712 5525 1857 5582 sicut

266 5617 327 5665 et
353 5628 455 5683 per
480 5611 760 5669 Herodem
771 5602 1025 5670 diabolus
1053 5629 1180 5671 cum
1198 5613 1315 5673 suis
1334 5614 1605 5673 membris
1632 5614 1856 5688 penitus

1890 4409 1940 4467 D

1958 3208 2132 3263 occidi
2147 3209 2320 3264 armis
2338 3208 2463 3264 istis
2472 3209 2778 3281 "corporeis,
2800 3208 3081 3280 quomodo
3103 3212 3254 3263 recte
3281 3208 3555 3280 quaeritur

1956 3296 2026 3350 ad
2047 3297 2415 3368 perdendum,
2432 3298 2748 3370 praesertim
2764 3314 2892 3352 cum
2905 3297 2979 3352 sit
3000 3301 3126 3369 post
3142 3296 3355 3353 exitum
3368 3297 3555 3353 carnis

1955 3385 2122 3440 etiam
2154 3386 2536 3441 immortalis?
2561 3387 2669 3442 Sed
2700 3386 2950 3441 animam
2978 3386 3070 3441 hic
3094 3386 3426 3459 simpliciter
3453 3392 3554 3445 aut

1952 3491 2055 3546 pro
2083 3476 2203 3531 sola
2230 3492 2395 3531 carne
2431 3476 2642 3547 posuit,
2683 3480 2785 3531 aut
2811 3480 2983 3544 certe,
3017 3475 3168 3547 quod
3196 3475 3375 3548 magis
3400 3493 3549 3543 reor,

1952 3580 2055 3634 pro
2101 3565 2217 3619 vita
2262 3565 2561 3637 praesenti;
2617 3565 2751 3637 quia
2804 3581 3212 3637 nonnunquam
3262 3564 3455 3620 anima
3488 3565 3552 3622 in

1953 3652 2255 3724 Scripturis
2288 3670 2389 3724 pro
2418 3653 2528 3709 vita
2562 3653 2668 3707 hac
2705 3653 3003 3725 temporali
3048 3653 3341 3725 accipitur.
3387 3653 3549 3709 Unde

1950 3745 2101 3795 recte
2126 3741 2391 3811 quaesisse
2409 3741 2657 3796 animam
2684 3741 2845 3813 pueri
2870 3746 3148 3809 censetur,
3174 3742 3271 3812 qui
3298 3758 3547 3814 praesen-

1948 3834 2066 3884 tem
2077 3837 2116 3895 ι
2132 3834 2256 3895 4S
2275 3831 2324 3900 ej
2333 3847 2398 3884 us
2409 3829 2585 3885 vitam
2596 3830 2951 3901 exstinguere
2964 3829 3359 3887 moliebantur.
3368 3830 3478 3886 Sed
3489 3835 3548 3886 et

1948 3918 2278 3985 notandum,
2302 3918 2589 3974 Christum
2609 3919 2857 3973 animam
2879 3918 3317 3989 habuisse,quod
3334 3919 3547 3991 Apolli-

1946 4007 2170 4063 naristze
2217 4007 2600 4063 contradicere
2658 4014 2950 4064 conantur.
2997 4007 3299 4063 Pluraliter
3349 4012 3545 4064 autem

1945 4096 2180 4152 forsitan
2217 4096 2342 4152 ideo
2388 4097 2670 4166 dicuntur,
2721 4097 2893 4152 etiam
2937 4102 3002 4152 ut
3043 4113 3145 4168 per
3176 4097 3283 4151 hoc
3328 4097 3546 4153 saevitia

1945 4186 2183 4242 Herodis
2203 4187 2445 4242 atrocior
2459 4192 2917 4259 pertractaretur.
2941 4187 3154 4242 Ferunt
3173 4186 3346 4251 enim,
3391 4187 3544 4259 quod

1944 4273 2093 4329 idem
2121 4276 2796 4348 priusquammoreretur,
2815 4273 3343 4347 jussitsuperfunus
3371 4290 3542 4331 suum

1945 4380 2138 4419 omnes
2164 4366 2486 4421 Iudaeorum
2506 4365 2756 4420 occidere
2784 4364 3103 4432 nobiliores,
3128 4365 3329 4420 saltem
3355 4369 3421 4421 ut
3439 4382 3542 4437 per

1944 4454 2049 4509 hoc
2067 4461 2401 4527 cogerentur
2413 4456 2441 4510 J
2449 4454 2590 4510 udaai
2607 4456 2741 4509 ﬁere
2756 4471 2820 4509 ac
2838 4454 2886 4509 si
2902 4460 3143 4510 mortem
3160 4454 3354 4525 ipsius.
3377 4454 3540 4518 Quod

1942 4542 2085 4598 forte
2116 4545 2305 4599 volens
2322 4545 2570 4615 Angelus
2596 4544 2859 4599 innuere:
2884 4545 3144 4613 Defuncti
3164 4547 3315 4610 sunt,
3330 4541 3534 4614 inquit,

1943 4635 2043 4701 qui
2070 4636 2381 4700 quaerebant
2411 4636 2666 4687 animam
2707 4636 2895 4703 pueri.
2939 4633 3185 4688 Possunt
3211 4635 3269 4686 et
3291 4647 3393 4703 pro
3426 4648 3537 4688 uno

1940 4737 2042 4791 per
2066 4722 2475 4793 synecdochen,
2503 4722 2907 4794 quamplurimi
2934 4720 3345 4793 signiﬁcantius
3389 4736 3537 4776 mor-

1939 4810 2024 4863 tui
2050 4810 2337 4882 appellari,
2379 4815 2445 4865 ut
2472 4827 2573 4883 per
2602 4812 2707 4866 hoc
2735 4811 2917 4866 omnis
2944 4811 3080 4865 ordo
3106 4814 3536 4883 persecutorum

1941 4916 2186 4954 cessasse
2202 4900 2465 4972 persequi
2478 4900 2683 4956 clarius
2694 4900 3234 4972 designaretur.Quo
3247 4898 3532 4968 defuncto,

1941 4995 2132 5044 sancta
2161 4991 2262 5045 Dei
2291 4989 2534 5046 Ecclesia
2562 4990 2620 5045 in
2646 4990 2866 5045 Christo
2906 4989 3117 5057 vivens,
3158 5005 3262 5062 per
3287 4988 3534 5062 amplius

1941 5083 1998 5133 et
2025 5078 2321 5150 perfectius
2350 5079 2422 5134 ad
2450 5080 2738 5135 cmlestem
2774 5079 3088 5134 Jerusalem
3117 5078 3365 5151 quotidie
3394 5078 3535 5134 invi-

1939 5173 2110 5222 tatur.
2144 5168 2287 5223 Hinc
2314 5184 2449 5223 sane
2468 5173 2668 5240 typum
2699 5168 2955 5223 Ecclesiae
2972 5169 3104 5239 jure
3132 5166 3528 5239 praemisimus,

1939 5257 2073 5311 dum
2100 5274 2213 5312 non
2242 5258 2408 5313 modo
2436 5257 2589 5313 illius
2609 5274 2711 5311 vox
2738 5258 2991 5328 ploratus
3030 5273 3254 5330 quoque
3278 5256 3528 5327 auditur,

1941 5364 2062 5418 quae
2082 5347 2300 5402 nullum
2328 5346 2524 5402 habuit
2544 5347 2614 5402 de
2634 5347 2860 5403 amissis
2876 5347 3007 5402 ﬁliis
3028 5347 3280 5403 dolorem
3299 5347 3422 5419 jam
3438 5347 3533 5404 de-

1910 5436 2145 5503 ’functa,
2180 5437 2277 5491 sed
2307 5437 2478 5492 etiam
2505 5454 2608 5509 per
2634 5454 2761 5493 eam
2789 5438 2959 5509 hujus
2988 5437 3243 5493 Ecclesiae
3271 5454 3381 5493 vox
3405 5454 3529 5509 qua:

1936 5527 2033 5581 diu
2081 5525 2285 5581 sterilis
2317 5528 2438 5598 jam
2491 5544 2641 5581 nunc
2695 5527 2933 5583 fecunda
2987 5526 3282 5583 sublimius
3334 5526 3530 5582 audita

1936 5615 2305 5689 signiﬁcatur.
2336 5617 2463 5675 Non
2483 5617 2634 5690 quod
2663 5633 2777 5674 non
2804 5618 2917 5675 sint
2946 5617 3043 5690 qui
3062 5632 3163 5689 per
3192 5612 3527 5687 Martyrium
