3938 6174
412 252 520 311 147
1175 248 1233 305 S.
1274 247 1654 304 PASCHASII
1691 248 2054 305 RADBERTI
2089 247 2921 308 ABBATIS'CORBEIENSIS.
3588 249 3689 308 148

415 376 624 434 mortui
649 374 1014 449 putabantur,
1035 372 1345 446 praesertim
1372 390 1497 428 cum
1528 374 1858 429 aeternitatis
1878 391 2012 445 aug—
2026 378 2076 436 Α
2096 376 2306 448 pietate
2333 375 2689 440 descendere,
2705 378 2762 428 et
2781 372 3043 427 timorem
3072 388 3138 426 ac
3159 372 3206 426 si
3222 372 3291 426 de
3309 372 3684 444 providentia,

416 472 608 522 mento
638 465 941 520 transvecti
965 464 1268 518 credantur
1295 462 1599 516 identidem
1638 463 1710 516 ad
1749 463 2008 533 gloriam.
2094 465 2315 520 monuit
2348 481 2478 519 eum
2515 464 2598 517 ire
2644 462 2702 516 in
2732 462 3019 516 Galilaeam
3063 461 3346 515 civitatem
3385 463 3687 529 Nazareth,

419 556 530 611 Sed
554 554 687 627 quia
716 572 811 609 eos
841 553 1084 608 retinere
1115 568 1228 606 non
1252 551 1429 605 valuit
1457 566 1669 616 omnes,
1712 567 1851 622 quos
1889 568 2014 622 par-
2093 570 2205 609 non
2239 558 2466 609 mutans
2509 551 2737 606 visionis
2777 554 3137 622 pmceptum,
3187 550 3285 605 sed
3333 550 3690 606 manifestius

418 644 633 711 turivit,
666 644 753 698 vel
785 643 865 698 eis
891 640 1226 714 persuadere
1273 640 1344 692 ad
1390 639 1556 693 ﬁdem
1606 640 1676 694 de
1714 641 2014 712 tyrannide
2094 644 2378 714 corrigens
2407 641 2633 714 pietatis
2661 656 2929 695 errorem.
2961 639 3121 694 Unde
3150 639 3416 701 continuo
3447 657 3692 711 evange-

420 751 562 806 quos
593 733 663 787 ad
714 732 953 804 praemia.
997 729 1246 784 melioris
1297 727 1423 783 vitae
1464 728 1678 799 jugiter
1720 729 2012 789 invitabat.
2094 733 2240 790 lista.
2274 739 2338 788 ut
2366 731 2616 803 apertius
2646 729 3065 784 commendaret
3085 728 3165 783 sic
3194 729 3366 791 fuisse
3394 729 3693 802 praedesti-

423 820 818 877 Consolatione
843 819 990 874 enim
1020 822 1166 888 eget,
1194 822 1260 871 ut
1287 817 1551 883 diximus,
1585 835 1674 872 res
1699 818 1926 886 amissa,
1961 824 2018 874 et

422 928 538 967 non
568 916 768 976 aucta;
793 908 928 980 quia
948 906 1163 961 felicius
1184 906 1579 961 transformata
1594 907 1653 961 in
1684 908 1886 962 melius
1915 925 2016 980 po-

422 1000 537 1055 tius
590 997 858 1069 gaudium
901 996 1082 1061 all'ert,
1115 1011 1286 1067 quam
1330 1012 1647 1063 maerorem,
1681 1001 1739 1050 et
1764 996 2017 1052 laetitiam

424 1086 738 1143 fruentibus
767 1085 864 1139 illa
909 1089 1217 1139 coacervat.
1255 1085 1416 1140 Unde
1452 1084 1649 1139 beatus
1678 1085 2020 1156 evangelista

426 1174 750 1247 hujusmodi
779 1174 971 1229 volens
999 1175 1334 1228 conﬁrmare
1373 1174 1633 1245 figuram,
1678 1173 2020 1229 subtexendo

427 1282 550 1337 quae
572 1268 905 1335 sequuntur,
940 1262 1159 1317 addidit
1186 1262 1376 1317 dicens
1407 1281 1419 1315 :

496 1354 743 1422 Surgens
758 1355 961 1421 accepit
986 1367 1228 1420 puerum
1248 1357 1297 1406 et
1312 1357 1549 1406 matrem
1571 1355 1706 1422 ejus,
1725 1359 1775 1407 et
1796 1355 1942 1407 venit
1963 1355 2023 1406 in

430 1451 641 1499 terram
668 1444 859 1496 Israel.
880 1440 1125 1496 Audiens
1141 1446 1327 1496 autem
1346 1443 1489 1511 quod
1510 1442 1809 1496 Archelaus
1828 1452 2025 1510 regna“-

430 1537 514 1587 ret
539 1534 603 1586 in
625 1533 815 1585 Judaea
830 1546 937 1600 pro
960 1530 1165 1584 Herode
1186 1535 1347 1600 patre
1374 1533 1691 1598 suo,timuit
1714 1534 1812 1586 illo
1832 1535 1934 1585 ire.
1959 1533 2026 1586 Et

431 1622 754 1675 admonitus
782 1622 845 1673 in
873 1622 1100 1686 somnis,
1131 1621 1339 1673 secessit
1370 1622 1433 1674 in
1471 1625 1656 1689 partes
1684 1621 1937 1676 Galilaew.
1959 1621 2025 1674 Et

2097 827 2314 889 natum,
2358 827 2396 888 |
2415 827 2542 887 50
2569 819 2775 891 adjecit
2797 819 2988 873 dicens
3021 837 3032 872 :
3658 886 3662 890 Ι

2174 912 2237 965 Ut
2256 913 2661 979 adimpleretur
2685 910 2832 977 quod
2858 911 3128 977 scriptum
3157 913 3232 962 est
3255 924 3356 977 per
3376 909 3694 978 prophetas,

2099 1003 2366 1070 quoniam
2418 1000 2721 1053 Nazaraeus
2778 999 3080 1051 vocabitur.
3129 997 3207 1052 Ex
3244 1013 3356 1068 quo
3414 998 3700 1069 colligitur

2100 1088 2255 1144 aliud
2283 1088 2443 1159 prius
2463 1086 2727 1157 angelum
2756 1102 3114 1157 nequaquam
3143 1085 3492 1158 pmcepisse,
3526 1104 3699 1159 quam

2104 1178 2251 1250 quod
2285 1178 2414 1231 hinc
2441 1176 2572 1230 inde
2602 1174 3061 1248 praedestinatum
3085 1180 3225 1229 erat.
3267 1176 3395 1230 Non
3425 1177 3580 1230 enim
3607 1192 3699 1232 re-

2104 1283 2231 1321 rum
2261 1271 2521 1320 eventum
2562 1269 2787 1319 secutus
2817 1269 2902 1318 est
2948 1265 3071 1335 ipse
3099 1280 3409 1335 processus,
3441 1265 3543 1320 sed
3567 1282 3700 1337 pro-

2105 1371 2322 1411 cessum
2349 1356 2471 1426 ejus
2502 1354 2713 1426 passim
2738 1359 3069 1407 consecutus
3098 1360 3184 1407 est
3222 1371 3411 1408 rerum
3446 1360 3699 1412 eventus.

2104 1446 2231 1499 Non
2286 1443 2616 1514 simpliciter
2645 1442 2892 1513 quidem,
2926 1446 2991 1495 ut
3033 1458 3180 1508 reor,
3228 1460 3524 1514 processus
3569 1460 3705 1515 qua-

2105 1533 2243 1588 libet
2271 1548 2568 1587 causarum
2597 1530 2781 1603 specie
2810 1531 2869 1585 in
2894 1531 3080 1601 aliquo
3104 1532 3575 1597 transformatur;
3607 1533 3703 1587 sed

2108 1622 2167 1677 in
2188 1620 2447 1675 omnibus
2474 1618 2982 1691 praedestinationis
3008 1619 3215 1674 veritas
3234 1620 3315 1673 ita
3343 1625 3508 1674 tenus
3530 1621 3708 1675 adim-

430 1711 654 1764 veniens
681 1709 950 1762 habitavit
981 1710 1045 1761 in
1069 1710 1287 1761 civitate
1323 1724 1442 1776 qua
1469 1713 1696 1762 vocatur
1724 1709 2022 1762 Nazareth.
2041 1692 2088 1750 B
2108 1711 2312 1783 pletur,
2349 1714 2411 1765 ut
2438 1709 2623 1781 typice
2658 1713 2949 1778 gestarum
2977 1708 3112 1762 ordo
3149 1708 3532 1765 doctrinarum
3565 1726 3709 1781 pene

436 1796 658 1853 Servari
704 1796 897 1868 itaque
929 1796 1176 1867 typicam
1223 1797 1563 1851 narrationis
1593 1798 1832 1867 ﬁguram
1874 1802 2026 1851 recte
2082 1799 2166 1854 .in
2198 1797 2459 1853 omnibus
2478 1799 2845 1867 ﬁguratarum
2868 1813 3056 1851 rerum
3081 1803 3436 1852 sacramenta
3457 1798 3705 1853 afferret.

435 1886 712 1952 diximus;
745 1885 878 1956 quia
910 1885 1116 1956 Joseph
1157 1887 1537 1956 apostolorum
1584 1886 1734 1956 gerit
1760 1887 2023 1958 speciem,
2110 1889 2270 1943 Unde
2320 1887 2591 1941 nimirum
2633 1886 2851 1957 parvuli
2897 1886 3141 1956 primum
3181 1886 3305 1941 ideo
3332 1887 3709 1955 trucidantur,

435 1992 676 2047 quorum
720 1974 902 2029 ofﬁcio
951 1975 1206 2029 Christus
1237 1974 1710 2030 circumferendus
1757 1981 1880 2030 erat
1905 1992 2029 2047 pas-
2111 1993 2350 2048 quorum
2408 1975 2564 2029 nulla
2615 1974 2723 2028 nisi
2768 1975 3089 2029 innocentia
3136 1976 3348 2029 exstitit
3386 1992 3593 2044 causa;
3649 1982 3715 2031 ut

414 2064 540 2120 'sim
570 2081 671 2136 per
697 2063 1016 2118 universam
1055 2064 1200 2118 hanc
1249 2063 1504 2118 maeroris
1541 2080 1606 2118 ac
1646 2064 2028 2119 tribulationis
2111 2082 2306 2120 omnes
2333 2064 2652 2134 intelligant
2671 2063 3026 2135 martyrium,
3049 2081 3230 2135 neque
3252 2082 3319 2119 ex
3338 2069 3502 2119 reatu
3533 2067 3713 2137 culpae

433 2153 758 2225 Egyptum.
805 2152 876 2206 Hi
922 2169 1052 2206 vero
1097 2158 1367 2223 tanquam
1415 2152 1677 2207 defuncto
1715 2159 1900 2219 I49
1921 2154 2029 2207 He-
2112 2159 2390 2219 constare,
2422 2168 2607 2222 neque
2636 2168 2700 2205 ex
2730 2152 2953 2219 merito,
2992 2157 3089 2206 aut
3128 2153 3244 2206 ulla
3274 2153 3564 2217 electione,
3602 2154 3715 2208 nisi

434 2243 592 2307 rode,
626 2240 902 2307 videlicet,
952 2242 1157 2312 populo
1202 2241 1546 2306 Judaeorum,
1589 2240 1692 2294 sub
1730 2242 1851 2313 ejus
1890 2242 2033 2312 regi-
2113 2259 2179 2297 ex
2224 2242 2327 2296 Dei
2371 2241 2556 2311 gratia
2610 2239 2851 2311 cuipiam
2902 2240 3218 2311 provenire.
3273 2240 3344 2295 Et
3386 2258 3583 2295 revera
3623 2242 3716 2296 hic

437 2330 590 2384 mine
616 2329 676 2383 in
714 2328 971 2400 passione
1016 2328 1237 2384 Domini
1274 2328 1622 2383 inﬁdelitatis
1644 2329 1778 2383 vitio
1818 2346 2034 2401 perem-
2114 2331 2303 2386 omnia
2327 2330 2406 2384 sic
2436 2334 2832 2393 contexuntur,
2861 2335 2925 2383 ut
2955 2334 3011 2383 et
3038 2329 3243 2383 veritas
3291 2334 3499 2400 pateat,
3541 2334 3599 2384 et
3630 2347 3718 2384 sa-

436 2423 555 2491 pto,
580 2418 788 2473 Judmis
817 2417 1124 2489 praedicare
1153 2422 1287 2470 sunt
1310 2417 1484 2483 missi,
1530 2418 1601 2471 ad
1653 2434 1792 2489 quos
1839 2417 2031 2472 Domi-
2116 2423 2534 2473 cramentorum
2555 2417 2742 2489 typica
2763 2417 3142 2488 sulfragentur
3157 2417 3396 2489 eloquia.
3422 2418 3566 2474 Hinc
3578 2435 3718 2474 sane

437 2524 546 2562 nus
570 2507 725 2561 velut
752 2507 823 2561 ad
849 2522 978 2560 oves
1005 2506 1256 2577 perditas
1281 2505 1467 2560 fuerat
1484 2507 1748 2561 directus.
1775 2507 1883 2562 Sed
1910 2524 2032 2562 ma-
2115 2508 2299 2562 adhuc
2330 2511 2517 2560 movet
2542 2506 2776 2576 aliquos,
2832 2506 2981 2576 quod
3021 2507 3199 2561 Lucas
3247 2506 3440 2574 refert,
3492 2524 3721 2568 monar-

439 2600 609 2651 nente
637 2595 994 2650 hereditario
1022 2595 1371 2650 inﬁdelitatis
1407 2596 1721 2661 dominatu,
1773 2601 2035 2651 metuunt
2115 2596 2299 2651 chiam
2328 2595 2488 2666 regni
2537 2595 2775 2649 Herodis
2821 2594 3058 2649 divisam
3093 2595 3153 2649 in
3206 2601 3448 2667 quatuor
3482 2603 3712 2667 partes:

439 2689 498 2740 et
524 2684 812 2749 recedunt,
848 2683 1120 2738 admoniti
1159 2701 1263 2755 per
1306 2684 1487 2739 visum
1526 2684 1705 2739 sancti
1751 2684 2031 2757 Spiritus;
2116 2685 2396 2758 quomodo
2427 2701 2619 2738 verum
2645 2689 2878 2751 constet,
2911 2684 3059 2755 quod
3088 2685 3294 2756 Joseph
3335 2685 3570 2740 audiens
3611 2686 3718 2740 Ar-

439 2775 648 2829 donum
678 2773 876 2844 gratiae
918 2772 977 2827 in
1016 2773 1280 2843 gentibus
1327 2775 1790 2845 contemplantes,
1840 2774 1910 2828 ad
1940 2791 2034 2828 eas
2116 2775 2373 2830 chelaum
2407 2788 2674 2842 regnasse
2699 2772 2757 2826 in
2786 2773 2997 2839 Judzea,
3019 2773 3276 2827 timuerit
3299 2773 3394 2828 illo
3416 2774 3517 2839 ire,
3534 2780 3718 2830 etnon

436 2863 788 2918 transferunt
806 2862 1090 2917 Christum
1113 2862 1245 2916 olim
1262 2862 1470 2917 Judaais
1498 2863 2035 2934 missum.Alioquin
2117 2863 2297 2934 magis
2331 2862 2389 2915 in
2436 2861 2743 2920 Galilaeam.
2790 2861 2884 2915 ubi
2923 2862 3172 2916 Herodes
3221 2862 3384 2930 alius,
3418 2862 3718 2934 Evangelio

440 2952 722 3024 quomodo
734 2951 940 3022 Joseph
959 2950 1195 3005 audiens
1210 2950 1360 3022 quod
1378 2951 1960 3022 Archelausregnaret
1976 2952 2033 3005 in
2059 3017 2093 3024 ἡ
2117 2956 2279 3016 teste,
2323 2967 2586 3021 regnasse
2625 2949 2970 3021 perhibetur.
3012 2951 3119 3006 Sed
3147 2951 3291 3006 hanc
3346 2940 3717 3023 quaestionem

440 3017 636 3095 judaea
666 3056 767 3112 pro
795 3017 1016 3094 Herode
1047 3044 1207 3110 patre
1225 3017 1360 3105 isuo,
1378 3039 1572 3094 timuit
1594 3040 1724 3093 illuc
1754 3017 1915 3105 ire,si
1938 3017 2095 3110 perC
2118 3017 2415 3111 Iosephus,
2429 3046 2487 3093 et
2513 3038 2607 3093 alii
2625 3017 3039 3111 vquamplurimi
3067 3041 3306 3107 solvunt,
3336 3017 3585 3096 dicentes
3604 3042 3720 3114 pri-

442 3128 707 3198 angelum
729 3127 1029 3181 ascendere
1057 3126 1434 3182 monebatur?
1462 3127 1731 3200 Nunquid
1754 3128 1836 3182 vir
1849 3129 2038 3198 justus
2120 3146 2276 3183 mum
2305 3128 2662 3193 Archelaum,
2696 3128 2871 3183 totius
2900 3129 3059 3199 regni
3083 3134 3211 3200 post
3238 3134 3456 3201 patrem
3485 3147 3717 3187 monar-

441 3217 647 3272 timere
676 3215 889 3282 debuit,
925 3216 1075 3287 quod
1102 3232 1205 3287 per
1235 3217 1500 3286 angelum
1530 3216 1879 3287 imperatur?
1921 3218 2040 3272 Aut
2120 3217 2303 3271 cliiam
2334 3216 2662 3288 suscepisse,
2697 3222 2866 3288 atque
2895 3217 2989 3272 illo
3034 3218 3403 3274 insolescente
3431 3219 3718 3291 dejectum

444 3305 493 3360 si
522 3304 822 3360 inﬁrmitas
853 3305 975 3375 ejus
1012 3304 1136 3369 fuit,
1173 3310 1235 3360 ut
1278 3321 1378 3375 pro
1430 3305 1762 3360 inﬁdelitate
1790 3305 2034 3360 timeret.
2119 3306 2291 3361 fuisse
2321 3323 2355 3360 a
2377 3304 2598 3361 Tiberio
2621 3322 2685 3359 ex
2713 3306 2890 3377 patris
2912 3307 3073 3374 solio,
3099 3307 3452 3380 divisumque
3476 3325 3719 3379 regnum

445 3393 726 3466 quomodo
756 3410 951 3450 rursus
980 3398 1045 3448 ut
1074 3393 1135 3447 in
1175 3394 1463 3448 Galilaeam
1493 3399 1748 3449 transeat
1775 3394 1895 3448 sine
1924 3396 2041 3449 ulla
2121 3394 2178 3448 in
2213 3399 2454 3464 quatuor
2499 3394 2837 3449 tetrarchas.
2881 3394 3133 3457 Quarum
3183 3411 3378 3458 unam,
3425 3396 3720 3451 Galilaeam

444 3483 883 3554 reprehensione
910 3488 1174 3537 monetur
1200 3500 1303 3554 per
1323 3483 1629 3555 angelum?
1656 3483 1880 3538 Reverti
1908 3500 2041 3554 ergo
2121 3482 2405 3548 videlicet,
2469 3481 2629 3536 fratri
2682 3484 2804 3552 ejus
2854 3482 3062 3537 Herodi
3106 3484 3449 3538 contradidit
3470 3526 3483 3552 ,
3545 3502 3721 3556 quam

448 3572 518 3626 ad
533 3571 782 3627 Iudaeam
794 3571 1027 3643 jubetur
1046 3578 1103 3627 et
1117 3573 1297 3638 timet,
1315 3572 1375 3627 in
1404 3572 1692 3626 Galilaeam
1713 3588 1842 3626 vero
1863 3572 2042 3643 regio-
2124 3572 2361 3627 necdum
2391 3577 2734 3643 perceperat,
2768 3571 2991 3642 quando
3036 3573 3342 3628 Archelaus
3394 3574 3576 3629 adhuc
3605 3591 3728 3629 om-

446 3677 577 3716 nem
608 3661 864 3732 gentium
895 3661 1217 3716 admonitus
1263 3660 1505 3716 transire
1542 3661 1767 3733 penitus
1807 3678 1920 3715 non
1958 3678 2043 3717 re-
2125 3678 2254 3716 nem
2285 3661 2444 3731 regni
2467 3660 2850 3715 monarchiam
2880 3678 2982 3715 suo
3013 3662 3226 3716 crudeli
3270 3662 3506 3717 vexabat
3547 3663 3728 3735 impe-

449 3754 628 3804 cusat.
646 3750 920 3805 Autenim
932 3767 1063 3804 eum
1080 3750 1282 3805 timere
1299 3751 1378 3805 ita
1390 3755 1572 3816 tenus,
1594 3751 1641 3805 si
1660 3750 1803 3805 forte
1819 3752 2042 3822 jussum
2127 3750 2242 3817 rio;
2270 3750 2366 3804 sed
2391 3754 2585 3820 postea
2608 3751 2763 3820 justo
2792 3749 2893 3803 Dei
2922 3750 3136 3820 judicio
3165 3751 3502 3822 Lugdunum
3527 3752 3727 3806 exsilio

450 3844 553 3905 est,
587 3855 701 3894 non
732 3840 1000 3911 oportuit,
1034 3845 1134 3895 aut
1162 3845 1312 3894 certe
1340 3857 1442 3911 per
1461 3841 1723 3910 angelum
1746 3839 2043 3911 praeceptio
2125 3839 2453 3909 deportatus
2482 3843 2585 3903 est,
2619 3855 2742 3908 quae
2771 3838 3081 3893 Galliarum
3123 3845 3211 3894 est
3239 3840 3453 3895 civitas.
3489 3839 3565 3895 Et
3592 3841 3730 3896 hinc

449 3943 580 3982 mox
599 3928 872 3982 mutanda
890 3928 1083 3984 inferri
1112 3944 1224 3983 non
1244 3927 1456 3983 debuit.
1480 3929 1641 3983 Unde
1668 3928 1882 3999 liquido
1910 3944 2043 3981 con-
2126 3932 2229 3992 est,
2255 3926 2403 3995 quod
2423 3926 2631 3997 JOSeph
2659 3931 2823 3981 antea
2846 3944 2973 3981 eum
2994 3928 3149 3982 velut
3170 3928 3449 3984 haeredem
3477 3930 3729 3984 crudeli-

449 4021 583 4082 stat,
609 4017 855 4087 typicam
885 4016 944 4070 in
973 4018 1078 4070 hoc
1101 4017 1380 4070 rationem
1409 4022 1684 4070 servatam
1707 4016 1898 4070 fuisse.
1931 4017 2046 4070 Aut
2126 4015 2259 4069 tatis
2274 4014 2537 4086 providus
2552 4015 2866 4069 metuebat:
2891 4017 2951 4071 Ut
2982 4018 3327 4085 impleretur,
3353 4018 3556 4089 inquit,
3577 4020 3730 4087 quod

451 4104 594 4158 forte
622 4105 728 4157 hoc
763 4104 845 4157 ita
874 4104 1300 4173 intelligendum
1335 4109 1618 4174 putamus,
1660 4105 1810 4175 quod
1838 4105 2046 4176 Joseph
2127 4106 2336 4158 dictum
2357 4108 2431 4157 est
2456 4119 2558 4173 per
2580 4105 2891 4173 prophetas,
2933 4108 3203 4173 quoniam
3250 4108 3554 4161 Nazarams
3571 4123 3729 4161 υοοιμ

450 4191 705 4255 audiens,
742 4192 873 4244 Vade
889 4194 951 4245 in
969 4197 1179 4244 terram
1201 4193 1388 4255 Israel,
1406 4192 1743 4246 intellexerit
1772 4211 1831 4247 se
1860 4194 2044 4265 primo
2130 4194 2298 4246 bitur.
2335 4191 2392 4246 Si
2424 4191 2573 4273 enim
2617 4192 2916 4262 cujuslibet
2953 4194 3356 4265 prophetarum
3404 4196 3540 4249 satis
3587 4211 3731 4266 pra:-

446 4280 672 4351 jussum
688 4295 809 4333 esse
824 4278 907 4332 ire
925 4278 982 4332 in
1004 4278 1274 4345 Judzeam,
1292 4279 1443 4334 hand
1460 4279 1691 4335 dubium
1712 4284 1845 4352 quin
1863 4283 2044 4353 ipsam
2067 4330 2109 4355 η
2128 4281 2298 4334 ﬁxum
2335 4280 2393 4335 in
2433 4281 2735 4352 Scripturis
2764 4282 3153 4337 testimonium
3180 4283 3488 4350 habuisset,
3516 4299 3733 4355 nequa-

450 4366 689 4441 putabat
712 4373 924 4422 terram
952 4368 1144 4422 Israel.
1170 4368 1280 4422 Sed
1311 4371 1608 4439 postquam
1633 4371 1905 4440 comperit
1932 4371 2047 4427 illic
2065 4366 2109 4387 ”
2130 4386 2297 4440 quam
2329 4370 2474 4424 sicut
2503 4369 2715 4424 dictum
2763 4376 2866 4438 est,
2913 4387 3015 4442 per
3058 4372 3362 4443 prophetas
3404 4372 3735 4428 diﬁ'erenter

452 4473 691 4528 regnare
719 4457 1077 4524 Archelaum,
1123 4456 1306 4511 noluit
1341 4474 1401 4512 se
1448 4458 1696 4529 periculo
1734 4459 2044 4531 subjicere;
2128 4459 2377 4513 dixisset.
2406 4460 2808 4513 Verumtamen
2838 4461 3019 4531 magis
3060 4477 3309 4528 sensum,
3360 4466 3426 4517 ut
3468 4478 3616 4529 reor,
3658 4462 3732 4517 de

453 4545 767 4619 praesertim
789 4546 937 4617 quod
950 4545 1282 4600 aestimasset
1304 4546 1589 4601 Christum
1612 4552 1669 4600 et
1688 4553 1877 4618 partes
1902 4550 2044 4620 ejus,
2129 4548 2266 4618 ipsis
2322 4564 2549 4602 sumens
2610 4548 3027 4620 Scripturarum
3075 4550 3228 4614 locis,
3265 4568 3381 4605 suae
3424 4551 3733 4622 expleverit

453 4636 523 4691 de
554 4652 665 4709 quo
717 4651 985 4706 responsa
1038 4635 1291 4705 angelica
1335 4635 1475 4690 talia
1515 4643 1870 4703 monuerant,
1915 4639 2048 4693 alibi

452 4741 566 4782 non
591 4741 711 4780 esse
733 4724 1101 4779 habitandum
1130 4740 1298 4796 quam
1329 4724 1388 4778 in
1415 4725 1745 4790 Jerusalem,
1788 4725 1883 4781 ubi
1912 4733 2050 4782 tem-

454 4816 611 4888 plum
636 4813 738 4869 Dei
757 4819 879 4868 erat
907 4820 965 4868 et
989 4814 1396 4885 prophetarum
1438 4814 1691 4869 omnium
1720 4815 2043 4871 celebratio.

455 4904 577 4969 Quo
605 4902 851 4974 profecto
876 4902 1058 4957 iturus
1100 4908 1276 4974 esset,
1297 4903 1345 4957 si
1370 4919 1483 4958 non
1497 4904 1808 4960 Archelaus
1843 4905 2049 4961 ibidem

455 4992 574 5046 vice
602 4991 779 5063 patris
801 4992 961 5062 regni
977 4993 1098 5063 jam
1119 4996 1342 5062 sceptra
1363 4998 1628 5047 moveret.
1645 4994 2049 5049 Verumtamen

455 5080 689 5151 angelus
725 5095 853 5134 cum
897 5080 1145 5146 dixisset,
1192 5082 1325 5135 Vade
1353 5084 1417 5135 in
1457 5087 1666 5136 terram
1704 5087 1897 5150 Israel,
1937 5101 2049 5139 non

455 5168 840 5235 Judaeam,sed
869 5167 1154 5223 Galilaeam
1189 5169 1365 5223 voluit
1392 5170 1649 5241 intelligi,
1684 5188 1852 5243 quam
1880 5173 2049 5228 etiam

457 5245 777 5314 Judaaorum
798 5259 1341 5331 populusincolebat,
1368 5259 1425 5313 in
1437 5276 1550 5331 qua
1578 5260 1845 5316 nimirum
1878 5263 2050 5317 Naza—

457 5348 813 5402 rethconstat
831 5347 1019 5402 fuisse.
1041 5348 1274 5404 Galilaea
1300 5365 1542 5420 namque
1573 5352 1899 5423 metropolis
1929 5358 2051 5407 erat

457 5435 669 5501 civitas,
705 5437 776 5491 ad
805 5453 995 5508 quam,
1021 5438 1173 5492 velut
1201 5455 1330 5510 pars
1359 5438 1418 5493 in
1458 5443 1577 5493 toto
1617 5439 1895 5496 Nazareth
1919 5458 2049 5513 per-

457 5524 692 5585 tinuisse
711 5526 996 5599 probatur.
1017 5527 1191 5583 Porro
1218 5528 1412 5583 videns
1441 5529 1673 5601 angelus
1701 5545 1950 5587 errorem
1978 5530 2049 5585 de

2131 4636 2458 4691 assertionis
2512 4636 2699 4702 ﬁdem,
2734 4637 2999 4708 quoniam
3032 4638 3124 4692 hic
3147 4640 3299 4693 velut
3343 4644 3573 4695 sanctus
3600 4657 3733 4695 san-

2130 4732 2345 4781 ctorum
2359 4726 2654 4780 Nazarazus
2663 4727 2794 4797 jure
2805 4728 3201 4782 vocatur-.Nam
3216 4729 3523 4783 secundum
3547 4735 3587 4794 ι
3600 4735 3665 4795 5
3682 4736 3719 4793 ι

2131 4815 2462 4870 Hebraicam
2472 4814 2763 4870 veritatem
2779 4816 3049 4888 scriptum
3067 4817 3123 4871 in
3134 4818 3527 4888 Isaialegimus
3544 4836 3556 4871 :
3571 4819 3730 4873 Exiet

2130 4907 2294 4972 virga
2332 4906 2399 4958 de
2428 4906 2613 4959 radice
2653 4907 2810 4971 Jesse,
2844 4911 2893 4959 et
2937 4907 3236 4960 Nazarams
3265 4908 3329 4960 de
3373 4908 3559 4961 radice
3603 4924 3733 4961 con-

2131 4994 2342 5048 scendet
2370 4995 2498 5061 (Isa.
2532 5007 2607 5061 x1,
2651 4992 2720 5058 1).
2764 4995 2907 5065 Ergo
2935 4995 3214 5049 Nazareth
3244 5012 3357 5050 non
3386 4996 3575 5050 minus
3601 5012 3733 5067 ger-

2133 5099 2260 5136 men
2296 5082 2597 5148 novellum,
2633 5099 2801 5153 quam
2832 5083 2935 5137 flos
2963 5082 3145 5156 campi
3174 5083 3579 5155 interpretatur
3606 5104 3619 5152 ;
3654 5087 3727 5142 de

2131 5172 2292 5242 cujus
2317 5171 2502 5225 radice
2524 5171 2813 5242 germinis,
2846 5178 2911 5226 ut
2938 5189 3083 5237 reor,
3119 5178 3346 5228 sanctus
3374 5179 3725 5241 sanctorum,

2132 5263 2341 5317 scilicet
2377 5264 2674 5317 Nazaraz-us
2726 5264 3123 5334 nuncupative,
3170 5263 3241 5317 ad
3297 5263 3729 5334 signiﬁcandam

2132 5351 2462 5425 aeternitatis
2486 5369 2599 5406 suae
2620 5350 3012 5417 substantiam,
3034 5353 3241 5423 legitur
3258 5354 3729 5420 ascendisse.Quo

2132 5441 2281 5495 enim
2308 5441 2514 5496 rectius
2542 5441 2878 5509 nutriretur,
2907 5459 3074 5515 quam
3100 5442 3159 5497 in
3187 5443 3484 5508 Nazareth,
3517 5460 3584 5498 ex
3613 5461 3728 5516 qua

2131 5545 2336 5585 nomen
2356 5529 2719 5602 daretur,quo
2740 5534 2885 5585 esset
2902 5530 3333 5603 indieium,quia
3345 5531 3730 5588 essentialiter
