3966 6206
334 327 431 385 H9

1124 335 1508 392 EXPOSITIO
1546 337 1625 391 IN
1663 332 2106 390 MA'I'I‘HIEUM.
2144 362 2205 375 —
2238 334 2377 391 LIB.
2417 335 2489 401 II,
2524 332 2662 388 CAP
2701 331 2801 387 III.

3487 330 3591 403 450

325 454 447 524 ipse
485 456 754 510 sanctitas
782 456 842 511 in
878 458 1172 514 sanctitate
1210 461 1475 520 nutritus,
1517 461 1753 515 Sanctus
1780 460 2150 518 san-Actum
2173 457 2341 513 fuisse
2355 456 2588 513 verbum
2599 451 2826 512 Domini
2844 455 3293 526 superJoannem
3311 453 3592 529 Zachariae

324 547 551 597 ctorum
582 550 733 600 recte
762 546 836 600 sit
861 546 1265 618 appellandus?
1282 549 1424 604 Hinc
1443 548 1688 621 profecto
1717 548 1913 619 liquet,

1999 547 2178 603 ﬁlium
2198 548 2260 602 in
2270 548 2491 603 deserto
2512 545 2864 601 manifestius
2877 544 3141 622 declaret;
3157 548 3325 616 atque
3340 544 3593 600 insinuet

325 633 462 703 quia
509 632 654 688 sicut
706 635 875 706 elegit
928 641 1152 708 tempus
1197 639 1419 709 quando
1459 642 1800 704 nasceretur,
1861 641 1919 691 et
1992 637 2114 707 jam
2146 641 2279 692 tunc
2322 636 2515 691 Jesum
2552 634 2726 689 ferme
2775 648 3051 688 annorum
3106 631 3281 686 fuisse
3330 631 3588 702 triginta,

320 720 512 775 locum
540 722 601 776 in
631 739 741 794 quo
763 730 1090 781 nasceretur
1113 745 1124 779 :
1146 726 1229 782 ita
1252 716 1309 782 et
1339 728 1623 783 civitatem
1651 730 1800 781 recte
1837 725 1918 780 di-

321 810 475 865 citur
501 812 752 882 elegisse,
787 813 846 867 in
873 831 985 885 qua
1008 816 1179 870 etiam
1203 817 1274 871 ad
1302 816 1657 888 explananda
1683 832 1798 871 sum
1826 815 1917 870 in-

324 899 670 954 carnationis
698 902 969 972 mysteria
996 903 1409 974 signiﬁcantius
1439 905 1793 959 coalesceret.
1822 903 1919 957 Est

322 988 518 1059 itaque
546 1005 725 1061 usque
748 990 915 1046 hodie
945 992 1004 1046 in
1025 993 1252 1048 Galilaea
1283 994 1499 1049 viculus
1516 998 1713 1049 contra
1741 991 1921 1062 regio-

323 1094 458 1132 nem
479 1078 540 1132 in
569 1078 763 1149 quinto
792 1080 1007 1136 decimo
1042 1084 1164 1153 ejus
1192 1082 1458 1138 milliario
1488 1083 1562 1138 ad
1591 1082 1921 1137 orientalem

321 1167 576 1238 plagam,
601 1169 765 1239 juxta
818 1176 1069 1225 montem
1124 1172 1366 1239 Thabor,
1417 1172 1643 1227 nomine
1680 1173 1915 1237 Nazara,

321 1272 497 1328 quem
518 1257 681 1311 multi
697 1263 899 1329 putant
920 1260 1174 1315 eamdem
1190 1246 1467 1316 Nazareth
1485 1261 1700 1315 dudum
1714 1260 1915 1327 fuisse;

322 1345 425 1398 sed
456 1345 729 1415 paulatim
761 1346 1069 1402 deﬁciendo
1102 1350 1382 1404 civitatem
1410 1349 1468 1403 in
1492 1349 1735 1403 viculum
1765 1364 1915 1401 com-

319 1438 627 1487 mutatam.
657 1433 935 1490 Dominus
962 1444 1151 1492 autem
1182 1439 1242 1492 in
1271 1455 1339 1493 ea
1367 1439 1491 1493 ideo
1523 1437 1825 1503 enutritur,
1857 1440 1922 1491 ut

318 1540 427 1595 per
457 1541 583 1578 eam
614 1525 738 1595 quis
767 1526 890 1591 scit,
927 1527 1023 1597 qui
1051 1529 1458 1599 nuncupandus
1482 1533 1586 1594 est,
1619 1544 1685 1581 ex
1714 1544 1781 1581 ea
1809 1526 1923 1597 ple-
1958 1596 1965 1599 η

315 1612 454 1666 nius
482 1613 1028 1682 dignoscatur.Nam
1051 1617 1347 1672 Nazaraeus
1370 1617 1518 1671 varie
1536 1618 1592 1670 in
1619 1616 1922 1687 Scripturis

2000 726 2224 797 quando
2252 742 2377 801 mox
2397 724 2712 800 baptizatus
2740 723 2809 778 a’b
2838 739 2904 778 eo
2925 726 3292 777 monstratur.
3309 721 3470 776 Unde
3500 720 3591 777 ni-

1998 816 2207 870 mirum
2235 822 2455 871 constat
2480 816 2794 886 intelligere
2818 829 2921 868 nos
2941 810 3145 867 debere
3173 810 3313 865 alios
3340 810 3443 864 hos
3471 809 3592 865 dies

1999 908 2337 975 temporum,
2356 904 2897 976 quando,Scriptura
2905 905 3068 966 teste,
3081 899 3388 955 Archelaus
3408 899 3592 955 adhuc

2000 994 2252 1050 Iudaeam
2276 994 2536 1065 regebat;
2568 994 2728 1059 alios,
2759 989 2982 1063 quando
3009 990 3187 1045 Lucas
3212 1005 3314 1061 per
3337 993 3593 1044 terrenas

2001 1088 2322 1155 potestates,
2330 1099 2486 1138 more
2505 1081 3101 1153 historiographorum,
3123 1077 3438 1151 expressius
3455 1091 3597 1150 pm

2002 1188 2200 1228 conem
2229 1173 2435 1228 Christi
2474 1172 2546 1227 ad
2601 1170 3017 1243 praedicandum
3058 1168 3277 1224 venisse
3321 1167 3592 1223 declarat.

2002 1262 2146 1316 Nam
2175 1266 2311 1316 tunc
2348 1261 2623 1328 Christus,
2653 1264 2719 1315 ut
2746 1259 3061 1330 conjicitur,
3092 1257 3269 1312 ferme
3295 1256 3444 1312 infra
3471 1261 3598 1311 octo

2001 1367 2277 1405 annorum
2290 1356 2429 1416 erat,
2448 1367 2598 1406 nunc
2615 1366 2747 1405 vero
2762 1351 2883 1420 jam
2897 1348 3044 1404 circa
3060 1348 3299 1418 triginta
3313 1360 3596 1402 annorum

2001 1440 2184 1511 spatia
2198 1439 2541 1495 versabatur.
2560 1440 2625 1495 In
2636 1444 2862 1494 tantum
2876 1437 3156 1509 siquidem
3169 1437 3292 1508 ipsa
3302 1441 3437 1491 tunc
3448 1451 3595 1490 com-

2004 1534 2223 1583 mutata
2233 1534 2367 1584 sunt
2375 1534 2491 1584 tem
2497 1533 2723 1601 pora,ut
2733 1534 2792 1583 et
2801 1529 2829 1583 J
2835 1528 3005 1582 udaeae
3017 1526 3234 1581 Pilatus
3247 1524 3590 1597 praesideret,

2004 1623 2062 1671 et
2073 1635 2308 1689 regnum
2326 1635 2427 1690 per
2436 1619 2768 1674 tetrarchias
2778 1617 3020 1672 divisum
3035 1615 3139 1671 sub
3151 1613 3497 1687 principibus
3512 1629 3598 1668 sa-

315 1702 500 1756 sacris
545 1703 833 1774 accipitur.
883 1704 1172 1776 Siquidem
1212 1706 1271 1760 in
1307 1707 1429 1777 lege
1457 1705 1707 1761 Nazaraei
1736 1710 1917 1771 erant,
1944 1778 1953 1779 ί
2002 1707 2292 1762 cerdotum
2312 1709 2478 1762 Anna
2491 1712 2549 1762 et
2569 1707 2785 1779 Caipha
2800 1708 3294 1761 commemoretur.
3319 1703 3441 1769 Quo
3462 1719 3596 1774 pro-

316 1808 567 1863 quorum
593 1797 782 1846 votum
803 1792 873 1847 ad
893 1800 1115 1865 tempus
1132 1801 1272 1863 erat,
1288 1802 1387 1850 aut
1400 1800 1550 1850 certe
1563 1812 1598 1850 a
1611 1794 1918 1866 primordio
1931 1778 1976 1838 Β
1999 1796 2142 1851 tecto
2153 1802 2327 1868 patet,
2343 1778 2785 1867 Matthaaumper
2797 1796 2901 1849 hoc
2911 1794 3059 1866 quod
3070 1793 3169 1858 ait,
3177 1795 3246 1848 In
3255 1793 3442 1848 diebus
3454 1794 3592 1859 illis,

312 1897 503 1951 usque
524 1881 595 1934 ad
625 1882 794 1935 ﬁnem
810 1882 1059 1937 Nazaraei
1089 1884 1545 1939 sanctiﬁcationis
1566 1901 1681 1939 suae
1711 1883 1919 1938 ﬁebant

307 1970 527 2040 gratia.
552 1972 627 2024 At
648 1987 778 2024 vero
809 1971 878 2024 de
909 1971 1012 2026 hac
1038 1972 1262 2027 civitate
1285 1974 1382 2045 qui
1410 1974 1552 2028 forte
1582 1977 1770 2027 essent
1796 1973 1917 2042 lege

309 2059 538 2132 patriae,
567 2058 829 2114 similiter
855 2066 914 2114 et
940 2060 1066 2131 ipsi,
1090 2062 1338 2118 Nazaraei
1359 2068 1459 2118 aut
1473 2069 1623 2118 certe
1643 2063 1917 2117 Nazareni

310 2148 635 2219 quamlibet
661 2148 732 2202 ob
758 2149 1177 2205 distinctionem
1207 2158 1341 2207 sunt
1367 2153 1567 2208 vocati.
1595 2151 1751 2207 Inter
1780 2169 1921 2224 quos

309 2236 595 2291 nimirum
635 2238 891 2292 Salvator
917 2240 1215 2295 Nazaraeus
1251 2242 1429 2296 voluit
1454 2242 1743 2313 appellari,
1780 2258 1921 2313 qua-

308 2330 488 2379 tenus
517 2325 666 2380 idem
688 2333 1103 2397 agnosceretur,
1127 2330 1223 2401 qui
1253 2346 1353 2400 per
1373 2330 1664 2385 Danielem
1692 2331 1918 2385 futurus

308 2415 661 2486 praedicatus
687 2418 773 2470 est
792 2417 1030 2472 Sanctus
1056 2425 1398 2473 sanctorum.
1425 2420 1569 2473 Nam
1592 2425 1650 2474 et
1662 2419 1921 2491 discipuli

308 2504 571 2575 primum
600 2511 736 2559 sunt
758 2506 1005 2560 Nazaraai
1031 2507 1186 2574 dicti,
1218 2514 1414 2579 postea
1439 2525 1569 2563 vero
1590 2509 1922 2564 Christiani-

307 2594 456 2648 tatis
486 2593 820 2649 vocabulum
846 2596 1161 2651 sortiuntur
1178 2613 1212 2651 a
1235 2597 1476 2663 Christo,
1508 2604 1566 2653 et
1582 2597 1924 2669 generaliter

306 2700 515 2738 omnes
555 2684 861 2739 Christiani
882 2686 1153 2741 hactenus
1182 2692 1597 2758 nuncupantur,
1626 2688 1696 2741 de
1719 2687 1921 2759 quibus

307 2780 471 2827 recte
501 2774 760 2828 canitur:
798 2776 949 2842 Quod
976 2777 1205 2829 candidi
1230 2780 1369 2844 [acti
1394 2779 1508 2831 sint
1528 2778 1789 2832 Nazara’i
1807 2781 1923 2847 ejus

311 2864 554 2933 (Thren.
614 2877 688 2929 Iv,
737 2863 816 2934 7),
862 2863 1217 2934 splendorem
1268 2866 1385 2919 Deo
1431 2865 1727 2932 dederunt,
1789 2866 1923 2937 quia

306 2952 566 3025 nuptiali
593 2957 748 3006 veste
778 2958 912 3007 sunt
944 2952 1146 3007 induti.
1180 2953 1457 3009 Caeterum
1486 2955 1715 3025 quidam
1752 2955 1925 3010 here-

308 3043 412 3098 tici
433 3042 719 3097 Nazareni
757 3048 892 3096 sunt
917 3041 1117 3104 vocati.
1149 3059 1214 3097 eo
1237 3043 1384 3113 quod
1414 3043 1473 3097 in
1498 3043 1783 3098 Christum
1807 3060 1927 3099 cre-

1998 1902 2111 1940 non
2131 1891 2355 1940 tantum
2377 1884 2631 1957 pueritiae
2658 1889 2882 1955 tempus
2907 1882 3242 1949 insinuasse,
3276 1880 3373 1936 sed
3399 1896 3597 1935 omnes

2006 1980 2053 2044 ι
2063 1977 2311 2043 asdies
2327 1992 2438 2047 quo
2453 1978 2700 2045 coeperat
2712 1973 2965 2027 habitare
2977 1970 3601 2041 Nazareth,usquedum

2001 2068 2327 2122 ascenderet
2376 2071 2433 2121 et
2479 2068 2599 2138 ipse
2628 2067 2699 2120 de
2746 2063 2994 2130 Galilma,
3035 2067 3100 2117 ut
3148 2062 3529 2133 baptizaretur
3563 2078 3600 2116 a

2001 2159 2235 2224 Joanne,
2270 2157 2563 2228 contiguos
2602 2155 2779 2211 voluit
2814 2156 3222 2213 demonstrare.
3274 2153 3340 2207 In
3395 2150 3597 2223 quibus

2003 2246 2199 2301 diebus
2255 2262 2384 2301 cum
2431 2245 2617 2301 adhuc
2670 2244 2951 2300 Nazareth
2986 2240 3312 2315 parentibus
3341 2239 3601 2296 subditus

2003 2334 2302 2402 habitaret,
2332 2335 2489 2390 venit
2513 2337 2760 2391 Joannes
2784 2333 3092 2406 praedicans
3116 2330 3459 2403 baptismum
3485 2345 3602 2402 pm-

2001 2424 2254 2479 nitentiaz
2273 2426 2334 2479 in
2361 2425 2603 2479 deserto.
2634 2426 2780 2480 Nam
2809 2429 2866 2478 et
2892 2424 3071 2479 Lucas
3098 2422 3204 2477 hoc
3227 2420 3483 2476 insinuat
3509 2419 3597 2474 di-

2003 2531 2135 2571 cens
2158 2533 2170 2568 :
2202 2511 2352 2569 Puer
2361 2519 2547 2568 autem
2576 2515 2840 2568 crescebat
2867 2517 2916 2567 et
2941 2511 3379 2580 confortabatur,
3400 2512 3601 2578 plenus

2004 2605 2300 2673 sapientia,
2326 2608 2374 2656 et
2396 2605 2582 2671 gratia
2602 2603 2701 2656 Dei
2720 2606 2985 2655 eratcum
3004 2603 3123 2655 illo.
3140 2601 3205 2654 Et
3225 2600 3384 2654 ibant
3396 2613 3600 2667 parcn-

2005 2697 2077 2747 tes
2106 2695 2221 2761 ejus
2240 2707 2340 2761 per
2359 2706 2545 2745 omnes
2563 2706 2739 2744 annos
2760 2693 2825 2743 in
2838 2691 3145 2744 Jerusalem
3167 2691 3232 2743 in
3257 2689 3346 2742 die
3364 2689 3602 2743 solemni

2003 2782 2217 2838 Pascha:
2247 2782 2394 2848 (Luc.
2418 2794 2480 2847 II,
2508 2776 2621 2850 40).
2651 2779 2731 2832 Ac
2759 2778 3021 2849 deinceps
3045 2795 3057 2829 :
3093 2779 3231 2834 Cum
3261 2778 3441 2845 factus
3471 2780 3602 2831 esset

2004 2886 2288 2927 annorum
2307 2871 2609 2935 duodecim,
2638 2868 3051 2922 ascendentibus
3074 2868 3190 2922 illis
3205 2867 3270 2919 in
3291 2866 3601 2933 Hierosoly-

2005 2961 2484 3027 mam,secundum
2499 2958 2948 3012 consuetudinem
2958 2956 3071 3010 diei
3080 2956 3234 3024 festi;
3253 2969 3601 3009 consumma-

2008 3052 2181 3119 tisque
2209 3050 2417 3114 diebus,
2444 3064 2572 3103 cum
2604 3049 2850 3101 redirent
2886 3047 3159 3101 remansit
3181 3059 3325 3114 puer
3352 3046 3505 3099 Jesus
3534 3046 3600 3098 in

300 3131 583 3197 dideﬁnt,
608 3131 692 3184 ita
713 3136 923 3197 tamen,
939 3135 1005 3184 ut
1025 3130 1216 3185 omnia
1235 3131 1453 3185 Veteris
1470 3132 1818 3187 Testamenti
1840 3133 1921 3188 in-
1935 3136 1981 3198 Ο
2001 3142 2327 3195 Jerusalem.
2352 3138 2419 3192 Et
2436 3153 2563 3191 cum
2575 3138 2932 3206 requisissent
2958 3151 3105 3203 eum,
3119 3136 3457 3189 invenerunt
3471 3148 3598 3188 eum

303 3223 518 3277 stituta
544 3236 772 3275 servare
798 3220 1159 3276 contendant.
1180 3220 1270 3275 Sic
1296 3220 1448 3274 enim
1471 3221 1755 3276 Christum
1780 3240 1916 3293 prte-

304 3313 509 3367 dicant
535 3311 747 3381 suscipi
776 3309 1000 3378 debere,
1031 3327 1102 3363 ne
1131 3310 1325 3379 legalis
1347 3309 1604 3364 umbram
1618 3311 1917 3367 videantur

304 3402 605 3457 omittere.
658 3400 906 3465 Quorum
959 3399 1093 3470 quia
1132 3399 1374 3453 schisma
1422 3399 1720 3469 specialem
1746 3401 1917 3472 elegit

304 3492 510 3556 vitam,
526 3490 771 3561 speciale
796 3488 922 3555 sibi,
950 3497 987 3555 |
1000 3495 1127 3555 επ
1146 3488 1332 3543 nescio
1345 3504 1455 3558 quo
1468 3494 1713 3554 auctore,
1733 3488 1919 3546 Evan-

308 3581 530 3653 gelium
556 3579 911 3643 invenerunt,
946 3578 1093 3649 quod
1114 3579 1535 3632 Nazarenorum
1567 3578 1792 3650 proprie
1818 3596 1920 3634 no-

310 3672 601 3725 minatur.
631 3668 739 3732 Qui
770 3668 931 3738 quasi
968 3667 1038 3721 de
1066 3667 1336 3736 religione
1375 3668 1684 3738 gloriantes
1714 3686 1919 3725 nomen

310 3759 421 3814 sibi
454 3757 778 3813 sanctitatis
806 3756 1102 3823 dederunt,
1136 3764 1193 3811 et
1210 3756 1291 3811 rei
1319 3758 1451 3811 tacti
1482 3763 1633 3825 sunt,
1666 3775 1777 3813 non
1796 3775 1918 3813 cre-

310 3850 517 3904 dentes
546 3846 812 3902 omnibus
851 3846 1137 3900 Christum
1162 3848 1232 3900 ad
1257 3847 1539 3917 justitiam
1566 3865 1728 3919 posse
1760 3848 1918 3903 suffl-

312 3955 466 3994 cere.
499 3937 665 3992 Unde
709 3935 1084 4007 superstitiosi
1133 3944 1401 3992 conantes
1452 3953 1595 3992 nova
1641 3938 1917 3993 veteribus

314 4043 575 4093 assuere,
609 4027 861 4097 pejorem
913 4026 1130 4096 operati
1159 4033 1298 4081 sunt
1347 4026 1669 4093 scissuram,
1702 4031 1759 4081 et
1788 4026 1918 4081 facti

314 4124 456 4171 sunt
502 4116 627 4170 sine
665 4115 804 4183 Deo,
854 4115 949 4185 qui
998 4115 1120 4170 sine
1159 4117 1269 4170 ﬁde
1308 4116 1690 4171 inveniuntur.
1743 4108 1918 4173 Porio

315 4206 693 4277 Evangelium
722 4221 851 4258 cum
881 4204 1130 4267 dixisset,
1149 4205 1296 4275 quod
1325 4205 1551 4259 veniens
1569 4204 1839 4259 habitavit
1859 4208 1918 4261 in

314 4298 568 4362 civitate,
622 4311 747 4366 quae
793 4300 1021 4349 vocatur
1076 4295 1375 4357 Nazareth,
1417 4298 1482 4348 ut
1517 4294 1919 4365 adimpleretur

316 4388 471 4460 quod
496 4386 712 4440 dictum
733 4390 857 4438 erat
870 4401 971 4455 per
991 4385 1311 4455 prophetas,
1338 4383 1605 4455 quoniam
1620 4385 1917 4441 Nazaraeus

313 4476 631 4539 vocabitur,
658 4474 811 4528 illico
842 4473 1118 4545 adjunxit,
1150 4474 1339 4529 dicens
1372 4491 1383 4525 :

385 4568 550 4638 (CAP.
579 4565 785 4633 III.)In
814 4565 1002 4617 diebus
1022 4570 1210 4617 autem
1233 4567 1351 4617 illis
1376 4565 1525 4617 venit
1549 4566 1787 4617 Joannes
1817 4566 1915 4618 Ba-

312 4660 488 4725 ptista
498 4655 809 4724 praedicans
840 4655 903 4706 in
918 4654 1123 4706 deserto
1139 4654 1353 4718 Judaei,
1373 4654 1557 4707 dicens
1584 4669 1600 4704 :
1636 4655 1915 4707 l’aniten-

318 4750 459 4799 tiam
488 4746 657 4812 agite,
685 4743 1149 4811 appropinquavit
1174 4747 1323 4795 enim
1369 4758 1603 4809 regnum
1632 4745 1911 4796 calorum.

316 4833 399 4887 Ex
426 4850 537 4905 quo
565 4847 682 4886 non
710 4830 930 4885 modica
955 4830 1188 4900 quaestio
1219 4830 1437 4885 videtur
1464 4831 1614 4885 inter
1646 4836 1916 4903 utrosque

314 4922 694 4993 evangelistas
718 4919 1001 4990 generari.
1048 4921 1192 4973 Nam
1232 4920 1530 4975 Matthaeus
1559 4921 1824 4976 continuo
1853 4928 1918 4976 ut

318 5013 591 5067 infantem
620 5010 705 5064 vel
728 5025 963 5081 puerum
986 5025 1051 5063 ex
1070 5009 1316 5079 [Egypto
1332 5014 1651 5064 revocatum
1669 5027 1918 5065 comme-

318 5082 521 5168 morat,
546 5100 742 5155 statim
772 5098 933 5169 quasi
960 5098 1021 5153 in
1057 5097 1256 5152 diebus
1282 5098 1394 5152 illis
1423 5100 1693 5153 Joannem
1722 5100 1915 5171 Bapti-

316 5196 463 5246 stam
493 5190 715 5245 venisse
745 5189 1042 5242 confirmat
1061 5203 1215 5253 ;cum
1234 5188 1411 5242 Lucas
1435 5204 1582 5243 anno
1613 5190 1807 5260 quinto
1825 5190 1918 5243 de-

318 5281 462 5334 cimo
505 5279 734 5350 imperii
781 5276 988 5332 Tiberii
1042 5277 1295 5343 Caesaris,
1330 5284 1665 5347 procurante
1716 5279 1915 5332 Pontio

320 5369 502 5423 Pilato
543 5368 819 5431 Iudaeam,
851 5366 1134 5421 tetrarcha
1165 5373 1351 5421 autem
1384 5367 1626 5422 Galilaeae
1672 5368 1911 5433 Herode,

317 5454 576 5528 Philippo
594 5461 787 5511 autem
817 5455 990 5510 fratre
1020 5458 1142 5527 ejus
1169 5457 1455 5510 tetrarcha
1481 5458 1681 5511 Itureze
1703 5462 1760 5510 et
1783 5457 1916 5511 Tra-

318 5546 617 5602 chonitidis
646 5546 914 5617 regionis,
958 5552 1015 5601 et
1053 5545 1295 5617 Lysania
1332 5544 1567 5599 Abilinae
1607 5545 1909 5611 tetrarcha,

319 5635 430 5692 sub
459 5636 802 5711 principibus
835 5636 1195 5693 sacerdotum
1238 5637 1404 5693 Anna
1442 5641 1500 5691 et
1554 5634 1785 5707 Caipha,
1829 5634 1916 5689 fa-

1996 3232 2062 3283 in
2092 3230 2268 3282 medio
2310 3229 2596 3281 doctorum
2631 3226 2786 3296 (Ibid.
2814 3223 2930 3295 42).
2973 3226 3054 3279 Ac
3091 3223 3294 3279 deinde
3323 3222 3597 3294 scriptum

1999 3323 2104 3384 est,
2139 3317 2288 3389 quod
2344 3317 2618 3371 descendit
2655 3330 2784 3369 cum
2830 3317 2906 3368 eis
2956 3319 3007 3368 et
3036 3316 3187 3369 venit
3212 3311 3509 3377 Nazareth,
3546 3316 3597 3366 et

2000 3413 2121 3462 erat
2173 3408 2425 3460 subditus
2490 3407 2608 3460 illis
2656 3404 2818 3473 (Ibid.
2870 3402 2983 3473 51).
3030 3403 3108 3457 Ex
3155 3418 3264 3474 quo
3323 3400 3597 3456 nimirum

2002 3496 2170 3551 datur
2211 3494 2473 3566 intelligi,
2524 3493 2673 3565 quod
2714 3492 2773 3547 in
2817 3492 3030 3546 eisdem
3060 3490 3274 3559 diebus,
3320 3489 3523 3562 quibus
3561 3506 3598 3544 a

2002 3585 2275 3656 principio
2297 3583 2469 3654 ccepit
2495 3582 2751 3637 habitare
2765 3582 3063 3647 Nazareth,
3088 3581 3270 3635 adhuc
3288 3596 3355 3635 eo
3382 3580 3594 3635 ibidem

2001 3677 2402 3739 commorante,
2439 3671 2609 3726 ‘venit
2654 3672 2898 3725 Joannes
2948 3669 3009 3723 in
3063 3670 3350 3724 desertum
3392 3685 3594 3741 parare

2000 3764 2149 3818 viam
2180 3763 2450 3817 adventus
2479 3763 2619 3832 ejus,
2661 3764 2719 3813 et
2745 3758 3086 3830 praedicabat
3105 3758 3514 3829 paenitentiam,
3536 3763 3595 3813 et

2002 3853 2151 3927 quod
2207 3851 2710 3924 appropinquasset
2766 3863 3004 3917 regnum
3058 3847 3346 3903 caelorum.
3407 3848 3592 3917 Atque

2001 3943 2196 3998 eadem
2224 3940 2471 4012 primum
2498 3936 2754 3992 veritatis
2778 3951 2961 4007 praeco
2985 3934 3305 4002 annuntiat,
3334 3950 3457 4005 quae
3488 3935 3586 3988 de-

2000 4048 2157 4087 mum
2173 4046 2273 4102 per
2300 4045 2360 4083 se
2374 4028 2496 4099 ipsa
2508 4026 2731 4081 Veritas
2758 4023 3094 4080 auctoritate
3112 4039 3214 4078 sua
3238 4023 3507 4095 praedicat
3519 4022 3591 4077 ob

2002 4123 2242 4177 salutem
2268 4117 2531 4183 hominis,
2566 4133 2632 4171 ac
2669 4114 3048 4170 commendat.
3082 4113 3299 4185 Quippe
3329 4111 3464 4184 quia
3487 4129 3593 4167 vox

2002 4194 2235 4284 praeibat
2258 4206 2509 4273 verbum,
2542 4210 2759 4260 rectum
2780 4209 2904 4259 erat
2929 4208 2995 4259 ut
3016 4202 3261 4276 primum
3289 4202 3593 4257 annuntia-

1999 4306 2104 4367 ret,
2129 4298 2276 4370 quod
2307 4301 2503 4368 postea
2530 4312 2595 4350 ex
2623 4296 2819 4350 eodem
2846 4292 3013 4348 verbo
3041 4308 3349 4348 consonum
3376 4292 3592 4349 sonuis-

2000 4396 2115 4457 set;
2141 4387 2448 4461 praedicans
2476 4387 2535 4440 in
2563 4386 2784 4439 deserto
2814 4383 3036 4451 Iudaeae,
3060 4398 3126 4437 ac
3151 4382 3342 4438 dicens
3369 4399 3381 4435 :
3414 4384 3591 4439 Pani-

1931 4493 1979 4552 D
2000 4482 2229 4537 tentiam
2241 4482 2403 4546 agite,
2419 4474 2883 4545 appropinquavit
2892 4474 3044 4526 enim
3060 4488 3295 4541 regnum
3307 4474 3586 4528 calorum.

1996 4570 2190 4635 Porro,
2222 4567 2428 4632 dicens,
2450 4563 2642 4618 retulit
2677 4563 2749 4616 ad
2778 4562 2882 4617 hoc
2906 4562 3055 4634 quod
3077 4561 3175 4628 ait,
3202 4563 3587 4632 paenitentiam

1996 4661 2175 4727 agite;
2200 4655 2508 4728 praedicans
2536 4669 2684 4720 vero,
2719 4652 2791 4706 ad
2818 4651 2953 4706 illud
2986 4652 3134 4724 quod
3154 4651 3407 4707 dixerat:
3444 4652 3587 4719 Quia

1997 4747 2464 4817 appropinquavit
2492 4758 2725 4811 regnum
2758 4744 3034 4796 calorum.
3075 4741 3271 4812 Neque
3298 4741 3448 4796 enim
3476 4740 3588 4796 duo

2000 4834 2212 4906 pariter
2226 4832 2389 4886 verba
2400 4829 2679 4902 geminari
2697 4833 2958 4901 poterant
2966 4828 3175 4899 absque
3195 4828 3585 4899 intelligentia,

1999 4923 2096 4978 ubi
2124 4939 2227 4977 nec
2254 4938 2392 4992 apex
2418 4921 2507 4975 vel
2534 4920 2650 4974 iota
2695 4924 2854 4974 vacat
2882 4934 2918 4973 a
2962 4918 3250 4990 mysterio.
3301 4917 3587 4975 Pceniten-

1996 5013 2137 5068 tiam
2164 5012 2339 5083 igitur
2356 5026 2540 5081 agere,
2568 5015 2654 5063 est
2680 5008 2882 5080 prioris
2911 5008 3035 5062 vitae
3065 5023 3283 5062 errores
3312 5007 3370 5061 in
3394 5023 3454 5063 se
3487 5023 3591 5080 pu-

1998 5102 2139 5167 nire,
2160 5101 2361 5155 deinde
2381 5096 2846 5171 promissionibus
2873 5096 3034 5167 regni
3065 5095 3305 5171 caelestis
3336 5112 3433 5167 spe
3458 5097 3587 5151 ani-

1999 5208 2120 5245 mos
2156 5192 2227 5244 ad
2280 5204 2522 5261 superna
2549 5188 2784 5259 erigere,
2836 5191 3005 5258 atque
3051 5185 3122 5239 ad
3152 5185 3412 5253 ,melioris
3464 5186 3590 5243 vita

1998 5285 2159 5334 actus
2189 5279 2375 5333 studia
2404 5293 2720 5350 provocare.
2755 5276 2908 5331 Nihil
2946 5275 3095 5330 enim
3134 5275 3205 5330 ad
3243 5276 3589 5347 persuaden-

1997 5369 2133 5423 dum
2155 5368 2373 5421 animos
2398 5368 2720 5422 auditorum
2749 5365 2929 5437 magis
2949 5365 3135 5420 valere
3159 5364 3384 5436 poterit,
3420 5382 3589 5438 quam

1997 5474 2122 5529 spes
2160 5463 2379 5511 aeternae
2419 5456 2823 5527 promissionis,
2841 5460 2896 5510 et
2932 5460 3116 5511 metus
3153 5459 3585 5523 tormentorum,

1998 5550 2166 5618 atque
2194 5545 2553 5600 comminatio
2575 5545 2774 5600 divinae
2802 5546 3134 5617 majestatis.
3158 5545 3293 5611 Quae
3320 5543 3588 5599 nim'irum

1997 5635 2135 5694 satis
2163 5635 2235 5693 ad
2249 5633 2703 5709 persuadendum
2725 5640 2858 5709 apta
2884 5635 3234 5709 conspiciens
3257 5634 3447 5693 divina
3463 5648 3589 5706 pro-
