3938 6174
215 269 309 328 153

1017 265 1396 324 EXPOSITIO
1434 268 1514 324 IN
1549 269 1994 327 MA'I'I‘HIEUM.
2037 301 2102 312 —
2141 269 2281 327 LIB.
2322 271 2395 340 Il,
2439 270 2594 326 CAP.
2639 269 2741 325 III.

3363 261 3470 320 154

210 396 321 466 jure
345 408 449 446 vox
478 395 565 445 est
589 390 921 463 appellatus,
945 391 1079 462 quia
1098 390 1251 447 verbi
1273 393 1612 464 praeconium
1642 393 1751 448 fuit
1780 411 1792 448 :
1814 399 1860 456 A
1881 395 2028 466 quod
2067 397 2201 451 foris
2213 394 2524 461 exhibetur,
2543 395 2696 450 intus
2724 391 2859 465 quid
2889 396 3021 462 agat
3039 391 3258 462 plenius
3283 393 3474 444 osten-

213 491 261 537 et
287 481 408 536 ideo
437 481 508 536 de
528 498 587 535 se
609 480 894 535 confessus
912 487 997 534 est
1023 481 1170 552 quod
1201 482 1335 535 olim
1363 500 1422 536 se
1451 483 1798 554 appellatum

211 576 445 634 noverat,
479 577 537 624 et
564 569 819 642 implevit
843 570 991 624 vocis
1011 569 1274 637 ofﬁcium,
1292 578 1356 625 ut
1376 571 1622 627 Verbum
1649 572 1797 643 quod

210 662 258 715 in
302 659 580 730 principio
638 666 762 713 erat
797 658 963 730 digne
994 659 1421 730 intelligeretur.
1464 665 1686 731 Parate,
1714 662 1797 716 in-

209 750 329 820 quit,
362 752 520 802 viam
541 750 787 814 Domini,
818 754 992 802 rectas
1019 749 1188 815 facite
1214 752 1434 804 semitas
1460 753 1596 819 ejus.
1637 751 1718 805 Ac
1747 751 1796 805 si

185 843 456 910 patenter
476 839 646 902 dicat,
677 837 812 908 quia
823 836 1090 904 Verbum,
1119 839 1268 909 quod
1286 839 1345 892 in
1359 839 1631 910 principio
1652 845 1791 906 erat,

207 927 355 980 corda
385 927 742 981 credentium
795 927 1079 981 illustrare
1109 927 1278 994 venit,
1333 929 1602 982 mundate
1643 946 1798 984 men-

205 1023 320 1082 tem,
354 1015 630 1086 corrigite
675 1032 880 1082 mores,
929 1022 994 1070 ut
1059 1033 1188 1070 eum
1232 1018 1508 1072 credendo
1551 1018 1719 1088 digne
1737 1018 1797 1072 in

203 1104 336 1160 vobis
369 1105 660 1176 suscipere
680 1104 933 1158 valeatis.
961 1105 1152 1160 Nostis
1181 1105 1358 1176 igitur
1380 1107 1529 1178 quod
1555 1107 1646 1161 via
1669 1124 1794 1162 ver-

182 1193 247 1248 ‘bi
271 1193 337 1247 ad
362 1209 466 1247 cor
484 1193 770 1264 dirigitur,
796 1199 852 1248 et
870 1193 993 1248 ideo
1012 1199 1207 1265 parate
1237 1195 1424 1260 fidem,
1450 1201 1514 1250 ut
1543 1213 1642 1268 per
1670 1213 1796 1251 eam

201 1281 247 1336 in
266 1299 360 1336 cor
388 1287 645 1336 vestrum
667 1283 922 1338 Christus
956 1282 1324 1352 ingrediatur.
1359 1285 1595 1355 Dirigite
1611 1303 1796 1340 mores

200 1372 247 1426 in
267 1372 561 1443 aequitate,
586 1376 650 1426 ut
678 1389 776 1443 per
805 1388 898 1425 eos
927 1373 985 1425 in
1025 1372 1197 1439 vobis,
1244 1373 1395 1427 velut
1429 1391 1532 1444 per
1564 1374 1795 1429 semitas

197 1461 437 1530 justitiae,
467 1477 700 1530 gressus
723 1460 921 1515 salutis
943 1467 1132 1531 ponat.
1162 1463 1447 1528 Habitabo,
1470 1463 1672 1534 inquit,
1693 1480 1799 1533 per

200 1551 345 1616 ﬁdem
380 1551 553 1602 corda
583 1565 797 1602 eorum.
840 1549 909 1603 Et
954 1550 1252 1620 Apostolus
1281 1568 1291 1602 :
1322 1553 1422 1604 Per
1449 1553 1608 1618 ﬁdem
1639 1555 1790 1606 enim

199 1640 568 1702 ambulamus,
602 1643 650 1692 et
683 1654 794 1692 non
812 1655 915 1707 per
950 1642 1185 1707 speciem
1213 1640 1293 1705 (II
1309 1639 1500 1704 Conv,
1535 1641 1612 1708 7).
1636 1641 1792 1694 Unde

199 1743 309 1780 cum
339 1726 492 1780 ﬁdes
534 1726 594 1780 in
625 1725 787 1781 nobis
837 1726 1075 1781 habetur
1102 1732 1274 1791 recta,
1309 1727 1398 1781 via
1456 1728 1679 1783 Domini
1724 1715 1856 1783 adB

197 1831 276 1869 cor
299 1815 588 1885 dirigetur
622 1833 634 1868 :
666 1822 725 1869 et
751 1816 885 1870 dum
915 1832 1100 1870 mores
1127 1821 1424 1870 mutantur
1459 1817 1518 1872 in
1568 1818 1789 1886 melius,

197 1910 364 1959 rectas
386 1905 493 1959 Dei
525 1905 584 1959 in
613 1905 773 1960 nobis
802 1907 1032 1960 semitas
1055 1922 1457 1977 prmparamus.

256 1995 374 2063 Ipse
392 2001 588 2048 autem
616 1997 854 2050 Joannes
879 1995 1108 2051 habebat
1137 1997 1524 2051 vestimentum
1555 1997 1620 2051 de
1661 2001 1795 2065 pilis

198 2087 560 2146 camelorum,
583 2091 636 2138 et
647 2101 848 2138 zonam
860 2087 1150 2153 pelticeam
1169 2087 1317 2138 circa
1342 2088 1552 2138 lumbos
1575 2086 1794 2154 ejus.Ex

200 2187 294 2242 quo
323 2172 605 2226 nimirum
637 2172 719 2226 ita
751 2171 1018 2226 debemus
1071 2173 1361 2226 advertere
1401 2171 1678 2239 habitum,
1737 2179 1795 2229 et

199 2261 676 2315 conversationem
706 2277 770 2316 ac
793 2262 1022 2326 victum,
1054 2269 1117 2315 ut
1146 2261 1567 2316 meminerimus
1611 2268 1794 2332 gesto-

199 2365 310 2403 rum
339 2350 644 2404 veritatem
679 2350 1056 2422 praedicatoris
1112 2350 1452 2421 paenitentia:
1498 2368 1794 2422 personam

198 2440 350 2494 simul
380 2445 440 2494 et
491 2439 868 2510 paenitentum
927 2440 1189 2513 operibus
1223 2441 1482 2496 exhibere
1534 2441 1791 2497 formam.

197 2529 327 2582 Nam
349 2529 512 2583 locus
541 2528 979 2584 conversationis
1002 2531 1124 2599 ejus
1143 2546 1255 2583 non
1279 2529 1594 2600 frequentia
1621 2529 1798 2584 homi-

199 2633 336 2682 num,
371 2618 477 2672 sed
510 2617 799 2672 desertum
818 2617 1102 2672 scribitur.
1139 2618 1388 2673 Vestitus
1414 2634 1636 2689 quoque
1684 2635 1796 2674 non

200 2709 367 2762 mollis
381 2715 441 2761 et
457 2707 754 2772 delicatus,
785 2712 846 2761 ut
860 2708 1072 2761 ﬂuxum
1093 2706 1342 2761 libidinis
1355 2707 1650 2774 enutriret,
1695 2708 1792 2762 sed

200 2796 589 2867 rigidusatque
609 2812 790 2866 asper,
824 2812 888 2849 ex
919 2796 1047 2866 pilis
1079 2801 1250 2861 [5'2
1284 2796 1628 2850 camelorum
1654 2797 1793 2850 insi-

199 2890 414 2942 nuatur.
437 2885 661 2940 Deinde
689 2884 866 2939 victus
886 2902 1055 2955 quam
1078 2885 1264 2939 tenuis
1282 2889 1452 2955 atque
1488 2885 1792 2940 inusitatus

199 2974 373 3040 fuerit,
392 2973 558 3028 nobis
571 2973 888 3028 tacentibus
905 2974 1194 3044 Scriptura
1209 2973 1414 3044 prodit.
1436 2974 1795 3046 Quandoqui-

1877 485 2064 540 datur.
2079 486 2188 540 Per
2206 485 2488 539 desertum
2503 499 2766 555 namque,
2789 499 2898 553 quo
2918 480 3164 552 primum
3180 477 3471 545 exclamat,

1877 575 2028 644 agite
2050 575 2459 646 paenitentiam,
2493 573 2752 643 designat
2775 587 2889 637 eos,
2913 587 3052 644 quos
3083 569 3326 642 Spiritus
3349 585 3476 622 san-
3509 596 3514 602 -

1878 664 1952 717 cti
1976 665 2163 734 gratia
2201 665 2544 727 deseruerat,
2571 667 2636 716 ut
2664 678 2764 732 per
2800 661 2905 714 hoc
2949 676 3062 714 non
3094 659 3278 712 minus
3309 663 3474 728 aptus

1878 752 2221 822 paenitentiae
2250 753 2404 806 locus
2441 752 2724 815 doceatur,
2760 765 2928 820 quam
2955 749 3147 820 quales
3184 751 3317 802 sunt
3368 745 3475 816 ipsi

1879 841 2029 895 inter
2057 858 2215 912 quos,
2249 841 2401 895 velut
2437 840 2586 894 inter
2625 839 2824 893 surdos
2868 838 3174 903 auditores,
3232 851 3475 906 regnum

1879 931 2145 984 caelorum
2187 929 2475 984 advenisse
2503 930 2728 994 clamat,
2760 927 2806 982 si
2835 944 2895 982 se
2922 927 3072 981 vitiis
3118 929 3468 980 vacuassent.

1879 1021 2022 1074 Nam
2043 1019 2285 1073 cilicium
2305 1019 2374 1073 de
2389 1019 2730 1073 camelorum
2747 1017 2875 1089 pilis
2905 1021 3228 1070 contextum
3241 1055 3254 1080 ,
3283 1019 3475 1068 auste-

1878 1125 1954 1163 rae
1978 1108 2114 1162 satis
2139 1109 2265 1162 vita:
2279 1107 2551 1162 indicium
2577 1112 2680 1172 est,
2706 1123 2806 1178 per
2820 1122 2986 1176 quam
3001 1101 3476 1175 concupiscentia-

1877 1215 2002 1252 rum
2056 1197 2338 1251 incentiva
2373 1196 2686 1261 frenantur,
2721 1200 2778 1249 et
2807 1195 3042 1265 ﬁguram
3077 1193 3227 1264 gerit
3255 1207 3470 1256 eorum,

1879 1288 1974 1358 qui
2005 1292 2355 1340 terrenarum
2404 1302 2592 1339 rerum
2621 1285 2798 1356 pressi
2827 1282 3154 1349 honoribus,
3187 1282 3256 1335 ad
3304 1281 3473 1335 ﬁdem

1877 1376 2127 1440 veniunt,
2161 1375 2402 1428 maxime
2430 1375 2498 1428 de
2549 1372 2821 1428 Gentibus
2877 1371 3190 1442 aggregati.
3231 1371 3308 1424 Ex
3360 1385 3472 1441 quo

1881 1466 2155 1536 prOpheta
2179 1465 2248 1518 ad
2303 1465 2585 1518 ccelestem
2615 1463 2948 1526 Jerusalem,
2981 1459 3240 1514 videlicet
3283 1457 3471 1512 Eccle-

1877 1554 1972 1608 siae
2001 1555 2253 1625 loquens,
2273 1553 2640 1624 repromittit:
2660 1552 2980 1614 lnundatio,
3007 1548 3208 1619 inquit,
3238 1549 3471 1600 camelo-

1876 1660 2007 1697 rum
2029 1647 2228 1711 aperiet
2252 1649 2298 1696 te
2328 1645 2457 1710 (lsa.
2484 1659 2568 1708 Lx,
2599 1640 2674 1707 6).
2699 1641 2848 1704 Quos
2869 1654 2996 1692 cum
3018 1638 3088 1691 ad
3119 1637 3290 1690 fidem
3321 1633 3478 1690 Chri-

1875 1733 1946 1786 sti
1986 1737 2165 1797 158
2189 1731 2278 1785 hic
2308 1730 2699 1802 paenitentiam
2728 1728 3092 1800 persuadens,
3116 1726 3360 1780 Joannes
3383 1724 3472 1778 in-

1876 1820 2032 1885 vitat,
2059 1820 2193 1890 quid
2223 1821 2375 1874 aliud
2393 1837 2562 1890 quam
2582 1823 2791 1872 vestem
2823 1833 2887 1870 ex
2907 1813 3133 1869 camelis
3165 1812 3475 1868 confectam

1876 1910 1947 1964 ad
1995 1909 2280 1964 Christum
2337 1908 2609 1962 mittendo
2648 1907 2878 1960 indutus
2921 1901 3235 1975 portatur?
3265 1903 3344 1955 Ac
3374 1917 3476 1972 per

1875 1998 1980 2053 hoc
1999 1998 2129 2051 hinc
2157 1997 2288 2052 inde
2316 1997 2502 2050 divina
2556 1995 2940 2049 doctrinarum
2987 1992 3243 2046 redolent
3285 2006 3474 2043 sacra-

1876 2093 2069 2160 menta
2093 2104 2106 2154 ;
2128 2091 2402 2157 quatenus
2421 2102 2521 2156 per
2548 2085 2653 2139 hoc
2707 2085 3142 2146 demonstretur,
3197 2078 3344 2150 quod
3392 2077 3473 2130 illi

1875 2177 1945 2232 ad
1975 2178 2231 2230 decorem
2261 2174 2575 2229 indumenti
2621 2173 2830 2228 Christi
2858 2171 3178 2243 pertineant
3225 2167 3320 2238 qui
3376 2181 3476 2238 per

1875 2266 2285 2338 paenitentiam,
2318 2280 2575 2334 asperam
2605 2267 2780 2333 agunt
2809 2261 3002 2324 vitam,
3036 2265 3092 2314 et
3121 2274 3282 2313 suam
3304 2270 3475 2326 super

1878 2355 2166 2410 Christum
2198 2353 2409 2424 peccati
2437 2352 2728 2423 deponunt
2749 2351 3046 2405 sarcinam.
3079 2349 3228 2402 Zona
3249 2359 3474 2418 quoque

1878 2445 2111 2516 pellicea
2121 2443 2268 2496 circa
2285 2441 2504 2496 lumbos
2525 2443 2573 2511 ej
2583 2459 2664 2505 us,
2687 2458 2789 2511 per
2805 2457 2973 2512 quam
2988 2435 3476 2492 mortiﬁcatiacar-

1881 2534 1970 2586 nis
1998 2531 2348 2602 exprimitur,
2380 2547 2474 2584 eos
2496 2531 2763 2595 insinuat,
2793 2529 2888 2600 qui
2917 2528 3086 2582 ﬁdem
3143 2527 3474 2598 recipientes

1883 2621 2091 2676 Christi
2111 2619 2316 2674 lumbis
2339 2621 2462 2690 ejus
2487 2619 2862 2683 adhaeserunt,
2892 2634 2994 2688 per
3013 2617 3160 2687 quod
3181 2617 3475 2688 propagati

1879 2727 1944 2766 ex
1972 2710 2184 2764 semine
2212 2709 2462 2763 haeredes
2490 2707 2592 2762 Dei
2624 2712 2680 2761 et
2710 2706 3025 2760 cohaaredes
3051 2705 3261 2760 Christi
3316 2706 3474 2759 inve-

1875 2801 2130 2855 niuntur.
2154 2799 2327 2853 Porro
2349 2815 2449 2868 per
2469 2798 2712 2851 locustas
2751 2795 2928 2850 Judaei
2966 2795 3202 2849 veritate
3249 2794 3474 2864 fugaces

1875 2907 1989 2944 non
2009 2888 2290 2942 immerito
2319 2887 2705 2956 designantur,
2731 2885 2827 2956 qui
2856 2899 2956 2955 per
2990 2884 3174 2953 legem
3200 2883 3477 2939 virtutum

1875 2979 1993 3033 alas
2017 2977 2350 3031 videbantur
2379 2975 2606 3042 afferre;
2629 2975 2775 3029 unde
2805 2973 2966 3044 quasi
2995 2971 3327 3043 quibusdam
3351 2989 3475 3025 cor-

202 3064 314 3118 dem
343 3079 461 3117 non
486 3063 599 3118 nisi
645 3080 749 3134 per
801 3063 1044 3133 gratiam
1074 3080 1138 3116 eo
1168 3063 1381 3116 servari
1411 3080 1571 3134 posse
1599 3063 1790 3131 vitam,
1811 3073 1852 3134 {3
1882 3085 2089 3142 porum
2117 3066 2351 3120 saltibus
2371 3064 2664 3119 sublimius
2694 3080 2729 3117 a
2754 3069 2908 3117 terra
2935 3061 3329 3116 efferebantur.
3365 3061 3476 3116 Sed

200 3158 392 3207 natura
415 3152 678 3206 conﬁteri
709 3151 927 3218 suadet,
953 3151 1102 3223 quod
1118 3151 1328 3208 imitari
1355 3169 1464 3206 non
1480 3153 1666 3207 audet.
1689 3153 1794 3207 De-

203 3242 350 3295 cebat
375 3242 572 3312 itaque
595 3258 745 3306 eum,
773 3241 1118 3312 cuiprimum
1135 3241 1473 3312 praedicandi
1503 3241 1795 3312 privilegia

201 3332 348 3400 regni
376 3331 651 3384 caelorum
681 3331 1132 3396 committuntur,
1155 3337 1431 3402 quantum
1463 3330 1794 3386 mortalibus

203 3419 280 3473 fas
304 3426 401 3484 est,
438 3419 652 3473 imitari
681 3419 992 3488 angelicam
1041 3420 1236 3483 vitam,
1270 3425 1328 3474 et
1376 3419 1544 3473 rebus
1598 3420 1794 3474 mundi

208 3508 525 3579 exspoliari;
575 3513 854 3577 quatenus
886 3524 988 3579 per
1015 3525 1146 3562 eum
1181 3509 1462 3563 discerent
1508 3510 1793 3563 auditores

208 3596 340 3668 quod
371 3597 520 3650 idem
541 3595 728 3649 verbis
756 3595 1021 3650 monebat
1037 3595 1300 3666 operibus
1322 3597 1648 3668 adimplere.
1674 3597 1792 3651 Pri-

211 3702 350 3739 mum
378 3685 554 3756 igitur
578 3685 967 3756 pmnitentiam
999 3685 1116 3739 suis
1136 3686 1397 3756 proponit
1417 3684 1788 3754 auditoribus,

212 3791 300 3845 per
324 3792 489 3846 quam
510 3779 599 3829 est
617 3774 834 3829 reditus
859 3773 928 3828 ab
956 3790 1166 3838 errore,
1192 3791 1451 3829 recursus
1475 3791 1508 3829 a
1532 3774 1791 3842 crimine,

218 3863 429 3917 abolitio
466 3880 602 3918 vero
639 3863 852 3934 peccati
884 3870 942 3917 et
969 3879 1298 3934 progressus
1326 3864 1396 3918 ad
1445 3864 1785 3935 paradisum.

214 3951 406 4005 Deinde
427 3951 652 4006 exhibet
672 3952 903 4006 vivendo
934 3952 1083 4023 quod
1129 3951 1308 4019 docet,
1363 3958 1428 4008 ut
1466 3969 1661 4007 omnes
1701 3954 1791 4009 in-

213 4045 377 4094 struat
402 4041 683 4105 doctores,
716 4041 776 4094 in
806 4057 866 4095 se
904 4041 1059 4112 prius
1102 4041 1372 4096 damnare
1403 4058 1437 4096 a
1492 4041 1694 4114 quibus
1740 4048 1797 4099 et

219 4129 338 4183 alios
356 4129 636 4197 cohibent,
671 4137 840 4202 atque
861 4131 1123 4202 Operibus
1149 4131 1428 4203 expedire,
1453 4150 1797 4204 quaecunque

219 4221 520 4275 monuerint
545 4226 613 4275 ut
639 4221 1108 4291 agantur.Infelix
1143 4219 1382 4276 nimium
1403 4222 1580 4277 nostri
1610 4222 1795 4277 saeculi

215 4311 348 4374 etas,
381 4310 606 4380 quando
645 4310 932 4364 rarissime
987 4310 1269 4364 invenitur
1306 4311 1509 4381 aliquis
1561 4311 1794 4367 vivendo

1875 3158 2008 3229 quia
2034 3157 2282 3210 litteram
2302 3155 2423 3209 sine
2443 3152 2643 3225 spiritu
2675 3158 2809 3207 sunt
2833 3152 3030 3215 secuti,
3062 3167 3301 3204 messem
3323 3149 3465 3219 legis

1877 3248 1993 3302 suis
2017 3243 2594 3316 maleinterpretando
2607 3241 2974 3297 corrodebant
2992 3239 3270 3294 dentibus.
3296 3237 3478 3292 Erant

1881 3336 2030 3390 enim
2073 3351 2213 3388 aura
2255 3331 2579 3404 cupiditatis
2610 3332 2782 3385 flante
2813 3328 2957 3399 vagi,
2990 3327 3252 3398 operibus
3296 3326 3476 3380 infru-

1878 3424 2074 3489 ctuosi,
2109 3422 2290 3476 verbis
2321 3421 2562 3492 queruli,
2585 3419 3042 3475 circumferentes
3058 3433 3117 3471 se
3137 3416 3290 3471 omni
3313 3420 3476 3470 vento
3500 3452 3516 3465 .

1875 3513 2161 3567 doctrinae.
2195 3511 2304 3565 Sed
2342 3509 2700 3581 postmodum
2741 3507 2905 3561 multi
2935 3523 3127 3560 eorum
3163 3506 3307 3560 fiunt
3345 3520 3476 3558 san-

1875 3607 2092 3656 ctorum
2114 3599 2381 3654 alimonia
2402 3615 2516 3652 una
2544 3615 2672 3651 cum
2696 3597 2861 3650 melle
2880 3595 3137 3661 silvestri,
3167 3600 3223 3648 et
3246 3593 3478 3648 satietas

1877 3691 2300 3762 prophetarum.
2333 3688 2440 3741 Mel
2463 3691 2650 3741 autem
2679 3685 2738 3739 in
2758 3684 2943 3738 cibum
2967 3699 3080 3737 non
3111 3699 3176 3736 ex
3218 3681 3478 3735 alveariis

1874 3780 2033 3851 legis,
2058 3777 2157 3832 sed
2175 3795 2239 3832 ex
2252 3776 2466 3831 truncis
2487 3773 2825 3829 silvestrium
2843 3771 3105 3826 arborum
3121 3769 3470 3841 praelibatur:

1861 3875 1938 3924 ut
1961 3885 2063 3940 per
2077 3869 2180 3922 hoc
2205 3865 2489 3938 gentilitas
2514 3867 2710 3918 vocata
2733 3862 2806 3916 ad
2832 3860 3092 3932 gratiam,
3109 3874 3276 3930 quam
3297 3857 3477 3912 dulcis

1877 3961 1953 4015 sit
1981 3957 2188 4014 Christi
2236 3954 2454 4028 corpori
2500 3953 2730 4019 sociata,
2773 3949 3086 4023 expressius
3136 3948 3474 4003 declaretur.

1879 4050 2022 4104 Hinc
2051 4046 2318 4101 nimirum
2331 4044 2507 4100 David
2529 4059 2735 4098 canens
2756 4040 2937 4096 aiebat
2964 4058 2975 4092 :
3013 4041 3336 4094 Invenimus
3357 4053 3478 4091 eam

1879 4141 1944 4192 in
1974 4139 2180 4204 campis
2195 4138 2345 4189 silvae
2377 4137 2542 4201 (Psal.
2578 4148 2748 4198 cxxxl,
2781 4129 2855 4197 6),
2896 4129 3045 4184 inter
3066 4145 3204 4200 quas
3233 4128 3477 4182 Joannes

1878 4228 1999 4298 ejus
2045 4224 2270 4279 dulcore
2301 4228 2512 4295 pastus,
2543 4221 2828 4292 jucundus
2869 4219 3180 4289 saginatur.
3215 4216 3476 4271 Forsitan

1876 4323 1934 4371 et
1973 4315 2253 4369 Jonathan
2291 4313 2441 4366 ﬁlius
2464 4311 2598 4366 Saul
2645 4310 2702 4364 in
2737 4309 2885 4363 hunc
2910 4308 3120 4361 saltum
3154 4306 3475 4372 devenerat,

217 4399 574 4469 evangelicam
601 4395 816 4452 habens
830 4399 1088 4464 formam,
1107 4399 1204 4453 sed
1219 4416 1412 4453 omnes
1431 4400 1792 4470 praesentium
1811 4434 1858 4492 D
1877 4403 1971 4459 ubi
1994 4404 2065 4457 ad
2093 4401 2446 4473 superficiem
2471 4405 2636 4454 terrae
2655 4399 2765 4452 mel
2787 4397 2937 4452 istud
2981 4394 3250 4450 manabat
3275 4396 3326 4463 (1
3349 4394 3475 4462 Reg.

216 4501 382 4541 rerum
412 4493 704 4542 sectantur
729 4489 988 4553 honores,
1023 4493 1088 4542 ut
1113 4505 1214 4558 per
1240 4489 1324 4542 fas
1353 4493 1410 4542 et
1438 4488 1593 4542 nefas
1615 4490 1794 4560 magis
1811 4483 1854 4492 ”
1877 4507 1988 4558 XIV,
2011 4491 2125 4559 27).
2150 4491 2272 4554 Quo
2295 4494 2521 4559 gustato
2545 4487 2835 4559 paululum
2865 4484 3217 4540 illuminatus
3245 4483 3472 4552 legitur,

217 4590 428 4644 praeesse
457 4577 702 4642 valeant,
738 4593 904 4648 quam
933 4577 1217 4647 prodesse.
1253 4577 1654 4632 Verumtamen
1683 4595 1798 4632 om-
1878 4587 1943 4636 ut
1958 4597 2060 4652 per
2087 4581 2192 4633 hoc
2219 4578 2467 4649 apertius
2499 4577 2892 4647 designaretur
2927 4574 3114 4646 gratia
3142 4572 3478 4643 Redempto-

218 4680 300 4718 nes
330 4683 392 4720 ea
420 4667 748 4738 praedicant,
783 4682 907 4737 qum
925 4667 1012 4720 vix
1040 4666 1202 4737 pauci
1228 4671 1420 4720 tenere
1451 4667 1702 4723 moribus
1731 4685 1797 4723 ac
1877 4670 1956 4724 ris
2006 4670 2063 4723 in
2107 4668 2409 4730 Ecclesiam
2453 4667 2523 4720 de
2575 4665 2837 4736 gentibus
2894 4663 3226 4718 conﬂuxisse
3258 4681 3270 4730 ;
3304 4676 3476 4733 quam

217 4753 328 4821 vita,
388 4757 594 4811 velint:
653 4755 783 4827 quia
815 4756 948 4810 dum
988 4761 1378 4826 paupertatem
1431 4757 1788 4829 persuadent,
1877 4759 2113 4831 quisque
2152 4757 2423 4827 attigerit,
2471 4771 2584 4810 non
2628 4756 2809 4810 solum
2859 4753 3230 4820 illuminatur,
3281 4766 3476 4806 verum

218 4846 377 4898 cuncti
396 4861 634 4916 regnare
658 4845 924 4916 cupiunt:
951 4845 1072 4914 ejus
1092 4845 1363 4898 nimirum
1384 4846 1631 4900 fautores
1643 4846 1791 4911 facti,

218 4934 771 5002 cujusbeatitudinem
791 4934 977 5005 operis
989 4933 1210 4987 etiamsi
1230 4936 1464 5005 possint,
1481 4936 1794 5006 praesertim

217 5035 324 5074 cum
348 5022 586 5077 debeant
610 5023 865 5094 implere,
897 5023 1072 5093 digito
1099 5039 1322 5078 movere
1343 5024 1539 5079 nolint.
1561 5025 1634 5079 At
1664 5042 1794 5080 vero

218 5108 434 5166 Joannes
458 5113 594 5184 quia
613 5113 852 5166 formam
880 5112 1285 5184 contemptoris
1325 5113 1616 5186 praesentis
1665 5115 1792 5169 vitae

219 5194 266 5250 in
291 5217 345 5252 se
370 5201 756 5268 transformat,
781 5217 893 5255 non
948 5202 1129 5255 solum
1156 5202 1372 5274 appetit
1401 5203 1548 5257 mala
1594 5203 1790 5260 mundi

220 5291 426 5359 perpeti,
448 5291 547 5345 sed
577 5291 749 5345 etiam
774 5290 1027 5345 habitum
1062 5297 1231 5362 atque
1257 5291 1463 5347 victum
1495 5292 1667 5347 talem
1699 5293 1788 5347 in-

221 5378 387 5444 sumit,
433 5380 589 5434 velut
617 5378 815 5434 beatus
859 5380 1104 5434 Hilarius
1133 5380 1326 5447 tradit,
1381 5382 1476 5454 qui
1533 5383 1787 5438 omnium

221 5479 390 5521 eorum
417 5471 657 5540 ﬁguram
683 5475 847 5540 gerat
877 5489 889 5535 ;
923 5487 1063 5542 quos
1083 5471 1336 5543 exemplo
1361 5471 1625 5527 doctrina:
1673 5489 1788 5526 sua:

223 5553 356 5610 velut
376 5557 521 5614 intra
545 5574 753 5631 corpus
776 5559 1092 5617 mandendo
1120 5560 1350 5632 trajicit.
1404 5562 1478 5619 Ut
1540 5578 1641 5635 per
1682 5562 1788 5619 hoc

1876 4849 2049 4903 etiam
2076 4846 2314 4900 interius
2344 4845 2581 4900 refectus
2609 4842 3021 4898 corroboratur.

1955 4937 2108 4992 Tunc
2127 4935 2398 4990 exibat'ad
2425 4950 2549 4988 eum
2576 4934 2958 5000 Hierosolyma
2989 4936 3038 4986 et
3068 4934 3248 4986 omnis
3284 4931 3474 4984 Judaea

1876 5031 1924 5081 et
1950 5028 2130 5080 omnis
2153 5027 2301 5092 regio
2326 5026 2475 5077 circa
2495 5025 2818 5088 Iordanem,
2839 5028 2887 5076 et
2910 5023 3339 5091 baptizabantur
3352 5035 3477 5074 con-

1873 5119 2080 5184 ﬁtentes
2106 5118 2327 5184 peccata
2348 5128 2468 5166 sua.
2502 5111 2610 5167 Ubi
2635 5111 2947 5167 notandum
2976 5111 3125 5182 quod
3154 5109 3279 5164 ideo
3309 5109 3480 5163 conﬁ-

1873 5209 2066 5261 tentur
2104 5207 2330 5276 peccata
2383 5217 2506 5266 sua,
2560 5205 2624 5255 ut
2654 5199 2810 5272 digni
2847 5200 3164 5255 efﬁciantur
3207 5196 3474 5270 baptismi

1870 5294 2074 5366 gratia,
2093 5291 2398 5346 secundum
2416 5290 2566 5362 quod
2581 5290 2897 5357 audierant,
2909 5291 3290 5359 paenitentiam
3307 5292 3475 5358 agite,

1871 5385 2336 5452 appropinquavit
2346 5383 2498 5436 enim
2509 5395 2682 5450 regna
2692 5397 2743 5434 m
2757 5383 3016 5435 caelorum
3026 5378 3203 5435 .Unde
3220 5383 3477 5450 apparet,

1869 5473 2087 5529 nullum
2120 5476 2269 5525 recte
2295 5471 2567 5542 paenitere
2586 5486 2770 5542 posse,
2789 5469 2900 5523 nisi
2932 5470 3178 5540 primum
3216 5470 3477 5522 conﬁtea-

1869 5567 1964 5619 tur
1999 5565 2225 5633 peccata
2250 5577 2375 5632 sua,
2405 5563 2463 5616 et
2488 5559 2691 5632 prioris
2711 5558 2836 5614 vita
2858 5573 3080 5614 errores
3104 5554 3434 5613 damnaveri
