3938 6174
500 270 600 331 155

1282 277 1337 331 S.
1380 278 1761 337 PASCHASII
1800 278 2162 336 RADBERTI
2200 278 2503 335 ABBATIS
2542 276 3035 335 CORBEIENSIS.

3651 274 3735 334 156

495 402 562 453 ut
571 397 849 455 efﬁciatur
872 401 1109 456 idoneus
1128 402 1496 473 percipiendae
1524 406 1740 475 gratim,
1772 410 1830 460 et
1847 411 1968 460 tum
1989 406 2089 460 de—
2106 407 2153 465 A
2171 405 2445 459 Joannem
2462 405 2770 468 :Memento,
2792 401 2993 472 inquit,
3018 402 3165 455 unde
3184 402 3460 466 cecideris,
3474 406 3521 454 et
3536 416 3627 468 age
3647 418 3739 470 pa-

499 503 656 542 mum
703 488 905 544 divinis
951 491 1347 562 mysteriorum
1389 495 1752 548 sacramentis
1788 495 1847 549 in
1879 494 2086 549 Christi

495 592 727 649 corpore
764 585 1136 635 consecretur.
1192 585 1377 645 159
1404 582 1682 636 Praeterea
1719 601 1784 637 ex
1838 601 1905 638 eo
1936 585 2084 655 quod

495 667 795 738 Apostolus
811 668 892 722 ait
913 688 922 722 :
949 670 1089 735 Quia
1109 671 1231 723 sine
1243 686 1387 737 ptem
1396 674 1569 726 tentia
1605 678 1739 726 sunt
1758 674 1904 727 dona
1930 680 1984 728 et
2003 690 2088 728 ro-

495 758 637 810 catio
656 758 823 825 (Rom.
854 771 930 823 x1,
960 756 1069 824 29),
1092 774 1204 812 non
1232 757 1537 829 incongrue
1588 761 1903 831 legentibus
1935 779 2086 834 qua:-

494 844 602 900 stio
618 850 939 915 generatur.
961 846 1105 910 Quia
1121 846 1385 902 nimirum
1403 849 1450 901 si
1463 848 1583 904 sine
1611 851 1941 921 poenitentia
1956 857 2089 907 sunt

497 934 646 989 dona
667 934 941 1007 mysterii,
974 939 1031 989 et
1045 934 1206 990 nobis
1234 936 1293 990 in
1321 935 1601 1008 baptismo
1630 941 1978 996 condonatur
2004 959 2089 996 re-

496 1022 687 1077 missio
735 1028 1110 1093 peccatorum,
1135 1025 1357 1081 videtur
1386 1042 1497 1081 non
1526 1033 1676 1082 recte
1716 1030 1787 1083 ad
1806 1047 1933 1085 eum
1958 1048 2087 1085 cur-

495 1111 748 1166 rentibus
777 1112 1110 1183 pmnitentia
1137 1115 1291 1169 velut
1332 1114 1567 1186 indigna
1620 1119 1931 1188 praedicari.
1979 1120 2089 1175 Sed

492 1201 834 1275 pcenitentiae
863 1203 1061 1257 modus
1089 1204 1292 1275 triplex
1317 1205 1607 1276 accipitur,
1640 1208 1776 1262 dum
1814 1209 1967 1263 aliud
2015 1210 2089 1265 sit

494 1308 713 1347 errores
735 1291 1020 1359 vitiorum,
1040 1298 1098 1347 et
1119 1293 1381 1348 universa
1409 1295 1614 1349 diaboli
1636 1314 1804 1367 opera
1857 1315 1957 1369 per
1979 1315 2091 1370 pa:-

494 1380 794 1436 nitentiam
825 1381 1272 1437 abrenuntiando
1294 1389 1424 1439 ante
1451 1384 1792 1440 ablutionem
1815 1388 1983 1442 fontis
1999 1406 2091 1459 pe—

494 1470 648 1525 nitus
683 1470 1065 1537 condemnari,
1127 1472 1278 1526 aliud
1330 1479 1455 1544 post
1500 1473 1711 1529 fontem
1746 1476 2089 1531 remissionis

495 1557 609 1613 labi
625 1560 684 1612 in
712 1563 1021 1629 peccatum,
1053 1565 1108 1614 et
1126 1577 1227 1631 per
1280 1562 1666 1633 paenitentiam
1698 1564 1902 1619 iterum
1923 1583 2088 1620 reno-

493 1647 631 1702 vari.
657 1647 773 1701 Nec
796 1664 908 1702 non
940 1653 994 1702 et
1025 1648 1167 1703 illud
1188 1651 1335 1720 quod
1358 1652 1605 1722 quotidie
1619 1654 1797 1708 sancti
1830 1671 1863 1707 a
1881 1654 2086 1710 talibus

2168 496 2483 560 nitentiam,
2507 498 2556 546 et
2579 495 2776 561 priora
2815 507 2977 559 opera
3016 495 3114 543 tua
3164 492 3257 557 fac
3286 490 3462 558 (Apoc.
3485 503 3543 556 II,
3571 489 3638 558 5).
3666 489 3740 544 Ea

2166 582 2424 637 videlicet
2448 598 2569 653 quae
2599 580 2843 652 primum
2854 596 2955 651 per
2980 579 3317 633 charitatem
3337 577 3602 633 debueras
3622 595 3740 649 ope-

2166 671 2301 725 rari.
2323 671 2598 726 Caeterum
2611 669 2818 725 Paulus
2839 668 3123 740 apostolus
3144 668 3217 722 ad
3236 667 3498 723 Hebraeos
3508 669 3738 738 loquens,

2168 776 2281 815 non
2297 761 2481 815 solum
2501 760 2646 813 hanc
2666 775 2836 830 quam
2856 758 3121 823 diximus,
3146 761 3282 812 ante
3303 757 3635 828 baptismum
3659 773 3744 812 nec

2167 854 2266 920 gat
2284 848 2673 921 paenitentiam
2696 848 2998 917 agendam;
3023 863 3219 902 verum
3237 846 3427 918 ipsum
3455 845 3741 931 baptisma-

2168 938 2243 992 tis
2261 955 2466 993 nomen
2495 937 2880 1009 pmnitentiam
2902 936 3166 1008 appellat.
3192 937 3529 1005 Impossibile
3555 940 3642 999 est,
3663 935 3741 990 in-

2171 1029 2310 1100 quit,
2324 1045 2406 1082 eos
2418 1030 2516 1097 qui
2528 1031 2688 1081 semel
2703 1031 2835 1081 sunt
2854 1028 3192 1091 illuminati,
3211 1030 3573 1093 gustaverunt
3591 1027 3741 1078 etiam

2169 1119 2378 1171 donum
2391 1117 2605 1182 sceleste,
2629 1121 2677 1169 et
2682 1118 2976 1184 participes
2996 1116 3134 1181 facti
3141 1119 3277 1168 sunt
3304 1113 3551 1182 Spiritus
3562 1115 3744 1177 sancti,

2168 1211 2531 1274 gustaverunt
2549 1206 2917 1259 nihilominus
2935 1205 3136 1257 bonum
3150 1204 3251 1257 Dei
3264 1203 3745 1266 verbum,virtutes-

2172 1312 2273 1364 que
2287 1297 2472 1349 seculi
2490 1295 2730 1359 venturi,
2747 1298 2795 1346 et
2818 1295 3068 1362 prolapsi
3092 1295 3247 1358 sunt,
3284 1293 3546 1345 renovari
3568 1305 3744 1343 rursus

2172 1385 2244 1437 ad
2268 1386 2671 1452 panitentium,
2702 1398 2899 1436 rursus
2922 1383 3301 1448 cruciﬁgentes
3326 1381 3542 1433 sibimet
3558 1379 3743 1433 Filium

2173 1474 2287 1537 Dei,
2324 1478 2370 1525 et
2394 1475 2630 1525 ostentui
2667 1473 2917 1525 habentes
2949 1472 3175 1536 (Heb.v1,
3210 1467 3285 1537 4).
3329 1468 3475 1532 Quid
3501 1467 3640 1521 enim
3674 1471 3747 1520 est

2173 1561 2322 1631 quod
2342 1560 2492 1625 dicit,
2536 1559 2881 1631 impossibile
2902 1559 3251 1613 illuminatos
3280 1574 3479 1611 rursus
3507 1555 3739 1610 renovari

2172 1651 2242 1704 ad
2263 1649 2685 1721 paenitentiam?
2706 1648 2972 1719 Nunquid
3001 1649 3412 1711 hancalteram,
3438 1661 3602 1716 quam
3622 1644 3746 1698 dixi-

493 1740 811 1807 purgantur
837 1737 1072 1804 delictis,
1095 1738 1216 1793 sine
1239 1739 1440 1810 quibus
1457 1747 1649 1795 nostra
1671 1743 1917 1797 humana
1935 1761 2085 1798 mor-
2105 1756 2153 1816 B
2174 1755 2296 1793 mUS
2336 1744 2464 1809 post
2507 1738 2771 1809 gratiam,
2817 1738 3058 1807 denegat
3112 1735 3509 1808 paenitentiam
3534 1734 3558 1786 ?
3588 1731 3744 1786 Absit.

494 1825 703 1889 talitas,
727 1831 826 1880 aut
845 1826 954 1891 vix,
980 1832 1080 1880 aut
1102 1833 1252 1881 certe
1269 1828 1499 1883 minime
1529 1835 1712 1901 potest
1726 1832 1929 1887 vivere.
1946 1834 2089 1899 Quo-

496 1930 623 1969 rum
659 1913 813 1984 prior
852 1915 1194 1985 paenitentiae
1252 1919 1451 1973 modus
1480 1919 1604 1974 ideo
1635 1921 1987 1991 prmdicatur,
2030 1929 2093 1978 ut

494 2002 662 2057 homo
691 2003 787 2073 qui
834 2003 1014 2058 Deum
1068 2011 1356 2060 auctorem
1386 2025 1573 2075 suum,
1605 2009 1936 2065 declinando
1966 2018 2092 2083 post

495 2106 561 2146 ea
582 2108 705 2162 quas
730 2108 873 2146 vana
900 2097 1050 2158 sunt,
1082 2099 1512 2166 contempserat,
1546 2103 1603 2151 et
1628 2116 1728 2169 per
1751 2105 1971 2154 reatum
1992 2101 2090 2156 ira:

495 2179 645 2234 filius
674 2180 854 2235 factus
883 2186 1025 2247 erat,
1069 2184 1300 2237 tandem
1327 2185 1387 2238 in
1433 2188 1797 2258 semeptisum
1843 2189 2084 2258 rediens,

495 2269 763 2342 pristinos
783 2270 909 2325 vitae
930 2288 1148 2326 errores
1163 2273 1484 2328 rudimento
1513 2276 1645 2330 fidei
1671 2276 1925 2332 funditus
1954 2295 2087 2333 con-

495 2359 806 2413 demnaret.
827 2359 951 2414 Non
965 2360 1115 2414 enim
1134 2366 1255 2416 erat
1267 2362 1351 2417 fas
1367 2363 1584 2419 duobus
1602 2365 1843 2421 dominis
1858 2368 2088 2435 servire,

494 2447 613 2502 imo
644 2448 871 2519 proprio
892 2448 1148 2505 veniente
1177 2456 1392 2506 rectum
1413 2458 1554 2520 erat,
1581 2460 1646 2508 ut
1675 2456 1822 2525 quod
1848 2456 2089 2512 infauste

494 2537 1029 2608 tenueratprimum,
1056 2539 1418 2611 relinqueret,
1451 2548 1509 2597 et
1526 2545 1753 2614 puniret
1772 2545 1829 2599 in
1847 2562 1906 2600 se
1932 2546 2091 2617 quid-

496 2624 629 2697 quid
649 2625 709 2680 in
739 2642 803 2681 eo
834 2627 980 2682 male
1012 2628 1249 2695 vivebat,
1285 2636 1561 2701 quatenus
1591 2650 1692 2703 per
1743 2634 1847 2688 hoc
1890 2635 2090 2691 divinae

493 2714 689 2785 gratiae
704 2730 877 2786 capax
897 2721 1062 2771 esset.
1096 2718 1499 2775 Verumtamen
1524 2721 1639 2775 hzec
1664 2727 1728 2776 ut
1761 2730 1953 2793 ageret
1978 2740 2090 2779 non

493 2818 597 2859 sua
625 2802 875 2871 libertas,
899 2822 964 2859 eo
993 2806 1140 2878 quod
1171 2812 1320 2862 esset
1366 2810 1623 2864 servituti
1670 2812 1946 2879 addictus,
1993 2813 2091 2867 sed

492 2895 741 2949 vocantis
766 2894 951 2964 gratia
970 2895 1113 2963 fuit;
1144 2914 1266 2967 quae
1283 2900 1471 2968 gratia
1492 2915 1604 2954 non
1633 2901 1815 2955 solum
1839 2903 1951 2957 reis
1972 2921 2093 2974 pec-

494 2986 621 3035 cata
643 2982 1081 3052 gratisindulsit,
1103 2985 1201 3038 sed
1227 2986 1399 3040 etiam
1414 2987 1736 3042 facultatem
1749 2992 1949 3060 agendi
1964 3010 2087 3063 qua:

2174 1829 2300 1883 Non
2323 1828 2473 1882 enim
2492 1828 2649 1881 illam
2680 1828 2957 1897 denegare
2988 1827 3215 1897 poterit,
3244 1842 3417 1896 quam
3435 1823 3579 1877 idem
3620 1821 3747 1875 mul-

2174 1918 2338 1972 toties
2369 1917 2671 1988 praedicare
2709 1916 2996 1986 probatur.
3032 1916 3140 1971 Sed
3198 1914 3352 1986 quod
3398 1913 3530 1967 dicit
3575 1926 3746 1965 rursus

2172 2007 2429 2061 renovari
2459 2006 2528 2059 ad
2559 2005 2970 2076 paenitentiam.
3003 2005 3115 2058 tale
3144 2009 3234 2059 est
3260 2020 3326 2058 ac
3344 2003 3392 2057 si
3412 2002 3633 2064 diceret,
3662 2000 3749 2052 im-

2174 2096 2437 2167 possibile
2458 2102 2545 2150 est
2568 2112 2662 2149 eos
2683 2111 2875 2148 rursus
2887 2095 3156 2148 reiterare
3174 2093 3539 2165 baptismum.
3557 2089 3749 2161 Baptis-

2172 2200 2325 2238 mum
2349 2185 2523 2255 igitur
2552 2184 2656 2237 hoc
2683 2183 2802 2236 loco
2836 2181 3226 2253 paenitentiam
3258 2181 3521 2254 appellat,
3546 2183 3601 2232 et
3636 2177 3746 2231 ideo

2171 2279 2320 2328 recte
2351 2279 2521 2344 negat
2545 2272 2801 2327 renovari
2830 2288 2962 2342 pose
2982 2288 3177 2326 rursus
3229 2272 3303 2325 ad
3361 2267 3742 2342 penitentiam.

2173 2362 2317 2427 Quia
2335 2363 2482 2417 sicut
2512 2362 2771 2416 Christus
2801 2362 2974 2415 semel
2996 2366 3257 2415 mortuus
3292 2364 3380 2415 est
3398 2375 3499 2431 pro
3527 2354 3745 2428 peccatis

2173 2453 2380 2506 nostris
2406 2471 2417 2507 :
2457 2453 2538 2506 ita
2560 2456 2617 2505 et
2649 2468 2751 2505 nos
2790 2467 2919 2504 cum
2966 2450 3061 2506 illo
3092 2467 3195 2521 per
3227 2448 3567 2521 baptismum
3593 2443 3747 2500 semel

2172 2546 2395 2612 oportet
2438 2540 2600 2595 mori.
2653 2542 2716 2595 In
2750 2556 2859 2610 quo
2890 2539 3158 2594 nimirum
3209 2538 3510 2610 baptismo,
3541 2535 3677 2589 dona
3698 2535 3746 2584 et

2173 2630 2430 2684 remissio
2442 2630 2563 2684 sine
2579 2629 2910 2700 poenitentia
2928 2629 3343 2682 condonantur.
3370 2626 3511 2690 Quia
3527 2622 3746 2695 profecto

2174 2719 2333 2785 illud,
2369 2719 2515 2790 quod
2548 2719 2893 2773 renascimur
2920 2723 2986 2772 ut
3012 2717 3113 2771 filii
3138 2717 3240 2772 Dei
3271 2717 3470 2782 simus,
3526 2729 3620 2783 per
3668 2710 3748 2764 ba-

2174 2807 2440 2879 ptismum
2460 2808 2637 2877 gratis
2657 2807 2915 2861 omnibus
2954 2807 3331 2878 prielargitur.
3382 2805 3647 2859 Caeterum
3666 2797 3747 2870 qui

2174 2902 2301 2968 post
2319 2898 2424 2951 hoc
2451 2897 2751 2967 deliquerit
2781 2897 2852 2950 ad
2884 2901 3141 2962 mortem,
3167 2894 3427 2966 quamvis
3456 2893 3515 2947 in
3531 2903 3749 2962 quacun-

2171 3002 2278 3057 que
2298 2986 2387 3040 die
2402 3002 2699 3040 conversus
2727 2985 2918 3053 fuerit,
2947 2985 3138 3040 omnia
3158 2986 3284 3055 ejus
3309 2987 3534 3056 peccata
3547 2976 3748 3034 oblivio-

493 3070 776 3136 monebat,
792 3071 977 3139 dedit;
1013 3088 1077 3126 ac
1108 3073 1311 3128 deinde
1341 3077 1627 3142 meritum,
1651 3095 1762 3148 quo
1776 3071 2147 3152 perciperetC
2167 3075 2225 3128 ni
2250 3076 2565 3141 tradantur,
2600 3091 2713 3129 non
2745 3081 2936 3129 tamen
2964 3075 3085 3128 sine
3103 3074 3298 3144 aliqua
3325 3071 3595 3141 condigna
3607 3065 3748 3122 satis-

493 3159 730 3230 quisque
754 3175 877 3230 quae
908 3161 1186 3230 promissa
1208 3168 1357 3229 sunt,
1387 3166 1607 3236 plenius
1630 3168 1983 3224 condonavit.
2020 3171 2090 3226 Et

491 3246 620 3302 ideo
628 3248 758 3318 jure
768 3247 975 3303 clamat
986 3251 1287 3321 Apostolus
1306 3269 1317 3305 :
1341 3254 1492 3320 Quod
1506 3258 1624 3309 sine
1634 3262 1959 3325 paenitentia
1975 3263 2089 3314 sint

493 3338 639 3392 dona
665 3342 713 3390 et
740 3340 965 3404 vacatio,
999 3340 1311 3410 praesertim
1368 3343 1515 3412 quod
1545 3349 1747 3399 cuncta
1767 3347 1944 3416 gratis
1988 3349 2089 3403 do-

492 3430 719 3493 nantur,
744 3425 802 3479 in
824 3430 1044 3480 tantum
1062 3432 1128 3483 ut
1146 3429 1315 3483 etiam
1344 3430 1466 3501 ipsa
1494 3432 1825 3503 poenitentia
1856 3436 1956 3491 Dei
1994 3438 2088 3492 do-

494 3531 633 3570 num
681 3520 833 3583 recte
888 3515 1126 3571 dicatur.
1179 3518 1447 3590 Nunquid
1485 3521 1661 3592 igitur
1712 3524 1829 3577 ulla
1859 3526 2087 3596 religio-

492 3603 580 3659 nis
590 3604 921 3677 poenitentia
938 3605 1059 3661 sine
1077 3606 1176 3661 Dei
1205 3609 1391 3678 gratia
1422 3610 1594 3665 videri
1623 3616 1825 3683 potest,
1852 3631 2086 3686 preser-

492 3694 595 3750 tim
626 3710 754 3749 cum
774 3695 1048 3766 propheta
1062 3697 1310 3768 postulet
1335 3715 1346 3751 :
1370 3698 1625 3754 Converte
1654 3704 2011 3769 me,Domine,
2041 3718 2089 3761 et

492 3790 780 3842 convertar
792 3787 866 3840 ad
896 3791 943 3841 te
973 3790 1102 3855 (Jer.
1128 3802 1272 3856 xxxx,
1302 3787 1410 3861 18).
1439 3790 1747 3859 Quomodo,
1767 3793 1969 3865 inquit,
1999 3800 2082 3862 tu,

490 3875 748 3942 Domine,
774 3877 1097 3933 convertisti
1124 3894 1234 3943 me,
1277 3883 1335 3932 et
1355 3879 1442 3950 egi
1465 3882 1872 3952 paenitentiam,
1906 3889 2089 3938 osten-

490 3965 622 4020 disti
649 3966 789 4019 mihi
817 3969 875 4019 et
901 3966 1151 4037 percussi
1179 3966 1364 4021 femur
1391 3985 1599 4023 meum.
1631 3971 1709 4024 Ac
1741 3971 1787 4025 si
1831 3976 2089 4043 patenter

492 4053 722 4119 diceret,
738 4054 871 4123 quia
886 4054 997 4107 nisi
1012 4070 1103 4107 me
1118 4055 1509 4121 convertisses,
1542 4059 1736 4130 utique
1752 4076 1816 4113 ex
1848 4078 1937 4115 me
1967 4079 2086 4132 pm-

490 4140 790 4195 nitentiam
820 4156 933 4194 non
950 4142 1208 4211 egissem.
1244 4143 1402 4197 Unde
1436 4145 1647 4214 liquido
1676 4154 1912 4216 constat,
1938 4152 2085 4222 quod

493 4227 825 4300 poenitentia
852 4228 954 4282 Dei
973 4228 1048 4285 sit
1074 4229 1303 4297 donum,
1321 4231 1419 4285 sed
1438 4239 1628 4288 tamen
1660 4237 1958 4306 Apostolus
1984 4239 2084 4294 ba-

2172 3164 2414 3219 factione
2456 3165 2644 3218 delicti
2666 3164 2934 3219 immunis
2963 3182 2998 3217 a
3040 3163 3378 3235 poenitentia
3422 3157 3620 3232 poterit
3660 3168 3746 3208 ex-

2173 3254 2336 3325 piari.
2370 3254 2527 3308 Unde
2558 3254 2808 3308 fortassis
2848 3254 2953 3307 hoc
3010 3252 3217 3306 Paulus
3260 3253 3454 3307 volens
3497 3258 3742 3303 annuere.

2172 3343 2293 3397 sine
2336 3343 2667 3413 pmnitentia
2718 3343 2860 3396 dixit
2897 3342 3047 3396 dona
3103 3340 3470 3405 remissionis,
3501 3343 3558 3392 et
3600 3349 3743 3389 voca-

2168 3432 2402 3497 tionem,
2425 3449 2592 3503 quam
2640 3431 2700 3486 in
2720 3432 2824 3486 hac
2852 3432 3054 3485 iterum
3088 3431 3135 3484 si
3168 3431 3366 3502 lapsus
3389 3428 3555 3484 fuerit
3603 3422 3742 3495 quis-

2169 3521 2317 3593 piam
2361 3521 2642 3576 crcdimus
2679 3520 3057 3575 necessarium
3126 3520 3455 3597 adimplere.
3506 3517 3580 3570 At
3627 3525 3741 3565 vero

2169 3612 2240 3666 de
2285 3613 2373 3666 his
2419 3612 2515 3683 qui
2564 3626 2675 3665 non
2724 3612 2863 3665 adeo
2910 3615 3160 3681 peccant,
3210 3614 3268 3664 et
3308 3616 3498 3665 tamen
3551 3603 3743 3674 seipsos

2166 3701 2420 3773 quotidie
2447 3717 2547 3772 per
2578 3702 2828 3755 lamenta
2855 3700 3220 3755 districtionis
3249 3697 3541 3771 purgando
3582 3694 3733 3759 l6!

2168 3790 2430 3863 puniunt,
2489 3790 2701 3843 dictum
2761 3789 3083 3860 accipimus,
3143 3788 3293 3860 quod
3344 3790 3540 3858 Septies
3583 3785 3643 3836 in
3666 3780 3742 3833 die

2168 3881 2328 3934 cadat
2347 3882 2554 3947 justus,
2583 3884 2631 3931 et
2648 3881 2909 3946 resurgit.
2934 3878 3093 3932 Cadit
3150 3878 3378 3949 quidem
3437 3891 3536 3948 per
3578 3868 3740 3924 varios

2169 3968 2498 4022 delictorum
2528 3983 2806 4032 excessus,
2836 3968 2957 4021 sine
2984 3966 3187 4038 quibus
3213 3973 3411 4022 nostra
3452 3958 3740 4018 mortalitas

2168 4074 2279 4112 non
2301 4056 2572 4122 subsistit,
2593 4057 2689 4110 sed
2708 4057 2955 4127 resurgit
2974 4056 3121 4111 illico
3143 4073 3240 4127 per
3261 4055 3531 4110 humilem
3552 4046 3740 4104 confes-

2168 4147 2403 4214 sionem,
2431 4147 2628 4201 firmus
2656 4145 2715 4199 in
2736 4145 3042 4216 proposito,
3069 4146 3174 4200 etsi
3200 4145 3418 4215 fragilis
3445 4138 3738 4197 inveniatur

2166 4236 2227 4291 in
2256 4252 2503 4290 excessu.
2550 4235 2817 4306 Alioquin
2847 4251 2959 4289 non
2979 4236 3167 4305 justus
3195 4234 3417 4290 interea
3440 4228 3739 4286 censeretur

492 4315 685 4388 ptismi
704 4317 947 4387 gratiam
969 4321 1023 4371 et
1054 4317 1443 4373 remissionem
1466 4327 1821 4391 peccatorum
1838 4325 1958 4380 sine
1986 4328 2138 4393 illa_
2168 4325 2302 4379 dum
2339 4325 2608 4379 incideret
2633 4325 2689 4378 in
2722 4330 2960 4389 reatum,
2996 4324 3044 4378 si
3073 4339 3187 4377 non
3208 4323 3547 4393 justificatus
3575 4310 3736 4370 conti-

490 4386 841 4476 poenitentia,
877 4422 999 4476 quae
1019 4405 1239 4478 publice
1262 4386 1621 4481 peccantibus
1642 4412 1809 4466 datur
1822 4413 1879 4468 in
1901 4415 2084 4470 Eccle—
2100 4386 2148 4446 D
2167 4430 2279 4469 nuo
2299 4413 2517 4468 veniam
2547 4418 2858 4467 resumeret
2881 4386 3576 4483 exindultuiQuapropter
3589 4414 3736 4459 nemo

492 4495 595 4562 sia,
629 4494 751 4550 dari
780 4495 1007 4550 omnino
1036 4497 1311 4568 perhibet,
1346 4504 1403 4554 et
1421 4515 1775 4572 nequaquam
1827 4503 1897 4557 de
1960 4504 2081 4572 hac,
2166 4520 2233 4558 ex
2261 4502 2520 4557 omnibus
2543 4502 2827 4557 invenitur
2855 4501 2951 4573 qui
2981 4501 3342 4567 confessione,
3374 4500 3600 4554 veritate
3626 4504 3737 4563 pro-

491 4599 593 4656 per
628 4601 799 4655 quam
825 4585 1061 4657 quisque
1090 4586 1453 4644 abrenuntiat
1476 4588 1716 4657 diabolo,
1750 4596 1808 4645 et
1827 4592 2086 4649 omnibus
2168 4592 2355 4659 dente,
2374 4608 2485 4646 non
2500 4596 2680 4662 egeat.
2708 4591 2917 4645 Idcirco
2934 4591 3121 4645 nullus
3140 4607 3199 4644 se
3221 4596 3463 4679 excuset,
3482 4589 3737 4679 quatenus

491 4676 753 4748 Operibus
777 4678 899 4748 ejus
931 4680 1186 4736 Christus
1217 4686 1316 4736 aut
1343 4683 1586 4736 Joannes
1626 4688 1993 4749 lﬁﬂtacet.
2018 4689 2081 4743 In
2168 4681 2303 4736 dum
2330 4686 2487 4734 vacat
2542 4680 2983 4735 misericordiam
3012 4695 3125 4733 non
3155 4678 3427 4750 requirat.
3450 4678 3571 4732 Non
3597 4676 3732 4725 enim

492 4766 599 4822 hac
623 4766 830 4839 quippe
851 4783 965 4823 non
988 4769 1168 4824 multa
1191 4770 1437 4842 corporis
1454 4771 1725 4841 quaeritur
1743 4774 2048 4830 satisfactio
2072 4796 2083 4831 :
2168 4768 2465 4823 erubescat
2480 4769 2733 4823 conﬁteri
2766 4768 2980 4822 medico
2994 4769 3114 4838 jam
3145 4784 3245 4838 pro
3274 4767 3532 4822 omnibus
3554 4763 3736 4815 immO“

488 4857 550 4911 in
576 4854 674 4911 illa
702 4872 833 4910 vero
861 4856 1151 4927 prolixius,
1164 4859 1329 4929 juxta
1347 4859 1778 4937 aestimationem
1799 4863 2005 4929 delicti,
2031 4870 2088 4919 et
2169 4858 2302 4923 lato,
2348 4857 2496 4928 quod
2533 4857 2628 4911 isti
2662 4856 2874 4911 dudum
2904 4873 3015 4910 non
3046 4854 3450 4911 erubescebant
3478 4848 3736 4937 publicare

490 4944 735 5000 fructum
763 4944 1105 5016 poenitentiae
1134 4948 1258 5017 ejus
1277 4949 1372 5019 qui
1389 4964 1492 5003 sua
1511 4949 1678 5004 deflet
1691 4958 1898 5021 errata,
1950 4958 2087 5008 tem-

490 5049 597 5106 pus
621 5032 946 5088 insumitur.
974 5034 1100 5089 Non
1120 5035 1347 5106 quidem
1376 5042 1442 5092 ut
1471 5038 1540 5092 de
1568 5039 1729 5094 venia
1757 5040 1816 5094 in
1845 5058 1959 5096 uno
1990 5058 2085 5096 eo-

491 5122 732 5197 demque
747 5127 1030 5178 momento
1051 5123 1373 5179 difﬁdamus
1389 5128 1658 5194 conversi,
1692 5129 1790 5183 sed
1804 5136 1868 5185 ut
1896 5148 1961 5185 ex
1981 5132 2086 5186 hoc

488 5210 835 5266 satisfaciens
861 5228 991 5266 reus
1026 5213 1097 5267 ad
1143 5214 1428 5280 meritum,
1457 5221 1653 5287 potum
1708 5218 2084 5290 lacrymarum

485 5300 829 5373 percipiatin
852 5317 1196 5356 mensuram.
1220 5303 1395 5357 Porro
1415 5304 1484 5358 de
1504 5304 1591 5359 his
1612 5306 1706 5376 qui
1729 5313 1859 5363 ante
1871 5309 2082 5364 donum

485 5404 630 5443 vana
667 5389 865 5445 sectati
901 5394 1037 5445 sunt
1060 5389 1340 5458 instituta,
1369 5392 1505 5447 dicit
1532 5394 1832 5465 Apostolus
1866 5417 1878 5451 :
1914 5399 2080 5465 Quem

484 5493 610 5546 ergo
638 5478 891 5546 fructum
919 5481 1208 5547 habuistis,
1244 5483 1309 5534 in
1328 5483 1526 5553 quibus
1559 5500 1713 5540 nunc
1729 5488 2084 5542 erubescitis?

486 5568 764 5641 (Rom.1x,
803 5566 914 5642 21.)
944 5569 1026 5629 De
1076 5569 1198 5627 istis
1234 5586 1368 5628 vero
1407 5572 1539 5637 alibi
1582 5573 1770 5631 divina
1824 5591 1926 5633 vox
1984 5593 2083 5650 per

2167 4946 2387 5011 Joanni,
2422 4946 2671 5000 nondum
2699 4945 2895 5000 salutis
2908 4945 3160 4999 antidoto
3187 4945 3397 5000 eisdem
3426 4936 3736 5017 quantulum

2167 5037 2478 5107 propalato.
2518 5036 2678 5101 Quod
2730 5036 2777 5090 si
2832 5036 3008 5105 igitur
3057 5035 3491 5106 circumquaque
3528 5029 3595 5085 ad
3622 5036 3736 5120 eum
3790 5092 3796 5100 '

2167 5131 2456 5191 exeuntes,
2491 5124 2903 5180 conﬁtebantur
2931 5130 3162 5197 peccata
3198 5140 3319 5190 sua,
3353 5122 3585 5180 necdum
3607 5127 3737 5208 veri:

2166 5221 2281 5270 tate
2311 5220 2592 5287 percepta,
2627 5215 2761 5286 quid
2809 5220 2975 5285 putas
3030 5214 3346 5269 faciendum
3401 5219 3486 5268 est
3530 5207 3614 5263 his
3652 5207 3736 5271 qui

2166 5313 2293 5376 post
2312 5304 2531 5358 veniam
2542 5304 2812 5358 hactenus
2825 5308 3179 5373 peccatorum
3202 5301 3448 5358 tenebris
3477 5294 3739 5354 involvun-

2164 5395 2301 5449 tur?
2318 5394 2425 5459 Qui
2456 5393 2701 5465 profecto
2731 5392 2838 5447 nisi
2858 5393 2928 5447 ad
2982 5393 3163 5447 lucem
3212 5388 3569 5448 confessionis
3594 5393 3741 5477 vene-

2165 5484 2297 5550 rint,
2351 5483 2712 5538 tenebrarum
2763 5482 3001 5553 caligine
3058 5482 3379 5537 circumfusi
3442 5474 3661 5535 manent
3684 5474 3737 5519 in

2167 5579 2365 5630 morte.
2390 5573 2535 5639 Quia
2562 5572 2744 5643 omnis
2769 5571 2867 5645 qui
2890 5576 3082 5629 manet
3105 5573 3166 5628 in
3196 5576 3378 5629 morte
3399 5570 3579 5628 adhuc
3604 5560 3739 5618 inte'
