3966 6206
254 311 353 370 157

1056 316 1435 375 EXPOSITIO
1474 320 1552 375 IN
1587 317 2039 375 MA’I'I‘HIEUM.
2081 347 2148 362 —
2185 319 2321 374 LIB.
2364 318 2436 384 II,
2479 317 2617 372 CAP
2655 317 2757 372 III.

3424 316 3528 374 158

248 437 441 494 uebris
470 446 575 504 est,
610 444 668 494 et
691 439 870 494 nescit
894 455 1002 511 quo
1031 445 1140 508 eat,
1172 443 1304 514 quia
1334 443 1575 499 tenebrae
1604 443 1847 500 obcaeca-
1865 447 1915 504 A
1935 449 2063 498 rent
2089 462 2098 496 :
2136 445 2251 498 Nos
2281 460 2394 498 non
2437 458 2616 513 genus
2666 458 2862 498 sumus
2908 443 3244 514 viperarum,
3282 441 3379 496 sed
3429 440 3532 500 ﬁlii

248 533 456 582 verunt
484 529 676 583 oculos
706 530 849 599 ejus.
873 530 936 583 In
965 536 1146 584 morte
1176 532 1349 602 igitur
1377 550 1607 588 manere
1623 539 1711 588 est
1729 535 1858 588 hac-

247 624 420 671 tenus
451 618 603 671 infra
635 619 842 688 januas
875 620 1086 690 peccati
1117 621 1501 676 circumcludi.
1546 624 1626 677 De
1657 623 1858 693 quibus

246 707 441 777 januis
465 723 633 760 nemo
653 712 739 762 est
756 708 851 778 qui
870 709 1087 775 evadat,
1109 709 1216 763 nisi
1235 716 1435 780 agente
1455 711 1551 764 illo
1581 711 1651 765 ad
1690 727 1858 782 quem

247 795 429 850 David
468 795 727 850 dicebat:
784 798 892 864 Qui
937 801 1150 852 multas
1197 816 1280 852 me
1331 801 1392 854 de
1443 803 1619 868 portis
1666 803 1859 853 mortis

246 885 422 953 (Psal.
479 899 561 950 ix,
622 883 724 952 14).
784 886 943 949 Quod
999 887 1088 940 hic
1147 903 1348 960 nempe
1401 889 1645 944 Joannes
1691 887 1860 943 intel-

247 972 432 1044 ligens
459 993 470 1026 :

329 1065 527 1117 Videas
557 1066 759 1117 multos
776 1064 1183 1119 Pharisavorum
1225 1071 1274 1120 et
1303 1066 1731 1122 Sadduczorum
1766 1084 1855 1121 ve-

253 1154 465 1206 nientes
485 1154 566 1206 ad
587 1155 919 1221 baptismum
940 1169 1125 1220 suum,
1151 1156 1358 1209 dicebat
1377 1175 1392 1208 :
1414 1157 1703 1223 Progenies
1718 1158 1858 1223 vipe-

249 1256 480 1306 rarum,
507 1245 633 1309 quis
666 1243 812 1294 vobis
824 1243 1220 1296 demonstravit
1238 1245 1428 1311 fugere
1449 1261 1484 1297 a
1513 1247 1713 1311 futura
1734 1248 1859 1297 ira?

247 1331 325 1384 Ac
365 1329 416 1382 si
447 1334 709 1400 patenter
755 1329 981 1396 diceret,
1001 1347 1166 1385 nemo
1195 1331 1302 1386 nisi
1332 1333 1530 1387 unicus
1546 1333 1645 1386 Dei
1663 1331 1856 1400 Filius,

252 1433 423 1489 quem
466 1418 627 1471 vobis
677 1419 930 1473 futurum
978 1421 1271 1486 annuntio,
1325 1426 1382 1476 et
1427 1439 1528 1492 per
1576 1422 1858 1476 modicum

253 1507 600 1561 ostensionis
621 1507 800 1576 digito
822 1508 942 1562 luce
965 1509 1169 1563 clarius
1183 1510 1643 1580 praemonstrabo.
1659 1511 1862 1580 Proge-

1940 532 2176 587 Abrahte
2203 533 2541 586 sanctissimi
2579 533 2911 603 patriarchae
2955 547 3268 586 censemur.
3320 528 3532 595 Quibus

1941 621 2130 691 itaque
2155 621 2291 674 talia
2317 620 2420 674 sibi
2448 621 2875 691 plaudentibus:

2011 712 2091 766 Ne
2121 713 2318 775 velitis,
2353 710 2554 780 inquit,
2598 711 2775 764 dicere
2813 713 2968 763 intra
2988 725 3095 775 vos,
3124 713 3342 778 patrem
3371 707 3534 761 habe-

1942 815 2064 854 mus
2093 800 2392 854 Abraham.
2425 798 2569 863 Quia
2615 814 2728 852 non
2775 799 2958 852 carnis
3000 797 3119 864 ﬁlii,
3170 797 3269 850 sed
3312 795 3531 866 gratias,

1941 893 2418 944 connumerantur
2443 887 2500 941 in
2527 887 2760 941 semine.
2785 885 2912 941 Non
2939 887 3086 941 enim
3117 885 3265 957 quod
3287 901 3351 939 ex
3366 900 3534 938 carne

1941 977 2186 1048 suscepit
2207 976 2494 1030 Abraham
2515 976 2793 1031 hzeredem
2806 975 3022 1040 habuit,
3043 975 3142 1029 sed
3165 975 3314 1046 quod
3325 991 3392 1048 es
3404 974 3532 1027 ﬁde.

1942 1067 2155 1121 Idcirco
2182 1065 2229 1118 si
2249 1064 2414 1119 vultis
2452 1081 2574 1118 esse
2617 1065 2676 1118 in
2729 1065 2960 1130 semine,
3011 1063 3178 1117 ﬁdem
3231 1061 3537 1117 imitamini

1941 1157 2062 1226 ejus
2097 1173 2110 1210 :
2138 1154 2401 1225 quoniam
2430 1169 2543 1207 non
2573 1169 2640 1206 ex
2694 1153 2954 1224 Operibus
3010 1152 3150 1224 legis
3193 1151 3537 1222 justiﬁcatus

1941 1251 2045 1311 est,
2074 1244 2169 1298 sed
2200 1243 2332 1314 quia
2361 1242 2597 1296 credidit
2625 1242 2760 1307 Deo,
2794 1247 3117 1313 reputatum
3143 1247 3230 1296 est
3264 1240 3314 1294 ei
3343 1240 3413 1294 ad
3439 1241 3538 1310 ju-

1941 1334 2170 1387 stitiam.
2202 1332 2488 1402 Siquidem
2520 1337 2577 1385 et
2597 1347 2693 1384 vos
2735 1330 2865 1384 ﬁdei
2914 1347 3085 1401 opera
3127 1329 3377 1400 probate,
3427 1343 3530 1399 per

1945 1440 2113 1493 quam
2134 1422 2233 1474 ﬁlii
2255 1420 2896 1475 secunduminteriorem
2919 1419 3204 1472 hominem
3224 1418 3364 1472 sitis.
3387 1417 3537 1472 Alio-

1944 1513 2080 1583 quin
2099 1529 2169 1564 ne
2192 1511 2374 1564 velitis
2405 1527 2497 1563 vos
2522 1509 2706 1562 dicere
2727 1508 2890 1574 ﬁlios,
2921 1507 3068 1578 quod
3107 1511 3284 1572 ιω
3311 1510 3534 1560 tantum

254 1596 407 1651 niem
431 1603 631 1650 autem
642 1596 959 1667 viperarum
983 1613 1076 1651 eos
1091 1597 1356 1669 appellat,
1380 1599 1514 1668 quia
1534 1599 1603 1654 de
1627 1615 1862 1653 venena—
1945 1619 2009 1655 ex
2038 1617 2204 1654 carne
2231 1600 2386 1662 estis,
2411 1599 2544 1651 dum
2575 1597 2775 1652 Ismael
2793 1612 3150 1666 nequaquam
3181 1598 3540 1665 computatur

253 1687 326 1739 tis
342 1683 681 1757 parentibus
701 1686 842 1752 nati,
867 1703 969 1740 sua
989 1686 1231 1757 primum
1245 1688 1862 1758 oportebatconﬁtendo
1946 1691 2004 1744 in
2037 1689 2268 1743 semine.
2299 1688 2484 1741 Facite
2515 1703 2648 1756 ergo
2678 1685 2894 1739 fructus
2941 1685 3139 1755 dignos
3174 1682 3537 1755 poenitentiae,

253 1791 472 1829 venena
521 1774 738 1828 fraudis
775 1773 1018 1846 antiquae
1053 1776 1351 1846 deponere,
1385 1783 1442 1830 et
1467 1783 1589 1831 tum
1637 1759 2200 1832 dernuvaidelicet
2229 1777 2441 1830 fructus
2470 1775 2747 1846 baptismi,
2777 1775 2822 1827 si
2871 1774 3055 1845 placet
3101 1791 3200 1844 per
3248 1787 3541 1842 regenera-

254 1865 363 1918 fide
396 1863 616 1918 Christi
638 1863 865 1917 indutos
884 1864 1095 1918 fontem
1120 1881 1231 1919 suae
1257 1866 1608 1936 purgationis
1627 1865 1859 1924 intrare.
1946 1870 2156 1923 tionem
2192 1866 2322 1920 ﬁdei
2353 1866 2511 1934 regni
2558 1864 2806 1918 heredes
2849 1863 2990 1917 ﬁeri.
3041 1863 3195 1916 Alias
3237 1866 3423 1916 autem
3475 1876 3543 1915 ex

253 1953 438 2017 Quam
469 1952 900 2023 permistionem
914 1958 1130 2007 natura:
1147 1954 1454 2008 secundum
1484 1955 1858 2025 physiologos,
1947 1965 2106 2030 patre
2137 1955 2358 2010 diabolo
2379 1955 2531 2018 estis,
2557 1953 2688 2024 quia
2709 1953 2756 2006 si
2785 1953 2884 2006 ﬁlii
2916 1952 3110 2006 essetis
3134 1950 3390 2015 Abrahae,
3415 1964 3543 2020 ope-

252 2041 310 2095 in
332 2057 536 2094 eorum
550 2041 1027 2111 comparationem
1049 2042 1313 2096 decenter
1331 2043 1634 2097 adinvenit.
1654 2043 1867 2097 Ferunt
1948 2064 2010 2101 ra
2041 2045 2215 2117 patris
2243 2044 2438 2113 utique
2470 2042 2760 2096 fecissetis.
2793 2042 2916 2105 Qua
2943 2041 3011 2094 de
3040 2056 3211 2094 causa
3245 2055 3314 2093 ne
3341 2038 3544 2108 glorie-

250 2146 505 2200 namque
538 2129 858 2200 viperarum
890 2146 1010 2184 esse
1031 2135 1310 2195 naturam,
1337 2131 1483 2200 quod
1504 2130 1713 2184 femina
1727 2131 1864 2184 dum
1946 2136 2104 2202 mini,
2137 2151 2232 2188 vos
2260 2131 2652 2186 tantummodo
2683 2146 2748 2183 ex
2775 2146 2941 2184 carne
2973 2129 3116 2183 filios
3155 2144 3278 2182 esse
3307 2142 3541 2198 praeser-

251 2219 503 2289 concipit
532 2222 707 2288 caput
727 2218 899 2272 maris
927 2235 1023 2272 ore
1044 2219 1421 2288 permulgens,
1457 2219 1634 2273 nimio
1650 2220 1865 2274 fervore

250 2307 507 2360 libidinis
538 2307 693 2360 virus
734 2307 856 2376 ejus
885 2307 1179 2362 exhauriat
1207 2325 1220 2374 ;
1253 2323 1363 2378 quo
1404 2313 1736 2379 consumpto
1766 2324 1861 2362 ex-

250 2396 468 2467 templo
498 2395 653 2449 idem
684 2395 964 2450 masculus
994 2401 1174 2450 morte
1202 2397 1486 2468 depereat.
1508 2399 1581 2450 At
1608 2414 1738 2451 vero
1767 2397 1863 2450 illa

251 2475 389 2539 dum
416 2491 650 2556 tempus
679 2484 932 2554 pariendi
953 2485 1260 2549 advenerit,
1282 2485 1488 2540 fetibus
1510 2492 1864 2556 praegravata

249 2573 562 2646 perimitur
586 2591 600 2627 :
632 2573 956 2644 discerpunt
983 2574 1133 2629 enim
1153 2575 1377 2645 ungulis
1396 2576 1592 2629 matris
1613 2579 1858 2641 uterum,

251 2670 310 2719 et
350 2663 574 2734 pariter
616 2678 746 2716 cum
792 2662 906 2715 vita
949 2664 1138 2717 effusis
1184 2664 1486 2718 visceribus
1535 2670 1859 2734 egeruntur.

259 2757 447 2822 ,επ
463 2753 558 2806 Sic
583 2751 776 2822 itaque
807 2757 862 2805 et
889 2751 1066 2806 Judaei
1092 2759 1260 2823 caput
1285 2753 1410 2819 viri,
1437 2754 1585 2824 quod
1609 2753 1865 2808 Christus

1947 2227 2050 2281 tim
2079 2240 2204 2278 cum
2223 2222 2346 2276 sitis
2360 2221 2590 2275 alterius
2611 2236 2675 2272 ex
2695 2219 3027 2272 imitatione.
3047 2218 3116 2271 Et
3135 2217 3259 2277 ideo
3279 2216 3338 2270 hi
3359 2215 3541 2285 magis

1943 2313 2254 2387 probantur
2265 2310 2384 2377 ﬁlii,
2405 2310 2500 2380 qui
2516 2325 2616 2380 per
2631 2308 2797 2362 ﬁdem
2825 2311 3208 2378 prOpagantur
3227 2305 3284 2360 in
3299 2305 3535 2359 semine.

1943 2404 2102 2459 Unde
2131 2421 2142 2454 :

2015 2496 2207 2547 Potens
2227 2495 2300 2544 est
2320 2491 2478 2553 Deus,
2502 2486 2702 2557 inquit,
2729 2488 2792 2540 de
2821 2486 3096 2555 lapidibus
3126 2487 3247 2538 istis
3274 2484 3542 2537 suscitare

1946 2584 2088 2649 ﬁlios
2120 2580 2372 2634 Abrahaz.
2408 2576 2512 2631 Ubi
2541 2576 2809 2629 nimirum
2855 2573 3105 2645 potentia
3149 2573 3270 2638 Dei,
3321 2571 3410 2626 cui
3457 2576 3543 2625 est

1946 2667 2209 2740 possibile
2237 2682 2402 2720 omne
2431 2664 2581 2736 quod
2610 2663 2758 2728 velit,
2785 2679 2896 2716 non
2925 2662 3050 2715 ideo
3075 2661 3412 2732 prmdicatur
3430 2659 3544 2713 exi-

1946 2759 2062 2812 mia
2092 2762 2156 2811 ut
2184 2760 2405 2810 tantum
2434 2752 2770 2824 suspiciatur
2789 2749 3104 2814 laudabilis,
3132 2765 3326 2802 verum
3347 2747 3539 2814 etiam,

251 2843 356 2902 est»
393 2853 493 2890 ore
523 2836 692 2890 ιίνίάο
722 2836 1080 2908 Ρθΐίωθηῐθε,
1116 2843 1354 2892 matrem
1384 2855 1565 2904 suam,
1609 2838 1864 2892 Videlicet
1945 2853 2012 2902 ut
2041 2863 2108 2901 ex
2134 2847 2239 2899 hoc
2261 2859 2454 2898 eorum
2484 2841 2841 2910 refrangatur
2868 2839 3179 2903 temeritas,
3205 2836 3543 2907 etincipiant

250 2942 630 2998 εῖηεεοετιων
664 2926 1063 2997 Prophetarum
1096 2926 1179 2980 "ei
1210 2943 1422 2992 eorum.
1457 2927 1526 2981 de
1555 2944 1666 2998 qua
1712 2927 1863 2982 naSCi
1947 2932 2455 3007 praedestinationis
2471 2931 2572 2986 Dei
2601 2946 2770 3001 opera
2783 2929 3048 2999 cogitare.
3076 2927 3218 2991 Quia
3239 2925 3384 2980 sicut
3402 2925 3544 2980 nihil

249 3015 574 3070 debuerant
600 3015 849 3068 cruentis
879 3014 1139 3068 manibus
1159 3014 1500 3070 occiderunt.
1542 3016 1692 3080 Quos
1721 3015 1865 3070 forte
1947 3026 2019 3079 ab
2045 3042 2110 3079 eo
2143 3021 2574 3096 praedestinatur
2603 3018 2750 3090 quod
2778 3034 2891 3072 non
2922 3016 3130 3088 possit:
3164 3016 3244 3070 ita
3273 3014 3544 3086 quidquid

247 3105 451 3159 videns
491 3103 676 3159 adhuc
705 3103 948 3176 Spiritus
978 3105 1158 3159 sancti
1185 3103 1451 3176 indagine
1491 3120 1606 3158 suae
1648 3105 1926 3173 fraudisC
1945 3112 2404 3186 praedestinatum
2433 3108 2619 3173 fuerit,
2653 3123 2764 3162 non
2787 3106 2894 3160 nisi
2912 3106 3136 3177 justitia
3155 3104 3420 3169 dictante,
3445 3109 3545 3157 aut

249 3210 481 3249 Venena
512 3193 850 3249 intrinsecus
881 3195 1178 3259 οοοιιηεὶΐθν
1203 3196 1333 3265 ,ἰυΐὲ
1382 3209 1620 3249 censura
1659 3196 1861 3250 severi-
1942 3210 2091 3257 certe
2113 3199 2496 3255 misericordia
2519 3197 2882 3267 suffragante,
2901 3192 3399 3249 consummabitur.
3427 3192 3546 3247 Pri-

247 3283 390 3338 tatis
420 3283 681 3354 increpat
711 3299 825 3349 eos,
858 3300 1030 3354 quare
1057 3283 1212 3354 prius
1239 3283 1466 3338 callidas
1486 3281 1601 3337 doli
1621 3284 1860 3339 astutias
1943 3309 2038 3346 ma
2064 3291 2238 3361 igitur
2267 3289 2586 3343 rudimenta
2619 3286 2748 3340 ﬁdei
2787 3289 2920 3339 sunt
2965 3300 3066 3356 pro
3114 3287 3266 3336 certo
3310 3281 3538 3335 credere

249 3389 366 3428 non
401 3372 777 3438 evomuerint,
796 3377 852 3426 et
880 3372 960 3426 sic
979 3372 1209 3426 demum
1236 3372 1518 3426 intrarent
1537 3373 1609 3426 ad
1625 3373 1856 3438 fontem,
1943 3381 2123 3435 Deum
2151 3377 2417 3450 quidquid
2449 3375 2688 3431 voluerit
2710 3391 2892 3446 posse.
2916 3372 3128 3428 Deinde
3150 3370 3440 3426 subnixius
3460 3370 3543 3424 in-

249 3461 346 3517 ubi
380 3460 650 3515 columba
682 3460 802 3515 sine
830 3461 956 3514 felle
972 3461 1363 3515 amaritudinis
1394 3461 1778 3531 deargentata,
1803 3462 1861 3516 in
1944 3469 2214 3539 belliger-ta,
2245 3467 2393 3538 quod
2436 3472 2635 3520 cuncta
2681 3465 2834 3535 juste
2879 3462 3143 3535 providus
3189 3459 3544 3531 dispensator

249 3551 472 3621 pallore
503 3549 631 3603 auri
662 3549 911 3620 quotidie
939 3549 1123 3618 gratia
1153 3550 1394 3620 Spiritus
1419 3551 1598 3604 sancti
1642 3550 1863 3604 dealba-
1944 3564 2113 3628 atque
2143 3558 2448 3610 clementer
2468 3555 2746 3625 disponat.
2773 3553 2916 3607 Hinc
2928 3557 3013 3606 est
3031 3556 3222 3605 autem
3251 3548 3399 3620 quod
3419 3565 3546 3619 pro-

249 3644 366 3703 tur,
397 3643 454 3691 et
473 3637 742 3708 deinceps
771 3636 890 3690 Sine
911 3653 1053 3708 r1188
1073 3643 1129 3691 et
1147 3638 1267 3692 Sine
1288 3639 1509 3693 macnla
1540 3654 1665 3693 Cum
1697 3638 1863 3692 Chl‘i-
1945 3647 2088 3701 fecto
2118 3645 2429 3716 simplicem
2459 3645 2724 3697 lectorem
2757 3643 2892 3696 satis
2907 3643 3106 3711 juvare
3137 3639 3355 3710 opinor,
3383 3637 3428 3691 si
3442 3653 3543 3708 pro

250 3733 337 3782 sto
375 3727 435 3780 in
463 3732 624 3781 terra
649 3726 933 3796 gradiens,
958 3726 1151 3780 omnia
1172 3732 1494 3797 serpentum
1519 3743 1729 3798 genera
1747 3728 1863 3782 suis
1946 3742 2098 3790 certo
2127 3733 2445 3800 crediderit,
2479 3733 2627 3803 quod
2668 3732 2817 3785 Deus
2865 3730 2961 3800 qui
2995 3733 3197 3782 cuncta
3237 3726 3444 3780 creavit
3480 3741 3547 3779 ex

249 3816 546 3871 οοηευιοδῖ
577 3813 833 3887 Pedibus:
868 3820 925 3869 et
955 3815 1176 3886 repellit
1203 3815 1536 3872 incrednloso
1947 3826 2141 3888 nihilo,
2166 3828 2360 3895 potens
2380 3822 2454 3876 sit
2475 3839 2539 3875 ex
2554 3819 2830 3892 lapidibus
2853 3819 2996 3872 ﬁlios
3023 3816 3261 3870 Abrahae
3280 3815 3542 3880 formare,

317 3907 509 3959 Facite
567 3920 694 3971 ergo
755 3905 974 3972 fructus
1031 3906 1224 3973 dignos
1256 3908 1607 3973 paenitentia,
1656 3905 1862 3977 inquit,

1950 3921 2005 3969 et
2031 3915 2181 3968 velut
2209 3930 2274 3966 ex
2296 3910 2600 3984 propagine
2628 3908 2708 3962 illi
2722 3907 3086 3978 repromissos
3109 3903 3358 3958 haeredes
3374 3902 3546 3956 etiam

251 4008 315 4048 ac
341 3992 397 4047 si
444 3998 642 4063 aperte
687 3992 916 4058 diceret,
963 3991 1139 4046 nolite
1182 3992 1455 4046 insultare
1495 3995 1642 4064 quod
1699 3995 1860 4061 facio,

1950 4021 2013 4060 ex
2042 4001 2290 4075 quolibet
2316 4001 2543 4072 pulvere
2581 3997 2870 4052 suscitare.
2901 3994 3168 4064 Alioquin
3219 3992 3348 4047 ﬁdei
3386 3990 3543 4046 rudi-

253 4083 372 4136 imo
417 4097 542 4152 qua:
592 4079 716 4134 dico
767 4080 875 4152 piis
921 4080 1225 4151 adimplete
1273 4081 1553 4152 operibus,
1602 4088 1658 4137 et
1699 4083 1863 4137 facite

1950 4099 2138 4148 menta
2162 4091 2412 4145 nondum
2431 4087 2696 4160 percepit.
2729 4085 2787 4141 Si
2811 4085 2960 4139 enim
2979 4083 3192 4138 Graecia
3208 4079 3547 4154 portentosis

252 4171 477 4225 fructus
496 4169 698 4240 dignos
719 4169 1059 4240 poenitentiae
1091 4186 1259 4240 quam
1291 4170 1558 4240 praedico:
1584 4171 1716 4242 quia
1743 4172 1864 4226 nul-
1948 4183 2095 4236 male
2127 4180 2244 4236 suis
2276 4178 2496 4233 erudita
2521 4175 2754 4232 fallaciis
2782 4173 3178 4230 Deucalionem
3206 4176 3409 4227 conata
3461 4176 3548 4225 est

253 4259 342 4314 lus
371 4265 630 4312 vestrum
657 4258 775 4312 sniS
804 4259 888 4312 νει
918 4263 1144 4329 Patrum
1191 4260 1535 4329 iustiﬁcam?
1580 4260 1861 4331 operibus.
1949 4287 2200 4326 asserere
2225 4269 2456 4335 mundo,
2471 4267 2673 4339 quibus
2701 4264 2875 4320 creati
2897 4264 3012 4318 sint
3037 4262 3291 4316 homines
3331 4259 3547 4332 lapides

257 4349 352 4420 qui
390 4348 716 4446 omnes’iraa
746 4347 847 4402 ﬁlii
872 4364 972 4418 per
996 4352 1219 4402 reatum
1249 4348 1381 4402 facti
1412 4349 1566 4403 estis.
1599 4350 2273 4446 MagisterDaspersisse,
2307 4358 2440 4430 quid
2469 4362 2654 4428 putas,
2695 4354 2844 4426 quod
2880 4353 3060 4423 magis
3099 4351 3389 4406 fatendum
3439 4354 3544 4415 est,

256 4437 452 4508 itaque
485 4435 742 4506 perfectae
772 4436 1115 4506 paenitentiae
1143 4438 1387 4492 Joannes
1410 4438 1608 4505 factus,
1634 4455 1746 4492 non
1776 4455 1866 4493 so-

258 4525 374 4580 lum
390 4525 649 4580 exhibuit
661 4525 716 4578 in
735 4541 795 4579 se
813 4541 1115 4596 personam
1131 4527 1474 4596 paenitentis,
1490 4544 1682 4582 verum
1697 4528 1868 4582 etiam

259 4615 444 4686 qualis
471 4613 678 4668 debeat
707 4630 829 4669 esse
875 4614 1076 4670 modus
1120 4621 1378 4686 patenter
1422 4617 1691 4684 insinuat,
1734 4617 1868 4672 dum

261 4702 559 4773 subjungit
574 4720 586 4754 :
602 4704 782 4756 Facite
793 4703 987 4770 dignos
997 4706 1330 4771 paenitentiae
1347 4705 1586 4771 fructus.
1605 4705 1869 4776 Alioquin

260 4790 527 4863 baptismi
558 4791 793 4858 ablutio,
836 4808 949 4846 non
976 4792 1203 4847 abolitio
1235 4796 1465 4864 peccati,
1511 4795 1608 4849 sed
1654 4795 1870 4850 delusio

257 4881 568 4950 judicatur.
594 4881 830 4935 Fructus
859 4881 1032 4951 igitur
1052 4883 1392 4952 poenitentiae
1427 4883 1647 4953 dignus,
1672 4885 1869 4938 morti-

265 4969 450 5024 ﬁcatio
479 4969 685 5034 carnis,
729 4969 1095 5040 omniumque
1129 4970 1394 5025 vitiorum
1435 4977 1538 5036 est,
1593 4977 1868 5043 quatenus

266 5075 368 5128 per
388 5059 556 5112 ﬁdem
578 5064 704 5112 sata
728 5059 1000 5112 virtutum
1018 5058 1255 5125 semina,
1269 5076 1510 5114 messem
1523 5060 1670 5116 bona
1683 5062 1867 5133 operis

267 5146 545 5217 copiosius
572 5147 949 5201 accumulent.
973 5147 1188 5211 Quibus
1207 5148 1388 5215 ditati,
1421 5149 1690 5204 damnum
1720 5151 1869 5222 quod

267 5235 372 5288 sibi
404 5236 732 5302 intulerant,
765 5236 1141 5307 suﬁ‘ragrante
1169 5239 1372 5308 gratia,
1409 5238 1621 5293 meritis
1654 5256 1868 5295 recom-

267 5333 518 5395 pensent.
555 5326 665 5380 Sed
693 5341 821 5380 cum
850 5325 1057 5380 talibus
1087 5343 1183 5380 eos
1210 5344 1389 5398 praeco
1438 5328 1689 5382 veritatis
1739 5345 1868 5401 per-

266 5413 488 5468 celleret
512 5414 1014 5486 increpationibus,
1066 5415 1257 5471 videns
1286 5417 1434 5472 fastu
1465 5417 1724 5473 elationis
1772 5434 1867 5474 eo-

267 5517 396 5556 rum
430 5503 493 5558 ob
521 5504 953 5576 praerogativam
983 5504 1217 5559 Patrum
1248 5505 1584 5561 intrinsecus
1613 5507 1867 5562 animum

268 5595 507 5660 tumere,
546 5592 788 5651 occurrit
816 5593 1250 5664 cogitationibus
1279 5611 1493 5664 eorum,
1527 5595 1688 5668 quasi
1715 5596 1868 5653 dice-

1951 4451 2128 4504 Deum
2170 4465 2360 4504 verum
2408 4464 2472 4501 ac
2519 4446 2705 4500 vivum
2752 4461 2816 4498 ex
2853 4441 3130 4514 lapidibus
3174 4440 3318 4495 ﬁlios
3365 4437 3545 4493 Abra-

1948 4539 2034 4594 hae
2061 4537 2390 4609 simpliciter
2431 4551 2540 4590 non
2595 4549 2757 4605 posse
2799 4531 3033 4586 creare?
3072 4530 3232 4585 Unde
3275 4527 3544 4600 Virgilius

1950 4629 2104 4683 Maro
2133 4647 2144 4680 :

2076 4749 2314 4812 Continuo
2336 4749 2422 4796 has
2445 4747 2868 4812 leges,aeternaqu_e
2894 4741 3068 4792 {eadem
3097 4740 3241 4812 certis

2076 4811 2313 4874 Imposuit
2339 4815 2506 4857 natura
2531 4808 2648 4874 locis
2669 4822 2682 4874 ξ
2700 4821 2804 4874 quo
2829 4810 3040 4874 temnere
3066 4808 3277 4874 primum

2076 4866 2334 4922 Deucalion
2362 4883 2558 4919 vacuum
2585 4866 2767 4932 lapides
2788 4867 2984 4930 jactavit
3010 4866 3266 4915 in'orbem.

2077 4937 2208 4986 Unde
2228 4933 2445 4984 homines
2473 4932 2571 4980 nati
2598 4933 2771 4980 durum
2795 4941 2966 4993 genus.

1950 5055 2156 5110 Volens
2185 5068 2394 5108 annum
2423 5048 2949 5120 octingentesimum
2976 5047 3255 5102 decimum
3281 5049 3412 5101 ante
3441 5046 3548 5102 Ro-

1951 5161 2101 5199 mam
2131 5143 2415 5198 conditam
2444 5139 2762 5212 signiﬁcare
2788 5153 2803 5194 :
2833 5138 3076 5209 quando,
3103 5143 3166 5192 ut
3207 5137 3389 5204 aiunt,
3416 5138 3548 5192 Am-

1950 5235 2121 5307 phion
2153 5231 2356 5287 tertius
2409 5247 2441 5284 a
2481 5230 2722 5301 Cecrope
2769 5227 3004 5282 Athenis
3031 5227 3304 5298 regnavit.
3369 5227 3547 5298 Cujus

1950 5339 2152 5394 nempe
2217 5318 2563 5392 temporibus
2615 5333 2888 5390 aquarum
2935 5316 3228 5372 inundatio
3277 5317 3550 5389 majorem

1950 5411 2249 5469 Thessalia:
2279 5409 2468 5481 pOpuli
2489 5413 2710 5481 partem
2739 5406 3076 5478 absumpsit,
3105 5405 3298 5479 paucis
3336 5423 3438 5480 per
3466 5423 3550 5461 re-

1950 5504 2105 5576 fugia
2132 5502 2410 5558 montium
2446 5499 2715 5555 liberatis.
2765 5499 2924 5555 Unde
2970 5503 3027 5554 et
3081 5497 3328 5554 fabulam
3373 5497 3547 5552 intro-

1950 5594 2126 5652 duxit.
2158 5595 2314 5651 Tunc
2343 5593 2534 5665 itaque
2553 5591 2614 5648 in
2636 5594 2826 5646 monte
2856 5590 3134 5646 Parnasso
3163 5604 3335 5660 quam
3381 5586 3543 5644 multi
