3938 6174
465 317 562 376 159

1223 314 1281 368 S.
1323 312 1698 368 PASCHASII
1737 309 2102 367 RADBERTI
2138 309 2441 368 ABBATIS
2479 312 2970 369 CORBEIENSIS.

3620 318 3721 376 160

455 441 803 513 transpositi,
830 441 978 495 circa
1014 455 1181 511 quem
1219 435 1522 493 Deucalion
1569 437 1824 492 mortalis
1868 437 2319 506 regnoAdratos
2347 439 2579 509 lapides,
2613 438 2815 508 quibus
2845 439 3086 494 caelestis
3114 439 3212 494 illa
3261 441 3455 496 civitas
3496 444 3723 499 Jerusa-

463 531 801 605 potiebatur,
821 547 960 602 quos
980 535 1112 584 tunc
1131 529 1344 583 ratibus
1372 528 1440 581 ad
1472 543 1532 584 se
1561 527 1836 596 fugientes
1877 533 1908 591 ι
1923 532 2051 592 64

463 622 772 692 suscipiens
797 637 896 692 per
907 618 1133 689 gemina
1153 616 1404 688 ejusdem
1431 615 1638 669 montis
1669 617 1809 686 juga
1836 616 2053 670 interea

461 711 618 779 fovit,
637 711 795 775 aluit,
843 714 1011 780 atque
1032 707 1287 762 servavit.
1330 707 1479 769 Quos
1509 706 1733 759 domum
1759 706 2052 760 remittens

428 848 430 852 .
462 802 685 866 saeculo,
715 800 920 854 dicitur
941 813 1118 868 genus
1147 795 1438 850 hominum
1473 811 1782 866 reparasse,
1814 812 1878 848 ac
1903 795 1952 849 si
1982 795 2051 849 de

463 889 761 961 lapidibus,
792 905 932 958 quos
961 887 1113 940 unda
1135 885 1395 952 nudarat,
1423 891 1558 940 tunc
1606 885 1725 938 nati
1746 890 1950 938 essent.
1977 885 2053 938 At

463 995 593 1035 vero
621 979 670 1032 si
698 977 978 1048 sapientes
1016 974 1204 1030 saeculi
1244 974 1314 1028 de
1351 975 1439 1028 his
1469 974 1604 1028 talia
1648 975 1946 1041 ﬁnxerunt,
1989 979 2054 1027 ut

467 1067 910 1140 quamplurimas
929 1065 1047 1118 suis
1068 1070 1340 1118 caecarent
1358 1063 1632 1129 tenebris;
1659 1063 1882 1134 quando
1904 1080 2053 1117 nunc

462 1155 775 1227 religiosius
802 1160 888 1209 est
927 1154 1172 1218 credere,
1209 1153 1356 1222 quod
1394 1151 1652 1206 omnibus
1699 1169 1891 1206 verum
1931 1154 2052 1206 luce

461 1246 666 1300 clarius
696 1243 1031 1316 praedicatur
1049 1243 1074 1294 7
1090 1243 1303 1296 Tamen
1323 1241 1472 1311 quod
1491 1241 1780 1311 signanter
1810 1243 2052 1296 Joannes

462 1335 532 1389 de
562 1332 841 1404 lapidibus
872 1331 996 1386 istis
1024 1329 1181 1395 dixit,
1212 1346 1278 1383 ac
1305 1329 1353 1383 si
1381 1329 1598 1400 aliquos
1645 1329 2052 1401 subterpositos

462 1423 638 1492 digito
657 1423 1084 1483 demonstraret,
1100 1435 1458 1489 nequaquam
1472 1428 1629 1472 vacat
1641 1419 1925 1490 mysterio.
1943 1419 2052 1474 Sed

462 1512 711 1584 profecto
740 1525 909 1565 unam
949 1510 1150 1563 harum
1193 1513 1292 1562 aut
1337 1512 1487 1561 certe
1531 1512 1828 1577 utramque
1861 1524 2050 1562 rerum

460 1600 581 1654 vult
599 1599 955 1670 promulgare
975 1599 1235 1667 ﬁguram.
1255 1596 1399 1660 Quia
1412 1596 1663 1667 mystice,
1679 1600 1742 1648 ut
1753 1596 1928 1660 aiunt,
1949 1597 2052 1650 hoc

459 1689 556 1743 illo
578 1688 890 1758 agebantur
903 1688 960 1741 in
982 1689 1121 1752 loco,
1147 1686 1240 1740 ubi
1260 1688 1287 1741 J
1294 1703 1422 1740 esus
1442 1686 1590 1739 ﬁlius
1609 1687 1659 1739 N
1665 1703 1738 1740 un
1759 1685 2050 1740 duodecim

2132 522 2241 574 lem
2259 521 2899 593 eediﬁcetur,pr:esertim
2912 525 3059 594 quod
3075 530 3197 578 tum
3213 526 3282 580 de
3294 543 3405 580 una
3418 528 3725 600 eademque

2133 611 2447 666 substantia
2475 613 2620 666 facta
2667 619 2814 666 esset
2859 613 3013 667 verbi
3055 617 3378 677 translatio.
3436 618 3545 671 Sed
3597 619 3727 689 quia

2133 701 2296 771 longe
2317 701 2646 756 altiusidem
2665 703 2897 757 docente
2921 704 3133 774 Spiritu
3145 711 3336 760 sancto
3353 721 3418 760 ac
3428 706 3727 777 perfectius

2133 791 2407 858 eruditur,
2439 808 2550 846 non
2575 791 2870 846 verborum
2913 799 3138 849 secutus
3187 799 3274 848 est
3319 797 3724 865 sonoritatem;

2133 881 2231 935 sed
2269 897 2536 935 sensuum
2581 881 3020 952 profunditatem
3066 884 3286 954 plenius
3328 891 3632 953 scrutatur,
3674 893 3730 942 et

2133 976 2506 1040 congruenter
2535 971 2671 1024 satis
2701 972 3001 1042 eloquitur.
3033 973 3392 1028 Praamiserat
3437 976 3589 1029 enim
3634 993 3729 1030 su-

2133 1059 2340 1130 perius,
2383 1060 2668 1114 Generatio
2697 1064 3038 1129 viperarum,
3080 1079 3191 1116 non
3222 1064 3370 1134 quod
3401 1066 3729 1120 earumdem

2135 1153 2322 1203 essent
2350 1154 2567 1203 natura:
2599 1149 2911 1214 existentja,
2946 1151 3045 1205 sed
3072 1153 3202 1222 quia
3251 1153 3475 1208 fuerant
3516 1171 3729 1210 veneno

2135 1239 2400 1292 doctrinae
2436 1255 2569 1305 suae,
2614 1244 2669 1292 et
2710 1238 3056 1294 inﬁdelitatis
3109 1241 3240 1295 vitio
3286 1243 3612 1314 transpositi
3661 1245 3732 1298 ad

2134 1328 2519 1399 propaginem.
2537 1329 2604 1382 Et
2629 1329 2754 1382 ideo
2768 1345 2836 1382 ne
2855 1330 3169 1399 glorientur
3191 1347 3259 1384 ex
3280 1331 3494 1386 semine
3521 1333 3729 1400 carnis,

2133 1417 2267 1471 facit
2293 1418 2672 1488 anastrophen
2701 1419 2772 1472 ad
2808 1423 3026 1487 gentes,
3075 1420 3224 1490 quod
3269 1420 3328 1473 hi
3363 1426 3587 1475 tantum
3629 1424 3733 1476 ha-

2133 1505 2374 1560 beantur
2403 1507 2519 1570 ﬁlii,
2563 1506 2658 1577 qui
2686 1507 2898 1560 fuerint
2927 1509 3232 1562 secundum
3271 1509 3600 1564 interiorem
3629 1512 3735 1566 ho-

2133 1595 2342 1648 minem
2357 1612 2457 1666 per
2469 1596 2710 1664 gratiam
2723 1596 2994 1650 suscitati.
3021 1598 3306 1664 Suscitati,
3322 1599 3573 1670 inquam,
3597 1601 3737 1671 quia

2133 1685 2360 1738 veniens
2389 1685 2647 1738 Christus
2685 1686 2896 1756 accepit
2945 1702 3177 1740 uxorem
3226 1687 3416 1742 fratris
3459 1689 3733 1758 defuncti,

462 1779 675 1850 lapides
704 1778 774 1831 de
804 1777 988 1831 medio
1018 1776 1278 1830 Jordanis
1321 1776 1380 1829 in
1426 1783 1634 1828 terram
1679 1773 2049 1846 transportari
2071 1781 2114 1842 B
2139 1773 2350 1828 scilicet
2371 1774 2703 1844 patriarchae
2723 1774 2992 1840 Abrahae;
3018 1777 3226 1847 quippe
3246 1777 3375 1848 quia
3387 1794 3488 1848 per
3507 1779 3733 1846 Saram,

457 1869 724 1938 jusserat,
757 1873 925 1938 atque
956 1865 1096 1919 alios
1123 1881 1188 1918 ex
1217 1870 1373 1919 terra
1398 1865 1456 1918 in
1477 1866 1673 1919 eodem
1700 1866 1855 1919 alveo
1886 1866 2052 1919 resti-

461 1962 652 2012 tuerat
674 1958 806 2026 (Jos.
840 1971 912 2021 1v,
945 1956 1018 2023 8).
1062 1955 1148 2008 Ad
1191 1971 1330 2024 quos
1371 1960 1506 2008 tunc
1540 1954 1792 2008 fortassis
1842 1955 2052 2025 lapides

461 2046 701 2116 digitum
731 2045 1052 2108 extendens,
1079 2043 1266 2097 aiebat
1291 2062 1302 2096 :
1338 2044 1542 2097 Potens
1564 2048 1650 2097 est
1675 2044 1824 2098 Deus
1839 2060 1904 2097 ex
1919 2043 2050 2114 lapi-

463 2134 628 2190 dibus
651 2135 793 2200 istis,
827 2150 927 2204 per
956 2150 1095 2204 quos
1121 2134 1443 2187 Judaeorum
1463 2133 1683 2186 necatio
1717 2138 1772 2186 et
1796 2133 2050 2202 gentium

459 2225 532 2278 ad
571 2223 710 2278 lucis
762 2223 1005 2293 speciem
1055 2221 1473 2276 transformatio
1524 2221 1851 2292 praeﬁgitur,
1909 2222 2051 2275 ﬁlios

459 2312 714 2377 Abrahae,
735 2311 880 2365 sicut
899 2311 1235 2382 promissum
1247 2316 1351 2374 est,
1367 2310 1657 2364 suscitare.
1673 2311 1908 2363 Prorsus
1919 2310 2052 2380 quia

460 2401 521 2456 in
548 2402 658 2456 illis
687 2401 966 2472 lapidibus
995 2401 1102 2454 etsi
1121 2417 1232 2454 non
1257 2406 1480 2464 natura,
1507 2406 1697 2454 tamen
1719 2402 1898 2469 ﬁgura
1919 2417 2052 2470 gen-

461 2490 604 2545 tium
631 2497 770 2557 erat,
819 2507 932 2544 non
978 2490 1259 2544 immerito
1306 2489 1568 2544 scribitur
1609 2506 1676 2543 ex
1716 2489 1917 2543 iisdem
1955 2506 2051 2544 eos

461 2579 710 2634 silicibus
738 2579 1108 2645 suscitandos,
1139 2579 1197 2632 in
1226 2578 1427 2648 quibus
1449 2579 1569 2648 jam
1599 2578 1730 2632 olim
1758 2578 1940 2647 gratia
1969 2596 2053 2632 sa-

435 2669 593 2723 »lutis
621 2684 816 2723 eorum
842 2667 1314 2739 praetendebatur.
1346 2670 1425 2721 Ac
1453 2667 1499 2721 si
1529 2673 1786 2738 patenter
1812 2668 2047 2722 diceret:

460 2758 646 2812 Nolite
673 2758 878 2824 dicere,
911 2763 1128 2828 patrem
1171 2757 1442 2811 habemus
1488 2757 1805 2822 Abraham;
1856 2763 2052 2828 potens

460 2852 548 2901 est
577 2847 727 2901 enim
765 2849 915 2900 Deus
940 2863 1004 2900 ex
1029 2845 1309 2918 lapidibus
1333 2846 1474 2909 istis,
1525 2846 1734 2900 scilicet
1782 2863 1882 2916 per
1927 2863 2051 2900 eam

457 2937 700 3009 gratiam
733 2952 854 3005 quae
882 2935 942 2988 in
966 2935 1100 3006 ipsis
1141 2935 1499 3004 praeﬁgurata
1528 2935 1860 3000 ostenditur,
1908 2935 2051 2989 ﬁlios

457 3025 698 3078 Abraha:
727 3024 998 3078 suscitare
1027 3024 1095 3076 de
1122 3029 1304 3077 morte
1323 3023 1394 3076 ad
1412 3023 1604 3089 vitam,
1627 3024 1695 3077 de
1716 3023 1960 3078 tenebris
1980 3026 2051 3078 ad

2135 1869 2318 1916 mater
2356 1865 2608 1917 omnium
2651 1869 2905 1918 nostrum
2947 1865 3192 1919 Ecclesia
3236 1866 3625 1936 signiﬁcatur;
3675 1874 3739 1922 et

2134 1953 2424 2007 suscitavit
2451 1970 2515 2006 ex
2546 1969 2612 2006 ea
2643 1953 2788 2006 ﬁlios
2816 1970 2918 2024 per
2948 1955 3212 2023 gratiam,
3244 1971 3346 2025 per
3380 1972 3548 2026 quam
3579 1956 3738 2010 idem

2134 2042 2265 2096 olim
2288 2041 2357 2095 ob
2370 2043 2703 2114 praesagium
2721 2047 2996 2112 genuerat
3021 2043 3218 2100 ﬁlium.
3238 2045 3398 2098 Unde
3417 2046 3735 2100 secundum

2131 2132 2314 2200 legem
2345 2148 2537 2185 omnes
2568 2132 2663 2202 qui
2690 2148 2756 2186 ex
2785 2131 2896 2185 ﬁde
2924 2139 3074 2196 sunt,
3106 2133 3283 2204 patris
3312 2135 3436 2201 iure
3473 2135 3735 2190 haeredes

2132 2221 2376 2276 defuncti
2403 2237 2514 2276 non
2548 2221 2732 2275 minus
2771 2238 2940 2292 quam
2987 2221 3088 2275 ﬁlii
3131 2227 3531 2293 supputantur.
3580 2225 3733 2280 Hinc

2135 2326 2355 2381 quoque
2385 2310 2673 2380 signanter
2701 2310 2951 2376 verbum,
2986 2313 3134 2382 quod
3191 2316 3390 2382 potens
3446 2313 3520 2366 sit
3575 2313 3734 2370 Deus

2133 2399 2418 2465 suscitare,
2440 2399 2696 2465 inseruit,
2716 2405 2779 2454 ut
2799 2415 3223 2470 recognosceres
3243 2401 3301 2454 in
3313 2401 3537 2456 Christo
3558 2419 3733 2473 quem

2133 2489 2398 2560 praedicat
2425 2489 2689 2560 compleri
2733 2489 2880 2558 quod
2936 2489 3148 2544 dudum
3204 2490 3421 2561 Moyses
3481 2506 3548 2544 ex
3603 2491 3736 2562 lege

2133 2579 2499 2632 mandaverat
2525 2580 2703 2647 (Deut.
2737 2595 2865 2644 xxv,
2901 2579 2972 2647 5).
3005 2579 3279 2650 Praecepit
3299 2596 3450 2650 ergo,
3482 2580 3532 2633 si
3554 2580 3738 2635 frater

2134 2668 2429 2722 defunctus
2477 2674 2626 2721 esset
2675 2667 2796 2720 sine
2837 2659 3045 2733 liberis.
3097 2673 3161 2722 ut
3207 2668 3254 2721 is
3303 2668 3398 2739 qui
3440 2675 3736 2740 superstes

2133 2757 2303 2810 fuerit
2327 2757 2500 2810 frater
2523 2758 2664 2826 ejus,
2699 2757 2934 2827 accipiat
2962 2773 3190 2810 uxorem
3217 2757 3481 2824 defuncti,
3533 2764 3592 2811 et
3631 2775 3735 2814 su-

2133 2845 2295 2899 scitet
2324 2862 2388 2899 ex
2419 2861 2486 2898 ea
2513 2861 2704 2899 semen
2736 2845 2925 2899 fratris
2955 2845 3064 2912 sui,
3095 2846 3185 2899 cui
3204 2862 3331 2900 cum
3360 2851 3528 2900 natus
3556 2847 3736 2902 fuerit

2135 2933 2302 2999 ﬁlius,
2335 2934 2578 3004 profecto
2607 2935 2783 2988 haeres
2812 2934 3059 2988 defuncti
3089 2934 3213 3001 erit,
3247 2943 3304 2988 et
3330 2937 3390 2989 in
3420 2941 3569 2990 sorte
3613 2953 3733 2992 sua:

2134 3024 2499 3078 successionis
2528 3029 2952 3077 annumeratur.
2973 3024 3056 3078 Ob
3087 3025 3247 3094 cujus
3276 3025 3736 3096 mysteriisacra-

457 3113 658 3175 lucem,
682 3113 751 3165 de
780 3129 892 3166 non
918 3117 1086 3182 gente
1105 3112 1165 3165 in
1191 3117 1436 3181 gentem,
1461 3117 1526 3166 ut
1546 3118 1602 3166 et
1631 3113 1738 3183 ipsi
1767 3130 1868 3183 per
1883 3115 2050 3168 ﬁdem
2071 3100 2116 3160 CI
2134 3118 2386 3167 mentum
2415 3113 2672 3168 Christus
2699 3113 2944 3178 veniens,
2968 3112 3100 3184 quia
3121 3112 3406 3168 Abraham
3428 3114 3734 3170 defunctus

457 3202 639 3255 renati
669 3200 813 3254 tanti
844 3201 1024 3270 patris
1045 3201 1380 3271 quandoque
1395 3201 1642 3254 haeredes
1671 3202 2047 3257 inveniantur.
2134 3202 2253 3255 sine
2277 3201 2468 3255 liberis
2516 3201 2860 3272 approbatur
2907 3203 3056 3267 ﬁdei,
3115 3219 3180 3256 eo
3235 3203 3384 3273 quod
3424 3219 3623 3258 omnes
3665 3222 3736 3260 ex

457 3289 613 3344 Alias
642 3295 832 3344 autem
859 3289 1071 3360 lapides
1101 3289 1350 3343 Gentiles
1371 3296 1551 3356 vocat,
1583 3289 1655 3344 ob
1681 3291 1863 3344 cordis
1893 3292 2052 3346 duri-
2132 3307 2298 3344 carne
2329 3292 2450 3361 ejus
2481 3292 2784 3360 degeneres
2821 3297 3026 3357 essent,
3072 3298 3269 3362 potens
3315 3292 3592 3347 astruitur
3632 3311 3734 3350 su-

456 3379 615 3446 tiam,
645 3380 732 3433 vel
762 3384 914 3432 certe
936 3379 1083 3449 quod
1109 3379 1415 3434 idololatrae
1457 3379 1670 3449 lapides
1717 3381 2046 3436 adorabant.
2133 3380 2334 3434 scitare
2361 3380 2506 3434 ﬁlios
2530 3380 2723 3451 ipsius,
2758 3382 2915 3450 juxta
2963 3381 3111 3450 quod
3153 3381 3494 3451 promissum
3541 3382 3735 3438 fuerat

457 3469 602 3522 Hinc
621 3485 845 3539 quoque
855 3469 1018 3538 juxta
1031 3467 1386 3522 Psalmistam
1402 3487 1413 3521 :
1432 3470 1548 3524 Sim
1558 3471 1652 3523 itcs
1666 3472 1781 3522 illis
1798 3472 1936 3535 ﬁant
1952 3473 2051 3538 qui
2132 3469 2182 3522 ei
2209 3486 2310 3537 ;ne
2331 3475 2522 3524 tantus
2534 3469 2855 3540 patriarcha
2867 3469 3071 3523 divinis
3081 3469 3398 3540 privaretur
3407 3471 3728 3540 promissis.

454 3560 675 3626 faciunt
695 3574 776 3624 ca,
807 3563 857 3612 et
877 3574 1063 3611 omnes
1077 3560 1176 3626 qui
1204 3560 1485 3625 conﬁdunt
1516 3561 1578 3610 in
1608 3561 1682 3610 eis
1702 3560 1862 3620 (Psat.
1892 3573 2044 3624 0x111,
2131 3560 2352 3614 Interea
2372 3576 2442 3613 ne
2457 3565 2513 3612 et
2531 3559 2636 3630 ipsi
2656 3559 3293 3624 viderenturimmunes,
3319 3559 3445 3612 sise
3465 3560 3734 3615 atalibus

453 3647 563 3716 16).
586 3649 772 3719 Atque
787 3647 939 3714 alibi,
961 3663 1026 3700 eo
1050 3646 1198 3717 quod
1218 3646 1322 3717 ipsi
1343 3646 1547 3717 lapidei
1569 3653 1755 3700 essent
1775 3647 2047 3702 Dominus

452 3749 556 3807 per
570 3736 899 3807 prophetam
924 3751 938 3790 :
956 3737 1242 3803 Att/eram,
1259 3735 1461 3806 inquit,
1475 3751 1514 3782 ο.
1530 3736 1675 3789 vobis
1697 3739 1976 3804 lapideum
1998 3743 2047 3790 et

449 3827 586 3880 dabo
606 3826 752 3879 vobis
763 3840 855 3879 cor
868 3841 1133 3879 carncum
1144 3824 1362 3896 (Ezech.
1376 3839 1452 3890 x1,
1472 3824 1494 3879 4
1509 3824 1582 3894 9).
1603 3825 1920 3879 Secundum
1933 3826 2047 3880 efﬁ-

449 3913 713 3970 cientiam
727 3915 903 3984 igitur
913 3915 1179 3985 operis,et
1199 3930 1310 3968 non
1329 3915 1634 3968 secundum
1647 3913 2040 3981 substantiam,

451 4004 702 4059 Gentiles
729 4005 942 4074 lapides
971 4005 1326 4073 appellantur
1356 4021 1368 4056 :
1408 4005 1541 4072 quia
1581 4005 1744 4072 juxta
1781 4008 2043 4058 naturam

450 4092 583 4146 boni
607 4098 665 4145 et
691 4091 1115 4146 incontaminati
1148 4096 1281 4144 sunt
1308 4091 1480 4144 creati
1511 4110 1523 4157 ;
1557 4099 1614 4144 at
1658 4108 1787 4146 vero
1835 4093 2046 4163 seipsos

451 4180 858 4250 corrumpendo
878 4195 978 4249 per
1000 4180 1182 4232 varias
1202 4195 1392 4232 rerum
1405 4180 1751 4246 efficientias,
1773 4181 1904 4237 facti
1915 4186 2048 4235 sunt

451 4274 517 4324 ut
531 4285 643 4323 non
669 4274 874 4333 essent,
905 4273 962 4321 et
975 4268 1100 4321 ideo
1131 4284 1244 4322 non
1273 4269 1578 4338 incongrue
1606 4270 1820 4340 lapides
1845 4288 2046 4327 voean-

450 4363 564 4413 tur.
587 4359 667 4412 De
682 4356 882 4428 quibus
905 4358 1175 4412 nimirum
1195 4357 1474 4428 lapidibus
1512 4364 1709 4428 potens
1758 4366 1844 4413 est
1875 4362 2022 4416 Deus

451 4465 565 4503 non
593 4448 716 4502 dico
745 4447 1079 4503 resuscitare
1094 4448 1238 4502 ﬁlios
1270 4448 1507 4503 Abrahae
1522 4449 1681 4520 quasi
1719 4467 1785 4503 ex
1833 4452 2038 4522 aliquo,

453 4538 552 4594 sed
579 4537 806 4592 omnino
837 4537 1109 4593 suscitare
1151 4538 1303 4592 velut
1347 4554 1411 4592 ex
1455 4538 1649 4592 nihilo.
1707 4539 1850 4603 Quia
1888 4541 2044 4611 prius

452 4643 580 4682 cum
620 4632 807 4681 essent
853 4644 954 4698 per
998 4628 1198 4696 Deum,
1245 4627 1456 4698 seipsos
1501 4629 1908 4699 corrumpendo
1963 4630 2046 4684 fe-

455 4723 653 4772 cerunt
673 4733 738 4770 ac
767 4716 813 4770 si
844 4733 956 4771 non
985 4723 1208 4771 essent:
1245 4717 1531 4788 Scriptura
1569 4723 1728 4785 teste,
1779 4721 2043 4790 quoniam

458 4811 644 4874 165
671 4822 863 4860 omnes
882 4811 1078 4876 gentes
1105 4805 1184 4859 sic
1209 4811 1342 4860 sunt
1365 4813 1494 4860 ante
1524 4808 1702 4861 Deum
1743 4809 1901 4878 quasi
1931 4827 2043 4863 non

453 4895 584 4962 sint,
617 4900 675 4949 et
697 4895 755 4949 in
787 4895 962 4950 nihilo
990 4901 1343 4967 reputantur.
1376 4897 1521 4968 Ergo
1535 4898 1807 4966 quierant
1829 4899 2044 4968 lapides

453 4990 682 5056 propter
704 4985 969 5038 duritiam
1000 4991 1058 5039 et
1079 4986 1438 5056 asperitatem
1479 4988 1690 5057 peccati
1733 4987 1886 5040 nullo
1916 4989 2043 5042 usui

453 5074 590 5146 apti,
623 5075 828 5127 virtute
853 5073 952 5128 Dei
982 5074 1112 5128 facti
1142 5079 1275 5129 sunt
1313 5075 1525 5147 lapides
1566 5076 1691 5143 vivi,
1735 5077 1830 5147 qui
1876 5093 2045 5148 super

452 5169 662 5218 terram
682 5164 1061 5228 volvuntur,et
1077 5164 1134 5217 in
1155 5165 1536 5219 sanctuarium
1551 5167 1649 5218 Dei
1665 5167 1890 5220 tandem
1907 5183 2043 5237 pra:-

451 5253 737 5309 tiosissimi
766 5258 1200 5324 computantur;
1239 5253 1441 5326 quibus
1470 5255 1709 5310 caelestis
1748 5256 1845 5309 illa
1879 5257 2040 5310 Jeru-

452 5343 627 5397 salem
657 5343 1020 5407 construitur,
1055 5349 1113 5398 et
1143 5361 1336 5398 omnes
1373 5345 1519 5398 muri
1551 5346 1670 5414 ejus
1699 5362 1800 5416 per
1841 5363 2044 5416 gyrum

457 5432 517 5488 in
549 5431 770 5486 Christo
817 5449 881 5486 ex
924 5433 1062 5506 ipsis
1110 5434 1540 5489 cozedificantur.
1584 5435 1660 5488 Ex
1707 5452 1816 5505 quo
1859 5435 2042 5506 aptius

455 5520 707 5576 fortassis
729 5520 1014 5577 videretur
1042 5523 1385 5593 evangelista
1429 5523 1771 5594 signiﬁcasse
1811 5525 1856 5578 si
1889 5525 2040 5580 dice-

457 5616 579 5671 ret:
612 5612 818 5670 Potens
843 5618 930 5670 est
955 5611 1107 5671 Deus
1133 5613 1204 5670 de
1228 5612 1506 5687 lapidibus
1536 5614 1660 5671 istis
1680 5631 1881 5686 parare
1907 5632 2040 5688 qua-

2025 4405 2115 4471 ’D

2129 3649 2404 3703 donorum
2453 3649 2818 3702 sacramentis
2869 3648 3092 3718 penitus
3149 3646 3521 3716 abdicassent,
3567 3666 3733 3704 com-

2127 3739 2377 3792 minatur
2397 3744 2435 3803 ι
2449 3738 2919 3804 ωἰὶιίοο,θχθιη
2927 3737 3017 3808 pla
3027 3754 3254 3791 sumens
3271 3737 3340 3791 de
3354 3737 3730 3808 agricultura.

2197 3829 2324 3881 Jam
2361 3830 2528 3892 enim,
2575 3826 2778 3898 inquit,
2828 3829 3034 3880 securis
3077 3828 3150 3880 ad
3191 3828 3403 3881 radices
3451 3829 3734 3881 arborum

2123 3919 2297 3985 posita
2325 3920 2416 3968 est.
2455 3917 2644 3969 Omnis
2673 3932 2798 3983 ergo
2825 3917 2991 3968 arbor
3023 3932 3140 3984 quae
3167 3931 3279 3969 non
3309 3917 3444 3982 facit
3470 3917 3733 3983 fructum

2131 4007 2335 4058 bonum
2364 4007 2662 4068 excidatur,
2697 4009 2745 4056 et
2779 4008 2840 4057 in
2880 4007 3064 4072 ignem
3107 4007 3380 4058 mittetur.
3402 4005 3575 4059 Porro
3626 4023 3735 4076 per

2128 4093 2356 4148 arbores
2385 4093 2701 4147 animorum
2714 4097 2922 4146 statum
2939 4093 3262 4164 signiﬁcari,
3289 4109 3453 4149 nemo
3475 4094 3570 4164 qui
3599 4110 3730 4150 am-

2127 4182 2285 4252 bigit,
2318 4183 2363 4236 si
2391 4183 2708 4254 Scripturas
2730 4188 2952 4236 sanctas
2983 4183 3198 4253 legerit,
3233 4183 3365 4253 quia
3393 4183 3730 4253 frequenta-

2126 4273 2407 4326 tissimum
2439 4278 2522 4326 est
2553 4289 2654 4344 per
2681 4289 2792 4338 eas,
2822 4273 3098 4326 bonorum
3151 4272 3495 4326 malorumve
3535 4272 3731 4328 homi-

2128 4378 2264 4416 num
2290 4362 2590 4433 qualitates
2611 4363 2940 4432 exprimere.
2968 4361 3151 4416 Habet
3179 4361 3355 4431 igitur
3384 4377 3546 4416 suam
3577 4363 3734 4432 agri-

2127 4453 2406 4506 culturam
2433 4468 2610 4521 genus
2640 4452 2970 4515 humanum,
3001 4451 3151 4522 quod
3198 4451 3454 4505 Christus
3493 4451 3731 4506 veniens

2126 4543 2374 4596 excolere
2393 4541 2630 4596 nimium
2650 4541 3011 4595 infecundum
3032 4557 3133 4611 per
3153 4540 3500 4595 inﬁdelitatis
3521 4536 3730 4595 intem;

2126 4631 2440 4701 perantiam
2471 4630 2720 4697 invenit;
2757 4629 2854 4683 sed
2886 4629 3144 4683 omnibus
3182 4628 3458 4684 libertatis
3485 4629 3728 4686 arbitrio

2125 4737 2226 4792 per
2251 4721 2495 4788 gratiam
2538 4719 2798 4774 restituto
2844 4718 3104 4790 deinceps
3153 4718 3440 4772 licentiam
3480 4719 3728 4776 fructiﬁ-

2125 4809 2288 4863 candi
2316 4809 2490 4863 dedit.
2514 4810 2673 4864 Unde
2697 4810 2850 4878 justo
2879 4808 2978 4862 Dei
2998 4808 3211 4876 judicio
3227 4810 3348 4878 jam
3377 4809 3621 4863 securim
3650 4811 3731 4867 ad

2124 4899 2340 4953 radices
2369 4898 2631 4953 arborum
2662 4899 2902 4969 positam
2932 4898 3323 4963 comminatur,
3369 4903 3649 4969 quatenus
3675 4901 3731 4954 si

2126 5005 2228 5060 per
2254 4988 2421 5042 ﬁdem
2453 4987 2694 5043 fructum
2724 4988 2948 5059 pietatis
2963 5004 3074 5042 non
3094 4987 3435 5060 protulerint
3463 4988 3732 5043 excidan-

2123 5084 2275 5132 tura
2305 5078 2566 5148 praesenti
2596 5078 2728 5146 vita,
2775 5079 2861 5131 vel
2919 5082 3068 5131 certe
3123 5094 3157 5130 a
3207 5083 3361 5130 terra
3414 5077 3731 5133 viventium

2126 5182 2238 5236 qua
2261 5165 2437 5220 sancti
2465 5182 2594 5221 cum
2632 5166 2870 5220 Domino
2909 5170 3043 5218 sunt
3079 5165 3388 5237 regnaturi.
3437 5163 3733 5220 Arborum

2125 5255 2315 5328 itaque
2344 5272 2377 5309 a
2406 5255 2687 5310 nonnullis
2715 5273 2815 5326 pro
2847 5254 3118 5326 qualitate
3147 5260 3389 5326 quatuor
3416 5270 3730 5310 connume-

2127 5351 2323 5399 rantur
2349 5362 2586 5414 genera;
2625 5345 2757 5414 quia
2793 5349 2924 5398 sunt
2965 5350 3064 5398 aut
3105 5343 3262 5399 bona:
3309 5343 3629 5411 viriditatis,
3665 5351 3733 5400 et

2125 5435 2366 5491 fructum
2391 5435 2506 5490 suis
2534 5434 2878 5506 temporibus
2924 5433 3130 5490 bonum
3173 5433 3392 5500 ferunt;
3445 5439 3543 5488 aut
3587 5440 3732 5489 sunt

2123 5526 2269 5579 male
2297 5525 2518 5592 virides,
2548 5531 2604 5579 et
2632 5524 2875 5580 fructum
2903 5525 3116 5579 malum
3152 5524 3341 5578 ferunt
3365 5542 3375 5576 :
3418 5528 3516 5577 aut
3567 5527 3730 5578 certe

2121 5621 2254 5672 sunt
2279 5615 2632 5674 solummodo
2655 5615 2859 5672 virides
2885 5631 2987 5688 per
3009 5614 3278 5686 vigorem,
3303 5619 3361 5671 et
3375 5619 3607 5671 manent
3634 5612 3730 5667 in-
