3938 6174
240 285 328 342 161

1045 288 1423 343 EXPOSITIO
1465 289 1541 343 IN
1580 289 2021 346 ΜΑΤΤΗᾹΞΣΠΜ.
2063 325 2128 336 -
2166 292 2299 347 LIB.
2343 293 2416 357 II,
2458 291 2614 346 CAP.
2658 292 2756 346 III.

3403 289 3508 348 462

231 416 548 478 fructuosae,
581 430 764 484 neque
813 414 1074 481 fructum,
1106 431 1172 468 eo
1219 415 1365 486 quod
1413 422 1544 470 sunt
1590 417 2135 488 steriles,Aquoque
2165 435 2264 488 per
2283 417 2505 472 easdem
2530 418 2586 470 in
2617 417 2819 471 caelum
2870 396 3234 483 sustollimur,
3269 417 3506 486 fructifi-

232 517 474 573 usquam
513 503 720 570 ferunt,
757 504 1010 574 quaedam
1039 520 1168 557 vero
1192 505 1311 573 jam
1365 505 1646 560 exhausta)
1683 507 1835 560 omni

231 590 517 645 viriditate
538 609 664 658 sua,
708 593 960 662 quamvis
990 593 1172 647 adhuc
1211 593 1491 648 radicibus
1545 613 1771 649 sursum
1802 613 1836 649 a

231 686 386 733 terra
417 681 753 750 erigantur;
783 681 914 752 quia
941 682 1190 735 nondum
1220 682 1482 752 praecisa),
1523 684 1604 736 vel
1625 684 1834 754 impul-

233 769 390 823 sione
423 770 633 840 aliqua,
668 771 1024 835 destiterunt,
1076 787 1179 825 nec
1205 772 1276 825 ad
1326 772 1476 826 aliud
1524 790 1691 843 quam
1761 773 1832 826 ad

232 874 368 912 usus
383 858 605 928 ignium
626 859 897 914 hactenus
916 866 1289 914 reservantur.
1307 861 1558 925 Quarum
1581 862 1830 916 omnium

233 949 492 1018 exempla
522 948 569 1001 si
598 947 720 1019 quis
750 949 1075 1019 diligentius
1103 949 1236 1003 velit
1254 950 1717 1016 animadvertere,
1733 969 1833 1022 po-

231 1036 367 1090 terit
395 1037 463 1118 in.
477 1037 583 1090 hac
613 1038 959 1108 agricultura
988 1039 1162 1093 totius
1182 1040 1440 1093 Ecclesiae
1456 1041 1828 1108 considerare,

232 1125 366 1195 quia
395 1132 533 1180 sunt
560 1126 808 1180 haeretici
835 1127 1116 1182 viriditate
1156 1128 1287 1182 fidei
1321 1130 1440 1198 jam
1499 1129 1834 1185 intrinsecus

230 1213 486 1281 arefacti,
542 1220 712 1286 atque
752 1216 944 1270 viroris
989 1217 1191 1286 gratia,
1219 1218 1322 1271 etsi
1367 1218 1549 1272 adhuc
1579 1219 1637 1272 in
1666 1236 1834 1274 carne

231 1298 363 1364 sint,
402 1298 699 1357 denudati.
734 1300 880 1354 Sunt
907 1305 962 1354 et
992 1301 1218 1372 quidam
1249 1302 1352 1356 sub
1386 1303 1666 1373 hypocrisi
1694 1305 1834 1358 deli-

231 1393 516 1441 tescentes
565 1388 625 1442 in
683 1389 948 1454 Ecclesia,
977 1406 1214 1460 quorum
1259 1391 1472 1446 fructus
1507 1393 1660 1447 omni
1707 1393 1833 1448 felle

229 1476 634 1531 amaritudinis
653 1479 866 1548 peccati
891 1480 1222 1549 contagione
1251 1481 1499 1535 amarior
1516 1482 1826 1536 invenitur:

229 1566 325 1637 qui
357 1571 555 1620 autem
579 1568 888 1622 comederit
929 1585 992 1622 ex
1044 1569 1317 1624 fructibus
1369 1587 1565 1626 eorum
1620 1589 1832 1627 veneno

224 1655 549 1726 iniquitatis
579 1656 727 1710 illico
755 1664 1100 1728 peremptus,
1134 1660 1317 1714 salute
1346 1660 1591 1730 propria,
1647 1679 1768 1732 qua:
1799 1679 1834 1715 a

1917 514 2106 560 cantes
2138 509 2276 568 Deo;
2313 513 2410 561 aut
2434 512 2582 560 Certe
2621 507 2986 577 complantati
3043 506 3101 559 in
3157 511 3328 572 terra,
3381 523 3506 560 car-

1916 597 2071 649 nales
2091 597 2161 649 ad
2180 597 2293 650 ima
2313 597 2646 661 radicantes,
2661 597 2778 665 jam
2809 595 2959 666 apud
2989 595 3196 649 inferos
3217 584 3502 650 destinati.

1918 686 1985 738 Et
2013 687 2341 749 notandum,
2375 686 2523 755 quod
2561 685 2770 738 securis
2797 701 2908 738 non
2930 685 3092 754 juxta
3111 685 3380 753 radicem,
3407 684 3508 738 sed

1916 775 2235 844 expressius
2255 776 2325 828 ad
2355 775 2598 828 radicem
2628 773 2888 845 ponitur;
2916 779 2981 827 ut
3009 774 3192 828 omnis
3212 773 3308 844 qui
3334 773 3509 828 sentit

1915 861 2194 932 intelligat
2213 880 2443 917 examen
2457 863 2674 933 judicii,
2720 868 2777 916 et
2809 863 3168 933 prmsentiam
3191 862 3506 932 majestatis

1915 969 2092 1023 usque
2140 954 2210 1006 ad
2261 953 2588 1007 divisionem
2639 953 2841 1007 anima:
2865 953 3208 1023 contingere.
3239 951 3398 1006 Unde
3443 968 3505 1005 se

1916 1041 2081 1096 debet
2109 1043 2289 1096 ﬁdelis
2318 1043 2539 1096 animus
2568 1043 2722 1096 omni
2751 1043 2891 1096 hora
2919 1041 3182 1112 omnique
3217 1045 3505 1096 momento

1914 1131 2356 1202 circumspicere,
2382 1148 2452 1185 ne
2483 1132 2736 1198 feriatur,
2773 1136 2829 1184 et
2849 1132 2930 1186 sic
2951 1131 3133 1184 vivere
3165 1129 3326 1201 quasi
3353 1146 3504 1184 sem.

1914 1234 2015 1289 per
2032 1219 2128 1272 illo
2158 1220 2448 1273 tremendo
2479 1219 2720 1273 examini
2749 1219 2950 1273 debeat
2985 1217 3330 1290 praesentari.
3367 1216 3504 1281 Quis

1914 1308 2063 1361 enim
2092 1325 2321 1362 securus
2353 1325 2474 1362 esse
2505 1309 2730 1379 poterit,
2788 1308 2920 1360 dum
2979 1307 3202 1373 dicitur,
3235 1322 3361 1361 ecce
3381 1307 3502 1376 jam

1914 1397 2123 1450 securis
2146 1397 2216 1450 ad
2245 1397 2460 1450 radices
2488 1395 2752 1450 arborum
2777 1395 2958 1465 posita
2982 1402 3067 1449 est
3089 1396 3113 1448 ’l
3132 1395 3289 1458 Quod
3311 1394 3360 1446 si
3390 1408 3506 1448 non

1914 1485 2082 1548 videt,
2119 1492 2154 1551 Ι
2170 1491 2296 1550 68
2319 1487 2517 1540 saltem
2545 1485 2768 1550 sentiet,
2792 1501 2938 1538 eam.
2961 1485 3158 1555 Itaque
3181 1484 3229 1537 si
3255 1498 3358 1536 nec
3381 1497 3503 1536 sen-

1915 1575 2022 1628 tire
2041 1575 2324 1630 interdum
2353 1592 2456 1629 nec
2471 1575 2657 1628 videre
2677 1579 2863 1645 potest
2880 1573 3103 1645 aliquis,
3126 1572 3285 1626 valde
3304 1571 3504 1625 timen-

1915 1663 2049 1717 dum
2079 1670 2183 1731 est,
2216 1682 2286 1718 ne
2311 1665 2453 1718 forte
2479 1666 2598 1735 jam
2629 1665 2925 1729 arefactus,
2953 1664 3090 1718 dum
3117 1669 3417 1734 separatur
3444 1663 3504 1716 in
3530 1711 3534 1714 .

224 1745 452 1798 Christo
475 1750 579 1810 est,
621 1745 948 1817 privabitur.
986 1749 1129 1802 Sunt
1156 1748 1329 1818 igitur
1367 1756 1424 1803 et
1451 1749 1608 1804 bonae
1633 1731 1831 1822 opera-
1849 1731 1896 1792 Β
1914 1759 2172 1820 mortem,
2189 1754 2410 1808 nescius
2427 1731 2496 1807 ad
2507 1759 2724 1808 tartara
2735 1754 3064 1808 deducatur.
3081 1731 3502 1824 Propterquod,

221 1833 395 1887 tionis
425 1833 676 1901 arbores,
699 1851 821 1906 qua:
852 1836 982 1890 fidei
1012 1837 1225 1891 fervore
1238 1839 1501 1903 calentes,
1523 1840 1830 1909 plurimum

217 1922 565 1988 fructum,et
580 1924 732 1978 omni
755 1924 1005 1981 bonitate
1035 1926 1495 1984 condulcoratum
1507 1929 1710 1984 ferunt.
1748 1931 1826 1982 De

221 2012 429 2082 quibus
442 2013 720 2068 Dominus
737 2033 748 2066 :
767 2015 888 2068 Non
903 2021 1071 2084 potest
1083 2019 1252 2070 arbor
1268 2019 1404 2072 bona
1419 2020 1636 2083 fructus
1653 2024 1825 2073 malos

217 2102 421 2168 facere,
455 2119 631 2171 neque
682 2105 851 2157 arbor
886 2108 1036 2158 mata
1079 2107 1299 2172 fructus
1336 2108 1496 2160 bonos
1547 2110 1725 2174 facere
1757 2125 1825 2162 :a

218 2193 502 2258 fructibus
551 2208 763 2257 eorum,
795 2193 995 2263 inquit,
1031 2199 1352 2261 cognoscetis
1381 2213 1464 2249 eos
1485 2198 1698 2262 (Matth.
1729 2212 1818 2261 vn,

217 2279 322 2350 10).
363 2281 517 2335 Sunt
537 2287 730 2335 autem
761 2288 820 2335 et
847 2283 1119 2348 nonnulli,
1150 2283 1244 2354 qui
1297 2283 1428 2337 ﬁdei
1484 2285 1824 2340 viriditatem

216 2373 444 2422 tantum
467 2369 711 2436 habent;
747 2371 845 2424 sed
877 2371 1006 2441 quia
1029 2371 1157 2425 fidei
1183 2371 1427 2426 fructum
1451 2389 1562 2426 non
1594 2373 1821 2439 habent,

217 2459 441 2512 steriles
459 2464 676 2512 terram
708 2467 983 2530 occupant
1014 2480 1026 2526 ;
1062 2467 1118 2514 et
1145 2461 1493 2516 ideosecuris
1509 2462 1579 2516 ad
1609 2463 1826 2517 radices

217 2546 488 2601 arborum
538 2553 691 2602 recte
737 2556 1227 2614 commemoratur,
1292 2557 1356 2605 ut
1385 2551 1480 2621 qui
1537 2552 1826 2606 meliorem

229 2641 408 2702 lo:
443 2637 572 2692 vita:
595 2638 838 2692 fructum
867 2638 1010 2692 ferre
1040 2639 1342 2705 noluerint,
1393 2641 1738 2707 excidantur,
1773 2647 1830 2695 et

219 2727 448 2780 sternis
473 2725 703 2796 ignibus
745 2728 1040 2798 praeparati
1086 2729 1329 2782 atrocius
1378 2735 1824 2782 concrementur.

221 2815 381 2878 Quod
416 2815 589 2886 paulo
635 2817 894 2886 superius
933 2817 1121 2870 volens
1149 2817 1436 2871 insinuare
1469 2818 1825 2888 qualiter'fu-

218 2903 445 2974 giamus
481 2923 493 2958 :
526 2907 724 2972 Facite,
754 2906 955 2976 inquit,
995 2909 1210 2973 fruetus
1239 2907 1432 2974 dignos
1470 2910 1819 2974 pwnitentia'.

216 2992 276 3047 In
307 2994 525 3065 quibus
557 2994 828 3048 nimirum
843 2994 1025 3048 verbis
1053 2996 1208 3048 valde
1222 2997 1531 3050 notandum
1555 3002 1658 3061 est,
1675 2996 1822 3066 quod

216 3098 328 3137 non
362 3084 553 3138 solum
578 3085 794 3138 fructus
818 3084 1176 3155 paenitentiae,
1208 3085 1305 3138 sed
1335 3085 1533 3155 dignos
1553 3085 1825 3156 paeniten-

215 3172 300 3227 tia:
331 3173 561 3227 fructus
592 3174 874 3228 faciendos
903 3174 1274 3244 praecipiendo
1306 3174 1624 3244 persuadet.
1656 3175 1820 3229 Aliud

212 3261 412 3334 itaque
435 3269 525 3316 est
551 3263 798 3318 fructum
827 3264 1026 3330 facere,
1052 3264 1205 3318 aliud
1221 3264 1453 3334 dignum
1485 3264 1823 3334 poenitentia:

213 3351 469 3406 fructum
485 3352 747 3424 operibus
765 3353 1089 3424 adimplere.
1107 3355 1301 3423 Neque
1323 3353 1472 3407 enim
1492 3370 1593 3424 par
1612 3353 1825 3408 fructus

215 3457 334 3496 esse
357 3441 536 3496 debet
568 3441 699 3496 boni
737 3443 920 3511 operis
959 3445 1079 3512 ejus
1110 3443 1205 3513 qui
1257 3443 1460 3508 minus,
1495 3449 1552 3496 et
1577 3444 1697 3512 ejus
1728 3443 1824 3513 qui

215 3531 467 3601 amplius
497 3530 770 3601 deliquit:
797 3536 896 3584 aut
923 3532 1044 3601 ejus
1065 3531 1158 3601 qui
1191 3532 1248 3584 in
1270 3531 1455 3597 nullis,
1491 3538 1548 3585 et
1587 3532 1710 3600 ejus
1731 3532 1826 3602 qui

214 3611 362 3672 forte
397 3620 458 3673 in
507 3619 843 3690 quibusdam
881 3620 1218 3674 facinoribus
1249 3621 1529 3674 ceciderit.
1563 3621 1671 3674 Per
1720 3622 1826 3675 hoc

216 3724 352 3779 ergo
379 3708 531 3779 quod
563 3708 770 3763 dicitur
801 3727 812 3760 :
850 3710 1456 3776 Facite/‘ructusdignos
1470 3713 1820 3776 parntem-fx,

215 3797 676 3866 uniuscujusque
714 3796 1054 3850 conscientia
1110 3797 1456 3862 convenitur,
1487 3803 1552 3850 ut
1601 3801 1824 3851 tantum

217 3884 505 3940 bonorum
535 3901 772 3956 operum
803 3891 1017 3955 quaerat
1057 3887 1210 3940 lucra
1257 3903 1357 3956 per
1412 3887 1820 3956 paenitentiam,

220 3983 438 4045 quanto
478 3975 741 4045 graviora
798 3973 903 4028 sibi
929 3975 1137 4028 damna
1189 3975 1383 4029 intulit
1430 3992 1529 4045 per
1561 3975 1823 4046 culpam;

219 4063 480 4135 alioquin
503 4066 625 4134 jam
651 4063 864 4118 securis
888 4063 1068 4135 posita
1089 4069 1175 4118 est
1193 4065 1264 4118 ad
1294 4065 1509 4118 radices
1538 4063 1822 4130 arborum,

219 4159 358 4224 quat
369 4169 510 4208 enus
544 4154 783 4224 quisque
809 4153 1185 4208 infructuosus
1205 4154 1459 4208 cominus
1487 4153 1828 4220 succidatur,

218 4242 264 4295 si
321 4247 460 4313 post
517 4248 767 4296 stercora
816 4243 1157 4314 poenitentiae
1203 4243 1417 4297 fructus
1473 4243 1672 4313 dignos
1720 4259 1832 4298 non

221 4331 446 4386 tulerit.
475 4331 609 4395 Quae
630 4331 843 4386 securis
857 4348 1100 4403 namque
1118 4332 1373 4386 Christus
1384 4338 1471 4386 est
1488 4333 1831 4398 incarnatus;

1913 1843 2050 1896 satis
2078 1844 2480 1914 invigilandum
2513 1849 2617 1909 est,
2643 1861 2713 1898 ne
2759 1844 2895 1898 dum
2913 1842 3134 1907 vivitur,
3168 1843 3290 1896 sine
3315 1842 3503 1896 fructu

1911 1933 2252 2002 penitentize
2280 1934 2557 2002 condigno
2603 1933 2806 2004 aliquis
2852 1938 3108 1988 nostrum
3146 1931 3502 1998 inveniatur;

1909 2037 1974 2074 eo
2003 2023 2148 2091 quod
2181 2023 2368 2076 nullus
2392 2023 2681 2093 excipitur,
2716 2022 2813 2075 sed
2841 2021 3023 2075 omnis
3043 2020 3212 2074 arbor
3235 2037 3357 2092 qua
3388 2035 3502 2075 non
3530 2057 3534 2066 ι

1907 2108 2099 2163 fecerit
2126 2110 2369 2164 fructum
2398 2110 2605 2165 bonum
2650 2110 2950 2174 excidetur,
2987 2115 3044 2162 et
3070 2109 3127 2162 in
3152 2109 3339 2179 ignem
3368 2109 3504 2163 mit-

1906 2203 2076 2254 tetur.
2127 2200 2339 2265 Omnis,
2377 2200 2577 2271 inquit.
2632 2200 2776 2270 Ergo
2831 2199 2926 2253 ubi
2964 2199 3153 2252 nullus
3204 2197 3498 2268 excipitur,

1907 2288 2042 2342 satis
2070 2289 2413 2343 horrendum
2443 2296 2529 2342 est
2556 2289 2625 2342 ab
2670 2305 2838 2359 opere
2883 2305 2953 2342 ne
3009 2287 3244 2358 quilibet
3294 2303 3500 2342 vacuus

1908 2379 2238 2432 mstimetur.
2295 2379 2613 2432 Praesertim
2663 2379 2796 2449 quia
2851 2394 2964 2430 non
3009 2377 3162 2442 dicit,
3207 2377 3255 2430 si
3309 2376 3504 2431 fecerit

1908 2467 2151 2521 fructum
2192 2469 2423 2531 malum,
2472 2469 2566 2522 sed
2595 2467 2778 2522 omnis
2823 2466 2990 2520 arbor
3025 2483 3146 2537 quae
3175 2481 3288 2520 non
3311 2464 3504 2520 fecerit

1909 2551 2151 2606 fructum
2179 2553 2408 2618 bonum,
2435 2553 2638 2623 inquit,
2672 2553 2974 2618 excidetur,
2998 2558 3056 2606 et
3075 2552 3132 2605 in
3161 2552 3351 2622 ignem
3369 2550 3501 2604 mit-

1910 2647 2077 2695 tetur.
2114 2642 2222 2695 Sed
2243 2659 2313 2695 ne
2341 2642 2596 2695 videatur
2615 2659 2720 2695 sua
2748 2647 2971 2696 tantum
3008 2641 3344 2694 auctoritate
3365 2656 3500 2695 con-

1908 2735 2224 2784 temnentes
2245 2729 2466 2794 minari,
2500 2729 2760 2800 deinceps
2786 2729 2982 2798 incipit
3001 2728 3219 2798 aperire
3277 2733 3501 2797 quantae

1908 2819 2258 2872 auctoritatis
2291 2818 2384 2882 sit,
2421 2819 2580 2887 cujus
2623 2819 2702 2871 eis
2749 2817 3046 2888 praesentia
3097 2817 3494 2881 comminatur,

1905 2907 1991 2959 vel
2041 2908 2201 2976 cujus
2259 2906 2542 2960 beneficiis
2600 2906 2671 2960 ad
2735 2905 2904 2960 ﬁdem
2951 2904 3193 2958 debeant
3215 2906 3342 2975 jure
3370 2920 3499 2976 per-

1903 2995 2149 3050 suaderi.

1975 3086 2083 3151 Ego
2109 3086 2329 3153 quidem
2360 3102 2447 3138 vos
2471 3086 2681 3152 bapt-izo
2704 3099 2851 3151 aqua
2881 3087 2946 3146 in
2967 3085 3369 3152 paenitentiam,
3402 3085 3508 3152 qui

1904 3179 2089 3227 autem
2113 3179 2230 3242 post
2258 3191 2342 3227 me
2366 3180 2632 3228 venturus
2649 3178 2743 3237 est,
2761 3175 2965 3240 fortior
2977 3189 3061 3225 me
3081 3176 3174 3237 est,
3197 3175 3356 3239 cujus
3388 3188 3502 3226 non

1904 3279 2029 3315 sum
2042 3264 2244 3330 dignus
2255 3266 2620 3316 calceamenta
2633 3268 2870 3330 portare.
2882 3264 2991 3329 Ipse
3007 3278 3095 3314 vos
3125 3262 3423 3329 baptizabit
3436 3263 3500 3314 in

1907 3353 2126 3420 Spiritu
2155 3358 2340 3406 sancto
2368 3358 2417 3405 et
2439 3355 2579 3419 igni.
2603 3353 2682 3404 De
2715 3367 2822 3421 quo
2849 3351 2968 3404 loco
2998 3350 3138 3403 satis
3181 3350 3360 3404 Lucas
3384 3349 3500 3403 dis-

1909 3440 2118 3494 sentire
2147 3441 2366 3494 videtur
2397 3440 2600 3507 verbis,
2622 3439 2875 3510 quamvis
2897 3439 2968 3492 ab
2993 3439 3191 3493 eadem
3221 3439 3502 3494 sententia

1910 3546 2024 3583 non
2052 3530 2294 3586 recedat.
2323 3531 2470 3583 Nam
2499 3547 2623 3583 cum
2647 3529 2878 3582 dixisset
2905 3529 3056 3582 velut
3086 3528 3156 3581 ad
3187 3545 3383 3582 eorum
3407 3545 3501 3582 co-

1907 3619 2088 3688 gitata
2114 3637 2124 3670 :
2160 3621 2268 3685 Ego
2294 3636 2380 3670 vos
2412 3620 2623 3686 baptizo
2651 3622 2711 3671 in
2736 3635 2900 3694 aqua,
2955 3634 3311 3687 nequaquam
3341 3618 3504 3671 addi-

1907 3707 1990 3760 dit
2011 3710 2072 3760 z'n
2084 3707 2732 3775 pa’nitentiamDeinde:
2771 3709 2936 3772 Venit,
2955 3707 3154 3776 inquit,
3172 3708 3376 3772 fortior
3396 3723 3498 3772 me,

1907 3800 2064 3864 cujus
2083 3812 2193 3849 non
2216 3813 2340 3848 sum
2353 3798 2556 3863 dignus
2571 3798 2873 3862 corrigiam
2890 3798 3385 3848 calceamentorum
3400 3797 3501 3848 sol-

1907 3901 2046 3940 vere.
2081 3886 2189 3939 Sed
2226 3869 2380 3938 nullo
2412 3885 2576 3938 modo
2628 3884 2757 3937 hinc
2809 3883 3200 3948 laborandum,
3251 3882 3502 3952 quisquis

1911 3975 2216 4046 prudenter
2245 3974 2509 4044 intelligit
2546 3973 2696 4044 ipsas
2741 3971 3049 4027 sententias
3105 3971 3503 4042 cognoscendae

1911 4065 2153 4130 veritati,
2195 4064 2538 4119 necessarias
2583 4080 2724 4131 esse,
2754 4062 3094 4133 quibuslibet
3119 4061 3302 4117 verbis
3326 4061 3503 4132 expli-

1913 4160 2129 4208 centur.
2159 4154 2320 4218 Quod
2348 4154 2499 4208 enim
2529 4153 2672 4208 alius
2703 4153 2873 4207 aliam
2909 4151 3207 4206 verborum
3237 4157 3396 4205 tenet
3414 4166 3504 4205 se-

1916 4243 2074 4310 riem,
2095 4259 2206 4298 non
2228 4249 2314 4297 est
2338 4243 2534 4314 utique
2563 4242 2906 4297 contrarium
2944 4259 2955 4294 :
2981 4257 3163 4312 neque
3183 4240 3323 4294 illud
3369 4255 3506 4295 con-

1914 4331 2152 4387 trarium
2181 4338 2284 4399 est,
2306 4333 2354 4387 si
2374 4332 2516 4386 alius
2537 4331 2704 4398 dicat,
2729 4331 2878 4402 quod
2916 4331 3059 4385 alius
3101 4329 3501 4401 praetermittit,

221 4420 449 4476 duabus
481 4421 675 4476 unitus
702 4419 1030 4475 substantiis
1050 4440 1060 4487 ;
1079 4426 1143 4476 ut
1171 4421 1265 4492 qui
1293 4437 1394 4492 per
1422 4413 1894 4476 humanitatemD
1913 4434 2040 4471 cum
2073 4416 2156 4470 fas
2187 4433 2299 4472 non
2329 4417 2405 4471 sit
2429 4417 2898 4487 evangelistarum
2929 4415 3176 4485 aliquem
3204 4414 3506 4469 mentitum

225 4511 389 4580 quasi
429 4525 606 4564 manu
661 4515 888 4564 tenetur
916 4511 1428 4581 comprehensionis
1455 4516 1677 4576 nostrae,
1731 4527 1832 4582 per

222 4600 584 4655 divinitatem
625 4600 862 4655 interius
905 4601 975 4654 ad
1005 4601 1220 4655 radices
1247 4601 1596 4656 conscientiae
1625 4605 1831 4655 nostrae

223 4689 464 4759 positus,
493 4688 634 4744 inibi
659 4689 705 4743 si
726 4689 823 4760 qui
843 4695 976 4744 sunt
994 4689 1324 4745 infructuosi
1354 4691 1595 4745 vivacius
1617 4689 1832 4745 abscin-

224 4777 459 4833 dantur.
492 4779 638 4843 Quia
667 4779 771 4833 etsi
797 4779 1083 4834 interdum
1113 4796 1212 4850 per
1239 4780 1573 4851 patientiam
1601 4796 1704 4834 nos
1733 4797 1828 4835 ex-

227 4874 468 4939 spectat,
490 4869 965 4940 perDivinitatem
989 4870 1270 4924 examinat
1281 4875 1340 4924 et
1361 4870 1628 4942 disponit,
1649 4887 1830 4942 quan-

226 4957 318 5024 do,
333 4960 424 5013 vel
440 4966 735 5030 quantum,
754 4977 856 5031 pro
876 4960 1147 5031 qualitate
1163 4960 1352 5014 delicti
1369 4977 1831 5032 unumquemque

224 5046 416 5102 feriat.
447 5049 655 5104 Efficax
683 5056 770 5105 est
787 5050 938 5105 enim
960 5050 1060 5104 Dei
1111 5066 1316 5117 sermo,
1348 5055 1406 5104 et
1433 5050 1832 5121 penetrabilior

225 5153 341 5192 non
365 5139 533 5194 modo
556 5140 757 5206 securi,
790 5156 984 5194 verum
1013 5141 1167 5195 omni
1194 5139 1381 5210 gladio
1408 5139 1657 5211 ancipiti,
1701 5157 1829 5210 per-

226 5227 456 5298 tingens
482 5245 661 5300 usque
685 5229 758 5283 ad
787 5229 1115 5284 divisionem
1143 5230 1460 5284 animarum
1487 5235 1544 5284 et
1574 5229 1823 5300 spiritus,

226 5332 568 5388 compagum
596 5335 819 5389 quoque
841 5325 898 5373 et
915 5319 1289 5374 medullarum
1313 5337 1377 5374 ac
1397 5319 1669 5374 discretor
1687 5321 1832 5390 cogi-

231 5407 516 5461 tationum
544 5415 649 5467 est.
674 5409 809 5472 Qua:
845 5408 1212 5478 cogitationes
1243 5426 1354 5464 non
1399 5410 1703 5480 incongrue
1738 5426 1830 5464 ra-

229 5493 388 5550 dices
411 5497 672 5553 arborum
699 5504 1114 5570 nuncupantur,
1149 5499 1282 5570 quia
1309 5499 1454 5554 sicut
1481 5516 1580 5570 per
1614 5499 1831 5554 radices

233 5583 466 5644 arbores
500 5587 902 5646 fructiﬁcantes
931 5589 1185 5660 ﬁguntur
1218 5589 1278 5645 in
1306 5594 1460 5646 terra
1487 5607 1500 5646 :
1537 5589 1620 5645 ita
1647 5593 1704 5646 et
1729 5605 1832 5645 nos

1911 4507 2156 4562 credere.
2199 4508 2269 4562 Et
2295 4507 2344 4562 si
2371 4522 2485 4560 non
2522 4506 2689 4560 modo
2711 4504 2893 4559 verbis
2941 4509 3040 4558 aut
3068 4503 3365 4558 verborum
3421 4519 3508 4558 or-

1911 4598 2060 4664 dine,
2085 4597 2303 4652 autalio
2317 4595 2568 4668 quolibet
2581 4594 2876 4649 locutionis
2891 4609 3318 4665 genere,verum
3335 4591 3507 4647 etiam

1912 4688 2097 4759 reipsa
2111 4687 2331 4742 videtur
2348 4685 2502 4740 aliud
2521 4701 2661 4752 esse,
2685 4686 3062 4739 Calceamenta
3071 4688 3314 4753 portare,
3330 4682 3503 4748 aliud,

1910 4780 2212 4846 corrigiam
2240 4778 2596 4832 catceamenti
2621 4777 2857 4829 solvere:
2893 4789 3006 4828 non
3033 4777 3225 4827 tamen
3240 4772 3507 4826 continuo

1911 4873 2109 4939 putare
2140 4866 2410 4922 debemus
2466 4882 2560 4920 eos
2588 4863 2870 4919 contraria
2913 4863 3019 4918 sibi
3071 4862 3223 4916 velut
3251 4878 3317 4915 ex
3343 4861 3508 4931 igno-

1913 4958 2096 5012 rantia
2115 4957 2527 5028 conscripsisse.
2553 4955 2711 5010 Unde
2742 4959 2891 5009 recte
2921 4952 3211 5024 quaeritur,
3249 4950 3384 5022 quid
3403 4951 3508 5004 ho-

1912 5064 2039 5102 rum
2068 5048 2309 5102 Joannes
2356 5045 2575 5110 dixerit,
2612 5061 2724 5099 non
2739 5060 2798 5098 se
2819 5043 3055 5114 dignum
3075 5057 3218 5108 esse,
3241 5046 3507 5094 utrumne

1912 5138 2290 5192 calceamenta
2316 5141 2561 5207 portare,
2584 5151 2656 5189 an
2669 5133 2970 5204 corrigiam
2998 5132 3507 5186 calceamentorum

1912 5227 2167 5282 solvere?
2205 5225 2669 5296 Quandoquidem
2714 5224 2808 5277 ille
2863 5223 3085 5276 videtur
3131 5221 3284 5275 solus
3312 5235 3508 5274 verum

1913 5333 2192 5384 narrasse,
2236 5315 2332 5385 qui
2363 5316 2467 5368 hoc
2494 5313 2730 5386 protulit
2753 5313 2901 5383 quod
2948 5311 3196 5382 primum
3233 5311 3511 5365 Joannem

1913 5406 2030 5461 suis
2059 5405 2410 5460 auditoribus
2431 5410 2646 5458 certum
2665 5408 2754 5456 est
2802 5401 3112 5456 nuntiasse.
3175 5399 3284 5456 Sed
3342 5400 3390 5452 si
3437 5399 3511 5453 ad

1913 5513 2034 5551 rem
2079 5495 2325 5568 pertinet
2370 5494 2524 5549 aliud
2577 5491 2788 5564 aliquid
2838 5508 2904 5546 ex
2931 5507 2996 5547 eo
3017 5491 3334 5562 intelligere
3359 5488 3511 5560 quod

1915 5603 2010 5645 eos
2037 5585 2253 5642 diverse
2299 5590 2516 5642 certum
2562 5588 2649 5639 est
2705 5580 2965 5651 edidisse,
3007 5580 3142 5657 quid
3185 5578 3338 5638 aliud
3357 5575 3510 5633 aesti-
