3966 6206
359 262 456 320 163
1017 237 1024 244 ’
1111 254 1169 307 s.
1213 247 1590 306 PASCHASII
1629 239 1990 300 RADBERTI
2029 239 2332 297 ABBATIS
2372 239 2868 298 CORBEIENSIS.
3524 240 3629 299 164

351 403 508 443 mare
546 389 696 447 recte
735 395 1050 453 possumus,
1107 391 1276 447 quam
1333 376 1604 429 Joannem
1649 366 2006 436 utrumqqu
2027 365 2231 436 dignus
2259 367 2366 420 fuit
2401 372 2644 439 portare.
2700 367 2978 432 Quoniam
3016 365 3255 436 singulis
3291 366 3360 420 de
3404 365 3631 420 Christo

366 454 1952 546 139dixisse,sivealiudaliotempore,sivecontextim?
2032 472 2136 508 sua
2179 456 2509 510 meritorum
2553 456 2736 510 officia
2773 457 2891 512 suis
2939 457 3204 511 exstitere
3258 455 3627 526 temporibus.

357 543 438 622 Kc
457 565 504 619 si
526 563 737 618 diceret
767 579 776 612 :
803 558 978 628 Cujus
1007 571 1118 610 non
1148 569 1271 608 sum
1300 551 1502 620 dignus
1518 546 1815 616 corrigiam
1838 543 1952 597 cal-

358 651 635 712 ceamenti
669 650 904 706 solvere,
955 659 1136 713 neque
1187 641 1564 694 calceamenta
1593 642 1840 707 portare.
1868 631 1953 686 Ex

359 763 469 818 quo
508 758 654 798 unus
683 753 876 793 eorum
891 734 1021 788 hinc
1032 730 1202 796 aliud,
1226 729 1371 783 alius
1394 744 1542 793 vero,
1567 726 1708 779 sicut
1739 729 1796 777 et
1820 723 1951 778 reli—

359 817 456 908 qui
485 833 614 892 duo,
651 827 802 882 aliud
849 839 1043 878 omnes
1090 825 1282 873 tamen
1321 817 1469 888 quod
1522 831 1715 868 verum
1762 829 1955 908 narra-

355 901 558 985 verint,
578 917 854 989 possimus
886 912 1008 964 luce
1033 908 1239 963 clarius
1253 902 1775 976 approbare.Unde,
1808 901 1954 955 sicut

353 1015 472 1085 jam
503 1007 760 1070 diximus,
783 1015 1115 1072 quocunque
1153 997 1212 1050 in
1239 996 1358 1048 loco
1386 993 1465 1047 sic
1491 990 1769 1046 tractandi
1798 995 1948 1054 sunt,

358 1082 636 1173 quatenus
665 1095 722 1147 in
749 1091 904 1145 nullo
921 1106 956 1142 a
973 1103 1104 1141 vero
1133 1084 1382 1139 deviasse
1403 1082 1736 1146 credantur;
1770 1095 1951 1149 neque

358 1169 463 1243 sibi
487 1181 770 1239 contraria
821 1177 1137 1250 protulisse.
1181 1173 1290 1228 Sed
1322 1173 1539 1226 interea
1558 1170 1854 1224 redeamus
1881 1169 1951 1222 ad

357 1275 612 1332 ordinem
643 1266 1025 1341 expositionis,
1057 1269 1114 1317 et
1139 1261 1426 1316 videamus
1454 1277 1554 1314 cur
1583 1261 1824 1312 Joannes
1852 1257 1952 1310 ba-

357 1365 530 1438 ptizet
548 1376 696 1432 aqua
715 1360 773 1412 in
796 1351 1181 1428 penitentiam
1205 1366 1332 1404 cum
1353 1354 1703 1438 peccatanon
1713 1347 1946 1438 relaxet.

357 1436 554 1524 Neque
575 1450 727 1504 enim
756 1449 842 1500 tas
871 1448 995 1498 erat
1018 1442 1238 1496 servulo
1268 1443 1492 1510 peccata
1513 1437 1762 1491 relaxare
1810 1436 1951 1488 alte-

361 1543 497 1608 rius,
523 1539 628 1594 etsi
659 1537 839 1606 major
859 1550 924 1587 eo
939 1531 1312 1600 nullus,juxta
1338 1527 1563 1582 Domini
1586 1542 1795 1590 vocem,
1823 1526 1952 1594 jure

359 1633 598 1688 dicatur.
625 1626 768 1691 Quia
789 1623 996 1687 nescio,
1024 1619 1277 1691 quamvis
1307 1617 1366 1671 in
1400 1621 1561 1671 utero
1591 1614 1789 1668 matris
1822 1630 1952 1666 san-

2032 544 2244 608 Quibus
2293 545 2558 599 nimirum
2607 546 2999 600 calceamentis
3039 546 3210 618 pedes
3247 545 3629 616 apostolorum

2031 633 2236 698 vestiti,
2265 651 2432 704 quam
2461 635 2693 705 speciosi
2716 635 3292 705 adevangelizandum
3317 633 3585 688 dicuntur
3609 653 3622 701 ;

2035 727 2092 776 et
2120 740 2220 792 per
2239 739 2334 776 eos
2373 723 2632 794 deinceps
2661 724 2866 778 Christi
2916 724 3160 778 Ecclesia
3187 725 3488 778 confitetur
3517 742 3543 803 ε.
3563 727 3632 778 In

2034 812 2333 865 Idume-am
2346 815 2633 866 extendam
2649 817 2825 867 calcea
2835 820 3080 866 mentum
3098 831 3280 868 meum
3293 816 3463 884 (Psat.
3494 827 3629 880 cvn,

2037 897 2139 963 10),
2171 915 2235 952 eo
2258 901 2403 970 quod
2434 917 2612 971 usque
2643 901 2713 954 ad
2756 917 2850 954 eos
2880 901 2974 971 qui
3003 907 3288 955 terrenam
3323 902 3500 955 vitam
3530 902 3632 956 de-

2030 993 2174 1057 gunt
2239 989 2522 1058 Evangelii
2570 990 3001 1060 praadicamenta
3036 996 3462 1060 concurrerunts
3496 991 3635 1054 Quae

2033 1076 2226 1131 videns
2253 1076 2451 1132 beatus
2466 1079 2788 1132 Joannesad
2805 1079 3221 1150 praedicandum
3247 1080 3635 1150 apostolorum

2034 1165 2228 1220 officiis
2247 1165 2531 1236 deputata,
2557 1167 2668 1221 illis
2697 1167 3147 1222 circumferendis
3165 1167 3403 1238 gloriam
3424 1167 3634 1239 praedi-

2035 1254 2270 1308 cationis
2301 1255 2660 1324 derelinquit,
2694 1255 2895 1326 quibus
2933 1261 3056 1310 erat
3082 1255 3333 1310 debitum
3363 1257 3635 1328 speciosis

2036 1343 2268 1414 pedibus
2297 1361 2486 1414 pacem
2505 1345 2767 1414 gentibus
2797 1345 3153 1400 annuntiare.
3182 1346 3431 1410 Quorum
3461 1346 3634 1400 nimi-

2032 1448 2157 1486 rum
2173 1433 2342 1503 pedes
2360 1433 2588 1486 calceati
2601 1434 2669 1488 ad
2696 1435 3159 1505 praeparationem
3182 1435 3466 1505 Evangelii
3480 1435 3635 1506 pacis

2033 1527 2183 1575 recte
2211 1522 2493 1587 dicuntur,
2528 1540 2592 1577 eo
2622 1524 2769 1594 quod
2799 1523 2985 1578 idonei
3011 1541 3114 1594 per
3151 1541 3278 1578 eum
3319 1525 3449 1578 facti
3477 1530 3630 1591 sunt,

2035 1628 2145 1681 quo
2162 1616 2327 1664 erant
2343 1611 2606 1677 induti,et
2616 1612 2845 1666 calceati
2865 1613 3242 1667 calceamento
3259 1613 3476 1668 salutis.
3492 1613 3633 1678 Qui-

360 1722 654 1776 ctiﬁcatus.
685 1714 732 1769 si
755 1713 939 1785 potuit
967 1726 1146 1781 usque
1194 1708 1252 1762 in
1283 1707 1451 1760 finem
1508 1704 1690 1758 omnis
1742 1703 2016 1775 peccatiB
2035 1698 2138 1752 bus
2168 1699 2412 1769 profecto
2433 1700 2823 1754 calceamentis
2849 1701 3086 1772 Moyses,
3112 1702 3245 1755 dum
3267 1702 3337 1756 ad
3373 1709 3629 1756 contem-

360 1808 683 1878 contagium
703 1804 931 1858 evitare.
952 1799 1058 1864 Qui
1087 1798 1217 1851 licet
1247 1795 1508 1867 potuerit,
1542 1794 1588 1847 si
1620 1794 1702 1846 fas
1749 1798 1834 1846 est
1870 1791 1957 1845 di-

362 1917 510 1965 cere,
545 1913 659 1952 non
689 1910 792 1948 sua
819 1891 892 1957 vi,
925 1888 1023 1944 sed
1059 1886 1263 1957 gratia,
1297 1901 1408 1956 qua
1435 1883 1642 1953 legitur
1690 1880 1958 1953 praeconis

361 1989 544 2045 ofﬁcio
572 1984 884 2045 dedicatus,
928 1977 1156 2032 omnino
1176 1974 1456 2029 credimus
1475 1972 1731 2026 evitasse.
1765 1970 1956 2039 Bapti-

361 2077 523 2133 zabat
551 2079 741 2130 autem
761 2076 824 2124 ut
849 2066 1188 2140 praecederet
1211 2080 1312 2118 suo
1366 2066 1717 2132 praeconatus
1774 2057 1955 2112 officio

364 2167 672 2226 Christum,
695 2178 765 2214 ne
795 2157 1051 2212 Christus
1080 2153 1206 2207 novi
1254 2151 1560 2222 quidquam
1581 2154 1778 2202 contra
1816 2146 1956 2217 legis

365 2255 634 2311 mandata
663 2251 888 2304 faceret.
921 2247 1104 2314 Atque
1133 2240 1406 2296 invitabat
1446 2254 1640 2292 omnes
1676 2237 1746 2290 ad
1777 2235 1954 2307 ι)ωηί-

363 2346 621 2408 tentiam,
654 2343 931 2411 quatenus
957 2350 1084 2386 cum
1117 2329 1331 2383 veniret
1354 2327 1600 2399 pontifex
1651 2343 1750 2397 pro
1798 2325 1958 2379 nobis

363 2436 565 2497 factus,
597 2431 717 2501 ipse
740 2429 860 2498 jam
913 2419 1290 2494 quaerentibus
1345 2417 1563 2470 veniam
1621 2421 1848 2486 peccata
1897 2420 1961 2468 ut

362 2521 636 2577 Dominus
663 2516 957 2570 relaxaret.
989 2508 1146 2564 Facit
1163 2511 1352 2560 autem
1404 2505 1648 2558 Joannes
1699 2503 1959 2557 catechu-

367 2627 581 2676 menos,
607 2614 664 2662 et
692 2607 950 2658 hortatur
963 2614 1158 2653 omnes
1181 2596 1251 2650 ad
1267 2593 1511 2664 nuptias,
1543 2598 1622 2656 ut,
1644 2610 1772 2646 cum
1798 2592 1960 2646 Chri-

365 2707 486 2755 stus
506 2693 839 2770 processerit
858 2688 1110 2745 Pontifex
1129 2685 1454 2757 pontiﬁcum
1485 2683 1554 2736 ad
1581 2682 1779 2747 fontes,
1815 2682 1960 2736 illico

361 2792 485 2862 jam
535 2782 794 2841 instructi
841 2780 940 2835 ﬁlii
973 2780 1358 2836 renascantur,
1394 2777 1451 2826 et
1491 2771 1802 2824 thalamum
1833 2787 1960 2823 cum

367 2858 572 2948 sponso
593 2869 852 2944 ingressi,
886 2867 954 2920 de
997 2863 1210 2935 ipsisin
1263 2859 1532 2930 mysterio
1569 2858 1778 2928 nuptia:
1817 2859 1962 2911 cele-

366 2947 620 3019 brentur.
652 2961 807 3015 Alias
823 2961 1031 3020 autem,
1061 2968 1160 3006 cur
1178 2951 1296 3021 ipse
1320 2947 1554 3008 venerit,
1581 2947 1638 2999 in
1664 2947 1960 3016 Evangelia

2039 1789 2304 1859 piandam
2336 1787 2603 1842 visionem
2624 1789 2723 1842 Dei
2749 1789 3149 1860 omnipotentis
3171 1807 3432 1861 magnam
3465 1792 3636 1846 vellet

2041 1877 2322 1944 accedere,
2349 1877 2478 1948 quia
2507 1877 2755 1932 nondum
2776 1879 2961 1932 fuerat
2983 1880 3276 1945 calceatus,
3307 1880 3520 1935 dictum
3549 1887 3638 1935 est

2041 1967 2091 2020 ei
2126 1985 2136 2018 :
2171 1968 2322 2021 Solve
2343 1971 2771 2021 catceamentum
2797 1970 2998 2036 pedum
3029 1973 3273 2032 tuorum,
3307 1973 3452 2024 locus
3481 1973 3634 2024 enim

2041 2058 2103 2108 in
2124 2072 2229 2123 quo
2259 2061 2368 2108 stas
2388 2061 2539 2109 terra
2558 2063 2749 2110 sancta
2762 2063 2837 2110 est
2867 2059 3053 2123 (Exod.
3071 2073 3149 2123 III,
3169 2058 3242 2125 5).
3268 2059 3642 2129 Nequaquam

2040 2143 2213 2213 igitur
2241 2150 2434 2198 sancta
2455 2150 2616 2198 erant
2640 2145 2738 2198 illa
2767 2146 2973 2216 pedum
3003 2148 3408 2215 calceamenta;
3433 2149 3643 2202 idcirco

2040 2233 2151 2287 illis
2179 2233 2360 2287 adhuc
2390 2233 2622 2288 vestitus
2653 2250 2766 2288 non
2799 2235 3122 2290 merebatur
3149 2240 3357 2290 terram
3387 2242 3642 2290 sanctam

2040 2322 2383 2392 contingere,
2436 2338 2618 2392 neque
2669 2323 2740 2376 ad
2785 2323 3057 2378 visionem
3092 2324 3192 2378 Dei
3240 2325 3644 2396 omnipotentis

2041 2410 2317 2464 calceatus
2346 2410 2627 2466 accedere.
2650 2412 2796 2464 Nam
2827 2428 3010 2482 neque
3065 2413 3233 2467 Josue
3277 2415 3640 2484 postmodum

2046 2502 2280 2570 angelus
2327 2501 2521 2555 eadem
2574 2502 2934 2556 remandaret
2955 2505 3082 2572 (J03.
3129 2517 3183 2569 v,
3225 2503 3400 2571 15),si
3447 2504 3498 2558 ei
3556 2505 3643 2558 fas

2045 2596 2194 2644 esset
2223 2590 2402 2643 adhuc
2431 2589 2636 2644 talibus
2666 2591 2923 2645 indutum
2969 2597 3182 2645 terram
3231 2598 3483 2646 sanctam
3533 2594 3643 2647 cal-

2045 2696 2190 2733 care.
2225 2679 2358 2742 Quae
2388 2679 2654 2733 nimirum
2682 2685 2931 2734 vetustas
2949 2682 3081 2751 quia
3108 2681 3345 2736 necdum
3389 2688 3510 2736 erat
3554 2700 3640 2738 re-

2046 2775 2216 2828 mota,
2257 2767 2509 2837 quamvis
2553 2768 2703 2822 idem
2753 2786 2932 2840 praeco
2981 2770 3234 2824 veritatis
3262 2772 3643 2827 sanctificatus

2044 2861 2207 2921 esset,
2228 2856 2432 2910 idcirco
2452 2857 2705 2911 fortassis
2737 2875 2847 2912 non
2869 2876 2928 2913 se
2958 2859 3189 2930 dignum
3220 2861 3289 2914 ad
3308 2861 3643 2932 perferenda

2043 2947 2698 3001 calceamentaveraciter
2714 2949 2935 3002 clamat.
2968 2948 3251 3020 Alioquin,
3276 2965 3456 3020 neque
3467 2949 3642 3004 iidem

367 3051 674 3108 secundum
705 3049 997 3107 Joannem,
1040 3057 1168 3094 cum
1203 3039 1272 3092 de
1302 3037 1524 3092 Christo
1581 3035 1727 3090 idem
1777 3035 2023 3106 loque—C
2047 3036 2283 3107 apostoli
2328 3052 2394 3090 ea
2434 3036 2578 3090 ferre
2606 3037 2760 3107 digni
2797 3044 3000 3103 essent,
3030 3038 3136 3092 nisi
3167 3039 3456 3110 exspoliati
3493 3056 3527 3093 a
3557 3055 3644 3092 ve-

365 3147 545 3204 retur,
605 3137 855 3191 insinuat
884 3132 1072 3185 dicens
1108 3151 1119 3182 :
1152 3129 1218 3181 Et
1244 3126 1338 3195 ego
1377 3127 1675 3179 nesciebam
1699 3141 1844 3189 eum,
1877 3126 1968 3178 sed
2048 3131 2257 3180 tustate
2288 3141 2386 3196 per
2415 3131 2651 3179 mortem
2711 3126 2919 3180 Christi
2961 3132 3149 3181 essent
3196 3129 3370 3193 (Deut.
3401 3141 3525 3186 XXV,
3559 3123 3636 3195 9).

365 3238 427 3287 ut
458 3230 868 3294 manifestetur,
897 3218 1100 3290 inquit,
1135 3220 1195 3269 in
1228 3218 1420 3278 Israel,
1454 3215 1711 3267 ideovem'
1742 3217 1803 3266 in
1821 3229 1968 3281 aqua
2051 3215 2328 3269 Caeterum
2357 3214 2506 3284 apud
2535 3219 2750 3268 veteres
2765 3231 2884 3268 mos
2901 3221 3023 3269 erat
3036 3220 3099 3269 ut
3128 3215 3312 3286 siquis
3341 3232 3484 3282 eam,
3519 3232 3644 3287 quae

371 3321 662 3389 baptizans
687 3315 871 3382 (Joan.
909 3324 946 3374 ι,
994 3306 1104 3374 31).
1147 3305 1427 3358 Praeterea
1450 3304 1570 3372 jam
1618 3319 1718 3356 cur
1755 3302 1971 3356 venerit
2052 3303 2156 3358 sibi
2187 3307 2527 3374 competeret
2559 3320 2787 3357 uxorem
2827 3310 2866 3368 ι
2887 3309 2994 3368 τι
3027 3304 3200 3358 nollet
3229 3305 3498 3376 accipere,
3527 3306 3644 3358 cal-

367 3407 678 3479 baptizans,
729 3399 885 3454 nulla
941 3396 1124 3465 major
1175 3409 1343 3446 causa
1390 3408 1512 3445 esse
1556 3392 1778 3462 poterit.
1821 3391 1970 3445 Alio—
2051 3399 2400 3447 ceamentum
2422 3393 2471 3446 ei
2527 3393 2619 3446 ille
2669 3393 2905 3446 solveret
2957 3393 3052 3463 qui
3088 3393 3158 3446 ad
3199 3393 3342 3447 hanc
3405 3410 3646 3464 sponsus

369 3496 505 3567 quin
535 3492 797 3559 deinceps
824 3487 971 3540 idem
1002 3481 1314 3553 baptismus
1345 3485 1616 3533 maneret.
1646 3481 1807 3533 Nunc
1836 3496 1964 3533 vero
2043 3481 2614 3553 jurepropinquitatis
2626 3481 3012 3545 veniretQuid
3028 3482 3201 3552 igitur
3217 3482 3474 3536 Christus
3497 3482 3648 3537 inter

370 3583 504 3655 quia
529 3581 600 3634 ad
629 3577 780 3633 aliud
811 3591 923 3629 non
967 3571 1194 3653 profuit,
1229 3569 1486 3623 veniente
1542 3568 1784 3632 Christo,
1817 3569 1968 3622 velut
2048 3572 2304 3625 homines
2347 3571 2454 3624 nisi
2476 3586 2712 3640 sponsus
2768 3577 2971 3625 sancta:
3027 3588 3140 3625 suae
3189 3571 3444 3626 Ecclesiae
3477 3587 3648 3625 carne

370 3673 588 3744 expleto
615 3664 945 3729 ministerio,
969 3659 1224 3715 cessavit.
1257 3657 1416 3722 Quod
1447 3663 1635 3711 autem
1661 3657 1758 3723 ait,
1819 3660 1969 3713 Venit

370 3763 575 3831 fortior
603 3774 706 3822 me,
739 3771 850 3809 non
882 3751 1044 3824 quasi
1088 3763 1414 3819 comparare
1443 3764 1502 3800 se
1532 3747 1664 3800 velit
1711 3753 1970 3800 creatura

372 3867 498 3906 cum
528 3851 822 3910 Creatore;
850 3842 948 3897 sed
977 3856 1108 3894 eum
1137 3839 1338 3892 fortem
1384 3836 1651 3902 insinuat,
1685 3836 1805 3890 sine
1860 3853 1969 3907 quo

2047 3661 2281 3714 vestitus
2298 3659 2590 3730 apparuit?
2617 3659 2697 3713 De
2736 3676 2844 3729 quo
2869 3664 3018 3714 recte
3039 3660 3187 3714 idem
3209 3661 3452 3716 Joannes
3469 3661 3608 3716 dicit
3633 3679 3646 3714 :

2052 3751 2158 3816 Qui
2185 3751 2338 3802 habet
2379 3764 2652 3816 sponsam,
2685 3765 2911 3816 sponsus
2941 3755 3014 3803 est
3052 3749 3236 3821 (Joan.
3287 3765 3368 3816 ιιι,
3391 3749 3506 3821 ‘29).
3533 3750 3646 3805 Sed

2051 3838 2184 3908 quia
2215 3837 2472 3891 homines
2499 3853 2629 3890 eum
2659 3837 2944 3892 Christum
2979 3855 3101 3892 esse
3144 3837 3436 3909 putabant,
3494 3839 3646 3910 quod

371 3941 528 3996 nulla
557 3942 642 3992 est
688 3932 954 3989 fortitudo
990 3949 1002 3997 ;
1035 3929 1105 3983 de
1148 3943 1256 3999 quo
1288 3925 1463 3980 Isaias
1492 3925 1766 3996 propheta
1791 3943 1801 3978 :
1826 3927 1965 3980 Deus
2051 3927 2169 3997 ipse
2198 3927 2268 3980 de
2297 3943 2356 3980 se
2387 3932 2709 3981 constanter
2744 3927 3038 3981 veritatem
3093 3928 3411 3982 confitendo
3450 3933 3642 3998 negat,

365 4031 557 4097 fortis,
584 4031 742 4094 pater
772 4023 962 4090 futuri
980 4020 1165 4072 seculi
1195 4017 1316 4083 (Isa.
1353 4029 1432 4080 1x,
1455 4014 1530 4081 6).
1563 4014 1966 4068 Verumtamen
2047 4022 2196 4071 recte
2217 4032 2329 4070 non
2376 4015 2574 4082 solum,
2605 4021 2670 4070 ut
2696 4016 3101 4086 signiﬁcantius
3122 4017 3298 4071 Lucas
3329 4022 3539 4082 narrat,
3573 4017 3642 4071 ad

371 4117 614 4172 Joannes
635 4128 747 4166 non
767 4110 892 4163 ideo
923 4106 1212 4161 fortiorem
1239 4118 1368 4157 eum
1399 4103 1540 4156 dixit
1577 4103 1725 4172 quod
1762 4103 1880 4174 ipse
1909 4103 1967 4158 in
2049 4105 2369 4159 solvendam
2390 4105 2687 4174 corrigiam
2735 4107 3240 4159 calceamentorum
3279 4107 3421 4176 ejus,
3446 4123 3645 4160 verum

372 4201 788 4274 comparatione
810 4199 932 4268 ejus
951 4197 1098 4249 esset
1115 4192 1294 4258 fortis,
1322 4191 1417 4246 sed
1435 4191 1568 4262 quia
1587 4192 1972 4247 aestimabatur
2057 4195 2224 4248 etiam
2263 4195 2333 4248 ad
2364 4195 2693 4265 perferenda
2721 4195 2916 4248 eadem
2946 4195 3325 4265 sponsalitatis
3357 4196 3645 4266 mysteria,

375 4291 586 4362 aliquid
613 4305 753 4353 esse,
797 4287 877 4341 ita
896 4291 960 4341 ut
988 4283 1242 4338 Christus
1256 4282 1407 4336 credi
1429 4282 1718 4352 potuisset,
1754 4289 2032 4362 tempe-__
2057 4301 2279 4355 pressus
2309 4284 2644 4350 humilitate,
2677 4283 2972 4354 indignum
3001 4301 3060 4338 se
3091 4285 3208 4338 fore
3238 4285 3462 4340 clamat.
3506 4285 3650 4339 Hinc

375 4350 522 4436 ravit
556 4350 894 4442 sermonem,
937 4379 1002 4429 ut
1025 4372 1296 4444 paulatim
1341 4350 1457 4425 suis
1484 4371 1784 4426 virtutibus
1814 4350 2038 4428 Chri-D
2056 4350 2331 4442 estigitur
2359 4372 2506 4442 quod
2529 4370 2752 4441 Moyses
2772 4350 2871 4425 aut
2897 4372 3064 4426 Josue
3112 4371 3302 4442 sponsi
3323 4388 3435 4425 non
3463 4377 3645 4438 erant,

373 4476 494 4528 stus
532 4473 775 4540 quantus
804 4469 953 4520 esset
970 4462 1248 4534 copiosius
1301 4465 1485 4527 1,0
1531 4463 1970 4519 commendaret.
2058 4477 2248 4515 verum
2295 4477 2397 4514 nec
2435 4461 2552 4530 ipse
2586 4460 2851 4527 Joannes,
2908 4465 2965 4514 et
3002 4461 3126 4514 ideo
3160 4462 3288 4530 jure
3327 4459 3650 4514 discalceari

373 4562 661 4615 Venturus
677 4561 868 4612 autem
897 4559 1027 4625 post
1057 4568 1206 4618 eum,
1231 4565 1344 4604 non
1373 4565 1438 4603 ex
1469 4565 1534 4603 eo
1563 4550 1711 4619 quod
1733 4558 1974 4609 aeternus

374 4667 410 4706 a
434 4650 601 4706 Patre
622 4651 725 4712 est,
745 4645 843 4700 sed
875 4641 1058 4697 carnis
1080 4639 1392 4704 nativitate,
1416 4639 1766 4710 apparitione
1787 4649 1972 4700 osten-

373 4739 549 4796 sionis
569 4752 682 4792 suae
707 4735 778 4789 ad
803 4733 1042 4806 plebem,
1092 4728 1348 4802 passione
1380 4734 1438 4782 et
1488 4729 1849 4788 descensione
1899 4737 1969 4790 ad

373 4827 603 4884 inferos.
625 4825 812 4892 Cujus,
838 4821 1040 4892 inquit,
1075 4835 1166 4888 ego
1197 4834 1309 4872 non
1333 4833 1458 4871 sum
1515 4819 1718 4886 dignus
1766 4826 1974 4879 calcea-

373 4922 560 4973 menta
583 4918 826 4985 portare.
845 4912 924 4965 Ex
953 4926 1062 4981 quo
1090 4907 1359 4962 nimirum
1375 4907 1533 4976 juxta
1558 4907 1866 4979 simplicem
1893 4913 1976 4969 in-

373 5003 745 5077 telligentiam
768 4999 1042 5069 condigne
1071 5013 1131 5052 se
1159 4996 1440 5062 humiliat,
1474 5013 1544 5050 ne
1573 5013 1631 5052 se
1651 4997 1731 5052 illi
1753 5016 1975 5071 compa-

375 5111 530 5152 rasse
559 5093 834 5157 videatur,
862 5088 959 5160 qui
978 5105 1038 5141 se
1067 5087 1443 5140 calceamenta
1483 5087 1605 5156 ejus
1618 5093 1841 5158 portare
1862 5105 1974 5144 non

375 5185 610 5256 dignum
624 5181 856 5254 judicat.
899 5179 1178 5232 Caeterum
1207 5175 1256 5230 si
1294 5175 1496 5230 altiora
1523 5177 1807 5248 paulisper
1836 5195 1970 5233 con-

373 5280 655 5337 tueamur,
684 5271 742 5324 in
771 5265 1162 5323 calceamentis
1181 5263 1434 5336 mysterii
1451 5264 1832 5334 supereminet
1856 5280 1970 5319 ma-

375 5361 632 5436 gnitudo.
682 5360 790 5413 Per
839 5357 1217 5412 calceamenta
1259 5353 1466 5424 quippe
1523 5369 1582 5406 se
1631 5369 1744 5408 non
1787 5353 1972 5409 minus

375 5451 546 5506 Verbi
579 5447 910 5514 incarnatio,
945 5462 1114 5517 quam
1155 5443 1414 5498 universa
1443 5439 1733 5511 Evangelii
1781 5459 1970 5496 sacra-

378 5545 570 5598 menta
588 5538 971 5613 designantur,
993 5552 1116 5607 quae
1141 5533 1341 5589 beatus
1355 5531 1597 5588 Joannes
1615 5545 1974 5604 nequaquam

2051 4550 2340 4621 jubentur.
2375 4550 2482 4604 Sed
2503 4554 2560 4603 et
2590 4549 2694 4604 iste
2723 4550 2793 4604 ad
2819 4550 3150 4621 perferenda
3179 4550 3265 4604 vel
3295 4549 3651 4604 dissolvenda

2057 4640 2250 4694 eadem
2272 4638 2651 4710 sponsalitatis
2665 4639 3102 4709 juraindignum
3125 4656 3184 4693 se
3210 4639 3484 4693 veraciter
3501 4655 3653 4694 asse-

2053 4733 2226 4795 verat,
2246 4744 2367 4798 quae
2396 4743 2497 4798 per
2525 4727 2784 4798 spiritum
2797 4728 3103 4799 prophetiae
3134 4728 3191 4782 in
3213 4727 3434 4782 Christo
3461 4728 3653 4784 futura

2055 4822 2406 4888 cognoverat.
2432 4819 2546 4885 Ipse
2566 4833 2653 4870 vos
2666 4818 2980 4885 baptizabit,
3001 4817 3202 4888 inquit,
3229 4816 3449 4886 Spiritu
3463 4822 3652 4872 sancto

2055 4912 2104 4960 et
2121 4909 2264 4974 igne,
2298 4905 2403 4959 hoc
2433 4911 2518 4960 est
2540 4905 2874 4976 purgatione
2902 4905 3360 4960 sanctiﬁcationis
3384 4924 3398 4973 ;
3418 4910 3475 4960 et
3493 4905 3653 4960 dein-

2056 5011 2184 5066 ceps
2214 4995 2285 5048 ad
2310 4994 2640 5050 charitatem
2659 4995 3036 5059 nutriendam,
3062 4994 3390 5066 probatione
3419 4994 3657 5049 tribula-

2056 5084 2246 5138 tionis.
2271 5084 2528 5140 Charitas
2558 5090 2747 5138 autem
2772 5084 2872 5138 Dei
2903 5084 3105 5138 diffusa
3156 5089 3242 5138 est
3287 5084 3344 5138 in
3390 5083 3654 5138 cordibus

2056 5172 2261 5228 nostris
2283 5190 2384 5244 per
2405 5173 2677 5245 Spiritum
2714 5178 2970 5228 sanctum
3005 5161 3126 5244 qui.
3150 5174 3316 5228 datus
3346 5179 3432 5228 est
3468 5172 3652 5229 nobis.

2054 5262 2234 5326 Unde,
2251 5262 2298 5316 si
2327 5262 2573 5334 primum
2593 5279 2694 5334 per
2722 5279 2852 5316 eum
2889 5263 3324 5324 sanctiﬁcamur,
3341 5263 3474 5333 quid
3498 5262 3652 5317 aliud

2055 5368 2225 5424 quam
2251 5351 2307 5406 in
2337 5369 2402 5406 eo
2435 5351 2757 5407 abluimur?
2787 5354 2857 5406 Et
2883 5353 3145 5426 deinceps
3177 5353 3223 5408 si
3255 5369 3356 5424 per
3403 5351 3652 5406 Charita-

2054 5447 2171 5496 tem
2210 5442 2280 5496 ad
2317 5442 2603 5497 Christum
2652 5443 3047 5514 pertingimus,
3108 5443 3241 5513 quid
3277 5441 3430 5497 aliud
3479 5458 3653 5513 quam

2053 5547 2156 5604 per
2182 5547 2308 5588 eam
2333 5531 2394 5587 in
2438 5531 2662 5588 Christo
2703 5532 3138 5604 regeneramur?
3162 5532 3244 5588 De
3286 5532 3392 5587 hac
3443 5531 3651 5605 quippe
