3966 6206
199 268 290 325 165

976 273 1352 330 EXPOSITIO
1393 274 1471 330 IN
1511 274 1961 331 MA'I'I'HIEUM.‘
1989 309 2051 319 —-
2079 281 2213 337 LIB.
2256 284 2328 352 II,
2372 286 2527 343 CAP.
2570 288 2689 347 III.~

201 393 428 464 Spiritus
456 395 641 451 sancti
672 396 961 453 ablutione
988 400 1046 454 in
1075 418 1233 472 spem
1261 402 1386 456 vita:
1412 403 1777 457 renascimur.
1799 400 2253 464 Aholocaustum
2295 398 2553 481 Domino,
2610 418 2739 489 igne
2793 421 2965 479 divini
3007 430 3233 498 amoris,

3348 306 3454 366 166

3282 435 3455 493 veluti

198 482 268 535 De
306 483 587 539 charitate
632 504 764 541 vero
811 488 866 542 id
914 491 1356 560 regeneratione,
1403 508 1531 546 cum
1577 492 1787 546 sederit
1866 494 2101 551 victimae
2132 500 2381 568 quotidie
2409 515 2855 566 concremantur.
2894 514 3015 577 Quo
3042 518 3288 588 profecto
3322 523 3454 594 igne

198 570 623 594 Fili---L-_n'_I3,
666 577 706 594 0,
824 577 840 594 ι
998 581 1009 591 ο
1084 584 1092 594 .
1146 581 1178 594 ,ι
1475 580 1499 594 Α
1563 582 1596 594 ,ο
1977 585 1990 594 ι
2283 590 2330 594 --
2418 593 2443 594 η

196 570 353 626 Filius
381 574 635 630 hominis
663 577 722 630 in
744 577 877 631 sede
898 581 1212 648 majestatis
1233 598 1345 635 suae
1369 580 1670 652 perfectius
1700 598 1783 635 re-

194 662 458 716 nascendo
506 663 941 722 immortalitate
967 668 1250 723 vestimur.
1288 670 1397 725 Sed
1445 687 1546 723 cur
1585 671 1781 724 eadem

193 750 422 805 charitas
440 752 591 822 ignis
606 754 846 823 dicatur,
860 773 973 811 non
992 759 1364 829 incongruum
1384 764 1570 830 potest
1582 760 1776 823 videri,

191 838 308 893 dum
328 848 555 897 mentes
584 844 880 900 hominum
904 847 1101 901 ardere
1126 847 1273 902 facit.
1297 850 1441 902 Nam
1466 854 1523 903 et
1543 848 1781 919 apostoli

187 927 422 998 primum
447 948 581 987 cum
607 933 822 1004 Spiritu
849 942 1041 990 sancto
1068 937 1425 1008 percipiendo
1450 938 1780 993 sanctiﬁcati

187 1024 380 1085 essent,
417 1036 532 1074 non
565 1027 758 1077 tamen
786 1024 926 1078 adeo
956 1026 1218 1080 ardentes
1239 1032 1419 1092 erant,
1447 1028 1543 1081 sed
1569 1044 1696 1081 cum
1722 1027 1779 1082 in

184 1106 264 1160 die
288 1108 656 1166 Pentecostes
684 1129 785 1184 per
799 1114 1060 1168 eumdem
1081 1116 1353 1186 Spiritum
1372 1116 1431 1169 in
1458 1117 1538 1170 eis
1559 1117 1779 1187 plenius

182 1195 511 1253 charitatem
541 1200 769 1269 refudit,
802 1219 897 1257 eos
927 1220 1095 1274 quam
1122 1205 1364 1259 maxime
1396 1206 1593 1260 ardere
1624 1206 1772 1261 fecit.

183 1284 312 1348 Quia
331 1287 637 1356 nimirum,
670 1291 947 1347 charitate
976 1293 1176 1359 renati,
1200 1294 1269 1348 ab
1290 1312 1358 1348 ea
1386 1296 1636 1365 separari
1665 1312 1776 1349 non

183 1378 438 1444 poterant
466 1378 599 1433 ullis
616 1384 1027 1437 tormentorum
1055 1384 1374 1453 generibus.
1391 1384 1534 1437 Hinc
1554 1401 1776 1455 quoque

181 1472 251 1517 est
297 1466 456 1535 quod
480 1467 695 1523 Paulus
725 1477 1049 1525 constanter
1072 1472 1260 1526 aiebat
1302 1473 1491 1527 dicens
1523 1492 1535 1526 :
1585 1476 1774 1529 Certus

178 1569 287 1607 sum
317 1572 417 1622 ego
446 1560 594 1625 quod
619 1574 792 1627 neque
819 1577 983 1626 mors,
1008 1578 1176 1630 neque
1205 1565 1336 1628 vita,
1365 1579 1535 1631 neque
1560 1566 1775 1617 instan-

178 1645 263 1709 tia,
296 1660 479 1713 neque
507 1648 729 1713 futura,
772 1665 941 1717 neque
970 1655 1229 1704 creatura
1270 1654 1391 1705 ulla
1426 1654 1631 1720 poterit
1676 1668 1771 1706 nos

1865 585 2153 674 credentes
2201 590 2331 659 quid
2376 593 2529 647 aliud
2572 613 2740 667 quam
2787 585 3243 674 rebaptizantur?
3291 585 3453 669 Hunc

1861 672 2038 741 igitur
2062 675 2249 744 ignem
2278 680 2429 733 venit
2451 682 2612 738 Jesus
2634 685 2857 743 mittere
2886 672 2945 745 in
2973 697 3206 764 terram,
3235 703 3294 753 et
3317 700 3453 771 quid

1863 760 1998 827 vult,
2032 763 2140 817 nisi
2170 770 2231 818 ut
2261 767 2471 834 ardeat,
2506 776 2563 826 et
2605 784 2924 832 concremet
2968 782 3229 839 universa
3269 789 3453 845 carnis

1864 849 2028 917 vitia;
2062 858 2339 921 quatenus
2362 856 2419 911 in
2449 875 2514 913 eo
2540 861 2701 916 electi
2731 865 2803 919 ad
2831 882 3030 924 novam
3062 872 3234 928 vitam
3264 878 3452 947 quoti-

1861 938 1951 992 die
1981 945 2391 997 renascantur?
2420 947 2562 1002 Hinc
2587 951 2792 1024 quippe
2817 953 2963 1026 ignis
2989 938 3301 1031 perpetuus
3328 982 3451 1022 esse

1855 1027 2104 1098 jubetur,
2145 1032 2239 1101 qui
2286 1050 2576 1105 nunquam
2604 1040 2827 1097 deficiet
2855 1044 2924 1098 ab
2952 1027 3118 1103 altari
3147 1068 3159 1117 ;
3197 1055 3263 1105 ut
3289 1069 3354 1107 ex
3385 1071 3451 1110 eo

1861 1133 2055 1172 omnes
2075 1122 2169 1189 qui
2191 1121 2250 1174 in
2272 1122 2513 1189 Christo,
2538 1126 2592 1180 id
2615 1134 2701 1183 est
2728 1148 2897 1202 super
2915 1136 3091 1190 altare
3115 1139 3445 1211 offeruntur,

1860 1207 2138 1276 puriﬁcati
2166 1210 2467 1279 gloriosius
2487 1214 2840 1286 innoventur,
2850 1229 3126 1292 quatenus
3144 1244 3245 1299 per
3262 1230 3366 1286 hoc
3390 1232 3451 1287 in

1858 1298 2301 1365 regeneratione,
2335 1318 2461 1355 cum
2510 1305 2719 1361 sederit
2755 1309 2928 1365 Filius
2960 1312 3203 1370 hominis
3230 1318 3291 1372 in
3317 1320 3451 1376 sede

1866 1389 1905 1451 Ι
1929 1389 2048 1451 13
2072 1388 2384 1456 majestatis
2410 1407 2544 1457 suae,
2571 1394 2928 1467 adOptionem
2949 1402 3194 1459 ﬁliorum
3215 1407 3316 1461 Dei
3336 1410 3450 1479 ple-

1858 1472 1985 1526 nius
2029 1476 2419 1547 percipientes,
2466 1480 2878 1541 immortalitati
2914 1496 3135 1548 aeternae
3173 1495 3299 1551 vitae
3336 1472 3449 1553 do-

1856 1567 2081 1617 nentur.

1929 1652 2098 1722 Cujus
2128 1660 2501 1713 ventilabrum
2530 1663 2594 1716 in
2622 1680 2799 1719 manu
2827 1683 2949 1735 sua,
2981 1675 3030 1725 et
3049 1676 3450 1740 permundabit

175 1747 425 1799 separare
461 1751 500 1788 a
548 1736 820 1791 charitate
850 1739 1056 1793 Christi
1087 1741 1257 1805 (Rom.
1303 1754 1422 1806 VIII,
1457 1738 1563 1810 38).
1596 1741 1831 1813 TotusB
1852 1756 2041 1795 aream
2063 1752 2674 1818 suam,ctcongregabit
2695 1757 2948 1811 triticum
2972 1761 3033 1813 in
3049 1736 3448 1835 horreum,”-

173 1820 309 1874 enim
350 1821 654 1878 charitatis
689 1831 815 1880 erat
851 1828 1076 1882 effectus
1118 1846 1221 1901 per
1245 1830 1527 1900 gratiam;
1563 1829 1766 1885 idcirco

171 1908 313 1963 aliud
337 1927 467 1967 esse
498 1930 613 1968 non
645 1920 868 1985 poterat
888 1934 1055 1988 quam
1079 1920 1225 1989 quod
1257 1919 1435 1973 factus
1457 1924 1559 1973 est.
1585 1920 1765 1983 Quam

170 1996 349 2070 itaque
379 2002 724 2058 charitatem
757 2006 891 2076 quia
932 2007 992 2061 in
1035 2009 1296 2078 praesenti
1333 2008 1447 2062 vita
1488 2008 1575 2062 vix
1602 2009 1766 2080 pauci

170 2090 274 2140 tam
292 2088 533 2159 plenam
548 2091 776 2157 habent,
785 2093 842 2147 in
854 2093 1042 2149 futuro
1055 2112 1183 2150 vero
1200 2097 1279 2150 ita
1294 2102 1459 2150 tenus
1473 2101 1536 2150 ut
1546 2113 1768 2168 semper

170 2173 219 2228 in
236 2176 363 2247 ipsa
392 2187 687 2246 maneant,
707 2182 779 2235 ad
808 2184 1029 2253 plenam
1058 2185 1543 2239 immortalitatem
1571 2202 1766 2240 omnes

168 2282 259 2336 per
307 2284 441 2323 eam
506 2271 692 2324 renati
746 2278 929 2326 erunt.
972 2273 1130 2328 Unde
1184 2275 1429 2345 profecto
1482 2275 1764 2330 credimus

168 2355 372 2411 dictum
399 2377 411 2410 :
437 2361 559 2427 Ipse
587 2376 677 2413 vos
710 2362 1007 2430 baptizabit
1037 2371 1075 2429 ι
1096 2367 1215 2428 12
1238 2364 1457 2432 Spiritu
1478 2370 1682 2431 sancto,
1704 2364 1764 2418 in

168 2448 426 2514 praesenti
451 2448 572 2502 vita
599 2450 673 2502 ad
700 2455 968 2504 aeternam
989 2437 1505 2515 sanctiﬁcationem,
1529 2459 1585 2507 et
1616 2458 1765 2524 post-

170 2536 392 2590 modum
427 2538 562 2607 igne
588 2538 882 2593 charitatis
904 2546 1028 2610 post
1054 2542 1261 2595 multas
1278 2542 1688 2608 tribulationes,
1705 2542 1762 2596 in

170 2627 617 2695 regeneratione,
653 2645 783 2682 cum
816 2629 1024 2683 sederit
1060 2630 1232 2684 Filius
1258 2631 1504 2685 hominis
1544 2632 1603 2685 in
1634 2632 1765 2685 sede

169 2715 479 2784 majestatis
510 2733 646 2784 sure,
677 2718 748 2772 ad
776 2718 1194 2773 innovationem
1222 2719 1398 2774 beatae
1429 2720 1764 2774 immortali-

169 2804 308 2858 tatis.
344 2806 497 2869 Quia
529 2806 822 2873 nimirum,
863 2808 1009 2862 sicut
1048 2808 1136 2862 hic
1174 2810 1365 2863 omnia
1412 2815 1633 2880 peccata
1669 2810 1762 2863 do-

168 2904 387 2967 nantur,
412 2900 496 2953 ita
526 2905 585 2954 et
602 2900 735 2967 illic,
760 2917 827 2954 ea
848 2901 967 2955 sine
998 2900 1196 2973 quibus
1224 2908 1416 2956 nostra
1451 2902 1762 2956 mortalitas

164 3001 266 3041 non
296 2994 489 3058 potest
535 2989 859 3057 subsistere,
900 2991 945 3045 si
977 3008 1223 3062 congrua
1252 2992 1599 3062 praecesserit
1628 3007 1761 3045 con-

162 3078 355 3142 versio,
386 3078 612 3147 plenius
644 3080 716 3132 ad
753 3079 1034 3150 integrum
1062 3081 1406 3135 relaxantur.
1433 3082 1497 3135 In
1528 3079 1757 3134 Actibus
1778 3064 1822 3125 δ

161 3181 379 3236 quoque
411 3168 797 3237 apostolorum
841 3170 1084 3239 Spiritus
1123 3176 1348 3225 sanctus
1386 3170 1511 3224 ideo
1540 3170 1598 3223 in
1628 3170 1759 3240 igne

160 3256 488 3325 apparuisse
518 3257 745 3327 legitur,
767 3264 834 3313 ut
862 3264 1009 3313 esset
1035 3260 1303 3313 indicium
1332 3260 1480 3331 quod
1505 3277 1598 3314 eos
1620 3277 1758 3331 quos

161 3345 472 3414 repleverat
490 3346 755 3401 ardentes
783 3348 1010 3403 fecerat.
1034 3350 1103 3403 Et
1127 3350 1275 3404 unde
1309 3366 1443 3419 ergo
1473 3349 1753 3413 ardentes,

161 3433 265 3486 nisi
286 3433 355 3487 de
373 3435 508 3505 igne
532 3453 698 3507 quem
719 3436 1022 3505 infuderat,
1042 3455 1106 3492 ac
1126 3455 1226 3510 per
1245 3440 1349 3492 hoc
1370 3438 1492 3509 ipsa
1512 3438 1756 3492 Charitas

162 3522 308 3592 ignis
334 3530 455 3578 erat
475 3526 503 3578 ?
546 3526 617 3579 Et
654 3526 779 3580 ideo
809 3533 958 3581 recte
984 3528 1193 3582 dictum
1222 3528 1442 3582 videtur
1474 3547 1485 3581 :
1526 3532 1640 3597 Ipse
1669 3544 1758 3581 vos

165 3613 461 3680 baptizabit
483 3613 707 3682 Spiritu
735 3622 941 3670 sancto.
968 3617 1219 3671 Primum
1248 3635 1314 3671 ex
1343 3632 1446 3671 sua
1474 3616 1757 3686 significa-

162 3699 331 3765 tione,
345 3719 410 3755 ac
426 3701 635 3757 deinde
650 3704 779 3774 igne
795 3709 1195 3759 consummatae
1208 3705 1515 3771 charitatis,
1532 3705 1756 3776 quando

164 3805 325 3865 nemo
345 3808 436 3845 vo:
466 3808 732 3863 separare
751 3793 957 3864 poterit
980 3811 1014 3847 a
1037 3794 1243 3848 Christi
1264 3795 1556 3860 charitate,
1583 3811 1756 3865 quan-

166 3878 235 3931 do
262 3860 373 3935 n‘on
402 3881 558 3935 aliud
586 3883 646 3935 in
673 3882 830 3936 vobis
856 3900 1024 3953 quam
1054 3883 1201 3954 ignis
1232 3884 1406 3938 divini
1434 3884 1640 3939 amoris
1668 3899 1758 3937 ar-

167 3966 333 4023 debit.
362 3970 487 4025 Nisi
532 3971 676 4025 forte
711 3972 793 4026 ita
838 3972 1221 4044 accipiendum
1251 3974 1355 4027 sit:
1388 3977 1501 4043 Ipse
1529 3990 1618 4028 vos
1659 3977 1755 4028 ba-

162 4060 387 4125 ptizabit
416 4060 642 4128 Spiritu
670 4066 875 4127 sancto,
919 4067 968 4115 ct
1006 4065 1151 4130 igne,
1182 4068 1245 4116 ut
1284 4063 1511 4134 quidam
1539 4064 1750 4130 volunt,

169 4147 322 4216 quasi
346 4148 498 4202 idem
529 4149 773 4220 Spiritus
802 4156 1027 4205 sanctus
1055 4151 1200 4221 ignis
1223 4152 1313 4216 sit,
1348 4153 1494 4223 quod
1525 4153 1754 4207 omnino

170 4237 513 4304 conﬁtemur,
564 4239 698 4310 quia
742 4240 892 4294 Deus
932 4240 1077 4311 ignis
1123 4257 1455 4295 consumens
1497 4247 1601 4299 est.
1645 4241 1755 4295 Sed

1851 1833 1960 1883 leas
1988 1836 2172 1885 autem
2194 1837 2475 1891 comburat
2500 1841 2624 1906 igni
2652 1844 3076 1914 inexstinguibil
3084 1853 3119 1903 1.
3144 1850 3254 1906 Per
3273 1833 3448 1909 venti-

1848 1918 2067 1973 labrum
2080 1922 2283 1993 quippe
2296 1940 2527 1980 examen
2537 1928 2708 1985 divini
2719 1932 2741 2001 j
2752 1933 2917 1988 udicii
2929 1936 3444 2015 designatur.Quia,

1849 2009 1993 2063 sicut
2026 2027 2126 2081 per
2153 2013 2523 2069 ventilabrum
2557 2017 2617 2071 in
2646 2035 2779 2075 area
2806 2023 3023 2080 triturae
3052 2028 3224 2098 paleae
3259 2049 3444 2088 secer-

1848 2104 2062 2153 nuntur
2086 2117 2120 2154 a
2148 2101 2351 2168 tritico,
2388 2104 2468 2158 ita
2504 2122 2604 2176 per
2646 2108 2895 2165 divinum
2941 2130 3173 2172 examen
3202 2119 3348 2176 leves
3387 2126 3446 2178 et

1846 2188 2005 2241 vacui
2030 2206 2063 2243 a
2089 2190 2273 2245 fructu
2306 2192 2437 2247 boni
2466 2197 2650 2265 operis
2677 2204 2734 2252 et
2761 2216 2795 2253 a
2819 2205 3098 2260 consortio
3118 2194 3463 2267 sanctorum.

1845 2285 2233 2348 segregantur.
2263 2281 2422 2346 Quod
2473 2285 2718 2341 triticum
2760 2306 2825 2343 ex
2856 2308 2922 2345 eo
2959 2293 3226 2351 frumenti
3261 2316 3440 2369 grano

1846 2368 2084 2422 crevisse
2113 2371 2379 2438 cernitur,
2405 2375 2553 2443 quod
2583 2376 2786 2432 cadens
2816 2379 2877 2433 in
2901 2385 3111 2438 terram
3140 2403 3243 2457 per
3260 2368 3441 2445 crucis

1846 2456 2159 2525 passionem
2177 2458 2309 2513 alibi
2332 2467 2617 2517 mortuum
2637 2466 2982 2535 perhibetur.
2997 2456 3156 2528 Unde
3171 2476 3441 2534 nimirum

1848 2560 1948 2613 per
1969 2545 2137 2599 ﬁdem
2157 2548 2333 2602 exorti
2352 2566 2528 2604 unum
2552 2552 2611 2606 in
2634 2554 2855 2610 Christo
2875 2559 3290 2620 efﬁciuntur.Et
3307 2567 3439 2624 inde

1848 2632 2095 2688 haeredes
2123 2636 2225 2689 Dei
2252 2636 2403 2705 facti,
2437 2640 2644 2695 Christi
2676 2660 2803 2698 vero
2834 2647 3169 2720 cohaeredes,
3201 2671 3314 2709 non
3343 2673 3440 2712 na-

1845 2725 1975 2776 tura
2001 2724 2247 2793 quidem,
2281 2727 2378 2780 sed
2407 2730 2610 2797 gratia,
2641 2732 2712 2785 ad
2740 2733 3005 2790 horreum
3034 2742 3300 2809 paradisi,
3333 2761 3437 2816 pa-

1844 2811 1946 2865 leis
1972 2814 2196 2883 rejectis
2223 2814 2281 2868 in
2309 2815 2494 2886 ignem
2524 2836 2636 2874 uno
2662 2837 2728 2874 ex
2754 2839 2931 2892 grano
2952 2825 3162 2881 viritim
3187 2811 3437 2902 quotidie

1844 2901 2200 2971 colliguntur.
2220 2905 2400 2960 Paleze
2418 2908 2644 2977 quidem
2666 2911 2969 2967 traduntur
2995 2901 3238 2986 ignibus,
3263 2937 3437 2991 quan-

1845 3007 2014 3062 quam
2045 3009 2110 3047 ex
2133 2994 2319 3049 radice
2342 2999 2717 3066 processerint
2743 3003 2994 3075 seminis,
3026 3023 3140 3061 non
3165 3009 3297 3079 quia
3323 3028 3437 3067 non

1844 3087 1977 3134 sunt
2013 3098 2079 3135 ex
2108 3099 2191 3149 eo,
2224 3084 2320 3137 sed
2352 3086 2484 3155 quia
2509 3078 3002 3159 degeneraverunt
3027 3111 3061 3149 a
3094 3078 3437 3169 pinguedine

1843 3169 2055 3224 fructus
2088 3189 2099 3223 :
2129 3171 2209 3225 ita
2239 3177 2295 3227 et
2323 3180 2659 3244 peccatores,
2693 3182 2946 3250 quamvis
2974 3193 3343 3244 renascantur
3371 3206 3435 3246 ex

1842 3258 2220 3323 ﬁde-Christi,
2254 3263 2300 3315 si
2338 3279 2450 3317 non
2489 3265 2791 3323 habuerint
2836 3271 3079 3328 fructum
3124 3277 3273 3344 ﬁdei,
3307 3296 3436 3335 con-

1841 3348 2131 3417 ﬂagraturi
2144 3351 2431 3422 suppliciis
2446 3353 2806 3425 deputantur.
2822 3360 2949 3415 Non
2962 3363 3095 3433 quia
3104 3382 3216 3421 non
3227 3372 3362 3423 sunt
3373 3368 3436 3424 in

1840 3435 1969 3502 ﬁde,
1985 3437 2083 3491 sed
2101 3438 2231 3509 quia
2246 3441 2403 3495 vacui
2416 3447 2473 3495 et
2482 3443 2785 3514 degeneres
2797 3465 2831 3502 a
2841 3448 3024 3506 fructu
3038 3453 3168 3509 ﬁdei
3179 3454 3238 3509 in
3247 3456 3435 3513 divino

1840 3527 2097 3581 examine
2120 3527 2516 3585 decernuntur.
2537 3534 2679 3588 Nam
2700 3539 2885 3592 caeteri
2915 3540 3009 3610 qui
3040 3558 3150 3597 non
3176 3545 3432 3615 credunt,

1840 3631 2195 3686 nequaquam
2220 3616 2325 3671 isto
2345 3628 2704 3677 removentur
2717 3627 3024 3683 ventilabro
3044 3647 3079 3684 a
3092 3632 3307 3703 tritico;
3336 3637 3434 3693 sed

1841 3704 1973 3774 quia
1988 3705 2107 3774 jam
2124 3705 2360 3774 judicati
2380 3714 2530 3773 sunt,
2549 3710 2829 3767 destinato
2848 3715 3047 3771 itinere
3061 3720 3344 3778 ducuntur
3360 3726 3433 3779 ad

1837 3797 2070 3848 tartara.
2090 3793 2250 3857 Quod
2262 3800 2451 3849 autem
2469 3797 2529 3851 in
2547 3815 2718 3853 manu
2737 3803 2785 3872 ej
2794 3818 2858 3856 us
2872 3806 3243 3863 ventilabrum
3258 3811 3433 3867 situm

1837 3881 2104 3950 minatur,
2134 3889 2382 3953 potestas
2397 3886 2698 3955 judiciaria
2718 3891 3079 3962 exprimitur;
3110 3897 3244 3967 quia
3262 3901 3432 3955 Pater

1837 3987 1949 4025 non
1992 3972 2209 4043 judicat
2238 3990 2598 4044 quemquam,
2628 3977 2725 4032 sed
2772 3996 2936 4035 omne
2972 3982 3248 4052 judicium
3277 3988 3432 4044 dedit

1837 4060 1996 4115 Filio.
2029 4061 2196 4116 Dedit
2221 4068 2410 4117 autem
2440 4064 2490 4118 ei
2520 4072 2751 4138 propter
2776 4068 3144 4128 humanitatis
3166 4074 3427 4147 formam,

1838 4151 1987 4221 quod
2012 4150 2130 4222 ipse
2152 4152 2309 4223 prius
2329 4170 2551 4225 semper
2577 4155 2636 4210 in
2667 4174 2839 4219 manu
2868 4159 3064 4218 habuit
3088 4181 3216 4221 cum
3239 4166 3429 4237 Patro,

1837 4245 2066 4311 propter
2083 4241 2355 4312 aequalem
2378 4260 2491 4299 suae
2513 4244 2822 4302 divinitatis
2840 4252 3215 4321 majestatem.
3232 4257 3298 4311 Et
3309 4274 3433 4327 per-

173 4326 291 4395 quia
308 4328 627 4399 copulativa
645 4331 766 4400 conj
776 4331 962 4385 unctio
983 4331 1379 4402 interponitur,
1400 4331 1621 4385 videtur
1639 4347 1752 4385 non

1850 4330 2357 4402 mundabit,iuquit,
2377 4349 2569 4389 aream
2588 4352 2749 4390 suam
2768 4357 2782 4401 ;
2810 4338 3006 4410 utique
3025 4358 3058 4397 a
3080 4344 3275 4414 paleis,
3295 4326 3432 4403 dum

171 4413 232 4467 de
250 4432 355 4472 una
372 4418 691 4489 eademque
709 4435 771 4472 re
789 4421 1238 4490 conjunctionem
1259 4421 1571 4476 subtexere.
1592 4420 1752 4476 Unde
1834 4418 1964 4473 boni
2011 4426 2382 4490 segregantur
2423 4440 2458 4476 a
2506 4425 2687 4478 malis.
2720 4426 2829 4480 Per
2865 4445 3058 4485 aream
3110 4434 3334 4506 quippe,
3369 4437 3430 4492 in

177 4506 381 4574 quidam
416 4508 777 4579 refugientes,
808 4510 998 4579 ignem
1028 4511 1340 4581 purgatorii
1360 4511 1555 4566 volunt
1584 4510 1753 4582 signi-
1834 4524 1945 4578 qua
1973 4507 2318 4565 frumentum
2338 4511 2409 4563 ad
2429 4510 2703 4581 liquidum
2724 4516 3042 4587 trituretur,
3058 4538 3305 4591 praesens
3326 4524 3429 4579 Dei

180 4594 336 4663 ﬁcari;
371 4598 535 4669 quasi
560 4615 663 4653 nos
690 4599 749 4653 in
779 4599 1040 4670 praesenti
1068 4600 1282 4670 Spiritu
1316 4604 1507 4655 sancto
1536 4598 1747 4666 abluat,
1832 4597 2074 4652 Ecclesia
2096 4598 2444 4669 exprimitur,
2463 4599 2521 4653 in
2545 4617 2656 4671 qua
2682 4605 2862 4660 sancti
2888 4607 3123 4664 diversis
3141 4629 3427 4683 pressura-

183 4690 226 4735 et
246 4685 503 4758 deinceps
531 4689 578 4742 si
611 4705 723 4759 qua
752 4689 965 4759 peccati
1005 4691 1226 4744 macula
1252 4689 1613 4762 subrepserit,
1649 4706 1751 4761 per
1830 4702 1959 4740 rum
1979 4687 2255 4757 angustiis
2286 4689 2705 4759 propulsantur.
2724 4693 2794 4747 Et
2817 4696 2911 4766 qui
2931 4713 3111 4768 grana
3137 4699 3347 4758 fuerint
3364 4702 3426 4759 in

182 4771 343 4841 ignem
370 4778 835 4848 conﬂagrationis
870 4780 941 4833 ad
977 4797 1183 4851 purum
1212 4786 1426 4835 exurat.
1458 4780 1567 4835 Sed
1596 4780 1643 4835 si
1668 4781 1749 4834 ita
1830 4776 2051 4830 Christo
2080 4793 2181 4847 per
2208 4777 2539 4848 patientiam
2558 4780 2801 4848 solidati,
2827 4784 3012 4841 efferri
3041 4788 3150 4843 huc
3178 4790 3422 4864 illucque

184 4868 265 4928 est,
292 4865 359 4919 de
404 4866 709 4921 levioribus
743 4884 963 4939 quoque
1006 4876 1176 4941 atque
1220 4869 1467 4924 minimis
1504 4870 1746 4941 peccatis
1826 4864 2159 4935 nequibunt.
2192 4866 2337 4921 Nam
2367 4868 2643 4924 seminata
2671 4870 2896 4929 Christo
2926 4875 2985 4930 in
3014 4878 3273 4934 cordibus
3297 4897 3421 4937 cre-

182 4952 492 5010 credendum
525 4960 641 5023 est;
690 4957 825 5027 quia
864 4972 1223 5029 nequaquam
1261 4957 1526 5012 abhorret
1553 4976 1588 5014 a
1615 4975 1744 5014 vero
1825 4954 2081 5009 dentium
2111 4971 2212 5026 per
2241 4955 2427 5024 ﬁdem,
2461 4958 2619 5029 quasi
2653 4959 2711 5014 in
2741 4965 2893 5017 terra
2930 4963 3078 5021 bona
3113 4966 3423 5039 plurimum

183 5042 301 5107 quod
321 5060 460 5114 pene
490 5044 561 5098 ab
585 5045 848 5099 omnibus
867 5046 1145 5117 Opinabile
1166 5052 1560 5119 pertractatur.
1580 5048 1740 5103 Unde
1824 5043 2011 5099 ferunt
2037 5044 2281 5098 fructum
2310 5060 2411 5116 per
2437 5047 2791 5118 patientiam,
2820 5051 2939 5107 sine
2969 5071 3083 5125 qua
3108 5056 3224 5112 Deo
3253 5075 3419 5115 nemo

181 5134 224 5181 et
255 5133 547 5203 Apostolus
578 5152 591 5187 :
638 5135 1076 5205 Uniuscujusque
1105 5153 1237 5205 opus
1276 5140 1436 5206 quale
1467 5140 1558 5204 sit,
1593 5140 1743 5205 ignis
1824 5132 2142 5189 fructiﬁcat.
2165 5133 2230 5189 In
2250 5135 2409 5204 cujus
2424 5135 2693 5193 nimirum
2714 5140 2996 5198 soliditate
3012 5146 3239 5200 connita
3254 5149 3418 5204 semi-

181 5222 393 5284 probabit
426 5228 471 5294 {1
498 5225 619 5279 Cor.
652 5239 736 5291 In,
778 5223 881 5287 13).
925 5225 1069 5279 Nam
1099 5232 1155 5280 et
1193 5226 1252 5279 in
1289 5226 1531 5281 Levitico
1573 5244 1743 5299 super
1823 5225 1910 5279 nis
1941 5240 2138 5295 grana,
2171 5224 2304 5295 quia
2335 5241 2400 5279 ex
2436 5225 2557 5297 ipso
2598 5234 2750 5298 sunt,
2787 5247 2822 5283 a
2863 5233 3085 5289 Christo
3129 5245 3419 5310 nequeunt

184 5308 326 5365 altare
354 5330 572 5385 semper
596 5313 746 5386 ignis
776 5314 871 5367 ille
891 5314 959 5368 de
981 5315 1117 5369 coelo
1139 5315 1343 5370 missus
1364 5316 1616 5384 ardebat,
1643 5318 1738 5389 qui
1823 5314 2096 5385 separari.
2136 5315 2330 5385 Neque
2353 5317 2504 5373 enim
2533 5319 2685 5375 aliud
2717 5338 2819 5393 per
2845 5340 3035 5379 aream
3060 5325 3336 5400 signatur,
3362 5335 3421 5387 et

185 5394 472 5458 holocausta
491 5410 693 5459 cuncta
713 5411 1085 5472 consumeret,
1110 5410 1166 5459 et
1192 5412 1467 5461 cremaret
1487 5407 1741 5462 omnium
1822 5405 1975 5458 aliud
2003 5420 2103 5475 per
2129 5404 2400 5474 triticum,
2429 5409 2577 5479 quod
2598 5409 2659 5466 in
2688 5426 2756 5466 ea
2776 5415 3120 5470 coarcervari
3147 5419 3417 5477 noscitur.

188 5490 545 5551 sacriﬁciorum
565 5495 766 5567 adipes
786 5513 799 5562 ;
827 5494 1146 5564 signiﬁcans
1168 5512 1261 5550 eos
1282 5496 1376 5566 qui
1398 5512 1568 5568 super
1586 5497 1742 5552 Chri-
1823 5493 1932 5558 Sed
1945 5500 1984 5560 ι
2004 5498 2124 5558 ’14
2138 5509 2313 5548 unum
2325 5500 2629 5570 utrumque
2643 5500 3061 5572 exprimens,ab
3072 5507 3420 5577 agricultura

190 5578 326 5650 stum,
369 5583 426 5638 in
470 5586 701 5643 odorem
743 5583 1054 5657 suavitatis,
1098 5586 1158 5643 in
1195 5585 1530 5643 sacriﬁcium
1556 5588 1643 5644 vel
1681 5589 1741 5647 in
1820 5582 2680 5660 decentissimamallegoriarum
2698 5590 2829 5650 fecit
2841 5592 3255 5664 ﬁguram.Nam
3274 5596 3334 5654 in
3352 5615 3418 5657 eo
