3938 6174
515 230 612 285 167

1280 222 1340 279 S.
1379 219 1753 278 PASCHASII
1792 218 2152 276 RADBERTI
2190 221 2495 280 ABBATIS
2537 221 3028 280 CORBEIENSIS.

3628 234 3709 293 168

512 355 662 427 quod
693 354 831 408 dicit
857 372 868 408 :
905 351 1305 408 Permundabit
1333 365 1523 402 aream
1566 363 1746 411 suam,
1778 345 1890 399 tale
1929 352 2017 400 est
2044 351 2169 408 30A
2191 349 2393 407 fratres
2414 353 2543 422 jure
2561 352 3002 416 nominaremur,
3019 354 3078 404 et
3095 350 3146 404 ei
3168 351 3466 410 coheredes
3483 371 3710 415 essemus.

511 446 560 499 si
598 449 858 516 patenter
883 441 1095 495 diceret
1119 439 1268 511 quod
1299 437 1564 509 quotidie,
1596 435 1761 490 variis
1789 442 2110 490 tentamen-

511 539 700 588 torum
747 530 1048 603 generibus
1096 527 1493 600 propulsando,
1551 524 1811 596 purgabit
1860 525 2108 580 triticum

510 639 697 690 suum,
743 627 820 689 et,
854 637 954 692 per
988 617 1315 690 patientiam
1367 613 1693 686 approbato,
1745 614 2110 684 congregabit
2142 673 2153 682 ε

509 713 570 768 in
615 714 881 767 horreum
923 724 1126 774 suum;
1178 706 1365 777 paleas
1394 710 1580 758 autem
1627 705 1794 770 leves,
1829 703 2109 774 atquefab

510 801 665 857 omni
707 806 869 854 vento
919 795 1246 852 tentationis
1294 794 1542 864 fugaces,
1590 793 1866 846 missurus
1913 798 2000 846 est
2050 793 2108 846 in

513 891 700 962 ignem
721 885 1251 957 inexstinguibilem.
1267 881 1786 953 Inexstinguibilem
1804 880 2009 952 quippe
2029 881 2108 934 di-

510 981 602 1047 cit,
639 995 771 1045 non,
796 983 860 1032 ut
888 976 1118 1047 quidam
1145 974 1406 1038 delirant,
1443 971 1590 1042 quod
1617 970 1866 1036 demum,
1895 969 2106 1039 judicio

510 1074 757 1141 peracto,
790 1064 1085 1122 revocandi
1107 1063 1223 1117 sint
1251 1061 1319 1116 ad
1345 1060 1565 1114 veniam
1586 1059 1680 1112 illo
1701 1059 1796 1130 qui
1820 1057 2106 1112 cremandi

507 1165 642 1214 sunt
665 1157 943 1222 incendio,
970 1154 1068 1208 sed
1097 1153 1223 1206 ideo
1245 1149 1737 1219 inexstinguibilis,
1764 1148 1894 1218 quia
1915 1148 2104 1202 fenum

507 1253 566 1304 et
593 1248 787 1320 paleae,
829 1262 893 1300 ac
935 1242 1144 1315 stipula
1187 1238 1570 1312 perdurabiles
1600 1238 1669 1292 ad
1700 1237 1888 1308 ignem
1915 1242 2100 1292 erunt.

505 1335 771 1408 Alioquin
800 1329 1269 1402 inexstinguibilis
1297 1328 1526 1382 forsitan
1547 1329 1675 1397 jure
1700 1327 2022 1390 sentiretur,
2055 1323 2103 1379 si

506 1442 621 1480 non
651 1440 842 1479 eorum
870 1421 1074 1493 pabulo
1100 1435 1339 1490 quorum
1359 1422 1445 1471 est
1469 1415 1788 1470 incendium
1811 1415 1880 1468 ad
1901 1414 2097 1486 sempi-

505 1520 670 1568 terna
697 1515 981 1566 tormenta
1005 1509 1220 1579 jugiter
1267 1512 1606 1578 pasceretur.
1643 1506 1786 1560 Nam
1826 1504 2099 1574 ejusdem,

505 1608 574 1657 ut
595 1617 816 1673 semper
837 1601 911 1654 sit
935 1595 1430 1668 inexstinguibilis,
1455 1594 1711 1648 materiei
1736 1593 1867 1648 facti
1891 1599 2024 1648 sunt
2047 1593 2104 1646 hi

2191 439 2254 496 In
2285 458 2350 496 eo
2376 442 2581 513 quippe
2610 459 2722 496 non
2743 441 2921 495 solum
2954 440 3005 494 ei
3034 439 3231 498 fratres
3257 442 3715 512 existimus,verum

2191 532 2362 586 etiam
2409 549 2474 586 ex
2511 531 2634 602 ipsa
2668 536 3023 602 peccatorum
3061 531 3401 602 purgatione,
3429 537 3720 603 generaliter

2191 623 2374 676 omnis
2421 628 2746 676 renatorum
2783 620 3028 676 Ecclesia
3067 636 3271 690 sponsa
3297 629 3636 678 consecratur.
3665 627 3721 681 Et

2191 711 2317 766 ideo
2347 711 2577 782 dignum
2609 711 2733 776 fuit,
2766 715 2830 764 ut
2856 709 3011 781 prior
3037 709 3155 780 ipse
3180 727 3291 765 non
3333 711 3450 778 sibi,
3479 713 3566 766 sed
3590 714 3722 770 nobis

2191 801 2248 855 in
2279 801 2491 854 fontem
2518 800 2904 865 descenderet;
2937 804 3215 870 quatenus
3251 816 3352 872 per
3386 800 3483 854 hoc
3526 818 3613 856 nos
3638 803 3723 857 sibi

2190 891 2515 960 germanius
2544 906 2656 944 uno
2686 889 2744 944 in
2779 905 3009 960 corpore
3032 893 3332 959 coaptaret,
3363 894 3418 943 et
3443 891 3729 961 mysterium

2188 979 2542 1052 baptismatis
2568 979 2636 1033 ad
2669 978 3046 1050 appetendum
3077 993 3143 1031 ex
3170 994 3271 1032 suo
3291 978 3545 1033 descensu
3562 980 3730 1048 glorio-

2189 1070 2306 1124 sius
2333 1069 2770 1123 commendaret.
2803 1069 3060 1138 Namque
3099 1083 3201 1137 per
3236 1067 3336 1121 hoc
3363 1083 3470 1121 non
3505 1067 3626 1138 ipse,
3653 1070 3732 1124 sed

2188 1159 2380 1213 omnia
2409 1175 2684 1230 aquarum
2713 1159 2926 1212 ﬂuenta
2974 1156 3033 1210 in
3062 1155 3430 1210 ministerium
3473 1156 3731 1212 ablutionis

2187 1253 2390 1302 nostra;
2438 1252 2770 1319 purgantur,
2803 1252 2973 1316 atque
3019 1245 3405 1316 magisterium
3438 1244 3732 1300 humilitatis

2186 1337 2405 1408 plenius
2424 1337 2863 1391 demonstratur.
2884 1336 2960 1390 Ut
2986 1351 3151 1390 nemo
3174 1335 3331 1406 quasi
3350 1334 3460 1388 vita
3478 1335 3727 1401 excelsior,

2185 1427 2353 1481 etiam
2367 1426 2437 1480 ad
2450 1427 2706 1481 infimum
2718 1427 2878 1496 cujus
2894 1429 2981 1479 est
2993 1423 3311 1500 baptizandi
3323 1423 3732 1489 omcium,venire

2186 1516 2542 1585 dedignatur.
2565 1515 2734 1568 Venit
2762 1515 2952 1585 itaque
2982 1514 3052 1567 ad
3080 1513 3442 1584 baptismum,
3472 1513 3730 1584 praecipue,

2187 1609 2252 1658 ut
2278 1605 2523 1659 Joannes
2562 1604 2832 1668 insinuat,
2866 1603 3227 1658 manifestare
3266 1602 3410 1673 quod
3447 1601 3532 1655 hic
3559 1608 3635 1656 est
3658 1601 3735 1672 qui

508 1663 749 1762 qUOPUIT-l
795 1688 978 1761 Ροηίο
1025 1704 1153 1742 cum
1184 1663 1421 1739 vdiﬁbOIO
1471 1683 1780 1753 delegatur.
1830 1688 1894 1736 ut
1942 1684 2101 1754 cuius
2123 1663 2172 1723 Β
2188 1692 2434 1764 baptizat
2455 1694 2514 1747 in
2537 1693 2767 1764 Spiritu.
2785 1663 3010 1747 Dictum
3038 1691 3243 1762 quippe
3263 1663 3301 1745 εί
3317 1691 3429 1746 Deo
3448 1663 3733 1762 acceperat:

505 1779 782 1849 membra,
827 1778 1090 1833 sectando
1136 1775 1314 1840 illum,
1367 1779 1500 1828 sunt
1548 1773 1698 1838 facti,
1740 1773 1908 1827 etiam
1956 1773 2102 1842 ignis

506 1870 701 1925 aeterni
743 1867 1188 1923 concrcmatione
1226 1869 1500 1919 corsortes
1529 1864 1685 1917 ﬁant.
1727 1863 1923 1933 Neque
1953 1862 2102 1917 enim

506 1945 626 2016 sine
662 1959 948 2023 alimento,
993 1955 1245 2028 quamvis
1274 1960 1578 2026 perpetuus
1625 1957 1774 2006 recte
1817 1951 2097 2016 credatur,

497 2050 630 2120 jure
659 2044 1129 2116 inexstinguibilis
1150 2048 1708 2107 commemoraretur,
1734 2041 1780 2094 si
1812 2057 1922 2094 non
1952 2040 2008 2093 hi
2029 2041 2100 2094 ad

504 2136 782 2210 supplicia
808 2139 1220 2190 tormentorum
1250 2148 1473 2203 semper
1499 2129 1781 2184 durabiles
1812 2134 2016 2183 essent.

580 2228 732 2280 Tune
749 2227 897 2279 venit
916 2227 1069 2278 Jesus
1088 2239 1121 2275 a
1139 2222 1364 2277 Galitza
1387 2223 1448 2273 in
1463 2221 1703 2274 Iordane
1721 2220 1942 2273 adJoan
1952 2235 2094 2281 nem,

503 2320 568 2370 ut
591 2316 971 2384 baptizaretur
989 2313 1056 2364 ab
1076 2311 1313 2364 eo.Tunc
1329 2314 1516 2362 autem
1540 2307 1687 2378 quod
1705 2307 1858 2373 dicit,
1879 2307 1950 2360 ad
1970 2323 2099 2360 eum

501 2403 736 2474 respicit
763 2403 968 2466 locum,
1009 2399 1232 2470 quando
1255 2396 1682 2470 baptizabantur
1709 2396 1767 2450 in
1792 2396 2034 2450 Jordane
2066 2413 2100 2450 a

504 2493 740 2559 Joanne,
771 2496 829 2545 et
863 2489 1065 2560 reliqui
1094 2488 1422 2542 confitentes
1456 2492 1683 2556 peccata
1711 2502 1830 2538 sua.
1866 2485 2038 2539 Porro
2068 2502 2103 2540 a

506 2581 739 2636 Galilaaa
766 2579 891 2632 ideo
914 2577 1129 2631 venisse
1152 2574 1494 2648 perhibetur,
1525 2573 1658 2644 quia
1689 2574 1986 2640 Nazareth,
2006 2573 2102 2627 ubi

505 2669 778 2724 hactenus
808 2671 1171 2721 conversatus
1192 2669 1296 2729 est,
1313 2669 1374 2718 ut
1390 2665 1510 2734 jam
1539 2663 1798 2730 diximus,
1814 2662 1871 2716 in
1893 2680 1958 2716 ea
1981 2668 2104 2718 erat

506 2757 861 2829 metropolis;
893 2771 960 2809 ex
989 2772 1098 2826 qua
1122 2759 1258 2808 tunc
1283 2758 1346 2807 ut
1372 2752 1702 2806 manifestus
1731 2753 1891 2806 fieret
1920 2752 2104 2806 homi-

506 2847 692 2914 nibus,
729 2851 878 2901 recte
927 2843 1219 2898 advenisse
1248 2842 1475 2906 dicitur,
1509 2842 1604 2912 qui
1636 2841 1790 2912 prius
1829 2842 2010 2912 qualis
2049 2846 2105 2894 et

507 2941 752 3008 quantus
786 2939 933 2990 esset
961 2933 1189 2987 latebat.
1217 2931 1502 3003 Siquidem
1529 2937 1692 2984 aetate
1733 2947 1844 3001 qua
1867 2931 2100 2997 venerit,

2183 1782 2361 1851 Super
2374 1799 2534 1851 quem
2556 1784 2758 1836 videris
2777 1782 3054 1850 Spiritum
3076 1781 3529 1835 descendentemet
3547 1795 3740 1834 manen-

2188 1877 2292 1926 tem
2321 1888 2487 1940 super
2517 1888 2662 1937 eum,
2693 1871 2783 1924 hic
2807 1875 2883 1924 est
2913 1873 3013 1938 qui
3035 1871 3285 1938 baptizat
3319 1871 3491 1938 (Joan.
3514 1881 3551 1934 ῐ,
3571 1867 3670 1934 33).
3689 1868 3742 1922 In

2187 1977 2296 2031 quo
2325 1960 2601 2030 siquidem
2631 1959 2778 2024 visu,
2810 1975 3080 2029 magnum
3111 1957 3271 2012 nobis
3299 1957 3427 2012 ﬁdei
3452 1957 3743 2011 exhaustum

2185 2056 2271 2104 est
2296 2055 2736 2115 sacramentum,
2755 2065 2856 2119 per
2877 2049 3025 2119 quod
3047 2047 3184 2102 satis
3202 2046 3502 2102 admodum
3521 2044 3745 2115 intelligi-

2184 2156 2309 2193 mus
2331 2138 2751 2210 qualiscumque
2763 2138 2839 2191 sit
2848 2137 3014 2191 officii
3044 2137 3230 2207 hujus.
3246 2133 3656 2205 minister,quod
3671 2132 3744 2186 hic

2185 2233 2268 2282 est
2317 2227 2668 2282 solummodo
2707 2226 2803 2298 qui
2856 2225 3119 2298 baptizat.
3153 2225 3313 2280 Hanc
3340 2224 3509 2295 igitur
3533 2227 3748 2294 potesta-

2182 2323 2297 2371 tem
2325 2317 2462 2371 nulli
2487 2333 2772 2371 servorum
2799 2315 3038 2386 largitus
3059 2321 3163 2379 est,
3199 2315 3300 2369 sed
3330 2329 3453 2368 eam
3480 2314 3536 2367 in
3562 2329 3616 2365 se
3637 2310 3745 2364 reti-

2183 2423 2342 2471 nens,
2375 2405 2682 2461 securiores
2713 2421 2815 2460 nos
2845 2404 3106 2471 reddidit,
3140 2420 3212 2458 ne
3242 2403 3444 2474 aliquis
3483 2402 3551 2456 de
3584 2401 3746 2470 aliquo

2184 2495 2570 2550 ministrorum
2589 2494 2827 2560 difﬁdat,
2841 2510 3026 2564 neque
3047 2493 3116 2548 de
3137 2510 3220 2560 se,
3237 2493 3473 2564 quisque
3495 2490 3631 2562 quod
3649 2489 3745 2554 dat,

2185 2584 2345 2656 quasi
2376 2601 2440 2638 ex
2469 2602 2527 2638 se
2557 2584 2648 2650 sit,
2682 2583 3015 2655 baptizando
3043 2587 3371 2654 praesumat.
3405 2581 3510 2636 Sed
3537 2579 3624 2651 qui
3646 2579 3749 2650 glo-

2185 2674 2366 2728 riatur
2385 2678 2620 2744 uterque
2641 2689 2856 2739 eorum,
2876 2677 2995 2726 tam
3021 2671 3118 2740 qui
3143 2671 3351 2742 accipit
3379 2686 3545 2741 quam
3569 2668 3655 2739 qui
3673 2666 3751 2720 de-

2185 2762 2347 2825 derit,
2379 2762 2439 2815 in
2466 2761 2703 2815 Domino
2727 2761 3020 2831 glorietur,
3044 2759 3178 2830 quia
3204 2759 3441 2814 omnino
3463 2758 3551 2812 hic
3573 2761 3650 2811 est
3673 2755 3754 2825 qui

2185 2849 2450 2922 baptizat,
2471 2856 2529 2905 et
2547 2866 2659 2904 non
2687 2851 2779 2904 ille
2802 2867 2903 2921 per
2929 2850 3090 2919 cujus
3111 2848 3494 2904 ministerium
3521 2844 3754 2910 exterius,

2199 2945 2236 3004 Ι
2259 2944 2386 3004 αθ
2435 2939 2583 3009 quod
2631 2938 2912 2993 cernimus
2958 2937 3325 3008 adimpletur.
3359 2938 3476 2992 Hac
3514 2934 3672 3007 igitur
3699 2935 3757 2988 de

501 3025 623 3096 ipso
653 3026 805 3079 Luca
831 3028 998 3086 teste.
1024 3020 1323 3074 didiCimUS
1354 3019 1501 3090 (ιιιοά
1522 3019 1681 3090 (1088i
1707 3035 1981 3072 annorum
2005 3019 2104 3072 tri-
2120 3027 2163 3088 Ο
2185 3044 2353 3083 causa
2363 3028 2511 3082 inter
2522 3027 2738 3099 reliqua
2751 3033 2815 3082 ut
2833 3027 3156 3081 ostenderet
3170 3028 3460 3082 credimus
3471 3025 3756 3081 advenisse:

500 3114 660 3184 ginta
678 3112 867 3166 fuerit.
893 3113 1117 3165 Interea
1138 3109 1346 3162 factum
1369 3113 1431 3162 ut
1450 3109 1630 3162 forma
1647 3108 1879 3161 daretur
1899 3107 2100 3179 quibus

500 3201 916 3273 evangelizandi
964 3205 1110 3253 esset
1155 3198 1345 3252 futura
1390 3197 1699 3264 successio;
1743 3213 1855 3268 qua
1900 3202 1954 3250 et
1993 3197 2099 3267 ipsi

503 3296 666 3345 astate
700 3289 924 3361 pietatis
955 3305 1094 3359 Opus
1115 3287 1385 3341 deberent
1413 3287 1716 3357 suscipere,
1736 3293 1792 3340 et
1813 3287 2102 3357 perfectio-

2183 3118 2316 3188 quia
2328 3117 2385 3171 in
2400 3118 2519 3188 ipso
2532 3117 2776 3188 Spiritus
2789 3121 3032 3182 sanctus,
3043 3117 3226 3187 specie
3239 3117 3517 3189 corporali
3533 3131 3756 3179 manens,

2182 3207 2511 3278 dispertitur
2537 3224 2637 3278 per
2672 3207 2944 3278 singulos,
2979 3213 3036 3261 et
3066 3208 3130 3261 ﬁt
3157 3207 3294 3262 inde
3323 3209 3499 3263 totius
3528 3206 3761 3262 Ecclesiae

2186 3297 2333 3350 mira
2356 3297 2572 3350 unitate
2598 3297 3036 3367 concorporatio.
3055 3296 3144 3360 Et,
3160 3297 3309 3352 sicut
3329 3297 3521 3352 omnia
3539 3295 3760 3368 corporis

499 3397 632 3436 nem
649 3379 774 3434 vitae
805 3379 862 3432 in
889 3377 1148 3432 omnibus
1172 3376 1240 3430 de
1263 3392 1322 3430 se
1351 3375 1682 3446 locupletius
1701 3375 2106 3432 exhibere.Hac
2187 3385 2444 3440 membra
2469 3402 2581 3440 uno
2604 3385 2910 3456 eodemque
2940 3385 3272 3441 animantur
3295 3386 3499 3458 spiritu
3523 3406 3534 3441 :
3564 3387 3639 3440 ita
3664 3402 3764 3440 om-

499 3471 674 3540 igitur
701 3474 864 3524 aetate
890 3466 1146 3539 perfectae
1167 3465 1290 3519 vitae
1319 3464 1611 3534 integritas
1634 3465 1755 3534 jam
1792 3465 1986 3519 adulta
2013 3482 2102 3518 re-

501 3559 749 3614 ctissime
778 3557 1123 3626 designatur.
1148 3554 1308 3609 Unde
1329 3558 1386 3608 et
1413 3553 1745 3607 universalis
1767 3554 1976 3608 Christi
1999 3554 2100 3608 Ec-

500 3650 685 3716 clesia,
743 3665 882 3720 quos
923 3647 993 3701 ad
1047 3645 1464 3717 presbyteratus
1519 3643 1764 3698 ofﬁcium
1820 3645 2094 3715 provehit,

499 3755 678 3811 usque
696 3739 766 3792 ad
781 3739 926 3791 hanc
940 3741 1161 3790 aetatem
1177 3731 1523 3804 diligentiori
1543 3732 1976 3802 examinatione,
1999 3751 2100 3788 nu-

497 3829 706 3884 triendi
733 3827 935 3898 gratia,
960 3824 1062 3880 sub
1087 3823 1296 3880 Christi
1321 3822 1616 3894 disciplina
1645 3823 1940 3878 instituere
1969 3840 2100 3878 con-

497 3919 698 3984 suevit,
731 3923 790 3972 et
815 3921 1010 3988 postea
1036 3914 1325 3969 sollicitius
1368 3912 1426 3966 in
1456 3912 1832 3967 sacerdotium
1871 3928 2101 3984 promo--

496 4024 644 4063 vere.
672 4008 911 4061 Rectum
935 4003 1141 4076 quippe
1171 4007 1294 4057 erat
1329 4007 1396 4056 ut
1426 4002 1699 4067 Christus,
1728 4001 1823 4072 qui
1853 4018 1912 4056 se
1949 4001 2099 4055 viam

496 4095 853 4151 credentibus
881 4093 1056 4147 voluit
1075 4091 1356 4157 exhibere,
1381 4089 1552 4143 etiam
1573 4089 1893 4144 doctoribus
1915 4095 2100 4146 osten-

498 4183 678 4250 deret,
728 4188 904 4249 [τε
931 4180 1154 4252 quando
1193 4185 1250 4233 et
1291 4178 1397 4250 ipsi
1437 4179 1772 4249 praedicandi
1798 4197 1861 4234 ac
1901 4197 2099 4236 conse-

497 4271 698 4327 orandi
711 4270 956 4325 officium
971 4267 1240 4322 deberent
1257 4267 1557 4337 suscipere.
1568 4267 1714 4320 Hinc
1727 4285 1947 4339 quoque
1965 4286 2100 4340 quo-

2186 3476 2342 3530 nium
2368 3476 2427 3528 in
2443 3474 2664 3529 Christo
2683 3475 3096 3530 renascentium
3113 3491 3342 3531 summa
3353 3493 3466 3531 uno
3482 3476 3763 3530 viviﬁcatur

2182 3565 2394 3635 Spiritu
2420 3569 2633 3631 sancto,
2656 3569 2712 3617 et
2741 3563 2811 3617 ab
2843 3564 2995 3617 omni
3024 3563 3148 3618 labe
3176 3565 3452 3620 vitiorum
3481 3565 3765 3620 sanctifica-

2181 3659 2292 3708 tur.
2316 3653 2472 3708 Unde
2491 3659 2548 3707 et
2565 3653 2865 3724 Apostolus
2890 3671 2900 3705 :
2929 3655 3252 3722 Quicunque
3269 3659 3425 3710 enim
3447 3654 3660 3724 Spiritu
3679 3655 3763 3706 Dei

2180 3753 2451 3816 aguntur,
2483 3747 2544 3800 hi
2570 3750 2679 3815 ﬁlii
2707 3752 2836 3800 sunt
2867 3747 2964 3800 Dei
2989 3747 3165 3816 (Rom.
3194 3761 3321 3815 vni,
3360 3747 3471 3815 14).
3491 3748 3766 3802 Verumta-

2182 3852 2312 3890 men
2339 3852 2438 3890 cur
2481 3835 2540 3889 in
2569 3835 2834 3901 Jordane,
2863 3840 2920 3889 et
2961 3851 3074 3889 non
3106 3836 3163 3889 in
3193 3837 3308 3892 alio
3337 3837 3588 3908 quolibet
3615 3835 3762 3890 ﬂuvio

2181 3925 2285 3979 hoc
2310 3924 2641 3996 mysterium
2666 3923 2997 3991 celebratur,
3031 3941 3143 3979 non
3164 3924 3266 3980 abs
3296 3943 3360 3982 re
3386 3927 3597 3983 factum
3623 3929 3766 3998 puta-

2180 4030 2327 4081 mus,
2347 4014 2657 4085 presertim
2678 4031 2803 4068 cum
2835 4014 3076 4085 populus
3099 4015 3430 4072 Judaeorum
3453 4016 3689 4072 secundo
3706 4015 3765 4067 ab

2179 4104 2209 4159 J
2214 4120 2312 4158 esu
2323 4105 2484 4170 Nave
2499 4103 2553 4158 in
2572 4103 2841 4176 mysterio
2857 4104 3216 4159 circumcisus
3222 4123 3352 4176 ,per
3365 4107 3520 4162 hunc
3536 4102 3769 4161 fortassis

2180 4194 2363 4249 locum
2378 4199 2590 4249 terram
2606 4192 3057 4264 repromissionis
3075 4194 3386 4266 introierit;
3404 4195 3476 4250 de
3494 4212 3602 4267 quo
3613 4192 3770 4250 David

2180 4282 2250 4336 ob
2281 4299 2365 4355 in)
2378 4284 2612 4338 sterium
2635 4281 3067 4353 magnitudinis:
3093 4284 3159 4338 Et
3182 4288 3242 4336 tu
3264 4287 3560 4351 Jordanis,
3583 4282 3770 4355 inquit,

495 4361 757 4417 rumdam
796 4357 1100 4431 probabilis
1145 4356 1333 4428 opinio
1371 4361 1474 4424 est,
1508 4357 1656 4428 quod
1699 4357 1858 4428 quasi
1903 4358 1961 4412 in
1993 4358 2097 4413 hac

2184 4387 2349 4441 quare
2376 4389 2659 4428 conversus
2687 4389 2738 4426 es
2767 4377 3073 4426 retrorsum
3095 4378 3119 4425 7
3152 4373 3320 4441 (Psal.
3355 4388 3507 4439 cxiii,
3561 4351 3773 4442 5.)—Re-

497 4455 665 4507 astate
685 4466 881 4504 omnes
912 4449 970 4502 in
990 4447 1170 4501 virum
1192 4445 1500 4518 perfectum
1520 4447 1591 4501 ad
1610 4447 2094 4503 immortalitatem

2178 4466 2331 4516 ctum
2360 4463 2566 4534 quippe
2594 4462 2780 4516 fuerat
2805 4466 2871 4516 ut
2899 4477 2964 4515 eo
2988 4459 3379 4532 baptizaretur
3398 4463 3569 4518 ﬂuvio
3597 4463 3653 4517 in
3677 4475 3773 4532 quo

494 4539 751 4615 perducti
773 4537 1013 4593 debeant
1029 4552 1343 4607 resurgere.
1361 4536 1521 4600 Quod
1542 4535 1678 4590 satis
1692 4536 1848 4608 pium
1868 4539 2094 4594 credere
2171 4553 2292 4623 jam
2318 4553 2501 4623 ﬁgura,
2526 4550 2790 4622 baptismi
2813 4555 3192 4621 praecesserat,
3219 4556 3278 4605 et
3306 4568 3378 4606 ex
3404 4553 3636 4608 nomine
3657 4549 3775 4622 quid

494 4647 715 4698 censeo,
747 4634 805 4684 et
833 4645 898 4684 ex
926 4627 1117 4683 divina
1143 4625 1395 4698 potentia
1433 4626 1822 4681 conﬁdentius"
1845 4645 2090 4700 sperare.

493 4721 667 4776 Venit
706 4723 895 4774 autem
937 4717 1099 4772 Jesus
1147 4721 1367 4770 creator
1406 4731 1682 4787 aquarum
1737 4715 2007 4788 baptizari
2062 4735 2097 4772 a

494 4809 709 4866 Joanne
752 4806 1012 4864 Jordanis
1050 4806 1109 4860 in
1153 4822 1320 4878 aqua,
1369 4810 1434 4860 ut
1469 4807 1716 4878 primum
1754 4805 1814 4860 in
1844 4823 1903 4862 se
1934 4824 2095 4863 mon-

493 4906 703 4956 straret
722 4897 1054 4972 mysterium
1076 4897 1332 4952 secundae
1352 4897 1665 4952 nativitatis
1686 4914 1785 4968 per
1803 4914 2009 4969 aquam
2039 4905 2099 4954 et

496 4990 772 5062 Spiritum
821 4987 1177 5043 credentibus
1224 4986 1623 5058 appetendum,
1669 4991 1726 5041 et
1783 4987 2097 5044 insinuaret

495 5079 645 5151 quod
664 5078 775 5134 nisi
809 5094 874 5132 ex
898 5077 1004 5131 hac
1032 5074 1234 5141 renati,
1265 5074 1364 5128 ﬁlii
1393 5075 1495 5130 Dei
1526 5081 1584 5130 et
1611 5074 1814 5131 fratres
1843 5078 1966 5148 ejus
1995 5094 2096 5149 per

2175 4641 2234 4696 in
2265 4657 2330 4695 eo
2350 4645 2571 4711 gestum
2598 4640 2673 4694 sit
2701 4639 2952 4711 apertius
2973 4639 3315 4711 designaret.
3339 4642 3609 4696 Jordanis
3634 4654 3776 4694 nam-

2177 4747 2286 4803 que
2321 4732 2601 4784 descensus
2630 4745 2822 4783 eorum
2862 4728 3086 4784 dicitur.
3122 4729 3424 4794 Quorum?
3455 4731 3566 4786 nisi
3597 4744 3776 4785 eorum

2180 4819 2276 4891 qui
2305 4819 2373 4873 de
2402 4817 2700 4890 supercilio
2746 4817 3020 4890 superbiae
3050 4819 3120 4872 ad
3152 4819 3367 4874 Christi
3407 4819 3778 4876 humilitatem

2179 4907 2542 4972 descendunt,
2574 4912 2632 4961 et
2658 4907 2775 4962 suis
2799 4907 2937 4962 inibi
2957 4907 3266 4963 abluuntur
3292 4909 3657 4965 criminibus.
3687 4908 3780 4962 Sa-

2179 4997 2252 5051 tis
2285 4997 2474 5068 itaque
2503 4997 2728 5069 provide
2759 5013 2861 5068 per
2880 4997 3139 5052 Jordanis
3170 5014 3380 5054 nomen
3404 4999 3584 5054 totius
3604 4995 3782 5067 bapti-

2179 5086 2287 5141 smi
2306 5086 2553 5158 operatio
2569 5086 2906 5158 praedicatur
2928 5105 2938 5140 :
2965 5091 3021 5141 et
3039 5086 3163 5142 ideo
3183 5087 3460 5144 decenter
3477 5088 3538 5142 in
3553 5105 3618 5143 eo
3640 5082 3786 5140 Chri-

494 5169 852 5241 adoptionem
875 5165 1108 5220 minime
1126 5168 1340 5235 queunt
1359 5164 1735 5220 censeri.Non
1756 5165 1982 5237 quidem
2001 5183 2095 5222 ne-
2175 5179 2294 5230 stus
2323 5175 2637 5248 baptizatus
2685 5180 2790 5242 est,
2832 5180 2897 5230 ut
2927 5175 3058 5230 hinc
3105 5175 3236 5230 inde
3279 5193 3458 5232 omne
3499 5173 3783 5246 negotium

494 5275 648 5313 cesse
678 5257 891 5312 habens
919 5253 1070 5309 ablui
1102 5254 1439 5326 baptismate
1459 5254 1708 5322 Joannis,
1729 5256 1824 5327 qui
1845 5257 2089 5313 mundus
2173 5265 2539 5320 sacramentis
2559 5264 2924 5337 responderet
2943 5263 3162 5320 divinis.
3181 5265 3456 5321 Jordanis
3481 5265 3709 5338 quippe,
3729 5266 3787 5315 ut

495 5354 618 5402 erat
662 5347 732 5400 ab
771 5345 1048 5401 universis
1083 5343 1367 5412 sordibus;
1417 5344 1515 5398 sed
1561 5350 1627 5399 ut
1669 5345 1814 5401 viam
1843 5364 1902 5402 se
1930 5348 2090 5403 nobis
2170 5353 2348 5423 aiunt,
2385 5355 2599 5410 duobus
2639 5359 2858 5410 constat
2900 5353 3245 5422 fluminibus,
3279 5371 3350 5409 ex
3395 5357 3503 5410 Jor
3531 5353 3785 5408 videlicet

494 5436 788 5509 Praebent:
823 5435 918 5507 (ιιιί
946 5434 1064 5489 nati
1091 5451 1315 5488 eramus
1352 5433 1410 5489 in
1440 5433 1697 5506 Ρθοοειῒίεν
1730 5436 1801 5492 ad
1823 5435 2087 5493 diluenda
2169 5451 2338 5516 atque
2357 5445 2500 5513 Dan,
2531 5443 2734 5518 quibus
2761 5444 2841 5499 ita
2864 5445 3076 5516 junctis
3104 5445 3417 5500 Iordanem
3447 5444 3690 5500 faciunt.
3721 5441 3782 5496 In

494 5531 820 5586 ηοεῐτοηιω
831 5524 1103 5582 scelerum
1117 5523 1384 5596 ῖλείηθτθῑ
1401 5530 1678 5598 quatenus
1688 5544 1817 5584 cum
1828 5544 1892 5585 ΘΟ
1904 5526 2086 5586 renati
2169 5550 2280 5606 quo
2308 5534 2566 5592 Christus
2593 5534 2741 5591 inter
2763 5533 2982 5606 reliqua
3010 5534 3136 5591 ideo
3164 5533 3406 5609 mystice
3440 5532 3785 5612 baptizatur:
