3938 6174
212 295 293 356 169
927 284 1307 356 EXPOSITIO
1345 285 1424 342 IN
1460 280 1904 341 MA'I'I‘HEUM.
1949 311 2015 324 —
2053 282 2190 339 LIB.
2232 282 2306 350 II,
2347 282 2504 339 CAP.
2547 281 2647 337 III.
3319 271 3428 334 170

208 425 332 477 bere.
365 417 462 472 Sed
504 413 731 470 sibimet
768 413 914 467 Deus
959 412 1148 479 homo,
1201 412 1333 484 quia
1369 411 1631 482 dignatus
1667 407 1822 470 estA
1841 412 1974 462 tunc
2002 408 2246 479 primum
2272 408 2322 461 ei
2353 405 2600 460 coelestia
2624 404 2870 475 patuisse
2900 408 3152 458 secreta:
3187 421 3314 460 cum
3344 422 3428 460 re-

209 518 261 565 ut
282 509 403 563 duas
441 503 540 559 sibi
575 503 729 573 leges
771 501 938 556 simul
973 502 1198 570 junctas
1246 501 1487 555 doceret.
1538 501 1759 554 Interea
1840 505 1931 553 cta
1958 499 2094 552 fides
2128 505 2163 564 Ι
2191 496 2547 564 ιβιωὺθει,
2582 510 2804 565 semper
2832 511 2961 548 eum
2991 495 3281 564 aequalem,
3311 494 3434 549 ubi-

211 598 332 671 quod
354 611 443 668 per
466 609 670 664 aquam
700 590 971 645 Visibilem
996 590 1409 656 celebratur,ut
1437 605 1548 644 non
1578 589 1759 642 solum
1842 604 1950 659 que
1980 593 2160 641 totum
2191 602 2317 640 cum
2349 586 2515 638 Patre
2536 584 2829 638 mansisse.
2863 583 2969 638 Sed
2991 583 3215 637 evidens
3243 600 3434 639 sacra-

211 687 412 759 gentiles
439 683 503 737 ad
532 681 933 747 fidem,verum
963 680 1154 746 etiam,
1179 685 1236 733 et
1261 679 1480 734 Judaeos
1509 679 1758 743 duceret,
1844 677 2018 731 menti
2045 682 2131 731 est
2154 676 2423 730 indicium
2452 675 2599 745 quod
2630 691 2731 745 per
2774 674 3104 746 mysterium
3147 674 3293 728 sacri
3335 673 3436 728 ba-

212 779 250 832 si
279 777 403 830 forte
429 770 794 826 credidissent
819 769 1208 823 remissionem
1258 774 1631 839 peccatorum,
1665 782 1765 838 per
1845 766 2144 837 ptismatis,
2174 765 2435 818 introitus
2461 763 2654 834 patriae
2683 763 2922 819 caelestis
2945 764 3160 818 cunctis
3184 763 3243 818 in
3273 763 3437 818 Chri-

216 883 313 922 rem
335 861 594 917 visibilem
625 859 768 924 fieri,
801 865 864 912 ut
891 841 1022 912 ante
1050 875 1152 928 per
1171 857 1444 912 sacrificia
1471 871 1767 911 consueve-
1847 861 1933 910 sto
1960 853 2381 908 renascentibus
2407 853 2554 908 illico
2582 854 2852 926 aperitur.
2892 853 3084 924 Neque
3114 859 3306 924 itaque
3333 853 3440 907 tri-

217 961 351 1011 rant:
375 951 497 1023 quia
525 949 755 1004 omnino
783 948 830 1001 si
862 964 971 1001 non
999 947 1270 1001 vidissent
1295 947 1481 1000 lavare
1510 961 1762 1016 corpora,
1849 944 2062 1014 gesimo
2114 943 2295 997 aetatis
2344 959 2460 997 suae
2505 959 2672 1009 anno,
2709 942 2932 1014 quando
2976 941 3288 1014 baptizatus
3331 948 3439 1010 est,

219 1045 373 1099 minus
393 1039 622 1095 forsitan
637 1037 857 1092 animas
877 1036 1137 1090 mundari
1155 1035 1542 1090 credidissent.
1558 1034 1731 1088 Porro
1753 1051 1763 1086 :
1854 1033 2096 1104 Spiritus
2127 1032 2305 1086 sancti
2328 1033 2475 1086 dona
2494 1031 2737 1102 primum
2751 1033 3064 1104 percepisse
3079 1032 3441 1100 credendum,

273 1135 485 1186 Joannes
513 1128 831 1196 prohibebat
862 1141 988 1179 eum
1015 1127 1240 1178 dicens:
1292 1125 1401 1191 Ego
1441 1139 1475 1176 a
1523 1128 1571 1177 te
1617 1125 1771 1177 debeo
1857 1123 1951 1194 qui
1991 1139 2056 1177 ex
2081 1123 2277 1176 eodem
2307 1121 2520 1192 Spiritu
2553 1127 2745 1175 sancto
2774 1127 3074 1192 conceptus
3113 1122 3235 1192 ipso
3276 1122 3446 1194 siqui-

223 1221 477 1290 baptizari,
509 1221 556 1270 et
589 1221 649 1269 tu
677 1217 828 1268 venis
855 1215 929 1267 ad
961 1220 1083 1267 me?
1104 1214 1413 1284 Expaverat
1438 1219 1625 1266 autem
1646 1227 1775 1266 eum
1857 1213 1984 1266 dem
2017 1227 2239 1282 semper
2267 1211 2465 1282 plenus
2510 1209 2711 1264 extitit.
2753 1211 2912 1265 Unde
2961 1211 3174 1282 liquido
3213 1211 3448 1266 demon-

222 1311 278 1364 ad
301 1325 354 1362 se
379 1305 590 1360 venisse
619 1304 711 1358 cui
741 1303 895 1357 nulla
915 1302 1096 1356 fuerat
1115 1301 1432 1373 baptizandi
1453 1301 1773 1366 necessitas,
1859 1306 2072 1356 stratur
2101 1300 2249 1371 quod
2290 1299 2450 1353 nobis
2488 1299 2714 1370 quidem
2759 1299 3071 1370 baptizatus
3119 1306 3237 1367 est;
3287 1301 3449 1356 nobis

223 1416 275 1454 eo
292 1396 422 1469 quod
448 1395 570 1465 ipse
599 1393 820 1447 tolleret
848 1397 1073 1462 peccata
1099 1391 1312 1456 mundi,
1335 1391 1478 1445 sicut
1497 1392 1616 1461 jam
1629 1390 1778 1444 idem
1861 1391 2009 1444 idem
2043 1389 2284 1460 Spiritus
2311 1394 2536 1443 sanctus
2566 1388 2767 1442 visibili
2809 1389 2991 1459 specie
3020 1389 3258 1461 desuper
3283 1407 3452 1462 appa-

224 1492 428 1541 testatus
441 1484 657 1549 fuerat;
682 1480 1218 1552 ignoransprofecto,
1238 1480 1386 1551 quod
1406 1479 1513 1533 nisi
1536 1479 1784 1533 medicus
1864 1479 1996 1533 ruit.
2027 1478 2200 1532 Nobis
2230 1477 2398 1532 etiam
2433 1479 2601 1532 Pater
2633 1478 2701 1531 de
2730 1478 2882 1532 caelis
2911 1479 3190 1544 clamavit,
3221 1480 3410 1534 dicens
3435 1498 3447 1534 :

224 1574 433 1645 primum
460 1571 706 1624 venisset
723 1569 794 1622 ad
815 1573 1087 1640 aegrotum
1109 1569 1487 1638 languentem,
1513 1567 1786 1637 languens
1867 1569 1968 1623 llic
1995 1573 2068 1622 est
2099 1569 2272 1621 Filius
2300 1561 2454 1620 meus
2484 1569 2732 1632 dilectus,
2767 1570 2829 1621 in
2862 1585 2966 1637 quo
2996 1571 3138 1623 mihi
3162 1571 3287 1623 bene
3317 1587 3458 1624 com-

227 1661 467 1716 medicum
500 1676 616 1714 non
643 1658 976 1729 requireret.
1011 1658 1113 1712 Cui
1141 1658 1416 1713 Dominus
1449 1675 1461 1708 :
1806 1726 1838 1729 _
1869 1659 2073 1726 placui,
2125 1659 2309 1725 ipsum
2347 1657 2536 1709 audite
2566 1657 2778 1723 (Matth.
2813 1672 2947 1723 xvn,
2983 1658 3054 1727 5).
3101 1659 3230 1713 Haec
3269 1660 3460 1714 omnia

292 1758 327 1816 ι
343 1755 388 1815 τ
402 1755 448 1815 α
475 1750 612 1805 Sine
637 1726 826 1811 modo;
860 1751 940 1801 sic
961 1750 1111 1800 enim
1132 1748 1276 1800 decet
1306 1763 1401 1800 nos
1422 1749 1650 1814 implere
1679 1761 1791 1798 om-
1805 1726 1852 1785 Β
1871 1745 2032 1799 nobis
2053 1761 2188 1799 sane
2216 1744 2499 1799 celebrata
2518 1750 2650 1799 sunt
2664 1745 2861 1800 salutis
2883 1726 3170 1818 mysteria,
3195 1764 3296 1819 per
3312 1748 3462 1820 quod

231 1857 329 1893 nem
371 1841 670 1908 justitiam.
706 1838 786 1889 Ac
815 1836 862 1889 si
890 1840 1148 1906 patenter
1175 1836 1387 1890 diceret
1419 1853 1429 1886 :
1466 1835 1596 1889 Sine
1623 1833 1790 1887 modo
1872 1835 2058 1888 aditus
2087 1834 2210 1888 caeli
2236 1839 2539 1898 reseratur,
2573 1839 2630 1887 et
2654 1835 2840 1904 gratia
2877 1835 3117 1906 Spiritus
3147 1837 3324 1892 sancti
3352 1839 3466 1904 ple-

227 1923 416 1995 impleri
439 1923 509 1977 ad
545 1921 693 1992 quod
723 1920 867 1974 veni.
901 1920 1046 1984 Quia
1075 1920 1301 1991 quidam
1346 1936 1505 1974 suam
1542 1920 1792 1973 volentes
1873 1923 2001 1976 nius
2013 1923 2219 1992 passim
2247 1921 2506 1976 omnibus
2526 1921 2858 1977 infunditur.
2883 1923 3043 1986 Quod
3064 1929 3253 1979 autem
3281 1924 3416 1980 dicit
3444 1943 3458 1979 :

230 2019 444 2067 statuere
469 2010 776 2082 justitiam,
809 2008 938 2064 facti
973 2009 1074 2075 rei,
1125 2010 1266 2063 fines
1298 2009 1532 2079 justitiae
1561 2008 1793 2061 minime
1881 2013 2031 2064 Tune
2060 2011 2303 2064 ascendit
2341 2011 2404 2064 de
2428 2025 2595 2078 aqua,
2622 2009 2834 2080 liquido
2857 2017 3132 2079 censetur,
3165 2015 3311 2084 quod
3341 2030 3467 2069 om-

231 2103 578 2173 contigerunt.
601 2101 716 2154 Nos
736 2105 946 2162 autem,
966 2099 1098 2169 quia
1113 2115 1307 2153 omnes
1329 2099 1529 2169 dilapsi
1551 2106 1684 2151 sunt
1697 2112 1797 2168 per
1879 2115 1976 2152 nes
2005 2098 2100 2169 qui
2129 2097 2518 2153 descenderint
2553 2115 2619 2152 ex
2649 2099 2945 2169 supercilio
2986 2101 3248 2157 vanitatis
3295 2120 3355 2158 se
3396 2104 3468 2158 ad

231 2191 541 2262 superbiam,
568 2189 647 2243 sic
674 2189 834 2242 decet
873 2204 975 2258 per
1002 2188 1336 2242 humilitatis
1371 2187 1685 2258 exemplum
1714 2202 1798 2239 re-
1879 2186 2220 2241 abluendum
2241 2187 2299 2240 in
2324 2187 2621 2258 baptismo,
2650 2187 2892 2244 debeant
2907 2191 3157 2260 quotidie
3172 2193 3470 2248 crescendo

233 2281 405 2334 ducere
429 2280 498 2333 ad
550 2278 742 2342 vitam.
786 2282 844 2331 et
877 2277 1163 2331 insinuare
1212 2277 1359 2348 quod
1393 2292 1558 2330 nemo
1589 2274 1798 2346 absque
1880 2276 2245 2330 reascendere
2259 2276 2328 2330 ad
2359 2276 2629 2331 virtutum
2658 2278 2923 2346 culmina,
2943 2286 3112 2352 atque
3131 2281 3201 2336 ad
3232 2284 3474 2353 patriam

235 2369 358 2422 unda
384 2366 740 2439 baptismatis
770 2365 947 2437 possit
975 2366 1217 2436 perfecte
1237 2367 1424 2435 justus
1447 2366 1702 2419 existere.
1722 2367 1801 2417 Ac
1881 2362 2031 2416 unde
2042 2361 2358 2416 ceciderant
2373 2362 2560 2416 festini
2576 2364 3335 2428 remeare.Quazriturautem
3361 2386 3475 2424 non

234 2458 271 2512 si
295 2463 469 2528 aperte
498 2456 721 2511 diceret
751 2472 763 2508 :
801 2455 860 2509 Si
904 2471 1006 2524 ego
1051 2455 1322 2509 Dominus
1363 2471 1529 2526 opere
1561 2454 1802 2524 Spiritus
1884 2450 2356 2514 immerito,curin
2371 2467 2518 2522 aqua
2533 2453 2657 2506 etin
2674 2452 2885 2523 Spiritu
2902 2461 3094 2510 sancto
3113 2455 3390 2528 baptisma
3405 2459 3482 2513 sit

234 2547 382 2601 sancti
409 2547 475 2600 de
503 2545 744 2615 Virgine
771 2549 940 2598 natus
965 2549 1022 2597 et
1047 2550 1344 2614 conceptus
1375 2545 1496 2598 sine
1524 2543 1806 2612 contagio-
1886 2541 2274 2607 constitutum,
2297 2541 2495 2595 visibili
2517 2543 2894 2614 invisibilique
2921 2545 3237 2601 substantia
3261 2547 3480 2603 dedica-

237 2651 292 2690 ne
309 2635 523 2707 peccati,
568 2633 826 2688 secundae
855 2633 1165 2686 nativitatis
1203 2633 1485 2687 lavacrum
1515 2649 1626 2687 non
1655 2631 1808 2685 dedi-
1887 2627 2143 2683 tum.Ubi
2161 2629 2960 2700 continuocogitantioccurrit
2978 2633 3296 2704 quod,sicut
3310 2635 3478 2690 homo

237 2741 354 2794 εποι-
371 2724 578 2788 subire,
597 2727 810 2793 quanto
839 2721 1018 2792 magis
1037 2722 1415 2776 necessarium
1433 2728 1518 2775 est
1528 2720 1805 2784 omnibus,
1892 2717 2108 2774 duabus
2124 2717 2379 2771 consistit
2388 2719 2627 2785 naturis,
2658 2735 2890 2790 corpore
2919 2723 3178 2776 videlicet
3197 2729 3253 2778 et
3267 2725 3476 2792 anima,

243 2814 463 2883 quamvis
490 2814 831 2866 innocenter
860 2811 1125 2881 justeque
1151 2810 1484 2877 viventibus,
1522 2816 1587 2864 ut
1622 2809 1811 2863 nullus
1894 2808 1974 2861 ita
1993 2806 2210 2862 duabus
2237 2806 2568 2862 substantiis
2596 2810 2910 2864 renascitur
2937 2811 2996 2865 in
3018 2812 3276 2866 salutem.
3302 2814 3484 2884 Siqui-

241 2918 407 2956 eorum
433 2905 766 2956 contemnat
784 2916 909 2954 meo
940 2901 1191 2971 exemplo
1215 2900 1387 2954 etiam
1416 2900 1566 2953 velut
1593 2898 1662 2952 ab
1690 2898 1815 2951 inﬁ-
1895 2897 2022 2952 dem
2037 2897 2570 2968 aquaconsepelitur
2586 2898 3045 2970 Christo,Spiritu
3056 2918 3184 2956 vero
3200 2908 3392 2957 saneto
3404 2909 3489 2958 to-

244 2991 330 3044 mis
355 2989 859 3060 humilioribusque
888 2988 1202 3060 baptizari?
1232 2989 1376 3042 Hinc
1403 3004 1626 3060 quoque
1654 2987 1819 3041 decet
1856 3059 1863 3060 ί
1895 2993 1988 3041 tus
2015 2986 2210 3040 itidem
2241 2986 2622 3040 sanctificatur
2646 2987 2779 3042 Deo.
2803 2987 3033 3042 Nullum
3052 2990 3226 3060 igitur
3244 2993 3492 3048 elemen-

241 3096 326 3132 nos
345 3080 572 3151 implere
597 3059 848 3151 primum
869 3094 1094 3132 omnem
1110 3078 1409 3148 justitiam,
1432 3059 1693 3132 rvidelicet
1720 3094 1820 3149 per
1839 3059 1883 3120 C
1900 3083 2022 3131 tum
2052 3075 2237 3146 aptius
2266 3076 2550 3130 invenitur
2576 3077 2646 3130 ad
2671 3059 3160 3150 consepeliendum
3190 3097 3293 3136 nos
3323 3099 3493 3153 quam

245 3184 390 3237 quam
416 3170 598 3223 omnis
623 3166 978 3238 justitiarum
1007 3183 1230 3220 summa
1256 3165 1326 3220 ab
1355 3165 1616 3220 omnibus
1659 3165 1819 3220 dein-
1901 3181 2067 3235 aqua,
2130 3181 2253 3236 qua:
2298 3170 2464 3219 terra:
2510 3165 2738 3220 nomine
2786 3168 2956 3222 etiam
3008 3169 3225 3224 mixtim
3274 3172 3334 3225 in
3390 3172 3496 3226 Ge-

244 3273 354 3328 ceps
378 3257 703 3328 impleatur,
730 3261 794 3309 ut
811 3271 1006 3310 omnes
1035 3271 1148 3309 non
1176 3271 1241 3308 ex
1269 3254 1530 3326 operibus
1559 3271 1742 3326 neque
1756 3271 1822 3308 ex
1901 3253 2022 3307 nesi
2052 3259 2402 3324 praenotatur
2429 3273 2440 3307 :
2478 3256 2664 3321 Terra,
2714 3255 2916 3327 inquit,
2950 3263 3070 3311 erat
3099 3261 3294 3313 inanis
3331 3263 3380 3313 et
3405 3276 3497 3314 υα-

246 3343 492 3399 libertatis
545 3343 788 3398 arbitrio
827 3342 1160 3412 glorientur,
1208 3342 1305 3396 sed
1347 3347 1712 3412 agnoscentes
1765 3358 1825 3396 se
1906 3359 2009 3396 cua
2042 3343 2186 3411 (Gen.
2222 3356 2262 3407 ι,
2284 3342 2362 3412 2),
2394 3342 2472 3397 ibi
2487 3359 2731 3415 namque
2752 3352 2808 3400 et
2821 3362 3096 3417 aquarum
3119 3349 3308 3403 omnia
3327 3351 3500 3406 tacito

249 3449 370 3499 reos,
407 3434 647 3504 justitiae
675 3431 777 3486 Dei
803 3431 920 3485 sint
946 3430 1202 3501 subjecti.
1245 3437 1302 3486 et
1332 3431 1715 3501 justiﬁcentur
1761 3447 1828 3485 ex
1908 3432 2134 3486 nomine
2180 3432 2614 3490 concluduntur.
2670 3433 2778 3488 Per
2812 3451 3017 3508 aquam
3065 3438 3272 3510 quippe
3307 3440 3502 3494 sordes

251 3523 426 3589 gratia,
454 3523 575 3576 sine
603 3537 722 3593 qua
750 3536 1030 3591 nusquam
1060 3526 1145 3574 est
1167 3520 1370 3591 aliquis
1407 3519 1670 3592 operibus
1694 3537 1828 3574 con-
1911 3527 2228 3590 purgantur
2252 3537 2566 3592 corporum.
2603 3522 2776 3592 Cujus
2806 3525 2887 3578 rei
2919 3525 3099 3581 oﬂicio
3129 3528 3506 3599 praesignatur

253 3619 560 3666 summatus.
611 3612 686 3665 Et
720 3610 846 3664 ideo
893 3615 1041 3664 recte
1081 3609 1319 3680 quisque
1359 3627 1487 3664 cum
1518 3610 1834 3664 renascitur
1915 3609 1974 3662 in
2000 3615 2193 3680 aperto
2224 3609 2358 3679 quid
2388 3610 2722 3664 intrinsecus
2755 3619 2987 3681 geratur
3014 3615 3283 3671 divinitus
3325 3618 3382 3672 in
3411 3634 3506 3671 oc-

255 3715 308 3752 ex
327 3716 464 3770 aqua
484 3707 543 3755 et
572 3699 796 3770 Spiritu
826 3705 1038 3765 sancto,
1074 3715 1174 3768 per
1199 3699 1367 3753 fidem
1385 3701 1576 3769 justus
1605 3715 1718 3753 non
1745 3699 1834 3751 in-
1917 3699 2084 3753 culto.
2116 3699 2216 3752 His
2240 3699 2431 3769 itaque
2468 3700 2682 3755 duobus
2714 3701 3024 3770 elementis,
3069 3705 3327 3759 videlicet
3361 3722 3510 3776 aqua

257 3802 474 3859 congrue
520 3788 867 3860 appellatur,
912 3787 1046 3857 quia
1092 3787 1196 3841 hoc
1238 3787 1491 3858 implevit
1536 3788 1832 3854 credendo,
1920 3795 1977 3842 et
2007 3790 2154 3858 igne,
2189 3788 2378 3841 omnia
2409 3805 2531 3859 qua
2558 3790 2815 3844 mundari
2838 3799 3005 3862 egent
3027 3793 3221 3847 usibus
3248 3795 3536 3855 humanis

260 3892 342 3945 per
367 3879 510 3948 quod
539 3877 733 3932 omnis
761 3875 862 3929 Dei
877 3875 1101 3945 justitia
1120 3893 1186 3930 ex
1203 3876 1386 3946 gratia
1413 3877 1835 3948 adimpleretur.
1922 3878 2286 3933 mundantur.
2317 3877 2571 3930 Molliora
2614 3878 2890 3948 siquidem
2930 3897 3094 3951 aqua,
3127 3882 3359 3936 duriora
3383 3898 3512 3936 vero

264 3965 417 4029 Quam
431 3967 687 4038 profecto
707 3965 846 4019 satis
867 3965 1111 4035 primum
1131 3965 1320 4020 decuit
1338 3967 1625 4021 Christum
1647 3967 1842 4038 imple-
1925 3984 2115 4023 rerum
2154 3965 2381 4019 metalla
2409 3965 2538 4035 igne
2563 3965 2633 4018 ad
2669 3965 2944 4035 liquidum
2978 3975 3358 4040 expurgantur
3382 3989 3394 4038 ς
3435 3971 3516 4026 sic

263 4070 328 4118 re,
357 4072 462 4110 non
483 4055 654 4126 quasi
686 4070 751 4108 ex
772 4054 1210 4124 indigentia,sed
1227 4056 1379 4110 velut
1396 4072 1461 4110 ex
1481 4057 1838 4126 magisterio;
1927 4064 1984 4112 et
2009 4057 2069 4110 in
2107 4054 2266 4109 nobis
2312 4053 2499 4108 divina
2540 4054 2880 4125 dispensatio
2925 4057 3250 4130 adimplevit
3301 4066 3367 4116 ut
3415 4079 3518 4133 per

268 4151 517 4212 quatenus
545 4161 653 4216 per
686 4144 790 4197 hoc
819 4143 969 4197 idem
997 4149 1226 4198 renatus
1256 4144 1430 4200 Filius
1459 4145 1558 4199 Dei
1585 4145 1843 4216 proprius
1928 4162 2134 4217 aquam
2159 4149 2216 4198 et
2236 4143 2426 4214 ignem
2456 4143 2634 4197 sancti
2656 4143 2896 4214 Spiritus
2916 4147 3104 4202 omnia
3129 4148 3186 4202 in
3214 4149 3376 4205 nobis
3395 4167 3519 4222 pec-

268 4248 436 4288 omnes
477 4237 846 4289 renascentes
874 4232 933 4286 in
970 4249 1030 4286 se
1074 4231 1278 4288 fratres
1321 4234 1624 4304 colligeret,
1658 4240 1718 4287 et
1747 4250 1848 4305 per
1929 4235 2040 4289 cati
2064 4233 2301 4288 crimina
2326 4233 2831 4303 decoquantur.lta
2855 4240 2919 4288 ut
2945 4252 3046 4306 per
3073 4254 3278 4308 aquam
3309 4241 3518 4296 mundo

270 4321 560 4393 adoptionis
597 4322 848 4393 gratiam
877 4321 981 4375 sibi
1007 4323 1334 4392 conjunctos
1364 4324 1464 4377 Dei
1515 4323 1660 4378 filios
1707 4323 1912 4400 face-ﬁ
1931 4324 2233 4378 morientes
2264 4322 2710 4392 consepeliamur
2730 4323 2972 4389 Christo,
3000 4330 3056 4379 et
3067 4343 3167 4396 per
3189 4327 3377 4398 ignem
3399 4329 3522 4400 Spi-

360 4377 377 4393 ι
597 4377 634 4393 υ
1108 4377 1128 4392 .
1972 4377 2008 4378 η
2088 4377 2097 4378 κ
2436 4377 2452 4392 .
2908 4377 2913 4378 κ
2962 4377 2972 4389 ,
3189 4377 3494 4400 νιν----ητ-

269 4417 356 4464 ret.
373 4413 528 4475 Quod
548 4428 682 4467 cum
705 4411 1054 4481 cognovisset
1069 4413 1312 4466 Joannes
1333 4429 1400 4466 ea
1426 4430 1550 4484 quin
1580 4413 1848 4467 hactenus
1865 4377 1914 4436 Β
1931 4415 2072 4468 ritus
2111 4412 2288 4467 sancti
2314 4412 2384 4465 de
2412 4412 2564 4465 fonte
2593 4411 2958 4467 ascendentes
3001 4413 3058 4468 in
3089 4417 3290 4471 melius
3317 4419 3522 4474 conﬂa-

271 4500 547 4565 nesciebat,
577 4508 719 4555 tunc
735 4501 964 4554 admisit
992 4517 1137 4554 eum.
1157 4501 1302 4565 Quia
1325 4502 1572 4573 profecto
1593 4503 1848 4573 quamvis
1932 4507 2159 4574 grantes
2190 4500 2259 4554 ad
2283 4500 2486 4553 coelum
2516 4505 2703 4554 mente
2726 4501 3030 4572 rapiamur.
3061 4503 3153 4558 Ad
3183 4505 3288 4560 hoc
3319 4507 3524 4578 quippe

271 4589 432 4656 sciret,
458 4596 716 4661 quantus
744 4595 802 4643 et
827 4588 1009 4659 qualis
1033 4595 1196 4655 esset,
1253 4592 1432 4645 multa
1473 4591 1746 4646 duntaxat
1791 4591 1850 4645 in
1930 4591 2055 4646 coeli
2106 4589 2458 4660 aperiuntur,
2522 4605 2633 4642 non
2693 4589 3099 4646 elementorum
3161 4595 3525 4662 reseratione,

273 4685 532 4733 momento
577 4677 781 4733 didicit
833 4694 958 4749 quae
997 4678 1261 4749 primitus
1307 4680 1606 4735 nesciebat.
1653 4680 1853 4736 Docuit

274 4779 381 4820 eum
405 4768 597 4839 itaque
617 4766 867 4838 Spiritus
892 4773 1119 4822 sanctus
1147 4769 1244 4839 qui
1281 4768 1339 4823 in
1368 4771 1552 4840 specie
1580 4770 1852 4825 columbae

277 4855 457 4909 mansit
480 4873 659 4926 super
690 4872 838 4921 eum,
862 4862 919 4910 et
946 4855 1177 4910 deduxit
1204 4857 1263 4911 in
1285 4874 1508 4912 omnem
1534 4860 1849 4914 veritatem.

278 4939 461 4998 Idcirco
507 4944 669 5015 quod
712 4943 869 5015 prius
926 4944 1218 4999 humiliter
1263 4946 1617 5013 formidabat,
1661 4952 1855 5017 postea

280 5027 484 5087 devotus
509 5033 754 5104 implere
783 5033 1056 5104 permisit.
1089 5035 1169 5088 Ac
1193 5050 1294 5105 per
1327 5036 1448 5096 hoc,
1481 5036 1724 5106 qualiter
1757 5053 1852 5090 ex-

279 5116 487 5174 celsiora
515 5121 794 5174 virtutum
815 5137 987 5190 opera
1007 5121 1249 5176 debeant
1271 5125 1478 5194 appeti,
1505 5124 1738 5179 Joannis
1753 5125 1855 5178 hu-

283 5206 465 5261 militas
487 5209 765 5274 insinuat,
795 5209 930 5262 dum
960 5215 1016 5264 et
1042 5210 1250 5282 refugit
1294 5229 1358 5266 ex
1399 5229 1501 5267 sua
1527 5213 1856 5268 inﬁrmitate

284 5295 508 5364 pavidus,
539 5303 600 5352 et
646 5296 838 5352 obedit
884 5315 950 5352 ex
981 5298 1172 5355 divma
1207 5301 1560 5356 institutione
1601 5319 1852 5357 securus.

288 5380 414 5436 Nihil
443 5386 594 5439 enim
627 5392 816 5455 potest
844 5389 1158 5444 mortalitas
1204 5389 1495 5445 formidari
1536 5408 1603 5446 ex
1632 5392 1858 5460 merito,

291 5467 369 5524 ubi
393 5471 537 5528 Deus
566 5479 758 5528 totum
786 5483 1118 5546 cooperatur
1141 5495 1208 5533 ex
1236 5480 1402 5535 dono.

348 5560 854 5631 Baptisatusautem
871 5567 1026 5621 Jesus
1044 5570 1330 5636 confestim
1347 5571 1593 5625 ascendit
1609 5572 1674 5624 de
1689 5587 1856 5640 aqua.

294 5644 402 5706 Ecce
441 5655 625 5722 aperti
662 5658 795 5707 sunt
819 5657 952 5710 cali.
999 5655 1126 5714 Non
1155 5657 1302 5730 quod
1327 5664 1584 5733 oporteat
1610 5658 1856 5729 credere,

512 5753 790 5852 PATBOL.
835 5754 1024 5818 CXX.

1942 4686 1980 4746 Ι
2007 4683 2126 4743 19
2151 4677 2247 4732 sed
2279 4677 2519 4748 spiritali
2548 4678 2855 4749 apertione,
2897 4685 2979 4746 ut,
3011 4682 3292 4752 spiritales
3309 4685 3430 4755 jam
3447 4685 3527 4739 fa-

1934 4767 2030 4832 cti,
2061 4766 2387 4838 spiritaliter
2402 4765 2473 4819 ad
2494 4766 2771 4836 spiritalia
2792 4768 3271 4827 illicoinvitemur.
3303 4774 3384 4828 De
3413 4789 3526 4846 qua

1935 4856 2164 4927 quidam
2181 4855 2553 4910 reseratione:
2586 4856 2893 4924 Scinditur,
2917 4857 3118 4930 inquit,
3135 4864 3397 4916 auricula
3417 4881 3529 4933 sep-

1937 4947 2202 5014 templicis
2230 4944 2430 4998 .zthera
2459 4945 2592 4997 cali.
2608 4944 2787 5007 Quam
2804 4946 3071 5002 nimirum
3089 4949 3228 5004 bene
3253 4951 3523 5021 Ezechiel,

1935 5052 2001 5090 ex
2021 5033 2292 5106 principio
2314 5032 2542 5086 visionis
2570 5049 2701 5100 suae,
2725 5051 2828 5106 per
2854 5036 2957 5091 hoc
2987 5039 3133 5108 quod
3164 5043 3530 5110 prmsentiali-

1936 5133 2024 5180 ter
2035 5122 2487 5188 cernit,futuram
2506 5122 2766 5177 enuntiat
2786 5127 3293 5188 reserationem.ita
3311 5131 3523 5189 dicens:

1938 5217 2007 5270 In
2016 5230 2166 5268 anno
2185 5213 2556 5280 trigesimo,in
2571 5216 2774 5280 quarta
2789 5217 3014 5282 mense,i
3017 5231 3052 5269 η
3069 5219 3267 5284 quinta
3279 5221 3368 5274 die
3384 5239 3534 5280 men-

1936 5307 2027 5368 sis,
2063 5319 2189 5356 cum
2219 5317 2383 5355 essem
2412 5304 2475 5354 in
2517 5302 2694 5354 medio
2723 5305 3066 5371 captivorum
3098 5310 3266 5375 juxta
3294 5313 3534 5380 ﬂuvium

1941 5393 2166 5455 Chobar,
2186 5392 2368 5458 aperti
2396 5394 2525 5443 sunt
2541 5393 2674 5453 creti,
2710 5396 2759 5444 et
2784 5395 2900 5445 vidi
2928 5397 3191 5451 visionem
3208 5399 3530 5473 Die(Ezech.

1941 5496 1981 5549 ι,
2009 5479 2085 5546 1);
2109 5480 2167 5533 in
2187 5479 2435 5534 Ezechiel
2454 5495 2697 5550 namque
2719 5481 3005 5536 Christum
3029 5484 3218 5551 fuisse,
3242 5505 3408 5544 nemo
3435 5494 3532 5563 qui

1941 5568 2334 5634 dubitet.Quia
2360 5569 2505 5624 sicut
2533 5569 2805 5641 scriptum
2833 5576 2918 5625 est
2948 5587 2961 5626 :
2988 5574 3343 5630 Assimitatus
3372 5582 3533 5634 estin

1943 5661 2204 5717 manibus
2226 5659 2623 5731 prophetarum
2656 5660 2791 5729 (Qse.
2813 5672 2914 5727 χιι,
2941 5655 3050 5729 10).
3071 5658 3380 5733 Trigesimo
3401 5681 3538 5738 quo-

3257 5762 3296 5817 6
