3938 6174
451 187 551 247 171

1210 193 1267 249 S.
1308 191 1687 253 PASCHASII
1725 193 2085 253 RADBERTI
2122 192 2428 251 ABBATIS
2467 191 2960 251 CORBEIENSIS.

3574 197 3680 255 17‘2‘

444 330 554 386 que
582 314 766 371 aetatis
794 331 910 371 suae
937 332 1095 372 anno,
1116 317 1367 373 Ezechiel
1375 319 1537 389 juxta
1559 321 1786 376 ﬂuvium
1811 318 2101 378 ChobarA
2114 317 2364 391 quolibet
2390 333 2621 389 corpore
2635 322 2986 388 generatum.
3004 316 3294 387 Tantisper
3319 334 3442 388 ergo
3459 319 3664 377 dicimus

440 404 612 471 venit,
647 421 760 476 qua
784 405 878 459 hic
907 406 1163 461 Christus
1203 412 1364 463 {etate
1394 410 1465 463 ad
1492 410 1792 465 Jordanem
1820 411 2035 465 venisse
2117 423 2247 460 eum
2276 407 2602 478 apparuisse
2630 407 2688 461 in
2716 405 3066 478 mysterium,
3091 410 3148 460 et
3159 411 3362 477 postea,
3385 407 3566 476 utipse
3583 426 3665 463 vo-

439 493 855 549 manifestatur.
889 494 1113 550 Chobar
1135 496 1342 566 quippe
1369 499 1666 564 gravitudo
1685 497 1771 550 vel
1786 501 2034 565 gravitas
2117 496 2240 563 luit,
2264 496 2539 566 suspicari
2564 496 2695 550 licet
2717 496 2927 550 desisse
2956 496 3103 566 quod
3132 511 3258 549 vere
3274 495 3551 550 formatum
3572 498 3669 552 fue-

435 582 868 659 interpretatur.
894 583 1041 649 Quid
1070 584 1245 654 igitur
1271 601 1372 656 per
1401 584 1622 640 Chobar
1651 586 1898 650 fluvium,
1926 586 2034 640 nisi
2121 592 2227 639 rat.
2264 586 2338 639 Ut
2378 585 2511 656 quid
2555 591 2744 640 autem
2793 584 3068 656 corporali
3114 583 3290 653 specie
3335 585 3663 653 descenderit,

434 672 745 733 humanum
766 690 947 745 genus
967 690 1210 744 congrue
1229 672 1752 746 designatuquuod
1770 676 2039 732 nimirum
2121 675 2251 742 nisi,
2276 681 2341 729 ut
2370 675 2745 746 praediximus,
2778 680 2842 730 tu
2883 691 3011 729 eum
3041 679 3106 730 ut
3134 674 3357 739 videres,
3391 679 3451 728 tu
3479 691 3670 747 quoque

432 761 504 817 ab
543 767 673 819 ortu
697 763 894 818 deﬂuit
915 763 974 817 in
1008 767 1269 829 mortem,
1292 768 1350 817 et
1373 764 1561 833 gravis
1591 764 1696 819 sibi
1725 770 1807 819 est
1836 782 1901 819 ex
1920 782 2042 836 pec-

430 852 571 908 catis
623 869 746 923 quaa
790 856 1080 923 perpetrat
1124 852 1510 909 indesinenter
1543 871 1608 909 ac
1634 860 1843 926 portat.
1875 856 2036 920 Quia,

2123 770 2186 818 ut
2224 782 2574 835 agnosceres.
2608 763 2938 820 Columbam
2969 780 3100 833 ergo
3146 763 3315 829 illam,
3367 779 3523 834 quam
3569 765 3669 818 Noe

2124 848 2311 908 emisit
2358 871 2423 909 ex
2474 870 2622 921 arca,
2680 853 2843 909 istius
2897 851 3167 907 columbae
3219 850 3450 923 speciem
3502 852 3669 919 fuisse,

432 941 580 998 sicut
623 942 895 1012 scriptum
944 947 1032 996 est
1073 960 1086 995 :
1122 943 1300 1012 Super
1334 948 1607 999 talentum
1640 947 1861 1014 plumbi
1899 947 2042 1002 sedet
2118 957 2284 996 nemo
2314 943 2413 1014 qui
2432 942 2682 997 dubitet:
2710 946 2769 997 et
2793 941 2919 996 ideo
2942 957 3045 1012 per
3071 957 3196 995 eam
3222 946 3417 1011 typum
3441 940 3670 1010 agnosci-

433 1032 610 1101 (Zach.
638 1048 692 1085 v.
717 1031 785 1095 7).
827 1031 1007 1086 Omne
1046 1032 1196 1087 enim
1235 1038 1531 1104 peccatum
1558 1051 1730 1105 grave
1771 1040 1875 1101 est,
1909 1035 2041 1107 quia
2118 1046 2243 1086 mus
2274 1032 2632 1086 sacramenti.
2666 1031 2825 1085 Unde
2861 1031 3097 1085 fortasse
3135 1029 3401 1095 dicturus,
3443 1045 3562 1083 cum
3590 1029 3677 1084 illa

434 1137 549 1177 non
575 1120 854 1191 permittit
884 1120 1133 1175 animam
1160 1122 1233 1176 ad
1263 1122 1529 1178 sublimia
1554 1123 1748 1179 levari.
1780 1125 1940 1179 Unde
1979 1128 2040 1179 et
2114 1136 2248 1174 vera
2275 1119 2534 1175 columba
2554 1119 2740 1180 fuerit,
2774 1136 2896 1190 quae
2932 1118 3041 1174 fuit
3075 1119 3297 1186 emissa,
3328 1117 3416 1171 hic
3441 1117 3575 1171 sicut
3596 1134 3677 1172 co-

436 1226 539 1281 per
561 1209 919 1265 Psalmistam
947 1209 1187 1265 dicitur:
1229 1212 1363 1267 Filii
1404 1213 1701 1267 hominum
1750 1230 2027 1282 usquequo

427 1300 591 1366 gravi
617 1300 775 1353 corde
796 1304 821 1351 ?
847 1297 1013 1361 (Psal.
1037 1313 1110 1366 Iv,
1135 1296 1209 1363 3.)
1234 1299 1516 1371 Scriptum
1544 1318 1679 1373 ergo
1703 1307 1789 1356 est
1814 1302 1884 1356 de
1912 1302 2025 1356 Do-

422 1388 597 1456 mino,
654 1386 801 1459 quod
844 1387 965 1459 ipse
1017 1388 1090 1442 sit
1129 1390 1230 1443 Dei
1282 1392 1461 1443 virtus
1507 1395 1556 1444 et
1608 1392 1704 1446 Dei
1749 1394 2024 1460 sapientia

422 1480 477 1549 (I
505 1477 627 1532 Cor.
659 1491 699 1543 ι,
738 1474 848 1538 24).
884 1476 1054 1531 Venit
1096 1477 1274 1547 igitur
1310 1478 1561 1534 Ezechiel
1600 1481 1765 1550 juxta
1789 1479 2024 1535 ﬂuvium

424 1565 667 1631 Chobar,
700 1566 833 1637 quia
874 1565 1143 1621 fortitudo
1186 1567 1288 1622 Dei
1330 1585 1432 1639 per
1479 1569 1885 1625 incarnationis
1910 1587 2024 1624 suae

2112 1208 2304 1264 lumba
2329 1209 2681 1264 descendisse
2708 1208 2945 1273 dicatur,
2978 1207 3256 1279 quomodo
3285 1222 3474 1261 rursus
3497 1204 3603 1259 illic
3619 1205 3677 1257 ii-

2104 1315 2304 1369 guram
2336 1298 2504 1353 tuisse
2532 1298 2793 1363 dicimus,
2820 1297 2911 1351 hic
2940 1297 3230 1351 veritatem
3257 1314 3271 1363 ;
3303 1295 3407 1349 nisi
3437 1294 3574 1365 quod
3595 1293 3679 1347 illa

2109 1393 2264 1443 vetus
2291 1388 2418 1455 fuit,
2452 1394 2510 1442 et
2545 1387 2853 1457 negotium,
2886 1386 3036 1457 quod
3065 1402 3164 1457 per
3186 1401 3311 1439 eam
3347 1388 3562 1454 gestum
3584 1387 3677 1446 est,

2104 1477 2275 1547 hujus
2304 1460 2641 1532 sacramenti
2673 1476 2971 1548 prophetia
2998 1475 3130 1531 fuit.
3166 1473 3381 1531 Deinde
3429 1472 3569 1543 quod
3604 1471 3683 1525 hic

2104 1567 2348 1638 positum
2379 1571 2465 1620 est
2510 1566 2835 1621 adverbium
2879 1563 3265 1619 similitudinis
3317 1561 3497 1631 (sicut)
3526 1559 3682 1615 scien-

424 1654 757 1727 mysterium
769 1655 1149 1727 prepinquare
1167 1655 1400 1726 dignata
1421 1663 1507 1713 est
1524 1665 1879 1728 peccatorum
1899 1675 2027 1713 suo-
2041 1668 2088 1727 Β
2105 1656 2241 1710 dum
2279 1655 2414 1726 quia
2437 1656 2747 1710 secundum
2772 1656 2994 1709 Graecos
3045 1657 3109 1708 in
3136 1655 3311 1722 specie
3339 1652 3606 1715 columba,
3633 1649 3685 1701 in

424 1760 553 1804 rum
579 1744 830 1815 pondera
850 1744 1097 1816 portanti
1119 1745 1315 1815 generi
1339 1746 1612 1802 humano.
1631 1748 1765 1811 Quae
1779 1748 2029 1819 pondera
2111 1745 2541 1816 quamplurimis
2570 1745 3003 1815 exemplaribus,
3039 1743 3186 1798 sicut
3209 1748 3270 1796 et
3296 1741 3354 1795 in
3392 1741 3536 1795 Luca
3559 1737 3682 1793 scri-

424 1851 527 1905 per
551 1834 658 1888 hoc
684 1832 1097 1888 descenderunt
1140 1834 1199 1888 in
1246 1836 1608 1906 profundum,
1645 1837 1806 1907 quasi
1851 1837 2022 1908 lapis;

422 1928 480 1979 et
495 1923 624 1978 ideo
641 1922 902 1977 Iordanis
923 1928 1072 1977 recte
1087 1924 1367 1979 descensus
1382 1941 1573 1979 eorum
1594 1926 2019 1997 interpretatur.

421 2012 603 2067 Flavit
625 2011 779 2067 enim
802 2012 1043 2082 Spiritus
1070 2012 1172 2067 Dei
1199 2013 1460 2084 desuper,
1495 2019 1552 2068 et
1577 2014 1872 2069 submersa
1891 2019 2025 2070 sunt

420 2101 684 2156 universa
711 2107 1069 2173 peccatorum
1095 2102 1248 2169 vitia,
1274 2120 1403 2157 cum
1426 2120 1529 2158 suo
1559 2098 1827 2175 principe,
1862 2104 2022 2175 quasi

419 2190 711 2263 plumbum
724 2191 783 2246 in
804 2192 965 2263 aquis
988 2192 1427 2247 vehementibus.
1441 2194 1595 2248 Tunc
1616 2193 1819 2263 quippe
1839 2193 2017 2263 aperti

421 2283 556 2334 sunt
579 2278 723 2345 coeli,
744 2281 811 2332 ut
830 2278 963 2345 dixi,
989 2295 1104 2333 non
1122 2280 1531 2334 elementorum
1551 2279 2017 2345 reseratione,sed

420 2367 556 2438 quia
568 2366 729 2422 nobis
743 2365 852 2421 iter
875 2372 1187 2421 reseratum
1209 2372 1313 2434 est,
1329 2373 1387 2422 et
1404 2386 1532 2440 spes
1550 2368 1825 2425 redeundi
1844 2368 1913 2422 ad
1927 2383 2016 2422 su-

419 2456 613 2511 blimia
630 2456 1046 2511 restituta.Non
1062 2456 1214 2511 enim
1229 2456 1315 2511 illi
1334 2457 1739 2523 reseratur,sed
1752 2456 2013 2521 nobis,si-

420 2551 516 2601 cut
537 2562 639 2600 nec
658 2546 807 2600 idem
834 2545 943 2599 sibi
972 2544 1285 2616 baptizatus
1305 2550 1420 2612 est;
1452 2562 1633 2615 neque
1663 2545 1766 2599 sibi
1792 2562 2008 2615 passus,

421 2634 519 2689 sed
550 2651 649 2706 pro
673 2633 834 2688 nobis
861 2634 1056 2703 utique
1085 2634 1277 2688 omnia
1305 2633 1504 2701 factus,
1521 2633 1587 2698 si,
1621 2650 1760 2704 quos
1785 2633 2010 2698 fecerat,

417 2728 700 2778 recrearet
719 2729 777 2777 et
792 2724 1051 2777 eveheret
1064 2723 1135 2776 ad
1153 2722 1434 2777 sublimia.
1447 2722 1708 2792 Alioquin
1731 2723 1849 2794 ipse
1873 2739 2014 2776 nun-

419 2829 590 2882 quam
619 2813 786 2867 caelos
814 2811 1079 2876 deseruit,
1107 2811 1205 2865 sed
1230 2812 1338 2865 huc
1363 2811 1591 2865 veniens
1627 2827 1849 2882 semper
1885 2825 2013 2867 cum

418 2901 588 2957 Patre
614 2900 739 2955 fuit.
784 2900 1071 2955 Restincta
1100 2905 1187 2954 est
1204 2899 1394 2969 itaque
1410 2904 1544 2953 tunc
1563 2899 1725 2969 aquis
1749 2898 2013 2969 baptismi

2109 1840 2268 1905 ptum
2295 1835 2491 1889 fertur.
2514 1834 2777 1905 Alioquin
2796 1832 2931 1906 quid
2951 1838 3066 1887 tam
3086 1848 3287 1887 verum
3318 1846 3485 1901 quam
3504 1826 3686 1883 divini.

2107 1928 2194 1977 tas
2223 1941 2345 1994 quae
2367 1929 2555 1979 manet
2580 1940 2820 1992 semper,
2854 1927 3114 1977 creatura
3142 1926 3337 1977 autem
3379 1935 3490 1973 non
3518 1920 3688 1988 potest

2105 2012 2311 2067 veritas
2336 2030 2475 2078 esse,
2504 2029 2828 2083 quanquam
2859 2017 2917 2066 et
2944 2011 3189 2081 speciem
3220 2026 3324 2080 pro
3352 2007 3585 2064 veritate
3612 2021 3692 2060 ac-

2103 2101 2419 2172 cipiendam
2444 2107 2594 2157 recte
2608 2117 2772 2155 nemo
2793 2100 3058 2171 ambigat.
3074 2099 3259 2169 Igitur
3278 2098 3459 2168 liquet
3477 2112 3595 2151 eam
3612 2109 3692 2147 ve-

2102 2206 2224 2244 ram
2246 2190 2556 2245 columbam
2578 2190 2783 2257 fuisse;
2807 2190 2906 2244 sed
2923 2206 3025 2243 vox
3047 2186 3603 2252 similitudinis,sicut
3622 2182 3695 2237 id-

2101 2296 2166 2333 eo
2180 2286 2217 2345 Ι
2235 2285 2294 2345 8
2306 2284 2351 2347 ι
2362 2279 2754 2350 apponitur,ut
2765 2279 2914 2333 idem
2929 2278 3170 2348 Spiritus
3185 2282 3421 2332 sanctus
3432 2271 3694 2344 corporali

2098 2369 2281 2438 specie
2300 2370 2359 2422 in
2379 2368 2655 2434 columba,
2670 2385 2783 2423 non
2795 2373 2986 2422 tamen
3006 2368 3127 2438 ipse
3150 2383 3289 2436 corp
3297 2383 3365 2421 us
3379 2362 3695 2436 apparuisse

2096 2456 2461 2528 intelligatur.
2483 2457 2761 2529 Apparuit
2773 2462 2962 2511 autem
2984 2457 3042 2511 in
3063 2456 3350 2520 columba,
3373 2460 3440 2509 ut
3459 2470 3560 2524 per
3578 2467 3693 2505 eam

2096 2552 2399 2617 exponeret
2427 2547 2619 2617 quales
2648 2546 2821 2601 futuri
2864 2551 3026 2600 erant
3054 2545 3151 2615 qui
3180 2545 3258 2599 ad
3283 2543 3536 2615 gratiam
3561 2541 3699 2610 ejus-

2096 2635 2223 2691 dem
2254 2636 2496 2707 Spiritus
2518 2636 2892 2706 pervenirent.
2912 2636 2992 2689 Ex
3024 2651 3153 2705 quo,
3182 2634 3325 2705 quia
3348 2631 3610 2687 columba
3631 2627 3700 2683 fel

2095 2741 2205 2778 non
2222 2724 2407 2790 habet,
2424 2729 2684 2795 patenter
2701 2724 2952 2780 insinuat
2968 2725 3118 2794 quod
3136 2723 3199 2778 in
3220 2723 3354 2777 felle
3376 2717 3700 2775 amaritudi-

2095 2813 2182 2867 nis
2212 2829 2333 2867 esse
2362 2829 2474 2867 non
2498 2812 2666 2868 debet
2687 2813 2938 2884 quisquis
2960 2813 3030 2867 ad
3060 2812 3208 2867 hanc
3236 2812 3491 2882 gratiam
3520 2808 3701 2863 venire

2095 2900 2327 2956 devotus
2350 2906 2608 2972 exoptat;
2655 2903 2753 2956 sed
2782 2902 3201 2973 simplicitatem
3233 2907 3414 2972 atque
3444 2900 3702 2953 innocen-

418 2988 745 3059 rhomphzea
772 2988 869 3041 illa
890 2987 1256 3053 ﬂammatilis,
1274 3004 1396 3057 quae
1426 2986 1759 3042 versabatur
1779 2992 1909 3041 ante
1926 2988 2004 3056 ja-
2027 2983 2070 3042 C
2091 2990 2251 3058 tiam,
2271 3008 2438 3062 quam
2456 2991 2525 3045 de
2553 3007 2614 3045 se
2634 2990 2952 3046 videntibus
2970 2990 3215 3055 exhibet,
3238 2991 3440 3046 animo
3463 2988 3701 3044 retinere

417 3092 559 3131 nuas
579 3075 844 3148 paradisi.
863 3077 930 3130 Et
950 3076 1076 3130 ideo
1087 3092 1200 3130 non
1216 3075 1671 3130 inconvenienter
1688 3075 1810 3130 coeli
1832 3075 2011 3146 aperti

414 3181 586 3237 super
596 3181 724 3219 eum
737 3169 1276 3233 commemorantur;
1301 3181 1470 3235 super
1492 3181 1623 3219 eum
1643 3165 1867 3236 quippe,
1883 3164 2015 3234 quia

284 3300 311 3306 _
414 3259 645 3327 propter
669 3270 799 3309 eum
822 3260 880 3309 et
905 3270 1006 3325 per
1033 3270 1164 3308 eum
1191 3255 1486 3324 pateﬁunt,
1522 3255 1618 3324 qui
1647 3271 1682 3308 a
1705 3254 2011 3324 primordio

416 3362 517 3416 per
534 3343 780 3417 primum
809 3344 988 3398 Adam
1015 3341 1274 3398 omnibus
1303 3343 1478 3398 clausi
1508 3349 1687 3398 erant.

494 3440 534 3500 1
553 3438 680 3500 80
720 3434 788 3487 Et
818 3434 959 3490 vidit
990 3432 1271 3501 Spiritum
1311 3434 1715 3487 descendentem
1749 3435 1891 3486 sicut
1920 3449 2008 3486 co-

415 3525 683 3591 lumbam,
712 3527 762 3576 et
788 3525 1092 3576 venientem
1132 3537 1297 3590 super
1319 3538 1391 3576 se.
1435 3521 1600 3576 Haud
1626 3521 1859 3576 dubium
1889 3521 2008 3592 ipse

412 3612 573 3667 Iesus
609 3611 750 3666 vidit
778 3628 950 3682 super
973 3627 1033 3666 se
1058 3610 1375 3666 venientem
1419 3610 1694 3682 Spiritum
1728 3615 2003 3665 sanctum.

414 3702 711 3764 Caeterum,
767 3702 931 3772 juxta
965 3701 1238 3755 Joannem
1277 3699 1690 3770 Evangelistam
1737 3698 2008 3770 scriptum

413 3797 517 3861 est,
550 3792 698 3863 quod
723 3790 893 3845 etiam
918 3791 1165 3845 Joannes
1192 3789 1580 3844 testimonium
1610 3788 1895 3859 perhibuit
1925 3788 2006 3842 di-

393 3897 545 3936 cens
568 3883 737 3948 :Quia
749 3882 866 3937 vidi
883 3878 1162 3948 Spiritum
1179 3871 1581 3933 descendentem
1610 3881 1773 3946 quasi
1802 3881 2009 3932 colum-

414 3971 539 4023 bam
567 3970 630 4022 de
658 3972 801 4034 calo,
835 3972 883 4021 et
911 3970 1121 4022 mansit
1155 3982 1318 4035 super
1355 3983 1483 4020 eum
1511 3965 1692 4036 (Joan.
1725 3981 1764 4033 Ι,
1793 3964 1897 4031 3'2).
1930 3967 2008 4020 Ex

414 4073 525 4128 quo
572 4055 784 4126 liquido
832 4060 1050 4108 constat
1077 4054 1228 4124 quod
1255 4053 1480 4125 utrique
1510 4071 1640 4109 eum
1670 4055 2009 4110 descenden-

411 4150 548 4209 tem,
583 4144 840 4198 Christus
867 4142 1123 4197 videlicet
1149 4148 1207 4196 et
1236 4144 1499 4209 Joannes,
1542 4161 1655 4198 non
1686 4150 1877 4199 tamen
1906 4161 2003 4199 su-

410 4249 514 4304 per
539 4237 827 4302 utrosque,
855 4231 953 4285 sed
982 4231 1165 4285 solum
1194 4248 1363 4302 super
1391 4232 1696 4299 Christum,
1729 4233 2004 4303 corporali

412 4321 595 4394 specie
620 4320 938 4374 venientem
965 4320 1244 4375 viderunt.
1287 4320 1433 4375 Hinc
1476 4321 1724 4391 proiecto
1767 4337 1879 4376 non
1912 4321 2005 4376 ab-

411 4410 581 4467 surde
608 4409 879 4482 quzeritur
906 4426 980 4463 an
1009 4425 1203 4464 verum
1230 4407 1499 4465 columbae
1522 4426 1741 4481 corpus,
1766 4410 1826 4465 in
1843 4412 2004 4483 cujus

412 4504 596 4576 specie
630 4502 872 4575 Spiritus
891 4502 1172 4575 apparuit,
1205 4519 1277 4558 an
1310 4502 1453 4558 forte
1481 4504 1819 4575 phantasma
1848 4505 1956 4561 fuit
1986 4525 1998 4560 :

412 4594 562 4666 quod
589 4593 726 4649 satis
756 4592 1013 4647 frivolum
1032 4597 1119 4646 est
1146 4593 1391 4664 cogitare
1411 4592 1551 4647 inibi
1578 4598 1644 4648 ut
1659 4593 1812 4648 aliud
1833 4610 2003 4666 quam

408 4672 630 4738 Veritas
658 4681 999 4754 apparuerit.
1028 4680 1179 4753 Ergo
1201 4682 1336 4753 quia
1355 4682 1630 4750 Christus,
1645 4700 1817 4755 super
1834 4702 2005 4755 quem

408 4779 639 4828 venerat
665 4788 778 4826 non
800 4772 1160 4843 phantasma,
1202 4772 1301 4826 sed
1346 4789 1510 4827 verus
1543 4773 1712 4827 homo
1740 4779 1799 4827 et
1839 4791 2003 4830 verus

406 4863 557 4919 Deus
586 4868 726 4927 erat,
759 4866 953 4933 aptum
975 4861 1112 4914 satis
1141 4860 1302 4915 nobis
1325 4861 1547 4917 videtur
1564 4866 1632 4916 ut
1655 4878 1849 4917 verum
1879 4880 2004 4918 cor-

408 4969 531 5025 pus,
579 4952 884 5007 formatum
929 4951 1000 5004 ad
1038 4951 1237 5004 horam
1286 4949 1344 5003 in
1391 4951 1578 5021 specie
1606 4951 1896 5017 columbae,
1933 4952 2002 5008 ob

407 5040 738 5113 mysterium
766 5038 1002 5093 docendi
1031 5037 1419 5109 assumpserit,
1445 5039 1593 5109 quod
1621 5055 1792 5110 super
1810 5056 2000 5094 veram

409 5128 615 5191 Christi
643 5143 871 5182 carnem
916 5126 1236 5192 adveniens,
1286 5127 1439 5181 intus
1478 5127 1611 5198 quid
1651 5133 1876 5198 gestum
1926 5129 2002 5183 sit

408 5217 650 5284 exterius
679 5217 1009 5271 declararet.
1036 5215 1301 5287 Alioquin
1323 5215 1475 5270 idem
1505 5216 1748 5287 Spiritus
1774 5224 1999 5273 sanctus

407 5304 738 5360 mortalibus
766 5305 959 5373 oculis,
1009 5304 1120 5359 nisi
1164 5304 1439 5375 corporali
1485 5304 1670 5374 specie
1724 5321 1998 5377 apparere

402 5395 763 5468 nequivisset.
800 5394 961 5460 Quod
985 5393 1212 5465 quidem
1230 5409 1432 5464 corpus
1451 5392 1794 5464 probabilius
1815 5412 1882 5450 ex
1900 5410 1997 5450 ae-

402 5502 484 5557 re,
517 5484 605 5543 vel
624 5500 694 5542 ex
720 5500 870 5559 aqua
894 5483 1201 5543 formatum
1231 5487 1517 5557 putamus,
1559 5498 1730 5557 quam
1776 5500 1845 5542 ex
1885 5484 1996 5542 alio

2095 3084 2264 3151 atque
2293 3080 2562 3146 moribus,
2595 3080 3065 3150 conspicientibus
3102 3096 3163 3134 se
3200 3080 3265 3134 in
3316 3078 3544 3140 faciem,
3577 3076 3702 3130 sim-

2093 3169 2401 3239 plicitatem
2431 3170 2556 3225 vitae
2585 3174 3009 3240 representare.
3042 3168 3468 3225 Columbarum
3499 3166 3705 3240 quippe

2094 3258 2384 3329 privilegia
2405 3258 2820 3329 quamplurima
2849 3263 3209 3324 enarrantur,
3257 3259 3419 3329 quod
3445 3258 3566 3312 haec
3593 3254 3706 3309 avis

2092 3352 2296 3417 praeter
2322 3348 2536 3403 ﬂuenta
2560 3347 2809 3402 residens
2838 3363 3133 3419 aquarum,
3166 3346 3585 3403 insidiantium
3606 3342 3711 3400 sibi

2091 3436 2320 3490 umbras
2347 3436 2576 3508 provida
2601 3435 3050 3491 consideratione
3074 3435 3369 3503 intendat,
3395 3441 3458 3491 et
3478 3435 3709 3504 laqueos

2092 3526 2290 3581 exinde
2328 3525 2503 3581 nimia
2533 3525 2901 3596 suspectionis
2937 3524 3237 3595 diligentia
3286 3526 3452 3580 celer
3490 3523 3714 3579 evadat:

2092 3614 2379 3685 Siquidem
2395 3620 2452 3669 et
2488 3619 2659 3669 tantae
2690 3614 3051 3685 benignitatis
3078 3630 3113 3668 a
3140 3619 3367 3670 natura
3396 3614 3606 3680 fertur,
3656 3617 3719 3666 ut

2091 3704 2341 3758 omnium
2381 3704 2568 3758 avium
2591 3704 2772 3775 pullos
2801 3703 2960 3774 quasi
2988 3703 3253 3774 proprios
3280 3704 3525 3759 dicatur
3548 3700 3721 3757 susci-

2087 3808 2219 3863 pere
2244 3798 2412 3862 atque
2435 3792 2552 3846 suis
2573 3791 2857 3846 laboribus
2886 3791 3155 3846 enutrirc.
3180 3790 3295 3846 Est
3309 3793 3521 3863 itaque
3535 3790 3720 3846 mitis-

2088 3880 2298 3935 simain
2316 3885 2558 3948 tantum,
2572 3886 2639 3935 ut
2657 3897 2759 3936 nec
2785 3886 2969 3936 rostro
2988 3896 3174 3951 neque
3194 3881 3511 3952 unguibus
3531 3878 3725 3951 cupiat

2089 3970 2336 4041 aliquem
2363 3971 2637 4038 lacerare;
2671 3987 2741 4025 ne
2764 3970 3030 4026 minimos
3050 3970 3287 4041 quidem
3311 3972 3621 4027 musculos
3639 3967 3725 4025 vel

2092 4060 2444 4126 vermiculos,
2481 4060 2683 4131 quibus
2713 4059 2958 4115 minores
2994 4076 3137 4131 pene
3173 4061 3459 4117 omnium
3490 4057 3727 4116 avicula;

2086 4166 2147 4205 se
2176 4166 2421 4221 suosque
2449 4149 2725 4217 nutriunt,
2739 4149 2903 4204 edere
2927 4149 3213 4205 dicuntur.
3240 4151 3567 4207 Gemitum
3593 4165 3729 4221 quo-

2088 4244 2196 4308 q‘ue
2215 4254 2315 4309 pro
2335 4243 2505 4293 cantu
2521 4236 2728 4292 habere
2742 4241 3069 4293 noscuntur.
3086 4236 3252 4293 Unde
3279 4239 3542 4310 quidam
3561 4239 3729 4293 devo-

2086 4326 2253 4382 tionis
2282 4325 2515 4382 obtentu
2547 4344 2559 4379 :
2597 4328 2846 4381 Fuerunt
2873 4328 3018 4383 mihi
3047 4330 3325 4394 lacrymz
3359 4346 3506 4384 mea
3530 4343 3729 4399 panes,

2085 4415 2289 4487 inquit,
2319 4418 2406 4471 die
2425 4432 2490 4471 ac
2518 4422 2684 4483 nocte,
2709 4418 2846 4471 dum
2873 4418 3085 4471 dicitur
3113 4416 3265 4470 mihi
3291 4419 3588 4486 quotidie,
3633 4416 3733 4471 ubi

2085 4512 2160 4561 est
2191 4508 2332 4561 Deus
2361 4504 2529 4561 tuus?
2567 4507 2865 4571 (Psal.xm,
2887 4504 3103 4571 4.)Tali
3131 4504 3445 4576 siquidem
3473 4506 3737 4562 medita-

2084 4595 2254 4650 tionis
2283 4594 2503 4656 aﬂ‘ectu,
2535 4594 2711 4650 totius
2739 4594 2998 4649 Ecclesiae
3026 4593 3296 4651 habitum
3320 4596 3603 4668 lugentis
3643 4611 3736 4650 ex-

2084 4684 2295 4756 primit,
2329 4690 2388 4737 et
2415 4683 2548 4753 quid
2575 4683 2635 4738 in
2659 4682 2820 4738 nobis
2849 4682 3092 4754 Spiritus
3116 4693 3370 4741 sanctus
3400 4697 3609 4758 gerat,
3636 4700 3742 4758 per

2085 4774 2190 4828 hoc
2212 4777 2472 4844 patenter
2490 4772 2767 4841 insinuat;
2799 4773 3046 4844 postulat
3074 4772 3227 4827 enim
3258 4790 3384 4845 pro
3419 4775 3605 4831 nobis
3630 4790 3739 4846 ge-

2084 4862 2316 4917 mitibus
2344 4861 2831 4927 inenarrabilibus,
2864 4862 2996 4916 hinc
3015 4861 3146 4916 inde
3174 4863 3327 4933 quia
3350 4882 3617 4935 gemere
3637 4881 3746 4921 nos

2085 4951 2264 5006 docet.
2298 4951 2456 5006 Unde
2485 4952 2625 5007 etin
2654 4950 2914 5006 columba
2960 4951 3162 5006 merito
3191 4956 3501 5023 apparuit
3532 4961 3607 5010 ut
3637 4969 3746 5026 per

2085 5057 2213 5096 eam
2240 5057 2343 5096 nos
2370 5040 2597 5095 doceret
2625 5041 2760 5113 quid
2786 5041 2905 5112 ipse
2934 5040 2993 5095 in
3027 5039 3189 5095 nobis
3232 5048 3456 5111 gerat,
3498 5045 3601 5102 vel
3630 5042 3751 5117 ipsi

2081 5129 2139 5183 in
2155 5146 2221 5185 eo
2239 5131 2432 5201 quales
2447 5146 2569 5186 esse
2588 5130 2909 5185 debeamus.
2931 5129 3086 5185 Solet
3096 5129 3299 5199 itaque
3325 5133 3665 5189 nidiﬁcare
3686 5133 3752 5189 in

2080 5218 2448 5274 foraminibus
2501 5225 2694 5290 petrae,
2746 5235 2845 5274 seu
2883 5218 2944 5273 in
2981 5232 3222 5273 caverna
3268 5222 3606 5290 maceriae,
3644 5220 3753 5280 ubi

2079 5310 2297 5381 Moyses
2312 5309 2546 5379 positus,
2568 5307 2881 5379 posteriora
2894 5307 2998 5362 Dei
3018 5307 3219 5362 vidisse
3233 5306 3494 5379 legitur
3521 5331 3538 5381 ;
3575 5319 3757 5385 petra

2079 5402 2270 5451 autem
2294 5402 2379 5451 est
2403 5397 2681 5465 Christus,
2707 5398 2768 5452 in
2785 5398 2947 5468 cujus
2968 5396 3162 5452 lateris
3190 5395 3521 5458 foramine
3545 5401 3759 5459 omnis

2079 5486 2327 5545 Ecclesia
2342 5485 2612 5556 nidiﬁcat,
2648 5486 2786 5543 dum
2811 5485 2934 5559 ejus
2961 5485 3253 5557 sanguinis
3275 5491 3505 5559 pretio
3538 5507 3762 5551 conse-
