3938 6174
331 91 433 149 173

1077 87 1457 146 EXPOSITIO
1496 88 1574 146 IN
2101 121 2173 132 —
2217 91 2354 152 LIB.
2396 92 2470 160 ΙΙ,
2513 91 2671 162 CAP.
2713 93 2814 150 III.

3475 95 3584 154 174

329 223 564 274 creatur.
598 217 758 273 Unde
797 223 854 273 et
883 218 940 274 in
969 216 1212 272 Canticis
1236 233 1247 268 :
1281 216 1476 285 Surge,
1507 215 1708 288 inquit,
1737 219 1918 272 amica
1937 216 2167 290 Agitori
2195 217 2432 288 agimus,
2465 218 2560 290 qui
2589 219 2996 275 sanctiﬁcatam
3026 218 3131 274 sibi
3157 219 3474 276 columbam
3520 238 3588 276 ex

330 325 466 375 mea,
502 310 736 376 speciosa
767 325 902 374 mea,
928 313 975 361 et
999 309 1144 373 veni,
1165 307 1415 360 columba
1446 322 1582 372 mea,
1613 309 1674 360 in
1690 307 1922 375 fora-mi-

330 399 493 451 nibus
508 403 692 465 pctrav,
713 399 775 450 in
791 399 1037 451 cavernis
1060 397 1328 458 maceriae;
1344 395 1556 448 ostende
1570 396 1710 448 mihi
1723 396 1922 463 faciem

333 490 507 550 tuam,
538 492 686 540 sonet
718 503 820 540 vos;
849 491 946 540 tua
973 489 1034 539 in
1073 487 1308 538 auribus
1338 487 1472 537 meis
1507 486 1680 551 (Cant.
1717 499 1777 548 η,
1807 483 1920 554 13).

332 572 417 627 Ex
442 589 552 644 quo
578 574 792 644 liquido
805 581 1041 641 constat,
1069 573 1217 646 quod
1234 590 1298 628 ex
1319 573 1636 640 efﬁcientia,
1661 579 1718 626 et
1732 589 1840 628 non
1859 591 1927 628 ea

330 668 539 716 natura
564 662 646 717 ita
669 669 918 717 vocatur.
943 664 1152 717 Idcirco
1177 665 1393 733 justum
1441 667 1563 716 erat
1590 668 1652 716 ut
1679 663 1926 716 efﬁciens

333 768 406 806 ea
425 751 612 823 specie
642 759 940 824 appareret
971 752 1040 806 ad
1071 769 1239 823 quam
1270 769 1371 824 per
1416 752 1660 823 gratiam
1689 751 1927 806 interius

330 857 438 895 nos
466 841 633 895 vellet
657 842 1021 896 transducere
1046 860 1058 909 ;
1091 857 1327 905 necnon,
1361 847 1424 896 ut
1473 842 1640 912 paulo
1671 841 1929 913 superius

325 932 451 1001 jam
486 931 879 1002 praemisimus,
909 932 1075 1002 juxta
1103 930 1504 1002 proprietatem
1536 933 1748 1000 ﬁgurae,
1791 930 1932 984 nihil

331 1020 523 1092 aptius
563 1037 729 1091 quam
774 1026 836 1075 ut
881 1037 981 1092 per
1039 1025 1217 1085 '82
1269 1018 1582 1073 columbam
1623 1020 1930 1074 secundum

330 1109 633 1164 veritatem
656 1109 986 1164 redderetur
1010 1108 1306 1174 exhibitus,
1344 1109 1440 1180 qui
1471 1126 1571 1180 per
1607 1126 1731 1163 eam
1758 1109 1817 1162 in
1846 1109 1932 1162 di-

332 1198 487 1254 luvio
511 1200 675 1269 juxta
703 1199 1036 1271 mysterium
1070 1197 1405 1254 sacramenti
1431 1199 1616 1252 fuerat
1637 1199 1929 1269 ﬁguratus.

332 1289 405 1343 Et
435 1289 565 1342 ideo
596 1289 925 1358 dignissime
955 1289 1122 1343 simul
1152 1293 1210 1342 et
1235 1288 1563 1342 universalis
1593 1287 1799 1342 Christi
1831 1288 1935 1342 Ec-

333 1377 512 1432 clesia
539 1377 778 1432 dicitur:
820 1379 934 1433 Una
964 1383 1038 1432 est
1067 1366 1317 1432 columba
1347 1394 1466 1432 mea
1505 1379 1687 1448 (Cant.
1727 1391 1802 1444 v1,
1834 1377 1885 1440 8)
1919 1396 1932 1445 ;

2003 307 2180 361 corvis
2198 307 2470 378 paulatim
2499 307 2843 362 instituendo
2881 308 3110 379 aptavit.
3158 309 3367 364 Verum
3413 310 3591 382 igitur

2004 400 2202 467 typum
2233 396 2491 450 columba
2518 397 2615 450 illa
2640 398 2759 452 Noe
2791 413 2946 452 more
2975 397 3124 462 tulit,
3158 415 3258 470 per
3283 416 3450 472 quem
3478 401 3592 455 tale

2006 485 2337 556 mysterium
2364 485 2753 558 praesignetur.
2785 485 2938 540 Tulit
2964 485 3156 557 itaque
3189 503 3409 543 ramum
3436 490 3594 544 olivae

2006 575 2076 627 ad
2101 591 2309 641 arcam,
2359 575 2504 630 hanc
2547 575 2794 630 futuram
2837 576 3180 647 priesignans
3218 594 3342 649 quae
3384 579 3596 633 mundo

2007 663 2158 734 pacis
2184 663 2454 740 gaudium
2477 663 2697 731 detulit,
2732 669 2789 718 et
2815 665 2936 719 oleo
2956 682 3069 720 suae
3094 666 3451 737 pingue’dinis
3477 684 3600 739 per-

2011 753 2191 806 unxit.
2225 753 2304 806 De
2326 769 2436 824 quo
2457 753 2724 808 nimirum
2747 753 2887 820 oleo,
2921 755 3141 809 Christo
3172 755 3376 810 dicitur
3396 772 3409 812 :
3433 755 3603 812 Una-it

2014 846 2060 895 te
2089 843 2230 896 Deus
2255 848 2382 896 tuus
2410 845 2521 897 oleo
2548 844 2945 898 exsuttationis.
2962 859 3074 912 pm
3096 847 3463 915 participibus
3489 847 3602 900 tuis

2017 932 2178 998 (Psat.
2203 946 2348 994 κων,
2381 932 2454 1000 8).
2487 932 2662 1002 Cujus
2690 932 2935 1003 profecto
2979 933 3259 988 unctionis
3307 934 3429 989 oleo
3473 951 3605 1006 per-

2011 1026 2182 1073 uncta
2209 1020 2391 1074 omnis
2412 1019 2859 1075 Christianorum
2887 1021 3164 1089 Ecclesia;
3195 1023 3299 1076 etsi
3321 1039 3354 1077 a
3385 1023 3606 1078 Christo

2014 1108 2301 1162 derivetur
2328 1107 2432 1163 hoc
2469 1108 2817 1175 vocabulum,
2847 1125 2948 1180 per
2969 1109 3072 1165 hoc
3109 1117 3320 1179 tamen,
3371 1111 3504 1184 quia
3550 1119 3608 1168 et

2015 1196 2123 1268 ipsi
2177 1214 2243 1251 ex
2275 1196 2477 1268 quibus
2509 1203 2729 1251 constat
2781 1199 3036 1268 peruncti
3092 1205 3242 1266 sunt,
3303 1200 3609 1257 Christiani

2017 1286 2288 1340 hactenus
2318 1292 2734 1358 nuncupantur.
2760 1286 2902 1340 Hinc
2931 1304 3154 1359 quoque
3183 1288 3380 1345 beatus
3408 1290 3610 1346 Petrus

2017 1375 2336 1446 Apostolus,
2372 1376 2585 1430 renatis
2609 1375 2666 1430 in
2699 1375 2920 1430 Christo
2973 1376 3241 1444 scribens,
3290 1395 3470 1448 genus
3513 1396 3610 1435 eos

333 1467 475 1538 quia
505 1483 606 1538 per
631 1467 777 1521 hanc
793 1468 1036 1538 gratiam
1070 1466 1312 1538 Spiritus
1343 1466 1540 1532 sancti,
1593 1483 1715 1538 quae
1744 1466 1802 1520 in
1841 1481 1938 1520 ea—
1957 1537 1994 1541 _
2019 1463 2225 1535 regale,
2241 1481 2341 1520 seu
2360 1465 2736 1519 sacerdotium
2757 1472 3013 1520 sanctum
3027 1471 3188 1522 vocat
3205 1470 3406 1535 (IPetr.
3431 1485 3504 1537 IV,
3529 1469 3608 1541 9).

332 1537 469 1609 dem
500 1537 924 1610 monstrabatur
942 1537 1123 1628 specie
1145 1556 1402 1610 dedicata
1415 1561 1472 1610 et
1485 1555 1800 1609 coadunata
1818 1560 1939 1610 tota
1956 1537 2008 1599 Β
2023 1553 2294 1608 Videlicet
2323 1571 2389 1609 eo
2412 1555 2560 1627 quod
2587 1571 2782 1609 omnes
2807 1555 2901 1626 qui
2917 1555 2975 1609 in
2991 1556 3214 1612 Christo
3245 1537 3611 1628 renascimur,

332 1645 702 1716 conspicitur.
737 1645 880 1699 Hinc
912 1651 965 1699 et
991 1644 1456 1699 ofﬁciosissimum
1487 1645 1609 1710 fuit,
1667 1644 1936 1716 Spiritum
2022 1659 2135 1698 non
2169 1643 2354 1698 minus
2383 1643 2504 1698 oleo
2535 1643 2779 1714 Spiritus
2812 1644 2990 1698 sancti
3038 1644 3396 1712 intrinsecus,
3444 1663 3616 1718 quam

334 1739 603 1787 sanctum
627 1749 898 1804 apparere
917 1751 1018 1804 per
1041 1751 1185 1800 eam,
1206 1751 1269 1788 ex
1282 1734 1442 1804 cujus
1456 1734 1575 1804 jam
1609 1733 1740 1787 olim
1757 1733 1941 1806 specie
2024 1732 2133 1787 isto
2159 1733 2438 1787 materiali
2459 1733 2802 1788 extrinsecus
2832 1734 2890 1787 in
2920 1735 3188 1804 mysterio
3221 1737 3613 1807 perungimur.

335 1822 434 1876 illa
484 1821 1010 1892 cognominabatur.
1041 1823 1329 1887 Quatenus
1375 1840 1476 1894 per
1512 1824 1695 1894 ipsum
1733 1823 1942 1878 donum
2025 1821 2135 1877 Per
2161 1822 2266 1876 hoc
2293 1822 2501 1893 quippe
2529 1822 2744 1876 visibile
2771 1821 3013 1876 exterius
3050 1822 3324 1894 signatur,
3354 1825 3488 1895 quid
3521 1842 3620 1898 per

336 1909 749 1964 tranferentius
773 1911 843 1964 ad
866 1927 932 1964 ea
949 1927 1069 1981 quae
1115 1917 1302 1965 mente
1347 1911 1757 1982 intelliguntur,
1786 1917 1944 1966 tran-
2027 1911 2286 1966 eumdem
2302 1911 2572 1981 Spiritum
2592 1910 2830 1965 interius
2845 1916 3094 1981 geratur.
3110 1912 3264 1966 Sicut
3283 1919 3338 1967 et
3354 1930 3456 1984 per
3475 1914 3620 1970 hanc

337 1999 556 2053 scensis
571 2005 1050 2054 sacramentorum
1061 2000 1695 2072 gradibus,quandoque
1709 2001 1946 2056 feliciter

333 2088 756 2159 perveniretur.

409 2177 583 2242 Quod
603 2178 651 2232 si
670 2183 954 2248 quaeratur
973 2195 1072 2233 cur
1085 2179 1260 2234 Filius
1281 2179 1603 2251 apparuerit
1626 2179 1682 2234 in
1696 2179 1944 2248 homine,

342 2274 399 2322 et
422 2268 678 2338 Spiritus
709 2273 936 2323 sanctus
964 2269 1023 2322 in
1054 2269 1331 2334 columba,
1360 2271 1473 2323 noh
1492 2269 1950 2324 inconvenienter

343 2357 619 2426 dicimus,
642 2355 775 2428 quia
804 2355 897 2410 ille
927 2356 1081 2411 venit
1108 2362 1172 2410 ut
1199 2357 1515 2428 exemplum
1550 2357 1764 2412 vivendi
1797 2358 1951 2413 Deus

341 2444 515 2498 homo
547 2443 770 2497 homini
801 2443 1104 2510 exhiberet,
1123 2452 1180 2497 et
1202 2443 1462 2498 counitus
1493 2443 1544 2498 ei
1576 2461 1677 2515 per
1702 2461 1946 2512 carnem,

345 2550 473 2588 eum
511 2538 702 2587 morte
726 2532 1060 2601 redimeret;
1093 2533 1188 2586 illa
1217 2550 1366 2598 vero,
1409 2539 1472 2588 ut
1504 2533 1714 2587 donum
1745 2533 1949 2605 ipsum,

348 2639 458 2694 quo
485 2639 560 2676 ex
589 2621 778 2692 gratia
807 2621 948 2676 bene
971 2621 1204 2676 vivendo
1242 2622 1584 2694 pervenitur,
1637 2623 1954 2694 expressius

347 2711 736 2783 signiﬁcaret:
780 2716 1085 2782 utrumque
1131 2717 1322 2766 tamen
1369 2712 1577 2766 factum
1622 2719 1708 2766 est
1741 2711 1956 2767 visibile

346 2807 588 2873 propter
612 2802 865 2855 carnales
896 2818 1183 2872 quosque;
1217 2801 1262 2855 si
1288 2802 1566 2872 quomodo
1601 2818 1702 2872 per
1725 2819 1792 2856 ea
1835 2819 1956 2873 qua:

2030 1998 2435 2071 quaabluimur
2452 2015 2618 2070 aqua,
2632 1997 2786 2054 illam
2801 2015 2903 2054 nos
2917 1998 2989 2053 ad
3010 2000 3469 2056 emundationem
3492 2019 3620 2074 per-

2029 2087 2244 2159 cepisse
2273 2088 2558 2142 docemur.
2599 2088 2680 2143 De
2706 2105 2818 2159 qua
2864 2090 3025 2143 Jesus
3050 2089 3248 2144 ultimo
3305 2089 3620 2146 festivitatis

2030 2177 2120 2231 die
2151 2177 2448 2245 clamabat,
2475 2177 2700 2232 dicens:
2737 2179 2844 2246 Qui
2861 2181 2925 2232 in
2949 2195 3033 2232 me
3071 2180 3260 2246 credit,
3287 2182 3532 2250 flumina
3559 2183 3623 2236 de

2032 2272 2217 2320 ventre
2228 2271 2344 2335 ejus
2355 2270 2524 2336 ﬂuent
2542 2282 2697 2336 aqua:
2724 2268 2875 2320 vivae.
2901 2268 3010 2322 Hoc
3027 2272 3232 2335 autem,
3257 2268 3626 2340 inquitEvan-

2031 2355 2252 2429 gelista,
2283 2357 2491 2409 dicebat
2519 2357 2582 2409 de
2609 2355 2829 2424 Spiritu
2855 2372 3012 2424 quem
3033 2360 3314 2425 accepturi
3335 2363 3494 2414 erant
3515 2376 3626 2414 cre—

2035 2445 2216 2498 dentes
2245 2447 2308 2498 in
2334 2460 2459 2497 eum
2492 2445 2670 2513 (Joan.
2701 2458 2796 2510 vn,
2829 2442 2936 2508 38).
2966 2445 3110 2499 Nam
3142 2452 3200 2500 et
3236 2447 3295 2501 in
3327 2448 3627 2519 quamplu-

2035 2533 2192 2586 rimis
2223 2533 2815 2604 Scripturarumlocis,
2849 2550 2949 2604 per
2973 2551 3175 2605 aquam
3209 2535 3358 2591 idem
3387 2537 3629 2608 Spiritus

2037 2627 2265 2676 sanctus
2291 2621 2663 2692 signiﬁcatur.
2691 2622 2849 2676 Unde
2871 2623 3021 2677 haud
3049 2623 3283 2678 dubium
3305 2626 3440 2696 quin
3461 2642 3631 2698 super

2039 2729 2213 2782 aquas
2243 2711 2568 2783 apparuisse
2595 2711 2862 2778 creditur,
2904 2727 3074 2783 super
3112 2729 3251 2784 quas
3299 2714 3434 2769 olim
3477 2721 3536 2770 et
3569 2716 3629 2771 in

2040 2800 2314 2872 principio
2345 2799 2818 2872 superferebatur,
2849 2805 2916 2855 ut
2943 2801 3201 2856 edoceret
3229 2819 3288 2858 se
3336 2803 3630 2860 advenisse

348 2891 525 2945 oculis
555 2891 844 2962 corporeis
864 2890 1232 2961 conspiciunt,
1255 2891 1326 2944 ad
1344 2908 1412 2945 ea
1439 2908 1559 2962 quae
1587 2896 1774 2945 mente
1794 2891 1956 2945 intel-
1976 2861 2096 2946 cin
2125 2890 2306 2962 aquis,
2340 2890 2409 2944 ad
2441 2889 2839 2944 confovendam
2869 2890 3260 2946 rationabilem
3309 2899 3628 2949 creaturam

347 2979 630 3050 liguntur,
666 2986 1167 3045 sacramentorum,
1199 2985 1264 3034 ut
1301 2980 1432 3043 dixi,
1483 2979 1753 3050 gradibus
1795 2985 1955 3035 tran-
2037 2998 2216 3046 suam,
2241 2997 2342 3052 per
2361 2997 2498 3051 quas
2520 2996 2578 3034 se
2599 2979 2979 3052 pmsignabat
2999 2986 3360 3052 operaturum
3385 2985 3633 3054 quando-

350 3069 588 3133 scensis,
632 3071 966 3140 quantocius
1012 3070 1444 3124 transferantur.
1505 3070 1638 3133 Quae
1686 3069 1956 3124 nimirum
2039 3087 2147 3142 que
2173 3069 2398 3141 pietatis
2428 3068 2715 3141 mysteria.
2745 3069 2890 3124 Nam
2935 3074 2992 3124 et
3010 3071 3114 3125 hoc
3140 3070 3372 3127 verbum
3393 3071 3632 3128 Hebrai-

351 3158 638 3224 columba,
673 3175 1029 3230 nequaquam
1059 3159 1307 3213 creditur
1354 3175 1536 3230 passa,
1586 3159 1671 3213 vel
1717 3159 1957 3230 Spiritus

352 3255 586 3304 sanctus
616 3265 719 3320 per
756 3265 900 3307 eam.
933 3265 1042 3318 quo
1073 3249 1237 3302 modo
1270 3249 1420 3302 Deus
1470 3248 1636 3302 homo
1687 3248 1745 3302 in
1791 3265 1958 3303 carne

351 3356 555 3410 passus
571 3339 799 3392 dicitur.
825 3338 968 3402 Quia
989 3338 1217 3391 omnino
1236 3353 1347 3391 non
1369 3337 1655 3392 columbas
1687 3338 1837 3392 venit
1867 3355 1957 3392 re-

353 3429 594 3493 dimere,
659 3427 806 3481 sicut
835 3427 1120 3481 Christum
1149 3428 1341 3480 Jesum
1371 3427 1672 3481 Dominum
1703 3437 1958 3482 nostrum

354 3532 452 3571 nos
480 3517 977 3572 hominesconstat
1001 3516 1323 3579 redemisse,
1359 3532 1541 3587 neque
1588 3517 1646 3569 in
1685 3517 1863 3570 Deum
1895 3522 1959 3570 ut

357 3607 620 3661 Christus
655 3607 816 3660 Jesus
860 3605 1108 3660 creditur
1149 3590 1458 3676 assumpta,
1502 3621 1681 3675 neque
1712 3605 1960 3676 quolibet

359 3701 517 3766 pacto
549 3695 612 3748 in
640 3695 774 3748 sede
800 3694 1114 3765 majestatis
1144 3700 1389 3765 recepta,
1440 3693 1537 3748 sed
1587 3693 1732 3748 sicut
1769 3693 1961 3747 omnia

359 3784 450 3837 illa
478 3785 796 3850 schemata,
832 3783 888 3836 in
917 3783 1116 3854 quibus
1132 3784 1265 3837 olim
1283 3782 1704 3837 PatribusDeus
1717 3781 1958 3853 Spiritus

361 3880 610 3934 sanctus,
635 3877 736 3926 aut
750 3877 901 3926 certe
924 3872 1097 3926 Filius
1126 3871 1358 3925 visibilis
1388 3871 1696 3943 apparebat
1741 3871 1958 3942 eXpleto

365 3963 738 4035 apparitionis
785 3961 966 4016 ofﬁcio
1029 3960 1487 4016 resolvebantur:
1544 3962 1624 4015 ita
1669 3961 1959 4015 fatendum

366 4051 504 4106 hanc
533 4053 605 4106 ad
639 4052 954 4123 proprium,
978 4055 1042 4105 ut
1065 4050 1458 4122 prmmisimus,
1494 4050 1833 4105 elementum
1867 4067 1961 4104 re-

2040 3177 2186 3224 cum,
2219 3160 2300 3214 ita
2329 3175 2469 3226 esse,
2502 3158 2816 3230 expressius
2845 3159 2942 3213 illo
2979 3159 3037 3212 in
3081 3159 3200 3214 loco
3229 3159 3494 3231 positum,
3531 3161 3634 3217 de-

2040 3249 2280 3304 nuntiat.
2307 3248 2452 3312 Quia
2471 3247 2566 3303 ubi
2592 3254 2783 3302 noster
2808 3247 3085 3319 interpres
3111 3250 3394 3318 ferebatur
3422 3250 3631 3322 posuit,

2038 3336 2244 3392 ibidem
2273 3337 2422 3408 apud
2453 3335 2716 3390 Hebraeos
2763 3338 3042 3404 mere/eth,
3092 3343 3157 3391 ut
3202 3337 3351 3392 idem
3393 3344 3633 3395 testatus

2039 3432 2140 3490 est,
2175 3426 2414 3496 legitur:
2449 3427 2600 3492 Quod
2623 3443 2737 3491 nos,
2773 3425 2973 3496 inquit,
3016 3428 3328 3491 incubabat,
3358 3431 3468 3482 sive
3512 3445 3636 3484 con-

2038 3517 2246 3583 fovcbat
2258 3531 2476 3584 possum
2487 3532 2545 3568 us
2555 3518 2770 3583 appella
2778 3531 2850 3579 re,
2866 3519 2929 3567 in
2945 3518 3378 3570 similitudinem
3395 3521 3634 3574 volucris

2041 3621 2138 3658 ora
2159 3620 2260 3657 sua
2273 3607 2452 3657 calore
2470 3606 2800 3657 animantis.
2827 3603 2986 3666 Quod
3005 3608 3156 3658 certe
3171 3621 3282 3659 non
3302 3606 3409 3659 nisi
3425 3606 3494 3661 de
3515 3607 3637 3680 Spi-

2042 3693 2156 3746 ritu
2184 3697 2374 3746 sancto
2399 3698 2550 3745 recte
2584 3691 2871 3761 accipitur,
2897 3691 2991 3761 qui
3010 3692 3135 3746 ideo
3155 3710 3324 3763 super
3344 3694 3632 3752 Christum

2042 3781 2101 3834 in
2129 3779 2398 3834 columbae
2427 3779 2609 3850 specie
2638 3778 2917 3852 apparuit,
2942 3785 3008 3834 ut
3057 3781 3378 3836 ostenderet
3425 3799 3526 3838 nos
3573 3784 3633 3842 in

2043 3886 2170 3924 eum
2204 3886 2304 3940 per
2333 3868 2697 3940 semetipsum
2729 3867 2920 3935 foveri,
2955 3872 3012 3922 et
3039 3885 3139 3923 suo
3168 3869 3351 3924 calore
3395 3872 3636 3932 animari

2042 3960 2112 4013 ad
2143 3958 2334 4012 vitam.
2366 3957 2628 4028 Alioquin
2653 3957 2802 4012 unde
2829 3963 3021 4012 tantus
3047 3958 3201 4014 calor
3221 3959 3502 4028 existeret,
3539 3962 3637 4036 qui

2043 4054 2159 4102 tam
2184 4047 2419 4118 frigidus
2448 4046 2517 4100 de
2547 4050 2728 4101 morte
2769 4045 3103 4117 evigilaret?
3149 4048 3226 4102 Ex
3275 4065 3384 4120 quo
3422 4050 3636 4123 liquido

369 4137 549 4207 diisse,
581 4141 778 4194 divina
819 4145 1086 4212 operante
1131 4140 1398 4212 potentia.
1437 4139 1706 4194 Homines
1756 4139 1962 4210 quippe
2046 4141 2201 4207 patet
2228 4135 2376 4208 quod
2395 4140 2589 4190 sancta
2608 4135 2708 4189 Dei
2727 4136 2971 4190 Ecclesia
2985 4141 3134 4192 recte
3174 4143 3351 4204 [84
3380 4141 3638 4197 columba

367 4230 513 4284 venit
534 4231 858 4296 instituere,
887 4235 1118 4301 propter
1147 4247 1286 4300 quos
1314 4246 1427 4284 non
1456 4229 1638 4284 solum
1685 4229 1958 4296 Christus,
2049 4231 2296 4291 vocatur,
2321 4225 2482 4295 cujus
2506 4224 2622 4278 fotu
2657 4229 2714 4278 et
2735 4225 2918 4279 calore
2947 4221 3198 4281 animata
3218 4227 3542 4297 viviﬁcatur,
3574 4238 3639 4289 ut

369 4334 557 4374 verum
579 4319 756 4374 etiam
788 4319 884 4373 illa
910 4319 1142 4373 visibilis
1173 4318 1454 4390 apparuit,
1489 4323 1552 4373 ut
1580 4335 1768 4374 veram
1808 4319 1964 4374 inno-
2046 4317 2205 4388 cujus
2229 4315 2376 4386 gerit
2399 4314 2688 4385 Spiritum,
2725 4315 2847 4384 ejus
2872 4319 2930 4368 et
2955 4315 3324 4386 apparitionis
3369 4319 3637 4378 vocabulo

372 4409 609 4462 centiam
641 4409 885 4462 doceret.
913 4409 1029 4462 Hoc
1059 4424 1194 4462 sane
1233 4407 1511 4480 explicito,
1545 4408 1698 4463 velut
1732 4407 1964 4463 verbum
2047 4408 2422 4475 nuncupetur.
2458 4403 2600 4457 Hinc
2646 4420 2866 4474 quoque
2915 4404 3088 4458 Isaias
3133 4411 3455 4462 sanctorum
3483 4410 3637 4466 vola-

375 4495 500 4551 dum
522 4502 692 4552 sonat
711 4502 770 4552 et
799 4497 1021 4566 transit,
1053 4497 1309 4569 quamvis
1329 4513 1396 4551 ea
1417 4514 1539 4568 qua:
1566 4496 1731 4551 verbo
1756 4499 1962 4568 signiﬁ-
2047 4501 2169 4551 tum
2198 4493 2485 4548 admirans
2515 4491 2700 4546 aiebat
2723 4510 2734 4545 :
2773 4494 2878 4558 Qui
2895 4499 3026 4547 sunt
3045 4495 3123 4560 hi,
3151 4498 3252 4563 qui
3271 4501 3332 4548 ut
3359 4499 3524 4553 nubes
3552 4515 3642 4556 υο-

378 4590 587 4651 cantur,
621 4602 753 4640 cum
781 4585 993 4657 aliquid
1040 4586 1288 4640 divinum
1337 4590 1506 4656 atque
1558 4592 1831 4641 aeternum
1881 4587 1966 4641 lo-

379 4675 592 4744 quendo
623 4674 944 4746 exponitur,
977 4691 1089 4729 non
1119 4674 1287 4729 simul
1316 4681 1640 4730 transeant:
1677 4675 1760 4730 ita
1786 4681 1844 4730 et
1869 4675 1969 4730 illa

383 4778 495 4833 quze
522 4764 645 4818 visa
674 4769 760 4818 est
785 4765 857 4818 ad
899 4764 1118 4830 horam,
1161 4764 1308 4818 illico
1343 4781 1470 4819 cum
1519 4764 1710 4831 voluit,
1761 4764 1858 4819 ubi
1914 4771 1971 4820 ct

386 4853 598 4921 quando
650 4853 845 4919 voluit,
901 4853 1114 4924 Spiritu
1187 4858 1379 4907 sancto
1435 4853 1972 4908 incommutabiliter

385 4947 762 5009 permanente,
793 4943 864 4996 ad
894 4949 1096 4997 nutum
1117 4943 1239 5013 ejus
1268 4942 1564 5013 disparuit.
1593 4942 1718 5008 Ubi,
1753 4943 1800 4998 si
1830 4943 1970 4998 bene

389 5029 645 5100 sapimus.
671 5032 766 5085 illo
787 5032 1014 5103 quidem
1031 5032 1265 5085 docente
1278 5031 1628 5103 percepimus
1655 5051 1668 5100 ;
1697 5031 1784 5087 sin
1808 5033 1968 5098 alias,

392 5117 529 5186 quod
556 5135 621 5173 ex
651 5121 923 5176 sacriﬁcio
953 5121 1193 5175 necdum
1226 5120 1496 5191 capimus,
1550 5120 1679 5190 igne
1734 5122 1974 5192 Spiritus

2051 4589 2190 4651 tant,
2215 4589 2263 4638 et
2282 4585 2446 4652 quasi
2463 4583 2720 4636 columba:
2743 4583 2816 4635 ad
2833 4587 3099 4648 fenestras
3113 4599 3238 4637 suas
3262 4586 3424 4647 Nisa.
3455 4602 3539 4656 ιχ,
3557 4588 3643 4661 8.)

2051 4672 2333 4729 Columbae
2363 4676 2552 4726 autem
2583 4669 2790 4740 singuli
2819 4687 2988 4742 quam
3035 4677 3185 4726 recte
3213 4675 3478 4745 appellati
3509 4685 3642 4733 sunt

2051 4761 2227 4818 sancti
2249 4761 2411 4832 ;quia
2438 4759 2507 4814 de
2539 4761 2642 4813 hac
2671 4775 2787 4813 una
2814 4759 3121 4831 eademque
3136 4762 3411 4829 columba,
3438 4782 3560 4837 quae
3580 4767 3638 4822 in

2053 4851 2274 4908 Christo
2301 4848 2582 4920 apparuit,
2606 4864 2801 4902 omnes
2819 4855 2952 4902 sunt
2967 4851 3240 4919 generati.
3265 4851 3423 4906 Unde
3453 4859 3510 4908 et
3537 4856 3642 4910 Da-

2051 4941 2172 4996 vid:
2209 4939 2447 5004 Emittis,
2481 4936 2684 5008 inquit,
2707 4935 2982 5006 Spiritum
3005 4943 3184 5006 tuum,
3205 4946 3254 4994 et
3279 4944 3638 5015 creabantur,

2055 5036 2102 5085 et
2133 5029 2416 5083 renovabis
2443 5028 2644 5093 faciem
2675 5031 2833 5080 terra:
2863 5029 3026 5094 (Psal.
3056 5042 3176 5094 CIII,
3210 5028 3318 5098 30).
3361 5031 3646 5093 Nimirum

2055 5118 2228 5190 igitur
2251 5115 2482 5188 provida
2510 5115 2613 5170 Dei
2640 5115 2982 5186 dispensatio
3027 5116 3160 5172 hinc
3196 5118 3327 5173 inde
3374 5120 3650 5185 latissime

392 5207 556 5260 sancti
586 5210 1054 5264 concremandum
1092 5218 1128 5277 Ι
1149 5215 1271 5277 83
1290 5209 1650 5265 remittimus.
1681 5210 1977 5265 Verumta-
2058 5213 2230 5281 patet,
2266 5221 2390 5277 quae
2418 5210 2538 5258 tam
2565 5205 2840 5259 concinna
2857 5213 3337 5264 sacramentorum
3380 5219 3656 5285 mysteria

394 5306 512 5348 men
539 5296 830 5366 signanter
857 5299 1137 5354 credimus
1162 5318 1174 5367 ;
1196 5299 1469 5371 quidquid
1494 5299 1752 5354 columba
1779 5301 1978 5355 verita-
2058 5298 2192 5352 olim
2220 5294 2482 5350 Patribus
2508 5294 2799 5365 signanter
2824 5296 3062 5366 aperuit,
3087 5303 3364 5369 quatenus
3391 5318 3518 5358 cum
3551 5307 3662 5370 im.

398 5380 464 5436 tis
488 5383 556 5439 de
583 5387 817 5444 veritate
843 5388 1158 5445 columbam
1189 5388 1415 5460 docuit;
1447 5389 1618 5445 etiam
1644 5389 1856 5461 gratias
1870 5390 1980 5446 lar-
2059 5385 2201 5460 pleri
2223 5385 2519 5459 coapissent
2536 5383 3081 5455 cordacredentium,
3101 5385 3288 5461 potius
3308 5390 3676 5472 mirarentur
