3938 6174
346 226 450 281 175

1093 218 1150 273 S.
1193 213 1571 272 PASCHASH
1609 204 1971 268 RADBERTI
2009 202 2313 260 ABBATIS
2357 205 2846 266 CORBEIENSIS.

3483 222 3569 279 176

344 365 513 421 quam
541 347 600 402 in
629 347 818 417 aliquo
848 343 1190 399 dubitarent.
1221 342 1290 396 Et
1318 340 1443 394 ideo
1490 336 1584 409 qui
1632 335 1751 389 vult
1789 332 1935 386 inter
1954 328 1996 386 Α
2021 326 2245 421 quidem
2276 328 2371 398 qui
2397 330 2719 421 paenitendo
2749 334 2980 405 corrigit
3006 338 3195 411 aliqua
3214 358 3331 413 quae
3358 343 3495 411 fecit,
3516 363 3574 400 eo

342 437 559 492 medios
588 438 766 491 cleros
795 433 1085 499 columba},
1118 433 1280 502 cujus
1308 445 1503 501 pennae
1559 425 1936 493 deargentatae

341 528 611 598 leguntur
631 528 801 598 (Psal.
835 538 1006 589 LXVII,
1037 523 1146 588 14),
1173 520 1389 575 felicius
1407 534 1470 571 eo
1496 511 1938 578 uniri,exhibeat

344 616 414 671 de
442 633 501 671 se
528 615 777 670 moribus
805 612 953 685 quod
970 610 1229 666 columba
1257 606 1461 669 docuit,
1483 609 1540 659 et
1565 605 1757 657 teneat
1783 601 1933 653 calo-

342 722 462 760 rem
495 704 757 776 Spiritus,
789 703 964 757 donec
995 706 1146 754 totus
1174 698 1234 752 in
1263 696 1649 750 holocaustum
1692 689 1932 745 Domino

341 800 746 849 concremetur.
765 794 845 848 De
871 808 980 863 quo
1010 787 1276 844 nimirum
1305 786 1434 855 igne
1467 782 1680 837 Paulus
1706 780 1822 834 suis
1846 778 1931 832 di-

339 884 502 939 cebat
554 881 919 947 auditoribus,
966 878 1245 947 Spiritum
1294 877 1461 929 nolite
1507 875 1853 938 exstinguere
1886 868 1936 928 (Ι

344 974 517 1030 Thess.
550 991 601 1040 v,
636 971 741 1038 19).
774 970 917 1034 Quia
937 966 1185 1039 profecto
1221 965 1280 1019 in
1323 980 1432 1035 quo
1480 961 1628 1015 idem
1689 957 1932 1029 Spiritus

335 1061 525 1130 fuerit,
558 1061 845 1115 ardentem
883 1057 1035 1123 facit,
1081 1061 1138 1112 et
1177 1054 1249 1109 ad
1291 1052 1483 1108 omnia
1521 1050 1793 1103 virtutum
1840 1046 1930 1099 in-

333 1152 654 1215 citamenta,
696 1164 862 1219 quem
902 1143 1286 1209 illustraverit,
1327 1140 1599 1214 provehit,
1649 1143 1706 1191 et
1749 1151 1931 1190 corro-

336 1239 515 1294 borat.
547 1238 949 1292 Verumtamen
978 1234 1027 1289 si
1052 1232 1221 1304 capiti
1273 1236 1466 1285 nostro
1517 1227 1741 1282 Christo
1796 1225 1928 1278 Jesu

337 1327 549 1383 couniti
577 1327 731 1381 velut
760 1324 1020 1380 membra
1046 1323 1448 1384 cobzereamus,
1484 1321 1541 1372 et
1570 1333 1634 1371 ex
1677 1314 1929 1385 ejusdem

338 1416 551 1489 Spiritu
575 1416 633 1470 in
646 1415 823 1487 ipsius
838 1430 1070 1485 corpore
1089 1405 1733 1466 secunduminteriorem
1754 1402 1931 1457 homi-

336 1523 468 1561 nem
496 1506 649 1560 intus
676 1504 1039 1567 viviﬁcamur,
1072 1507 1221 1555 recte
1246 1496 1506 1553 columba
1541 1499 1772 1567 propter
1793 1493 1930 1547 sim-

334 1578 647 1667 plicitatem
674 1594 799 1649 vitae
827 1592 1185 1647 nominamur
1212 1593 1269 1643 et
1293 1604 1505 1643 sumus.
1539 1583 1803 1655 Alioquin
1832 1599 1929 1636 su-

2017 415 2135 486 ipse
2156 433 2265 487 quo
2280 418 2550 488 paenitere
2577 421 2864 491 probatur,
2884 424 3097 481 indicat
3111 429 3214 483 sibi
3234 431 3575 503 displicuisse,

2018 505 2150 559 dum
2165 512 2385 561 revocat
2400 509 2467 562 ad
2481 511 2932 568 emendationem
2948 517 3097 587 quod
3108 518 3578 577 fecit.Undeomni-

2013 601 2215 666 potens
2244 597 2394 651 Deus
2412 598 2580 653 Pater
2600 603 2878 671 quomodo
2897 604 3136 677 intelligi
3156 609 3332 679 possit
3344 608 3409 663 ab
3425 611 3582 665 homi-

2016 684 2179 738 nibus
2189 686 2351 755 juxta
2364 687 2674 743 humanum
2694 691 2921 746 modum
2942 694 3072 747 olim
3095 695 3377 752 locutusin
3398 699 3581 755 Genesi

2015 776 2248 846 paenitet
2272 793 2361 829 me
2377 776 2660 832 hominem
2683 779 2873 834 fecisse
2894 799 3063 853 super
3082 789 3314 851 terram,
3339 787 3430 842 ubi
3449 789 3582 859 quod

2013 864 2240 919 sibimet
2270 865 2648 937 displicuisset
2666 869 2724 922 in
2753 871 3137 940 peccatoribus
3160 892 3296 945 quos
3321 882 3585 932 creaverat

2015 958 2273 1024 patenter
2292 954 2559 1010 insinuat.
2583 958 2657 1010 At
2678 974 2805 1013 vero
2828 959 2884 1013 in
2905 961 3022 1015 solo
3046 961 3151 1017 sibi
3171 964 3460 1035 Unigenito
3479 967 3584 1021 Do-

2014 1042 2167 1097 mino
2180 1044 2208 1096 J
2213 1059 2310 1096 esu
2326 1044 2548 1099 Christo
2569 1048 2988 1117 complacuisse,
3007 1068 3172 1122 quem
3194 1053 3340 1108 inter
3350 1055 3585 1112 homines

2012 1137 2242 1202 propter
2269 1133 2492 1188 eosdem
2523 1135 2808 1191 hominem
2837 1146 3142 1209 creaverat,
3167 1149 3360 1215 aperta
3385 1162 3506 1200 voce
3524 1145 3585 1200 de

2010 1220 2166 1287 c0210,
2199 1226 2262 1276 ut
2284 1222 2389 1293 ipsi
2406 1232 2805 1294 cognoscerent
2825 1227 2975 1283 inter
2986 1247 3125 1302 quos
3139 1237 3195 1286 et
3213 1239 3436 1304 propter
3456 1250 3582 1306 quos

2010 1316 2256 1377 venerat,
2278 1312 2616 1367 manifestat.
2640 1316 2702 1369 In
2725 1316 2821 1370 illo
2847 1318 3054 1390 quippe
3075 1321 3288 1376 nullum
3314 1329 3584 1394 peccatum

2011 1398 2134 1466 fuit,
2171 1405 2228 1453 et
2254 1400 2378 1455 ideo
2398 1418 2569 1473 super
2587 1421 2716 1458 eum
2736 1422 2848 1459 non
2870 1408 3052 1463 solum
3078 1427 3190 1464 non
3211 1412 3482 1482 paenituit,
3499 1413 3586 1467 sed

2011 1487 2068 1571 in
2098 1488 2193 1543 illo
2225 1490 2494 1562 placitum
2526 1510 2691 1548 suum
2723 1496 3030 1551 constituit.
3065 1499 3146 1551 De
3166 1516 3276 1570 quo
3314 1500 3587 1555 Psalmista

2010 1581 2189 1640 canit:
2219 1584 2442 1636 Juravit
2472 1585 2741 1639 Dominus
2762 1591 2809 1639 et
2840 1603 2951 1641 non
2975 1591 3260 1657 pwnitebit
3286 1608 3426 1658 eum,
3459 1597 3512 1645 tu
3539 1608 3587 1646 es

335 1670 613 1757 pervacua
641 1699 739 1754 spe
762 1681 1074 1752 gloriamur
1100 1678 1171 1732 de
1198 1677 1377 1743 nobis,
1413 1675 1460 1729 si
1508 1690 1619 1728 non
1666 1688 1929 1726 curamus
1945 1685 1991 1745 Β
2008 1670 2267 1726 Sacerdos
2284 1674 2345 1726 in
2359 1678 2626 1727 externum
2642 1677 2941 1729 secundum
2960 1679 3209 1733 ordinem
3225 1680 3586 1735 Melchisedech

335 1773 648 1828 conformes
676 1771 799 1825 ﬁeri
841 1771 1002 1841 cujus
1050 1766 1304 1822 membra
1341 1763 1599 1819 dicimur.
1641 1762 1929 1826 Quatenus
2010 1761 2177 1827 (Psal.
2208 1774 2314 1822 (ΠΧ,
2349 1760 2429 1830 5).
2456 1754 2518 1815 In
2537 1778 2645 1832 quo
2651 1764 2780 1833 jure
2803 1763 3321 1837 sibicomplacuisse
3340 1774 3584 1837 testatur,

333 1879 435 1935 per
462 1864 646 1934 ipsum
676 1866 732 1915 et
759 1861 819 1914 in
861 1859 1047 1931 ipsum
1088 1856 1301 1928 Spiritu
1335 1859 1527 1909 sancto
1582 1850 1818 1906 recreati
1870 1849 1928 1903 in
2012 1865 2177 1918 quem
2210 1849 2280 1902 de
2309 1866 2411 1903 sua
2439 1849 2754 1907 substantia
2775 1854 3004 1909 unicum
3053 1862 3223 1928 atque
3264 1863 3585 1914 coarternum

330 1953 508 2008 beatae
536 1948 979 2006 immortalitatis
1020 1947 1259 2001 formam
1304 1944 1542 2017 feliciter
1592 1937 1925 2010 conﬁgurati
2010 1936 2115 1990 sibi
2154 1938 2797 2012 consubstantialemque
2823 1950 3099 2013 genuerat
3128 1946 3589 2011 Filium.Quiuti-

332 2041 760 2096 transferamur.
794 2038 904 2094 Sed
932 2043 997 2092 ut
1026 2036 1076 2090 ei
1105 2035 1323 2090 firmius
1368 2034 1763 2096 inhaereamus,
1816 2029 1925 2082 Pa-
2008 2043 2115 2097 que
2135 2026 2338 2080 missus
2352 2044 2452 2098 pro
2468 2027 2628 2082 nobis
2654 2029 2724 2083 ad
2744 2029 3166 2100 incarnandum,
3198 2034 3442 2090 Verbum
3470 2052 3588 2091 caro

332 2131 435 2185 tris
464 2131 702 2202 desuper
731 2126 1043 2183 intonantis
1080 2140 1274 2180 vocem
1321 2120 1646 2193 diligentius
1703 2121 1927 2190 oportet
2006 2114 2214 2171 factum
2242 2123 2328 2171 est
2359 2123 2416 2172 et
2447 2118 2716 2173 habitavit
2740 2119 2797 2173 in
2824 2120 3017 2190 nobis;
3052 2128 3109 2177 et
3138 2123 3265 2178 ideo
3321 2141 3442 2179 vere
3489 2125 3587 2181 sibi

329 2220 543 2277 audire,
2008 2205 2063 2258 in
2093 2205 2187 2259 illo
2218 2207 2573 2277 complacuit,
2619 2209 2710 2279 qui
2756 2226 2821 2263 ex
2859 2226 2961 2265 suo
3008 2211 3058 2265 ei
3104 2214 3584 2269 consubstantialis

398 2309 501 2362 llic
517 2312 591 2360 est
605 2306 782 2360 Filius
802 2319 953 2358 meus
968 2302 1287 2367 dilectus,in
1304 2315 1409 2367 quo
1433 2296 1575 2350 mihi
1592 2312 1702 2349 com
1710 2295 1918 2363 placui.
2006 2295 2239 2358 exstitit,
2275 2301 2328 2349 et
2357 2312 2422 2349 ex
2444 2302 2634 2351 nostro
2658 2314 2802 2352 unus
2826 2305 2865 2364 ι
2882 2305 3008 2365 86
3026 2300 3290 2374 idemque
3310 2304 3583 2371 filius,non

329 2396 491 2462 Quod
512 2400 570 2450 et
597 2395 693 2448 alii
723 2394 854 2459 duo,
906 2393 1128 2447 Marcus
1175 2387 1431 2443 videlicet
1489 2385 1545 2455 (Ι,
1596 2384 1621 2438 1
1646 2384 1685 2452 Ι)
1755 2386 1923 2452 atque
2005 2399 2185 2450 suam,
2211 2384 2308 2438 sed
2335 2386 2455 2455 ejus
2477 2403 2509 2439 a
2531 2403 2641 2457 quo
2665 2386 2867 2441 missus
2890 2393 2975 2442 est
3003 2388 3061 2444 in
3113 2391 3373 2447 omnibus
3402 2393 3585 2448 volun-

329 2486 507 2541 Lucas
534 2485 633 2555 (In,
665 2483 775 2553 2‘2),
794 2479 1053 2536 similiter
1069 2478 1385 2541 ediderunt,
1411 2474 1521 2529 nisi
1549 2472 1695 2544 quod
1716 2471 1785 2525 de
1806 2488 1924 2524 ver-
2005 2477 2180 2527 tatem
2212 2473 2361 2528 fecit.
2396 2474 2749 2547 Quapr0pter
2772 2477 2868 2547 qui
2883 2478 3038 2548 cupit
3056 2479 3171 2533 Deo
3190 2480 3346 2535 Patri
3359 2482 3584 2553 placere,

326 2573 523 2629 borum
546 2570 914 2627 consonantia
937 2568 1173 2629 variant,
1200 2566 1351 2620 salva
1368 2570 1559 2618 tamen
1582 2561 1703 2632 pari
1733 2577 1919 2615 rerum
2005 2579 2117 2616 non
2145 2563 2205 2616 in
2234 2580 2313 2629 se,
2347 2569 2448 2618 aut
2464 2565 2623 2635 quasi
2654 2583 2721 2619 ex
2738 2566 2854 2620 suis
2865 2566 3082 2623 actibus
3102 2568 3208 2624 sibi
3230 2570 3583 2642 complaceat,

326 2663 384 2718 in
415 2662 669 2734 utrisque.
694 2658 1085 2730 intelligentia.
1118 2657 1263 2711 Nam
1289 2653 1422 2725 quia
1438 2650 1735 2707 Mattheus
1763 2648 1917 2714 dicit,
2003 2650 2116 2705 imo
2146 2651 2439 2722 displiceat
2458 2653 2564 2707 sibi
2589 2654 2646 2707 in
2674 2672 2753 2720 se,
2781 2661 2845 2710 ut
2874 2660 3025 2712 totus
3056 2657 3116 2712 in
3151 2658 3247 2713 illo
3294 2676 3395 2732 per
3429 2660 3587 2715 fidem

322 2755 426 2808 Hic
453 2757 525 2806 est
559 2752 733 2806 Filius
762 2763 931 2815 meus,
989 2752 1047 2802 et
1085 2744 1285 2816 reliqui
1334 2743 1465 2809 duo,
1520 2743 1596 2796 Tu
1647 2757 1696 2794 es
1747 2739 1921 2792 Filius
2005 2745 2057 2794 et
2088 2740 2419 2796 charitatem
2446 2744 2838 2814 transpositus,
2868 2745 2927 2800 in
2960 2763 3068 2818 quo
3098 2747 3274 2802 Pater
3312 2749 3418 2803 sibi
3445 2766 3586 2804 com-

324 2858 477 2896 meus
504 2842 751 2903 dilectus,
805 2839 876 2892 ad
934 2835 1191 2891 eamdem
1246 2831 1586 2887 sententiam
1639 2827 1920 2900 explican-
2005 2830 2232 2901 placuit,
2263 2831 2498 2901 placeat,
2529 2837 2586 2885 et
2610 2850 2711 2903 per
2738 2851 2866 2888 eum
2895 2836 3288 2892 reconciliatus
3313 2838 3409 2893 ira:
3425 2839 3583 2905 ﬁlius,

324 2931 455 2984 dam
482 2936 784 2999 utrumque
813 2928 984 2995 valet,
1021 2925 1167 2980 sicut
1204 2925 1325 2994 jam
1372 2937 1542 2992 supra
1589 2923 1645 2973 et
1692 2918 1749 2971 in
1796 2916 1921 2971 aliis
1936 2961 1980 2999 η
2006 2919 2151 2973 ﬁlius
2177 2937 2276 2991 per
2306 2921 2660 2991 adoptionem
2674 2923 2773 2978 Dei
2790 2925 2907 2978 fiat.
2927 2925 3189 2997 Alioquin
3211 2928 3311 2998 qui
3328 2928 3396 2982 de
3418 2946 3476 2983 se
3489 2926 3587 2982 sibi

322 3018 459 3073 locis
515 3034 638 3089 quae
693 3017 990 3071 dissentire
1047 3014 1326 3079 videntur,
1387 3008 1647 3064 concordi
1708 3005 1915 3060 intelli-

322 3107 514 3177 gentia
570 3122 746 3160 unum
806 3121 900 3159 eos
956 3103 1166 3157 sentire
1224 3100 1534 3156 docuimus.
1590 3097 1709 3152 Vox
1767 3095 1915 3150 enim

322 3196 426 3250 Dei
486 3195 673 3249 Patris
733 3194 803 3247 de
860 3192 1009 3247 'coelo
1064 3207 1239 3246 unum
1294 3190 1495 3244 horum
1564 3186 1739 3251 dixit,
1817 3185 1914 3238 sed

321 3283 678 3355 Evangelista
717 3281 892 3337 voluit
936 3280 1229 3337 ostendere
1275 3280 1347 3333 ad
1387 3278 1445 3332 id
1501 3277 1651 3349 quod
1702 3275 1914 3328 dictum

322 3379 409 3429 est
434 3374 619 3428 valere
652 3374 749 3427 llic
776 3378 849 3426 est
888 3373 1064 3426 Filius
1093 3387 1263 3436 meus,
1302 3373 1368 3423 ut
1416 3367 1528 3421 illis
1578 3366 1765 3437 potius
1819 3363 1915 3435 qui

327 3467 512 3531 195
532 3461 855 3528 audiebant,
885 3461 1082 3531 utique
1113 3459 1261 3531 quod
1291 3458 1408 3530 ipse
1441 3460 1589 3511 esset
1615 3454 1716 3509 Dei
1740 3454 1914 3508 Filius

322 3557 515 3625 aperte
544 3550 905 3606 indicaretur.
927 3550 995 3604 Et
1009 3549 1135 3603 ideo
1160 3548 1241 3603 ita
1254 3548 1466 3602 dictum
1486 3545 1693 3599 referre
1716 3543 1910 3610 voluit,

321 3641 469 3714 quod
498 3645 767 3697 sonuerat
790 3658 801 3692 :
841 3641 918 3693 Tu
944 3656 993 3693 es
1022 3640 1199 3693 Filius
1224 3654 1378 3692 meus
1395 3638 1643 3700 dilectus,
1664 3649 1728 3687 ac
1741 3631 1913 3686 siillis

319 3731 601 3787 diceretur
629 3729 724 3802 qui
755 3729 1007 3795 aderant,
1043 3724 1479 3782 demonstrantis
1514 3723 1780 3778 obtentu:
1814 3722 1917 3776 llic

317 3828 393 3879 est
413 3824 587 3878 Filius
608 3838 760 3876 meus
781 3822 1029 3876 dilectus.
1053 3817 1195 3884 Quia
1221 3830 1579 3887 nequaquam
1594 3812 1815 3867 Christo
1835 3811 1917 3864 in-

318 3912 610 3967 dicabatur
629 3910 780 3983 quod
806 3910 927 3981 ipse
957 3909 1026 3964 de
1051 3924 1110 3962 se
1140 3905 1370 3972 sciebat,
1406 3904 1503 3959 sed
1536 3901 1748 3957 eisdem
1787 3917 1912 3973 pro-

316 4006 444 4071 pter
471 4018 608 4072 quos
628 4001 698 4054 ad
729 4016 872 4070 quos
896 4000 1018 4069 ipsa
1046 4013 1150 4050 vox
1177 3994 1442 4050 divinitus
1471 3993 1541 4046 dc
1585 3991 1722 4045 coelo
1764 3989 1912 4044 facta

318 4090 455 4144 est.J
460 4106 550 4142 am
566 4106 699 4142 vero
719 4087 864 4157 quod
880 4086 1023 4139 alius
1042 4083 1193 4148 dicit,
1217 4085 1280 4137 In
1293 4098 1397 4151 quo
1418 4082 1562 4136 mihi
1581 4098 1691 4136 com
1697 4081 1906 4150 placui,

317 4177 460 4231 alius
479 4178 547 4231 In
573 4183 619 4229 te
649 4177 997 4243 complacuit,
1020 4177 1190 4243 atque
1236 4170 1379 4225 alius
1409 4172 1475 4226 In
1506 4175 1553 4223 te
1578 4171 1909 4239 complacuit

316 4266 461 4319 mihi
492 4282 505 4317 :
538 4264 587 4318 si
620 4262 821 4335 quaeris
850 4261 983 4332 quid
1012 4261 1216 4315 horum
1243 4258 1303 4315 in
1331 4259 1429 4313 illa
1469 4275 1601 4313 voce
1633 4256 1903 4325 sonuerit,

316 4352 604 4425 quodlibet
630 4351 816 4423 accipe
840 4351 1091 4416 devotus,
1122 4349 1426 4404 dummodo
1448 4346 1728 4417 intelligas
1758 4344 1904 4412 illos,

313 4442 444 4498 licet
462 4442 696 4497 diversis
719 4440 918 4507 verbis,
943 4456 1117 4495 unam
1148 4439 1406 4494 eamdem
1420 4437 1737 4492 intellectus
1759 4439 1908 4489 retu-

310 4532 442 4586 lisse
470 4530 827 4586 sententiam.
857 4528 1017 4595 Quia,
1044 4527 1149 4583 etsi
1178 4544 1323 4582 unus
1351 4541 1545 4582 eorum
1562 4523 1791 4596 propria
1807 4539 1904 4578 vo-

312 4619 390 4676 cis
417 4620 585 4675 verba
606 4619 792 4675 tenuit
811 4635 933 4691 qua:
953 4622 1279 4683 sonuerant,
1295 4616 1438 4671 alius
1450 4621 1643 4670 tamen
1665 4613 1735 4668 ad
1747 4630 1903 4668 cam-

311 4710 441 4766 dem
469 4709 807 4765 sententiam
836 4707 1169 4762 familiarius
1201 4705 1586 4777 explicandam
1615 4703 1783 4758 verba
1814 4720 1905 4757 va-

313 4800 488 4855 riasse
513 4816 624 4853 non
655 4797 895 4853 absurde
920 4797 1272 4867 intelligitur.
1299 4796 1386 4851 Ita
1421 4796 1696 4849 duntaxat
1724 4798 1789 4847 ut
1833 4792 1902 4847 ab

308 4888 568 4963 omnibus
587 4888 665 4943 sic
683 4888 892 4943 dictum
905 4886 1274 4957 intelligatur,
1297 4891 1567 4956 tanquam
1586 4883 1896 4937 diceretur:

304 4979 366 5034 in
390 4984 446 5033 te
474 4978 739 5052 placitum
771 4993 961 5031 meum
994 4974 1278 5030 constitui.
1313 4974 1431 5028 Hoc
1450 4978 1553 5039 est,
1586 4973 1644 5027 in
1673 4978 1731 5027 te
1750 4971 1898 5027 volui

304 5058 492 5141 agere,
526 5067 658 5140 quia
687 5067 745 5121 in
775 5066 956 5139 primo
981 5065 1162 5119 Adam
1193 5063 1331 5117 mihi
1358 5062 1663 5134 displicuit,
1698 5067 1755 5117 et
1798 5078 1899 5133 per

305 5174 436 5214 eum
464 5174 658 5212 omnes
684 5155 845 5229 quasi
872 5155 932 5209 in
956 5149 1141 5208 massa
1159 5152 1291 5206 facti
1320 5158 1452 5206 sunt
1468 5152 1567 5206 irae
1582 5150 1781 5217 ﬁlii,ut
1797 5166 1898 5222 per

301 5252 359 5303 te
372 5263 584 5311 omnes,
602 5263 740 5318 quos
760 5242 1146 5317 prmdestinavi
1165 5242 1235 5296 ad
1251 5242 1439 5308 vitam,
1455 5240 1714 5312 placeant
1733 5239 1889 5296 mihi.

300 5333 498 5409 Itaque
519 5334 665 5389 sicut
680 5335 739 5389 in
757 5333 1053 5406 principio,
1066 5334 1291 5386 Pamitet
1312 5346 1396 5384 me
1415 5332 1599 5399 fecisse
1611 5331 1891 5384 hominem

301 5426 449 5497 (Gen.
480 5439 558 5492 v1,
588 5424 660 5494 7),
691 5424 771 5479 ita
792 5428 865 5490 et,
898 5425 963 5476 in
994 5428 1040 5476 te
1064 5422 1388 5490 eomplacui,
1419 5423 1697 5490 quatenus
1717 5423 1774 5473 et
1790 5435 1893 5491 per

296 5508 481 5589 teipsi
511 5513 608 5587 qui
630 5511 870 5588 praesciti
898 5516 1049 5581 sunt,
1088 5509 1348 5585 placeant
1373 5507 1534 5565 mihi.
1566 5507 1763 5565 Omnis
1810 5506 1888 5563 si-

2001 3009 2310 3079 applaudit,
2332 3010 2488 3081 quasi
2504 3028 2566 3063 ex
2580 3028 2639 3066 se
2653 3012 2711 3066 in
2725 3019 2998 3083 quantum
3029 3031 3143 3069 non
3163 3016 3319 3071 illius
3336 3017 3588 3072 counitur

1997 3096 2287 3163 voluntati,
2321 3115 2450 3152 reus
2474 3099 2673 3168 adhuc,
2707 3102 2957 3156 nondum
2983 3108 3046 3157 ut
3064 3110 3286 3174 oportet
3305 3105 3452 3177 patri
3480 3105 3587 3176 pla-

1997 3202 2128 3240 cens
2160 3203 2281 3241 esse
2310 3188 2675 3243 convincitur.
2709 3190 2922 3246 Idcirco
2952 3198 3008 3246 et
3043 3192 3100 3247 in
3144 3194 3404 3249 oratione
3452 3193 3585 3248 dici-

2000 3292 2157 3330 mus:
2193 3277 2313 3329 Fiat
2342 3280 2594 3331 voluntas
2626 3284 2742 3346 tua,
2776 3282 2915 3334 sicut
2947 3283 3009 3334 in
3044 3286 3187 3349 creto,
3230 3288 3279 3336 et
3330 3286 3394 3337 in.
3442 3289 3584 3337 terra

2002 3366 2144 3433 (Luc.
2180 3381 2232 3431 II,
2265 3365 2341 3436 2),
2371 3371 2648 3437 quatenus
2680 3372 2965 3423 terrenum
3001 3375 3260 3426 nostrum
3308 3389 3474 3427 omne
3509 3370 3585 3425 illi

1997 3453 2326 3509 cohaerendo
2355 3456 2579 3510 caeleste
2617 3452 2732 3524 ﬁat,
2766 3463 2823 3512 et
2862 3458 2936 3512 sit
2965 3458 3101 3514 illud
3147 3460 3295 3532 quod
3337 3462 3486 3517 idem
3522 3460 3587 3515 de

1996 3542 2156 3597 nobis
2176 3544 2246 3597 ad
2267 3544 2493 3598 Patrem
2524 3546 2604 3599 ait
2630 3564 2642 3599 :
2689 3548 2823 3613 Volo,
2856 3549 3035 3613 Pater,
3072 3554 3133 3602 ut
3160 3552 3305 3604 sicut
3329 3568 3423 3619 ego
3451 3556 3499 3605 et
3529 3556 3585 3605 tu

1998 3649 2179 3687 unum
2204 3650 2418 3697 sumus,
2448 3638 2529 3688 ita
2556 3640 2604 3689 et
2630 3638 2736 3704 ipsi
2764 3639 2824 3689 in
2865 3639 3018 3691 nobis
3048 3651 3229 3692 unum
3257 3642 3376 3695 sint
3407 3643 3580 3708 (Joan.

1996 3736 2126 3789 va},
2157 3721 2266 3793 71).
2296 3723 2557 3787 Quolibet
2585 3729 2767 3795 pacto,
2794 3724 2903 3779 nisi
2927 3732 3010 3791 ut,
3042 3726 3187 3781 sicut
3216 3728 3388 3784 Pater
3415 3734 3471 3785 et
3498 3729 3588 3783 Fi-

1997 3811 2106 3866 lius
2134 3828 2311 3866 unum
2342 3817 2475 3866 sunt
2504 3829 2605 3883 per
2628 3812 3022 3882 substantiam,
3056 3815 3137 3869 ita
3156 3821 3214 3870 et
3237 3832 3341 3872 nos
3369 3818 3427 3873 in
3457 3817 3588 3889 ipsis

1997 3904 2173 3955 unum
2200 3900 2375 3955 simus
2404 3917 2505 3972 per
2528 3901 2768 3972 gratiam
2796 3902 2824 3956 ?
2853 3908 2910 3957 et
2930 3904 3037 3959 hoc
3064 3908 3247 3959 totum
3276 3906 3404 3961 ideo
3433 3907 3582 3962 futu-

1992 4006 2139 4055 rum,
2165 3989 2297 4061 quia
2321 3989 2380 4044 in
2399 3990 2494 4043 illo
2504 3991 2772 4061 placitum
2795 4009 2961 4047 suum
2974 3994 3284 4061 constituit,
3308 4002 3584 4067 quatenus

1990 4095 2092 4151 per
2120 4095 2246 4134 eum
2276 4079 2359 4134 illi
2391 4080 2449 4133 in
2478 4079 2598 4151 ipso
2622 4081 2842 4151 placere
2868 4082 3169 4153 possimus.
3195 4084 3583 4141 Etnotandum

1992 4169 2139 4239 quod
2172 4168 2504 4240 mysterium
2530 4168 2821 4225 Trinitatis
2841 4171 2899 4225 in
2927 4172 3031 4227 hoc
3058 4171 3397 4245 baptismate
3426 4191 3582 4247 aper-

1989 4257 2205 4311 tissime
2226 4259 2580 4330 praidicatur.
2603 4260 2690 4314 Ita
2707 4264 2772 4316 ut
2789 4276 2901 4315 non
2914 4262 3094 4317 solum
3134 4262 3380 4319 Trinitas
3411 4265 3580 4319 totius

1991 4348 2101 4417 maj
2110 4348 2303 4403 estatis
2332 4348 2746 4404 evidentissime
2760 4349 3123 4421 intelligibilis
3143 4351 3481 4421 declaretur,
3494 4369 3582 4408 ve-

1990 4453 2117 4493 rum
2146 4437 2315 4492 etiam
2343 4437 2617 4493 sensibilis
2646 4438 3075 4510 quodammodo,
3108 4458 3235 4495 cum
3264 4440 3338 4496 sit
3363 4441 3580 4498 incom-

1988 4526 2400 4600 prehensibilis,
2427 4544 2492 4582 ac
2520 4527 2568 4582 si
2592 4527 2873 4599 corporeis
2900 4528 3155 4584 sensibus
3193 4530 3481 4600 distincta,
3511 4530 3581 4586 ad

1986 4616 2413 4688 intelligendum
2442 4615 2566 4671 luce
2593 4615 2799 4672 clarius
2825 4622 3217 4689 pertractetur.
3244 4620 3416 4675 Pater
3440 4620 3583 4676 scili-

1986 4712 2073 4762 cet
2099 4707 2169 4761 ad
2201 4706 2404 4761 Filium
2431 4707 2680 4760 clamans
2698 4704 2758 4761 in
2788 4723 2936 4773 voce,
2959 4706 3219 4779 idemque
3236 4708 3409 4763 Filius
3428 4725 3580 4764 vera-

1985 4796 2124 4851 citer
2146 4796 2396 4850 humana
2428 4800 2594 4850 natus
2614 4792 2672 4849 in
2701 4810 2867 4851 carne
2894 4794 2964 4851 ab
2995 4796 3117 4868 ipso
3146 4798 3312 4852 Patre
3344 4798 3575 4870 diligen-

1982 4885 2094 4940 tius
2123 4883 2460 4956 praedicatur
2487 4903 2498 4951 ;
2526 4883 2769 4956 Spiritus
2782 4902 2910 4940 vero
2924 4890 3149 4940 sanctus
3171 4903 3342 4958 super
3370 4904 3499 4942 eum
3514 4888 3574 4943 in

1983 4973 2242 5029 columba
2269 4974 2705 5030 demonstratur.
2736 4975 2843 5053 Sed
2873 4980 2930 5029 et
2959 4992 3058 5047 per
3095 4974 3278 5047 ipsam
3306 4976 3570 5047 plurima,

1982 5080 2104 5136 quae
2133 5065 2376 5118 Joannes
2397 5063 2579 5118 adhuc
2607 5064 2676 5118 de
2709 5064 2930 5119 Christo
2958 5062 3271 5135 ignorabat,
3308 5064 3572 5121 divinitus

1980 5153 2261 5219 educetur,
2286 5152 2662 5224 impleturque
2686 5152 2823 5207 inibi
2846 5153 3125 5207 tumillud
3146 5153 3567 5225 propheticum:

1991 5242 2093 5297 νοω
2102 5244 2329 5297 Domini
2340 5258 2504 5311 super
2516 5258 2709 5311 aquas,
2723 5243 2863 5296 Deus
2879 5246 3182 5310 majestatis
3200 5243 3577 5308 intonuit,1)o-

1976 5334 2166 5386 minus
2191 5347 2354 5400 super
2373 5348 2547 5399 aquas
2572 5334 2776 5385 multas
2809 5333 2974 5400 (Psal.
3020 5346 3213 5398 xxvm,
3249 5330 3324 5402 3).
3361 5331 3573 5386 Praedi-

1975 5425 2135 5475 catur
2163 5436 2296 5490 ergo
2321 5437 2355 5475 a
2383 5420 2549 5474 Patre
2578 5419 2769 5488 Filius,
2794 5420 3130 5492 praedicatur
3155 5438 3191 5475 a
3217 5420 3431 5492 Spiritu
3443 5437 3569 5475 san-

1975 5514 2082 5580 cto,
2112 5508 2448 5582 praedicatur
2471 5502 2642 5566 etiam
2666 5525 2703 5566 a
2730 5509 2913 5584 seipso
2942 5509 3078 5567 dum
3117 5510 3187 5567 de
3231 5526 3292 5566 se
3336 5509 3567 5568 Patrem
