3938 6174
378 339 469 399 177

1128 346 1513 408 EXPOSITIO
1550 352 1631 410 IN
1667 355 2114 419 ΜΑΤΤΗᾸΞΙῙΜ.
2157 394 2223 407 -
2259 364 2398 422 LIB.
2440 364 2513 433 II,
2555 362 2713 420 CAP.
2752 358 2853 419 III.

3533 363 3635 422 178

370 466 630 560 insinuat,
664 473 724 560 et
746 486 920 560 unum
948 486 1008 526 se
1032 487 1153 528 esse
1178 489 1305 529 cum
1335 472 1502 529 Patre
1530 480 1773 535 testatur
1799 501 1809 537 :
1847 484 1955 553 Ego
1971 487 2021 546 A
2038 490 2123 541 tes
2147 487 2391 560 impetus
2417 487 2608 555 vincit,
2635 485 2935 541 ebrietates
2963 484 3237 558 reprimit,
3259 487 3481 559 repellit
3497 505 3629 545 vero

370 562 415 610 et
440 558 619 614 Pater.
668 558 872 630 inquit,
922 576 1105 614 unum
1134 578 1323 617 sumus
1356 563 1538 635 (Joan.
1576 583 1627 631 Χ,
1666 566 1772 639 30).
1814 571 1959 636 Quid

366 644 535 716 igitur
560 647 710 702 ultra
740 665 899 702 mens
926 648 1024 703 tali
1055 656 1253 706 renata
1282 660 1632 709 sacramento
1653 658 1956 716 dubitatio-

366 734 447 788 nis
469 737 681 805 poterit
706 736 913 792 habere
944 738 1003 793 in
1033 739 1161 805 ﬁde,
1195 758 1320 795 cum
1352 759 1464 797 uno
1493 745 1801 819 eodemque
1832 767 1957 806 mo-

364 829 550 879 mento
579 824 765 881 Patris
786 843 888 880 vox
906 828 975 882 ad
1001 844 1104 882 nos
1133 830 1361 901 delapsa
1388 832 1591 887 Filium
1613 835 1673 889 in
1702 839 1863 909 aquis
1883 840 1959 893 vi-

364 911 600 967 sibiliter
624 921 991 987 apparentem
1029 918 1314 989 praedicat,
1347 927 1404 975 et
1452 922 1694 994 Spiritus
1732 934 1958 986 sanctus

358 998 595 1073 desuper
620 1003 681 1057 in
707 1004 967 1060 columba
1015 1023 1138 1077 quae
1186 1009 1477 1066 sentienda
1504 1011 1620 1067 sint
1646 1014 1716 1069 de
1745 1032 1809 1071 eo
1841 1019 1956 1072 evi-

360 1088 583 1146 dentius
606 1092 845 1148 edocet?
873 1095 1033 1159 Quod
1088 1096 1136 1150 si
1189 1114 1324 1152 sane
1353 1099 1409 1153 in
1460 1117 1555 1155 ore
1601 1104 1840 1160 duorum
1869 1109 1953 1165 vel

354 1180 524 1234 trium
561 1183 791 1237 testium
829 1184 1002 1239 stabit
1030 1201 1193 1240 omne
1222 1187 1471 1256 verbum,
1520 1193 1697 1247 multo
1734 1195 1954 1253 ﬁrmius

356 1274 502 1324 recte
518 1272 870 1343 accipiturde
891 1290 949 1328 se
968 1274 1237 1343 Patris,et
1251 1277 1395 1344 Filii,
1421 1296 1485 1333 ac
1502 1280 1742 1353 Spiritus
1771 1289 1948 1343 sancti

348 1356 827 1417 testimonium.In
858 1363 962 1417 hac
983 1365 1189 1436 quippe
1225 1366 1333 1420 ﬁde
1358 1369 1539 1423 renati
1565 1388 1780 1440 sumus,
1813 1377 1948 1447 quid

352 1463 491 1519 opus
519 1455 609 1503 est
630 1450 791 1505 nobis
820 1453 1061 1523 amplius
1091 1455 1160 1508 de
1201 1455 1308 1509 ﬁde
1365 1459 1523 1528 quasi
1552 1459 1749 1516 dubios
1773 1469 1949 1520 retra-

345 1541 496 1591 ctare
518 1544 542 1592 Ρ
562 1539 912 1612 Praeceptum
956 1547 991 1605 Ι
1010 1547 1126 1609 8:
1162 1549 1245 1598 est
1275 1544 1467 1616 itaque
1492 1551 1758 1620 apostolis
1783 1571 1794 1606 :
1828 1556 1905 1609 Ite
1925 1575 1943 1622 ,-

348 1627 525 1679 ἀοι-σεε
542 1644 729 1682 omnes
740 1636 942 1699 gentes,
963 1632 1301 1700 baptizantes
1314 1652 1397 1689 eos
1418 1639 1477 1691 in
1492 1643 1714 1694 nomine
1742 1644 1944 1712 Patris,

339 1719 385 1767 et
412 1717 571 1781 Filii,
603 1722 653 1770 et
679 1717 926 1786 Spiritus
975 1724 1156 1776 sancti
1186 1722 1361 1793 (.llatt.
1394 1741 1587 1793 xxvm,
1628 1726 1729 1798 l9).
1764 1731 1828 1785 In
1847 1748 1945 1787 no-

2040 577 2355 645 avaritiam,
2398 584 2436 643 ι
2454 582 2576 643 88
2598 582 2655 631 et
2681 577 2872 632 omnia
2892 575 3087 639 mundi
3116 575 3525 633 oblectamenta
3548 579 3632 634 fu-

2037 671 2154 736 gat,
2189 667 2523 722 charitatem
2553 666 2702 721 inter
2727 682 2975 737 quosque
3005 665 3198 732 nectit,
3228 681 3451 721 morum
3499 668 3629 723 atl‘e-

2039 756 2254 812 ctiones
2283 757 2586 829 componit,
2614 756 2866 827 regulam
2900 754 3145 809 veritatis
3165 753 3624 828 ubiqueexpedit,

2038 844 2332 901 haereticos
2363 828 2615 913 revincit,
2647 844 2932 915 improbos
2972 860 3100 897 vero
3143 842 3291 898 foras
3320 845 3512 899 mittit.
3545 828 3626 900 De

2039 934 2145 988 hoc
2159 934 2364 1006 quippe
2384 934 2683 1007 Apostolus
2694 934 2987 988 manifeste
3006 932 3164 986 dicit:
3185 935 3326 1000 Quia
3355 937 3418 988 in
3451 938 3627 989 novis-

2037 1026 2198 1079 simis
2231 1026 2561 1094 temporibus
2590 1026 2833 1078 recedent
2855 1024 3083 1092 quidam
3109 1039 3144 1075 a
3159 1024 3277 1090 fide,
3292 1025 3625 1078 attendentes

2033 1117 2220 1185 spirit:
2230 1116 2325 1168 bus
2337 1115 2659 1167 scductoriis
2672 1118 2716 1166 et
2730 1114 2997 1166 doctrinis
3016 1113 3437 1180 damoniorum;
3452 1119 3501 1167 et
3520 1114 3627 1181 hy-

2027 1207 2238 1275 pocrisi
2249 1208 2539 1273 loquentes,
2558 1204 2955 1255 cauterizatam
2970 1202 3220 1255 habentes
3230 1204 3623 1257 conscientiam

2030 1310 2190 1349 suam
2216 1295 2268 1362 (Ι
2288 1294 2425 1347 Tim.
2448 1306 2520 1358 IV,
2548 1289 2617 1361 l).
2643 1290 2747 1354 Qui
2766 1294 2915 1343 certe
2944 1289 2991 1343 si
3021 1289 3291 1361 Spiritum
3320 1289 3423 1344 Dei
3449 1290 3623 1346 habe-

2029 1384 2175 1443 rent,
2212 1392 2569 1449 nequaquam
2581 1374 2840 1445 deinceps
2860 1372 3080 1445 spiritui
3099 1374 3413 1429 seductorio
3440 1376 3621 1430 credi-

2028 1468 2262 1533 dissent,
2282 1466 2414 1536 quia
2448 1480 2613 1518 nemo
2630 1463 2687 1517 in
2713 1461 2926 1532 Spiritu
2944 1460 3046 1515 Dei
3066 1461 3301 1532 loquens
3326 1461 3465 1517 dicit
3491 1479 3625 1517 ana-

2029 1557 2223 1611 thema
2242 1557 2269 1610 J
2275 1573 2392 1610 esu.
2419 1554 2528 1609 Sed
2552 1553 2683 1624 quia
2705 1567 2899 1605 omnes
2919 1550 3125 1620 signati
3146 1555 3279 1604 sunt
3293 1567 3327 1604 a
3347 1552 3620 1623 principio

2028 1644 2187 1714 signo
2204 1643 2329 1698 ﬁdei
2351 1643 2408 1696 in
2433 1641 2675 1707 Christo,
2708 1639 2913 1694 mirum
2932 1655 3033 1692 cur
3056 1638 3377 1709 quampluri
3402 1646 3617 1711 postea,

2026 1734 2179 1788 aliud
2211 1733 2501 1803 eligentes,
2526 1728 2773 1785 haeretici
2798 1728 2929 1782 facti
2950 1728 3177 1791 sunt,Et
3197 1728 3331 1798 quid
3352 1727 3422 1784 ob
3440 1728 3615 1799 aliud,

339 1803 492 1903 mine
523 1821 659 1875 ergo
681 1821 808 1860 cum
834 1807 991 1875 dixit,
1022 1826 1198 1865 unum
1231 1829 1326 1867 eos
1356 1816 1620 1879 ostendit,
1654 1819 1802 1889 quod
1834 1820 1938 1875 tri-
1956 1845 2000 1903 Β
2026 1822 2135 1877 nisi
2168 1822 2298 1894 quia
2327 1821 2572 1893 primam
2602 1819 2769 1873 ﬁdem
2799 1818 3017 1872 irritam
3044 1817 3316 1885 fecerunt,
3348 1824 3423 1886 et,
3456 1822 3619 1891 quasi

339 1890 443 1947 bus
475 1893 800 1983 nominibus
828 1898 964 1951 satis
1018 1900 1088 1952 ad
1146 1900 1569 1973 intelligendum
1608 1890 1998 1965 Trinitatem”
2024 1890 2227 1966 novam
2259 1890 2572 1983 quaerentes
2603 1908 2791 1971 ﬁdem,
2815 1924 2849 1961 a
2876 1907 2987 1961 ﬁde
3007 1907 3139 1961 facti
3168 1912 3301 1961 sunt
3323 1890 3618 1965 extorres?

336 1982 563 2052 egregie
593 1983 868 2039 distinxit.
904 1987 1063 2041 Unde
1100 1990 1417 2063 quicunque
1437 1999 1586 2048 recte
1632 1999 1940 2054 secundum
2025 1982 2369 2056 Erraverunt
2393 2003 2584 2053 autem
2612 2014 2647 2051 a
2666 1996 2828 2051 vulva
2843 1996 3059 2061 matris,
3087 1995 3619 2054 videlicetreceden-

334 2071 670 2126 catholicam
700 2074 869 2128 ﬁdem
899 2074 1162 2146 baptizati
1190 2085 1340 2147 sunt,
1362 2098 1502 2136 sane
1513 2090 1647 2138 sunt
1666 2088 1864 2153 renati,
1885 2094 1942 2143 et
2022 2095 2108 2144 tes
2138 2106 2172 2143 a
2197 2089 2305 2143 ﬁde
2323 2087 2701 2142 Ecclesiarum
2713 2084 2912 2152 Dei,ab
2931 2089 3091 2139 utero
3110 2085 3283 2139 locuti
3302 2091 3436 2141 sunt
3452 2087 3613 2158 falsa;

331 2176 425 2230 per
436 2160 594 2214 hanc
614 2162 782 2215 ﬁdem
803 2168 984 2218 mater
1000 2166 1246 2221 Ecclesia
1265 2186 1357 2223 eos
1379 2170 1436 2224 in
1454 2188 1513 2225 se
1528 2176 1939 2246 suscepit.Hinc
2020 2195 2132 2233 non
2160 2178 2308 2231 enim
2345 2180 2507 2231 erant
2537 2193 2602 2230 ex
2628 2173 2808 2241 nobis,
2842 2178 2899 2228 et
2925 2172 3050 2228 ideo
3079 2178 3432 2230 recesserunt
3469 2192 3503 2230 a
3521 2193 3618 2231 no-

332 2265 465 2303 sane
495 2250 807 2305 secundum
836 2253 1083 2309 Danielis
1125 2258 1480 2328 prophetiam
1533 2262 1772 2319 Sanctus
1811 2283 1937 2321 san-
2020 2267 2126 2322 bis.
2160 2267 2303 2331 Quia
2331 2265 2526 2336 utique
2557 2264 2602 2318 si
2634 2268 2821 2318 essent
2845 2280 2909 2317 ex
2946 2262 3126 2330 nobis,
3157 2264 3482 2319 unctionem
3509 2282 3615 2320 no-

331 2341 549 2427 ctorum
610 2340 844 2410 ungitur
901 2343 1065 2407 (Dan.
1105 2359 1175 2411 IX,
1223 2344 1335 2411 24),
1371 2354 1427 2402 et
1481 2350 1683 2406 abhinc
1714 2371 1936 2427 quoque
2017 2354 2234 2410 biscum
2262 2353 2587 2411 haberenta
2608 2357 2807 2407 sancto
2839 2351 3070 2423 Spiritu,
3092 2356 3148 2407 et
3174 2352 3617 2423 permansissent

326 2426 457 2497 juge
485 2429 832 2483 sacriﬁcium
860 2431 1501 2509 Judaeorum,omnisque
1522 2444 1709 2495 unctio
1738 2426 1935 2514 legalis
2017 2441 2520 2496 nobiscum.Erunt
2531 2444 2719 2494 autem
2741 2439 2925 2494 adhuc
2936 2444 2992 2494 et
3006 2440 3194 2511 plures
3214 2440 3613 2512 naufragantes

326 2516 603 2582 cessavit;
654 2516 715 2570 in
743 2523 964 2573 tantum
996 2526 1059 2575 ut
1108 2523 1537 2595 quadragesimo
1589 2535 1715 2600 post
1742 2548 1935 2586 ascen-
2017 2532 2167 2586 circa
2194 2529 2384 2597 ﬁdem,
2417 2535 2720 2601 antequam
2753 2529 2883 2583 ﬁnis
2898 2528 3104 2583 veniat.
3124 2529 3250 2584 Non
3274 2528 3399 2583 ideo
3419 2535 3614 2585 tamen

2013 2621 2095 2675 illi
2134 2620 2302 2674 aliam
2326 2618 2751 2691 pertractabunt
2785 2618 2954 2672 ﬁdem
2985 2618 3081 2689 qui
3108 2617 3269 2673 electi
3297 2624 3482 2685 erunt,
3512 2619 3612 2674 sed

2012 2708 2166 2762 illam
2192 2708 2250 2762 in
2280 2724 2391 2780 qua
2412 2707 2595 2762 renati
2623 2711 2773 2774 sunt,
2793 2706 3116 2778 plenissime
3129 2708 3189 2761 in
3208 2707 3470 2764 omnibus
3490 2710 3613 2765 sine

2012 2798 2203 2869 aliqua
2253 2796 2459 2851 mentis
2500 2784 2844 2851 inﬁdelitate
2892 2795 3209 2850 servabant.
3243 2797 3392 2851 Satis
3418 2797 3610 2869 itaque

2015 2886 2323 2942 absurdum
2349 2891 2434 2942 est
2455 2885 2661 2940 idcirco
2699 2885 2922 2941 deviare
2947 2903 2981 2939 a
3008 2886 3117 2940 ﬁde
3147 2886 3282 2957 quia
3306 2886 3496 2958 plures
3515 2903 3609 2958 pe-

328 2603 541 2659 sionem
579 2606 789 2661 Christi
818 2608 877 2662 in
903 2609 1056 2664 caelis
1082 2627 1229 2666 anno
1256 2613 1607 2671 Hierusalem
1650 2620 1934 2677 destructa

323 2693 410 2761 sit,
435 2700 494 2749 et
510 2696 791 2768 templum
805 2714 1084 2766 eversum,
1109 2707 1280 2772 atque
1300 2704 1481 2759 omnis
1499 2708 1738 2778 populus
1755 2688 1933 2766 incre-

325 2781 479 2836 dibili
513 2783 671 2837 caede
700 2790 973 2854 vastatus,
1006 2789 1298 2861 omnisque
1324 2792 1521 2863 religio
1544 2811 1737 2850 eorum
1772 2803 1827 2852 et
1847 2816 1932 2854 sa-
1962 2818 1975 2825 κ

326 2871 641 2926 cerdotium
660 2872 829 2928 simul
849 2874 1309 2933 interierit.Unde
1329 2886 1428 2935 aut
1448 2886 1747 2940 ostendant
1770 2887 1930 2944 nobis

324 2960 657 3016 duricordes
687 2963 865 3018 Judaei
888 2966 1027 3035 juge
1055 2967 1195 3037 legis
1223 2970 1576 3039 sacriﬁcium,
1609 2979 1666 3028 et
1717 2977 1929 3032 unctio-
2011 2975 2348 3043 riclitantur,
2384 2974 2699 3047 prmsertim
2728 2991 2857 3029 cum
2885 2974 3071 3047 potior
3097 2974 3230 3029 inde
3281 2991 3402 3030 esse
3441 2975 3609 3030 debet

318 3066 432 3114 nes,
466 3066 539 3104 ac
570 3052 845 3122 templum
870 3071 881 3105 :
917 3059 1016 3109 aut
1040 3062 1209 3121 certe,
1232 3059 1536 3114 secundum
1572 3064 1925 3134 praphetiam
2012 3063 2152 3119 ﬁdes
2182 3064 2531 3119 credentium
2559 3080 2623 3118 ac
2656 3062 2956 3129 robustior,
2990 3079 3055 3117 eo
3085 3064 3253 3134 quod,
3298 3064 3443 3119 sicut
3468 3081 3608 3136 prae-

319 3139 593 3206 Danielis,
629 3140 763 3210 quia
790 3142 887 3195 illa
908 3145 1099 3198 omnia
1127 3146 1291 3216 longe
1320 3147 1417 3202 diu
1462 3158 1771 3219 cessarunt,
1794 3155 1924 3211 licet
1944 3163 1987 3224 C
2010 3153 2225 3207 dictum
2238 3171 2304 3208 ex
2316 3152 2668 3224 praescientia
2683 3151 2784 3207 Dei
2799 3152 2925 3217 fuit,
2948 3152 3029 3206 ita
3049 3153 3363 3223 completur
3382 3152 3441 3208 in
3470 3153 3601 3209 illis.

318 3224 747 3293 inviti,audiant
762 3235 818 3283 et
829 3230 1148 3303 intelligant
1167 3235 1451 3291 Christum
1471 3240 1573 3293 Dei
1586 3241 1806 3308 Filium,
1831 3246 1925 3315 qui
2007 3243 2122 3298 Nos
2152 3243 2301 3297 enim
2327 3242 2423 3314 qui
2446 3260 2597 3297 nunc
2626 3259 2840 3308 sumus,
2872 3242 3128 3297 futurum
3147 3242 3426 3297 credimus
3455 3244 3605 3315 quod

316 3321 399 3368 est
424 3333 566 3371 vere
598 3317 839 3372 Sanctus
860 3327 1203 3391 sanctorum,
1235 3330 1467 3381 unctum
1492 3329 1613 3400 jam
1644 3331 1766 3386 oleo
1806 3333 1926 3404 Spi-
2006 3332 2255 3387 nondum
2278 3332 2414 3386 satis
2444 3332 2697 3387 videmus
2724 3351 2736 3400 ;
2770 3331 2877 3386 nisi
2907 3331 3055 3403 quod
3079 3333 3199 3402 jam
3228 3331 3287 3386 in
3309 3333 3604 3404 quampluo

313 3403 450 3492 ritus
480 3406 673 3460 sancti
698 3424 812 3478 prae
842 3410 1205 3482 participibus
1234 3415 1368 3479 suis,
1409 3422 1465 3471 et
1510 3418 1782 3491 incipiant
1810 3403 1922 3477 non
2005 3421 2164 3476 rimis
2184 3422 2399 3476 dudum
2426 3421 2743 3492 iniquitatis
2772 3420 3149 3475 ministerium
3163 3421 3419 3488 excrevit,
3450 3426 3516 3476 ut
3532 3422 3604 3476 si-

310 3491 731 3582 blasphemare.
767 3497 940 3552 Porro
989 3516 1103 3571 prae
1147 3503 1509 3575 participibus
1547 3507 1674 3562 ideo
1720 3516 1922 3567 unctus
2005 3516 2242 3581 gnatum
2267 3511 2336 3564 de
2365 3510 2502 3581 ipsis
2517 3491 2985 3582 erat,quanquam
3013 3514 3070 3564 et
3093 3510 3152 3565 in
3166 3510 3354 3565 subito
3375 3510 3602 3565 contriti

313 3581 537 3650 dicitur,
580 3584 713 3655 quia
739 3585 797 3639 in
827 3586 923 3640 illo
953 3589 1194 3659 Spiritus
1240 3600 1469 3648 sanctus
1511 3601 1662 3651 totus
1690 3600 1916 3654 mansit.

311 3670 473 3737 Nam,
498 3673 655 3727 sicut
675 3674 754 3728 ait
773 3677 1072 3746 Apostolus
1098 3696 1109 3731 :
1145 3682 1211 3733 In
1238 3684 1334 3735 illo
1345 3687 1525 3737 omnis
1532 3689 1819 3753 plenitudo
1830 3691 1919 3742 di-

308 3763 575 3814 vinitatis
596 3767 961 3831 corporaliter
981 3767 1249 3821 habitavit
1269 3771 1453 3839 (Catos.
1474 3786 1530 3841 ιῐ,
1555 3772 1918 3845 9).Czeterum

309 3858 539 3937 sanctos
562 3856 826 3906 etomnes
840 3853 1305 3928 Christianos,qui
1324 3860 1444 3929 ejus
1456 3868 1604 3916 recte
1616 3865 1917 3937 participes

306 3935 731 4010 intelliguntur,
765 3943 1070 3997 secundum
1117 3962 1440 4001 mensuram
1487 3950 1636 4018 ﬁdei,
1665 3968 1767 4023 per
1791 3935 1917 4024 gra-

302 4026 437 4080 tiam
450 4028 996 4085 donationisChristi
1014 4034 1273 4087 eumdem
1289 4035 1558 4106 Spiritum
1576 4042 1909 4113 percepisse,

303 4130 464 4170 nemo
503 4118 609 4188 qui
645 4124 798 4172 recte
829 4119 976 4190 sapit
1012 4120 1266 4192 ambigit.
1326 4125 1472 4193 Ergo
1511 4128 1606 4197 qui
1639 4130 1910 4200 Spiritum

2002 3599 2133 3665 sint,
2164 3605 2221 3653 et
2247 3599 2318 3653 ad
2348 3598 2555 3653 inferos
2584 3599 2855 3670 deputati.
2882 3600 3103 3664 Quanto
3133 3600 3313 3670 magis
3348 3600 3476 3654 illos
3499 3600 3598 3654 ﬁr-

2002 3688 2208 3742 miores
2229 3705 2350 3742 esse
2380 3687 2659 3759 oportebit
2685 3687 2745 3742 in
2765 3688 2895 3754 ﬁde,
2917 3705 3086 3759 super
3108 3705 3245 3759 quos
3273 3688 3390 3743 hac
3407 3689 3599 3743 omnia

2000 3777 2253 3847 quamvis
2283 3794 2461 3847 pauca
2489 3793 2610 3848 quae
2640 3782 2873 3844 restant,
2898 3776 3080 3831 adhuc
3110 3777 3330 3847 plenius
3358 3779 3599 3849 comple-

1998 3865 2249 3921 buntur?
2272 3867 2415 3920 Nam
2428 3866 2841 3937 praeteritarum
2861 3866 3294 3937 promissionum
3313 3872 3438 3921 tum
3457 3883 3595 3937 prae.

1997 3972 2126 4009 sens
2148 3954 2412 4009 exhibitio
2440 3954 2719 4009 certitudo
2750 3955 2876 4020 erit,
2910 3954 2956 4008 si
2977 3971 3099 4024 quae
3129 3955 3414 4026 supersint
3444 3955 3593 4010 futu-

1996 4061 2207 4110 rorum,
2242 4061 2364 4115 quae
2392 4061 2521 4099 cum
2548 4043 2821 4109 venerint,
2854 4043 3203 4098 conﬁrmatio
3249 4043 3380 4099 ﬁdei
3410 4044 3593 4114 magis

1997 4150 2117 4187 esse
2133 4133 2355 4199 debent,
2378 4134 2526 4205 quod
2548 4134 2697 4188 Deus
2714 4149 2838 4203 quae
2849 4132 3181 4204 praedixerat
3201 4149 3267 4187 ea
3297 4150 3420 4204 quae
3440 4149 3588 4188 non-

307 4202 514 4295 Christi
550 4222 669 4259 non
700 4206 887 4271 habet,
920 4208 1011 4262 hic
1056 4226 1167 4265 non
1208 4217 1292 4266 est
1323 4214 1479 4283 ejus;
1511 4216 1580 4270 de
1610 4234 1720 4289 quo
1763 4222 1911 4292 Apo-
1993 4223 2125 4277 dum
2150 4229 2313 4278 erant
2330 4202 2446 4277 suis
2470 4202 2777 4293 assignavit
2790 4202 3442 4294 temporibus.Czeterum
3459 4222 3586 4295 qui-

306 4293 481 4348 stolus
509 4314 522 4348 :
552 4296 662 4349 Nos
683 4299 855 4362 enim,
875 4297 1076 4368 inquit,
1104 4316 1211 4354 non
1238 4306 1503 4370 spiritum
1520 4306 1687 4373 hujus
1707 4313 1909 4365 mundi
1992 4311 2094 4367 bus
2122 4319 2207 4368 est
2236 4313 2373 4368 ﬁdes
2403 4313 2500 4367 illa
2529 4311 2586 4366 in
2620 4328 2733 4383 qua
2751 4310 2931 4365 renati
2960 4316 3110 4379 sunt,
3139 4328 3240 4383 per
3259 4327 3427 4382 quam
3450 4293 3506 4367 et
3523 4312 3583 4369 in

299 4387 634 4472 accepimus,
665 4387 759 4438 sed
775 4383 1057 4454 Spiritum
1069 4393 1168 4456 qui
1179 4406 1243 4443 ex
1256 4392 1359 4445 Deo
1370 4397 1444 4445 est
1468 4395 1513 4461 (1
1518 4434 1528 4446 .
1556 4396 1676 4448 Cor.
1702 4414 1755 4461 ιι,
1796 4398 1900 4468 1'1).
1989 4402 2254 4457 membris
2270 4402 2524 4457 Ecclesiae
2543 4406 2676 4456 sunt
2693 4400 2999 4472 aggregati,
3024 4400 3427 4472 sperandorum
3450 4402 3585 4457 sub-

302 4471 411 4538 Ipse
425 4476 591 4562 enim
609 4472 861 4541 Spiritus
874 4479 1250 4532 testimonium
1276 4481 1458 4534 reddit
1476 4485 1904 4549 spirituinostro
1924 4486 1972 4545 D
1985 4492 2213 4559 stantia,
2233 4509 2346 4546 non
2373 4493 2544 4547 aliam
2568 4471 2886 4562 requirunt,
2908 4490 3014 4545 etsi
3036 4471 3248 4545 dictum
3278 4491 3353 4546 sit
3375 4509 3386 4544 :
3423 4494 3578 4560 Qua:-

299 4561 441 4658 quqd
465 4578 671 4658 sumus
702 4563 948 4616 FiliiDei
975 4566 1147 4658 (Item.
1179 4581 1294 4631 VIII,
1326 4567 1593 4636 16).Quia
1614 4570 1798 4643 ipsum
1817 4592 1905 4629 ac-
1986 4583 2091 4634 rite
2121 4583 2425 4636 Dominum
2457 4587 2504 4635 et
2535 4561 2952 4648 confortamini,
2981 4584 3207 4650 quaerite
3234 4583 3433 4650 faciem
3462 4584 3578 4651 ejus

298 4649 550 4740 cepimus
609 4649 817 4740 pignus
861 4652 1149 4722 promissa
1195 4654 1539 4712 haereditatis
1589 4666 1810 4729 nostra},
1846 4670 1903 4719 et
1981 4686 2191 4738 semper
2221 4672 2384 4737 (Psal.
2409 4683 2501 4734 cu,
2535 4668 2626 4737 3);
2658 4674 2827 4740 atque
2853 4649 2996 4722 illud
3025 4687 3037 4722 :

298 4738 451 4831 quasi
484 4738 776 4831 quoddam
795 4740 1256 4831 chirographum
1299 4755 1520 4801 aeternae
1550 4749 1765 4804 salutis.
1797 4752 1900 4807 Hic
1984 4761 2158 4822 189
2190 4760 2422 4826 Quaerite
2446 4763 2493 4811 et
2525 4738 2833 4824 invenietis,
2862 4761 3080 4827 pulsate
3108 4763 3158 4811 et
3181 4761 3464 4828 aperietur
3482 4775 3575 4813 υο-

294 4827 765 4918 itaqueSpiritus
783 4828 915 4883 facit
939 4848 1040 4885 nos
1070 4832 1169 4885 Dei
1192 4836 1559 4905 templum,et
1578 4837 1899 4910 interpellat
1981 4846 2077 4899 bis.
2112 4846 2272 4911 Quia,
2311 4846 2414 4899 etsi
2445 4862 2694 4917 quaerere
2726 4850 2963 4918 oportet,
3018 4862 3132 4901 non
3179 4827 3351 4902 alium
3379 4853 3573 4905 tamen

293 4926 389 5010 pro
410 4914 586 5010 nobis
614 4918 934 5010 gemitibus
983 4920 1471 4991 inenarrabilibus,
1505 4943 1621 4981 suae
1659 4928 1895 4984 advoca-
1978 4950 2146 5005 quam
2177 4951 2351 4989 unum
2366 4914 2545 4989 Deum
2566 4935 2625 4989 in
2644 4935 2827 4990 tribus
2847 4936 3119 5006 personis,
3146 4953 3256 5008 quo
3276 4937 3569 4993 Trinitatis

292 5003 457 5057 tionis
488 5004 737 5077 implens
767 5007 1033 5062 ofﬁcium.
1069 5011 1384 5066 Assuefacit
1413 5030 1515 5067 nos
1549 5016 1758 5070 caelesti
1788 5017 1892 5072 vir-
1974 5003 2201 5078 nomine
2223 5023 2429 5095 signati
2463 5040 2677 5079 sumus.
2711 5023 2825 5079 Sub
2844 5003 2956 5096 qua
3003 5003 3231 5080 omnino
3260 5026 3371 5081 ﬁde
3399 5028 3566 5084 rebus

292 5093 406 5145 tute
428 5095 687 5190 quotidie
719 5096 1068 5166 spiritalibus
1091 5100 1403 5169 admisceri,
1438 5107 1495 5157 et
1515 5110 1737 5162 zeternze
1766 5108 1889 5163 vitae
1972 5093 2508 5184 exspoliati‘vmundi,
2535 5113 2671 5169 nudi
2697 5093 2907 5169 fontem
2936 5114 3308 5170 introivimus.
3350 5117 3414 5172 In
3456 5134 3566 5190 quo

293 5187 621 5242 consociari.
657 5189 1009 5245 Erudiuntur
1048 5192 1237 5264 itaque
1286 5195 1341 5249 in
1368 5196 1465 5249 illo
1496 5202 1553 5251 et
1578 5216 1680 5270 per
1702 5200 1886 5271 ipsum
1968 5201 2237 5256 nimirum
2266 5202 2416 5257 fonte
2443 5203 2760 5275 quicunque
2788 5202 3054 5275 baptizati
3084 5221 3281 5260 sumus
3320 5205 3378 5260 in
3409 5187 3567 5263 Chri-

292 5288 525 5346 corpora
557 5284 766 5343 nostra,
799 5279 848 5332 si
878 5281 1000 5349 ejus
1029 5299 1243 5349 sumus,
1291 5285 1361 5337 ad
1402 5285 1885 5343 immortalitatem
1969 5297 2075 5357 sto,
2109 5291 2168 5346 in
2213 5297 2393 5347 morte
2448 5293 2624 5365 ipsius
2664 5292 2927 5365 baptizati
2981 5310 3177 5358 sumus
3213 5298 3565 5369 :consepulti

291 5365 578 5455 proﬁcere,
602 5366 738 5420 dum
762 5368 831 5421 ad
855 5369 1268 5442 decretaipsius
1285 5373 1501 5428 discunt
1521 5392 1579 5429 se
1601 5379 1887 5433 moderate
1969 5379 2118 5434 enim
2147 5398 2343 5435 sumus
2368 5398 2493 5436 cum
2525 5383 2621 5438 illo
2649 5400 2750 5455 per
2774 5383 3115 5455 baptismum
3144 5384 3205 5439 in
3247 5365 3461 5455 morte;
3505 5392 3563 5443 et

292 5449 345 5505 in
372 5453 716 5524 quibuslibet
746 5462 1081 5528 temperare.
1138 5461 1236 5515 Hic
1266 5469 1350 5517 est
1403 5465 1498 5535 qui
1529 5465 1887 5537 inexplebiles
1970 5468 2094 5523 ideo
2118 5471 2236 5540 jam
2270 5471 2418 5525 ultra
2446 5472 2515 5527 de
2543 5449 2820 5527 ﬁde-nihil
2840 5449 3145 5528 retractare
3167 5449 3562 5543 debemus,rsed

290 5543 630 5638 cupidi-tates
649 5552 874 5638 nostras
895 5554 1113 5603 coercet
1132 5550 1377 5619 innobis,
1404 5553 1661 5610 libidines
1678 5558 1888 5628 frangit
1969 5559 2248 5615 custodire
2277 5560 2457 5615 modis
2486 5560 2747 5617 omnibus
2770 5563 2919 5634 quod
2946 5562 3302 5629 credidimus,
3350 5569 3407 5617 et
3434 5579 3556 5617 cre-

290 5631 698 5702 immoderatas,
722 5632 948 5692 illicitos
975 5637 1284 5710 exstinguit
1305 5643 1553 5711 ardores,
1579 5646 1881 5702 flamman-
1968 5647 2149 5705 dendo
2177 5649 2353 5721 gratis
2381 5667 2415 5704 a
2440 5651 2556 5706 Deo
2585 5631 2919 5722 accepimus.
2955 5651 3196 5706 Credere
3214 5650 3438 5705 omnino
3467 5651 3559 5706 de-
