3938 6174
357 374 461 455 i‘7‘9

1116 392 1175 455 s.
1216 382 1598 456 PASCHASII
1633 374 1996 454 RADBERTI
2033 372 2340 453 ABBATIs
2377 378 2871 454 CORBEIENSIS.

3488 372 3580 456 ibi)

350 520 549 579 bemus
578 524 731 581 aliud
762 541 874 581 non
896 541 1017 581 esse
1067 523 1428 591 credendum,
1480 521 1685 579 idcirco
1714 539 1817 577 nec
1852 537 1943 576 re-
1961 520 2186 583 Anobis
2215 527 2301 576 est
2323 506 2655 594 baptizatus.
2689 518 2902 576 Deinde
2946 518 3129 575 Patris
3154 508 3339 575 vOcem
3367 512 3583 592 desuper

358 613 712 687 quirendum,
744 631 810 670 eo
856 613 1005 687 quod
1044 614 1182 686 jam
1237 611 1525 667 inventum
1585 610 1945 666 credidimus.

358 701 503 772 Ergo
532 701 684 757 aliud
714 719 827 758 non
885 701 1243 774 requirimus,
1286 700 1420 771 quia
1468 717 1572 755 nec
1621 700 1741 773 ipse
1788 698 1947 755 nobis

356 791 609 860 mandat,
638 808 703 847 eo
724 791 872 863 quod
895 807 1042 847 unus
1072 795 1177 857 est,
1205 788 1358 843 aliud
1412 790 1851 861 requirendum;
1892 794 1950 845 et

358 880 568 937 scimus
598 882 747 953 quod
774 879 882 935 nisi
911 880 1015 934 hoc
1038 895 1234 943 unum,
1264 878 1418 933 aliud
1467 879 1754 951 quidpiam
1808 879 1947 933 nihil

358 974 445 1025 est
468 967 1278 1039 necessarium.Amplectimur
1296 974 1484 1023 autem
1506 985 1634 1024 eum
1651 968 1784 1040 quia
1801 984 1948 1023 unus

352 1064 461 1136 est.
496 1059 565 1114 Et
599 1063 749 1113 certe
791 1056 1099 1112 devotionis
1141 1057 1364 1125 affectu,
1395 1057 1455 1112 in
1484 1074 1598 1112 una
1639 1058 1948 1130 eademque

358 1144 470 1203 fide
493 1145 856 1219 proﬁciendo,
891 1146 1170 1218 sperando
1198 1151 1369 1217 atque
1397 1147 1658 1213 amando,
1710 1147 1843 1218 quia
1869 1146 1951 1202 in-

357 1236 548 1290 finitus
596 1240 701 1302 est,
757 1233 943 1307 ipsum
996 1251 1220 1307 semper
1260 1234 1620 1306 requirimus,
1673 1236 1855 1290 adhuc
1891 1236 1950 1290 in

356 1323 669 1399 mnigmate,
704 1329 762 1379 et
787 1324 1039 1380 nondum
1067 1324 1127 1379 in
1151 1323 1527 1396 specie,quem
1538 1325 1780 1379 tenendo
1801 1342 1953 1396 quae-

354 1413 535 1470 rimus
556 1413 952 1469 ardentissimo
982 1430 1174 1468 amore
1222 1412 1471 1486 quotidie
1509 1419 1949 1485 perscrutamur.

359 1504 469 1559 Sed
500 1508 558 1558 et
581 1519 710 1558 curn
764 1503 1066 1574 aenigmata
1108 1519 1299 1559 rerum
1340 1503 1702 1575 praesentium
1744 1503 1954 1558 fuerint

357 1596 644 1659 evacuata,
676 1591 850 1646 etiam
872 1592 1011 1646 certi
1059 1608 1253 1647 sumus
1276 1591 1425 1663 quod
1468 1608 1582 1647 non
1609 1592 1752 1647 alius
1782 1609 1949 1663 quam

355 1673 503 1765 unus
529 1681 792 1754 idemque
813 1681 964 1737 Deus
1017 1680 1264 1736 Trinitas
1314 1680 1419 1735 sibi
1464 1680 1839 1747 credentibus,
1887 1686 1953 1737 ut

498 1787 599 1843 per
650 1770 819 1825 ﬁdem
870 1765 1244 1842 percepimus,
1293 1768 1604 1842 apparebit.
1645 1771 1755 1825 Per
1806 1770 1950 1825 hanc

2028 614 2094 666 ut
2122 627 2224 666 nos
2244 610 2467 667 erudiat
2496 627 2597 683 per
2624 626 2822 665 aurem
2851 608 3202 676 exteriorem,
3236 608 3425 663 auditu
3450 610 3585 665 auris

2028 699 2312 756 interioris
2344 701 2539 755 audiat
2565 700 2917 754 intonantem
2944 717 2955 752 :
3010 700 3112 754 Hic
3155 704 3230 753 est
3258 700 3427 753 Filius
3452 715 3587 753 meus

2028 789 2277 856 dilectus,
2307 791 2370 844 in
2396 806 2503 859 quo
2527 790 2672 843 mihi
2698 789 3023 857 complacui.
3055 788 3188 853 Quae
3222 787 3479 842 nimirum
3499 802 3590 841 vox

2030 878 2189 951 quasi
2211 878 2436 951 aliquod
2449 877 2519 933 ad
2536 895 2665 933 eum
2695 877 3115 944 insinuandum,
3146 877 3259 931 imo
3297 876 3441 948 quia,
3461 874 3593 928 auri-

2028 964 2133 1023 bus
2162 965 2458 1034 sensibilis,
2490 983 2684 1022 verum
2720 983 2921 1038 corpus
2964 966 3095 1036 fuit,
3145 965 3344 1047 idcirco
3381 963 3472 1036 qui
3504 979 3593 1034 per

2031 1073 2157 1112 eam
2205 1073 2319 1111 non
2348 1073 2479 1111 voce
2507 1055 2754 1110 inclusus
2803 1056 2969 1110 Fater
2996 1056 3204 1122 sonuit,
3227 1056 3352 1126 jure
3387 1051 3593 1107 auribus

2032 1146 2466 1218 quodammodo,
2497 1145 2602 1200 etsi
2654 1151 2742 1200 est
2788 1134 3379 1217 incomprehensibilis,
3409 1140 3596 1196 dicitur

2031 1235 2312 1291 sensibilis
2340 1236 2638 1291 exstitisse.
2673 1235 2830 1290 Sicut
2861 1241 2918 1290 et
2973 1234 3216 1306 Spiritus
3259 1236 3477 1287 sanctus
3509 1245 3598 1301 per

2034 1324 2157 1397 subj
2165 1330 2344 1380 actam
2364 1325 2604 1398 speciem
2618 1323 2851 1379 visibilis
2863 1323 3190 1396 apparuisse
3210 1321 3596 1399 manifestatur.

2031 1417 2438 1470 Verumtamen
2475 1431 2577 1469 nos
2621 1414 2930 1469 secundum
2958 1413 3354 1485 pr0prietatem
3384 1413 3599 1473 naturae,

2036 1504 2168 1577 quia
2194 1505 2345 1560 Deus
2371 1504 2636 1570 Trinitas,
2669 1520 2795 1558 cum
2822 1502 3034 1575 ubique
3062 1509 3216 1557 totus
3260 1509 3408 1556 recte
3435 1495 3606 1577 creda-

2032 1599 2145 1662 tur,
2180 1611 2290 1648 non
2329 1594 2389 1648 in
2425 1594 2546 1647 loco
2576 1592 2843 1659 cernitur,
2886 1592 3015 1663 quia
3044 1592 3403 1662 incorporeus
3428 1592 3480 1641 et
3500 1585 3606 1639 illo-

2034 1683 2168 1738 calis
2189 1700 2309 1738 esse
2338 1688 2508 1754 atque
2535 1681 2826 1736 invisibilis
2846 1666 3137 1753 probatur,
3180 1695 3362 1750 neque
3390 1675 3608 1731 circum-

2032 1771 2297 1826 scribitur
2323 1772 2444 1826 visu
2474 1788 2579 1825 nec
2605 1758 2761 1825 tactu
2784 1775 3030 1836 tenetur,
3051 1786 3156 1824 nec
3185 1767 3411 1823 auditur
3427 1763 3605 1824 aifatu,

354 1860 548 1932 itaque
569 1859 735 1915 ﬁdem
766 1859 1051 1932 signatum
1080 1865 1166 1914 est
1205 1859 1396 1914 lumen
1438 1860 1625 1914 vultus
1652 1859 1753 1914 Dei
1783 1876 1951 1931 super
1970 1880 2018 1940 Β
2043 1877 2147 1916 nec
2173 1861 2417 1916 sentitur
2451 1860 2690 1915 incessu.
2723 1859 2866 1914 Hinc
2908 1875 3131 1930 quoque
3177 1856 3413 1912 dicitur:
3451 1853 3609 1906 Deum

356 1965 460 2023 nos
483 1967 497 2017 ;
530 1953 588 2004 et
615 1947 741 2003 ideo
770 1947 841 2002 ad
861 1942 1223 2002 infidelitates
1243 1947 1613 2019 quorumdam
1633 1947 1947 2014 hominum,

358 2026 416 2094 et
435 2030 505 2092 ad
536 2036 799 2093 tenebras
828 2053 1083 2092 errorum
1111 2036 1393 2109 respicere
1422 2053 1535 2092 non
1555 2035 1842 2092 debemus.
1875 2037 1954 2092 Ex

299 2130 306 2138 ’
353 2116 567 2182 ﬁducia
605 2126 780 2196 igitur
799 2125 1162 2197 probationis,
1193 2125 1325 2198 quia
1357 2131 1614 2198 tempora
1641 2126 1955 2198 periculosa

352 2204 798 2290 pronuntiantur
824 2214 1034 2281 futura,
1064 2214 1451 2286 praeveniendo
1482 2232 1710 2270 monere
1740 2214 1954 2271 deside-

358 2320 551 2361 ramus
572 2303 842 2376 quosdam
863 2302 1003 2357 nihil
1017 2302 1187 2371 ultra,
1227 2302 1335 2357 nisi
1364 2302 1512 2376 quod
1532 2304 1591 2358 in
1614 2302 1953 2375 baptismate

357 2393 634 2448 credendo
655 2395 1045 2464 perceperunt,
1059 2389 1227 2462 idque
1248 2408 1367 2447 esse
1384 2398 1441 2446 et
1454 2409 1568 2447 non
1588 2391 1761 2457 aliud,
1804 2391 1953 2465 quod

361 2498 613 2555 quzerere
630 2480 857 2536 interim
878 2478 1181 2535 debebunt.
1205 2481 1349 2535 Nam
1372 2481 1517 2535 ratio
1540 2479 1825 2553 quaerendi
1842 2497 1954 2536 non

358 2558 469 2627 nisi
497 2571 556 2625 in
584 2569 766 2625 tribus
793 2586 985 2624 rerum
1014 2569 1264 2625 articulis
1303 2569 1613 2625 consistere
1632 2570 1874 2637 videtur,
1896 2569 1957 2624 in

360 2678 423 2739 re
450 2659 726 2739 videlicet,
749 2664 807 2713 et
830 2657 889 2712 in
917 2666 1189 2730 tempore,
1207 2664 1376 2730 atque
1394 2658 1453 2713 in
1484 2660 1669 2714 modo.
1695 2660 1758 2714 In
1789 2675 1869 2725 re,
1894 2663 1960 2713 ut

360 2734 494 2824 quid
522 2734 596 2804 sit
615 2738 984 2820 quaerendum
1009 2747 1428 2803 consideremus
1452 2767 1465 2816 ;
1509 2749 1567 2803 in
1596 2754 1867 2819 tempore,
1895 2753 1961 2802 ut

359 2839 604 2912 quando,
631 2854 702 2893 ne
727 2837 872 2893 forte
901 2837 1125 2909 quando
1168 2837 1531 2908 quaerendum
1569 2853 1683 2892 non
1729 2842 1832 2902 est,
1861 2841 1961 2891 aut

359 2914 532 2994 aliud,
562 2916 664 2982 aut
690 2927 829 2981 illud
860 2927 1009 2998 quod
1043 2925 1344 2997 quaerimus
1385 2942 1497 2980 non
1541 2924 1679 2979 satis
1708 2924 1960 2979 invenia-

360 3002 519 3085 mus;
552 3032 720 3088 porro
749 3015 809 3070 in
835 3014 1021 3079 modo,
1054 3028 1345 3093 quousque
1377 3014 1741 3085 quaerendum
1766 3015 1841 3068 sit
1859 3013 1960 3068 ad-

2034 1968 2192 2006 nemo
2222 1951 2363 2005 vidit
2381 1965 2651 2018 unquam,
2676 1950 2766 2002 sed
2791 1951 3115 2016 unigenitus
3144 1950 3322 2002 Filius
3348 1944 3531 2016 quiest
3553 1943 3609 1993 in

2034 2044 2166 2094 sinu
2203 2042 2405 2105 Patris,
2441 2042 2552 2107 ipse
2594 2039 2859 2091 narravit
2904 2039 3058 2091 nobis
3080 2039 3261 2107 (Joan.
3295 2030 3467 2100 1,18).
3496 2031 3611 2085 Non

2034 2134 2223 2185 tamen
2255 2129 2337 2183 ita
2360 2126 2790 2196 intelligendum
2823 2125 2972 2197 quod
3000 2141 3137 2180 sono
3168 2124 3371 2180 debeat
3393 2123 3617 2194 perstre-

2016 2214 2167 2291 ,pere
2196 2217 2254 2272 in
2280 2216 2511 2272 auribus
2539 2215 2768 2276 nostris,
2800 2215 2898 2269 sed
2925 2214 3059 2286 quia
3088 2214 3343 2268 Verbum
3372 2216 3428 2265 et
3444 2210 3614 2278 imago

2036 2313 2123 2361 est
2149 2306 2351 2373 Patris,
2385 2305 2519 2359 dum
2567 2321 2625 2359 se
2646 2302 2935 2358 mentibus
2962 2303 3167 2358 nostris
3194 2299 3504 2364 innotescit,
3532 2296 3613 2350 in-

2037 2395 2244 2451 eﬂ‘abili
2270 2396 2393 2450 luce
2422 2395 2649 2449 Patrem
2680 2393 2947 2460 declarat,
2981 2397 3149 2464 atque
3177 2392 3427 2447 insinuat
3453 2384 3616 2442 mani-

2037 2487 2194 2551 feste,
2222 2486 2385 2555 juxta
2407 2482 2555 2556 quod
2583 2483 2733 2537 idem
2763 2472 3004 2537 testatus
3034 2488 3121 2537 est
3153 2482 3345 2537 dicens
3376 2499 3387 2533 :
3423 2479 3523 2545 Qui
3546 2476 3616 2528 vi-

2039 2577 2123 2630 det
2160 2580 2328 2641 l9]
2366 2591 2469 2638 me,
2499 2575 2640 2627 videt
2666 2579 2716 2627 et
2745 2575 2967 2627 Patrem
2997 2589 3181 2626 meum
3212 2574 3390 2640 (Joan.
3421 2581 3524 2632 xxv,
3547 2564 3614 2632 9).

2042 2664 2175 2730 Quae
2190 2662 2459 2717 nimirum
2476 2661 2613 2716 visio
2634 2678 2747 2716 non
2761 2662 3044 2734 corporeis
3063 2661 3323 2717 sensibus
3333 2656 3620 2729 deprehen-

2040 2751 2212 2819 ditur,
2243 2752 2359 2813 sed,
2390 2752 2537 2806 sicut
2558 2750 2828 2823 scriptum
2860 2756 2947 2805 est
2978 2769 2989 2804 :
3017 2753 3169 2807 Beati
3198 2750 3412 2805 mundo
3454 2744 3616 2808 corde,

2042 2845 2308 2913 quoniam
2338 2843 2447 2910 ipsi
2463 2842 2635 2895 Deum
2656 2841 2917 2894 videbunt
2941 2840 3151 2905 (Matth.
3184 2857 3237 2901 ν,
3264 2836 3338 2903 8).
3369 2832 3623 2891 Ρτεράὶαιι

2043 2947 2175 3002 ergo
2195 2929 2397 2985 Filium
2420 2929 2590 2984 Pater
2610 2928 2857 2983 sensibili
2876 2928 3024 2983 vocis
3035 2945 3193 2994 sono,
3212 2933 3271 2985 et
3288 2926 3476 2987 Filius,
3499 2921 3623 2976 dum

2043 3035 2103 3073 se
2132 3017 2359 3073 exhibet
2406 3015 2694 3084 visibilem,
2728 3017 2862 3089 quia
2902 3016 3131 3071 verbum
3162 3015 3351 3072 Patris
3389 3017 3490 3076 est,
3520 3023 3623 3063 non

361 3107 628 3180 Spiratur.
654 3104 864 3161 IdCiI'CO
894 3102 1055 3158 n0bi8
1080 3096 1449 3193 ξοπιεῠάοω
1489 3107 1577 3157 est
1602 3102 1752 3193 quod
1800 3102 1963 3193 Chri-
1984 3108 2219 3193 Calium
2244 3122 2415 3177 quam
2444 3106 2607 3176 cujus
2644 3112 2730 3160 est
2777 3106 2952 3160 Filius
2984 3106 3042 3160 in
3063 3122 3123 3161 se
3165 3106 3434 3161 declarat.
3466 3102 3626 3193 Porro

362 3200 484 3252 stus
514 3194 779 3262 instituit,
815 3197 873 3247 et
898 3191 1174 3247 tenendus
1215 3197 1301 3246 est
1345 3192 1484 3263 ipse,
1500 3206 1666 3263 quem
1689 3190 1967 3245 invenisse
1991 3185 2027 3193 v
2050 3193 2295 3266 Spiritus
2344 3198 2592 3261 sanctus,
2626 3193 2756 3266 quia
2786 3211 2854 3248 ex
2877 3194 3045 3248 Patre
3072 3194 3329 3266 Filioque
3372 3185 3626 3263 procedit,

362 3284 695 3356 gaudemus.
720 3281 863 3347 Quia
887 3280 1116 3336 omnino
1140 3297 1324 3352 neque
1372 3279 1479 3334 nisi
1522 3279 1829 3335 invenisses
1858 3280 1968 3352 pri-
2048 3284 2218 3338 etiam
2248 3288 2306 3338 et
2332 3283 2453 3355 ipse
2480 3299 2594 3337 non
2619 3283 2829 3338 divisus
2842 3282 2902 3337 in
2929 3288 3135 3338 natura
3157 3280 3491 3338 substantiae
3516 3291 3630 3329 ma-

366 3382 542 3440 mum,
593 3373 821 3428 credere
858 3371 1158 3443 potuisses.
1191 3370 1277 3424 Ad
1306 3369 1411 3423 hoc
1450 3386 1583 3440 ergo
1630 3368 1876 3440 qumsisti
1904 3374 1968 3423 ut
2042 3374 2287 3446 jestatis,
2318 3372 2416 3428 sed
2437 3372 2734 3427 distinctus
2764 3372 2824 3427 in
2853 3373 3125 3444 personis,
3153 3378 3219 3427 ut
3236 3373 3385 3428 Deus
3403 3365 3633 3425 Trinitas

367 3462 666 3529 invenires,
690 3460 955 3516 invenisti
983 3466 1173 3515 autem
1194 3464 1259 3514 ut
1278 3458 1553 3514 crederes.
1578 3459 1643 3514 In
1668 3475 1778 3530 qua
1802 3458 1965 3513 nimi-

366 3570 495 3609 rum
542 3553 653 3606 fide
709 3567 933 3605 omnem
989 3549 1377 3622 probationem
1417 3547 1703 3620 quaerendi
1731 3553 1789 3602 et
1817 3548 1966 3602 inve-

370 3641 565 3698 niendi
605 3645 788 3708 [90
815 3639 1091 3695 credendo
1122 3638 1310 3706 ﬁxisti,
1342 3637 1477 3693 dum
1504 3643 1560 3693 te
1589 3655 1717 3693 eum
1744 3637 1965 3693 Christo

369 3731 430 3788 in
460 3736 699 3786 mortem
730 3745 832 3801 per
852 3728 1171 3801 sepulcrum
1199 3725 1368 3805 {ontis
1387 3726 1728 3799 exspoliatus
1757 3726 1967 3781 mundo

375 3820 645 3895 sepelisti.
664 3808 831 3884 Quod
851 3817 898 3872 si
928 3834 1056 3873 vere
1085 3821 1342 3872 mortuus
1367 3833 1446 3885 es,
1497 3821 1553 3870 et
1586 3815 1702 3870 vita
1717 3821 1819 3870 tua
1847 3813 1969 3869 abs-

374 3911 600 3966 condita
617 3913 705 3965 est
730 3923 858 3963 cum
883 3907 999 3962 Deo
1026 3906 1085 3960 in
1114 3906 1287 3974 caelis,
1321 3904 1455 3977 quid
1485 3904 1667 3960 adhuc
1705 3921 1832 3959 cum
1861 3902 1967 3958 sibi

371 3999 686 4069 viventibus
697 4001 755 4051 et
772 4013 883 4051 non
903 3996 1019 4050 Deo
1049 3995 1118 4049 de
1144 3990 1254 4049 fide
1285 3994 1445 4065 quasi
1462 3990 1664 4048 dubius
1679 3991 1971 4064 disputas?

373 4078 477 4143 Vel
512 4086 667 4159 quid,
700 4084 959 4139 saeviente
987 4088 1362 4154 persecutore,
1379 4082 1449 4137 de
1473 4088 1652 4136 morte
1680 4081 1968 4148 formidas,

377 4176 473 4249 qui
488 4177 609 4247 jam
636 4177 896 4227 mortuus
935 4172 993 4225 in
1013 4172 1268 4243 sepulcro
1287 4170 1457 4224 fontis
1477 4188 1605 4225 cum
1635 4170 1857 4226 Christo
1885 4175 1973 4224 te-

376 4264 550 4330 neris,
582 4268 640 4318 et
680 4261 854 4315 vitam
895 4265 1052 4315 tuam
1083 4259 1141 4314 in
1180 4258 1333 4314 caelis
1379 4259 1682 4331 repositam
1734 4259 1975 4329 perfecte

2045 3462 2367 3520 hominibus
2395 3462 2758 3534 panderetur,
2812 3462 3029 3517 medius
3067 3462 3126 3516 in
3156 3459 3434 3518 columbae
3461 3452 3634 3528 specie

2047 3551 2326 3624 apparuit.
2351 3551 2468 3606 Nec
2485 3550 2610 3605 ideo
2625 3557 2814 3605 tamen
2836 3550 2983 3604 idem
3004 3549 3484 3606 circumscribitur
3500 3544 3631 3607 visu,

2047 3641 2202 3696 velut
2227 3657 2331 3696 nec
2357 3641 2527 3695 Pater
2554 3640 2645 3694 hic
2682 3644 2782 3694 aut
2836 3638 2968 3693 alibi
3011 3638 3240 3694 auditur
3270 3639 3463 3694 aifatu.
3491 3633 3638 3689 Sicut

2050 3747 2155 3786 nec
2179 3730 2313 3785 dum
2371 3728 2758 3784 deambularet
2783 3728 2843 3783 in
2901 3728 3181 3799 paradiso,
3214 3727 3404 3800 potuit
3428 3726 3637 3781 incessu

2049 3819 2263 3876 sentiri.
2284 3818 2547 3890 Alioquin
2570 3818 2807 3889 quoties,
2839 3834 2941 3890 per
2959 3816 3267 3888 subjectam
3302 3834 3363 3873 se
3392 3810 3639 3881 Patribus

2053 3907 2299 3964 ostendit
2324 3907 2583 3973 formam,
2599 3906 2878 3963 sensibilis
2892 3907 3062 3962 fuisse
3080 3906 3257 3961 videri
3280 3909 3482 3979 potest,
3501 3896 3641 3973 quod

2054 3995 2359 4050 absurdum
2392 4000 2478 4050 est
2495 3996 2742 4050 credere.
2765 3995 2872 4051 Sed
2895 3995 3029 4066 quia
3060 3995 3357 4050 invisibilis
3374 3999 3479 4060 est,
3498 3991 3640 4044 visus

2055 4088 2141 4138 est
2157 4090 2223 4138 ut
2238 4083 2434 4152 voluit,
2466 4099 2578 4138 non
2617 4084 2844 4154 quidem
2865 4088 2930 4139 ut
2948 4088 3050 4149 est,
3072 4083 3170 4139 sed
3188 4084 3342 4155 quali
3361 4080 3543 4155 specie
3568 4074 3643 4130 illi

2054 4172 2265 4245 placuit
2287 4188 2577 4244 apparere.
2612 4172 2901 4243 Siquidem
2928 4177 2987 4227 et
3004 4172 3096 4226 hic
3119 4173 3287 4228 aliter
3317 4171 3544 4228 auditus
3566 4167 3646 4220 est

2056 4279 2169 4316 non
2199 4263 2364 4317 modo
2394 4279 2428 4316 a
2455 4262 2689 4322 Joanne.
2723 4278 2915 4316 verum
2973 4261 3107 4316 alibi
3159 4267 3217 4316 et
3244 4262 3316 4316 ab
3348 4260 3474 4317 aliis
3517 4257 3649 4312 inte-

374 4351 560 4429 gredis
579 4351 607 4407 ?
636 4351 753 4406 Nec
770 4346 1004 4406 dubium
1051 4348 1188 4420 quin
1235 4349 1402 4419 quod,
1456 4348 1504 4401 si
1534 4347 1777 4419 priorem
1802 4347 1975 4400 vitam
2058 4351 2199 4420 rius,
2225 4351 2390 4406 aliter
2417 4367 2452 4405 a
2471 4350 2637 4406 turba
2664 4350 2754 4404 hic
2781 4356 2880 4405 aut
2907 4350 3058 4411 alibi,
3091 4367 3216 4422 qua:
3245 4351 3488 4423 quodam
3532 4346 3646 4399 loco

377 4446 537 4513 tuam
556 4441 615 4496 in
629 4437 796 4494 terris
818 4437 1113 4511 receperis,
1152 4454 1373 4505 novam,
1399 4454 1567 4510 quam
1596 4437 1655 4491 in
1683 4437 1821 4491 caelo
1842 4454 1970 4492 cum

381 4530 606 4587 Christo
622 4527 1012 4595 absconderas,
1027 4520 1340 4599 perdidisti.
1365 4525 1479 4582 Sub
1492 4526 1593 4581 tali
1612 4525 1886 4597 siquidem
1915 4532 1971 4582 te

381 4620 478 4676 ille.
514 4618 909 4675 determinavit
957 4617 1232 4690 sepulcro,
1269 4616 1365 4689 qui
1412 4622 1471 4672 te
1529 4633 1642 4671 non
1692 4616 1810 4671 vult
1855 4617 1976 4688 jam

383 4709 645 4781 deinceps
674 4707 828 4762 aliud
860 4707 1087 4763 credere
1108 4723 1274 4778 quam
1298 4706 1446 4779 quod
1475 4706 1740 4761 instituit.
1766 4706 1977 4762 Idcirco

384 4816 569 4872 neque
599 4804 664 4855 tu
690 4797 842 4852 aliud
874 4795 1042 4852 debes
1071 4813 1319 4871 quaerere
1340 4796 1605 4868 profecto,
1630 4813 1832 4867 neque,
1868 4802 1981 4850 tor-

387 4889 594 4944 mentis
617 4887 891 4954 addictus,
924 4903 989 4941 ac
1017 4887 1065 4941 si
1097 4886 1305 4940 invitus
1335 4883 1640 4958 quidquam
1672 4885 1825 4940 aliud
1845 4902 1979 4939 con-

386 4979 556 5036 ﬁteri.
590 4977 903 5034 Novissime
932 4977 1133 5032 melius
1161 4992 1360 5031 censeo
1388 4975 1652 5048 ignorare
1699 4975 1978 5031 monendo

386 5055 537 5125 infra
569 5066 835 5140 baptismi
882 5071 1318 5130 sacramentum,
1350 5081 1532 5136 neque
1562 5065 1709 5137 quod
1744 5082 1855 5119 non
1885 5064 1978 5119 de-

386 5157 517 5214 beas
533 5157 768 5223 ediscas,
796 5173 964 5228 quam
986 5155 1172 5227 aliqua
1193 5154 1403 5209 fraudis
1431 5155 1752 5210 curiositate
1782 5160 1978 5225 captus

389 5247 612 5303 ducaris
641 5252 800 5301 extra
818 5245 1294 5317 captivus.Totum
1311 5243 1490 5314 igitur
1503 5244 1674 5309 novit,
1707 5243 1804 5315 qui
1824 5242 1981 5298 Chri-

393 5318 545 5390 stum
562 5334 731 5389 novit.
764 5336 936 5400 Fides,
967 5332 1173 5404 inquit,
1189 5338 1284 5386 tua
1301 5337 1347 5386 te
1368 5336 1575 5386 salvam
1599 5334 1725 5400 fecit
1759 5334 1974 5401 (Matth.

390 5439 471 5483 Ix.
514 5422 627 5494 2'2).
680 5424 749 5478 Et
788 5423 912 5477 ideo
942 5426 1170 5476 maneat
1217 5420 1570 5476 Christianus
1595 5421 1744 5475 intra
1768 5421 1978 5475 fontem

390 5513 540 5585 fidei,
569 5529 633 5568 ex
651 5529 762 5585 qua
803 5516 1031 5567 renatus
1047 5510 1199 5565 estin
1224 5511 1482 5564 salutem.
1508 5510 1577 5564 Et
1613 5510 1660 5563 si
1691 5510 1978 5582 quidpiam

388 5599 729 5659 haesitaverit
784 5602 854 5656 ad
901 5602 1115 5664 horam,
1149 5605 1346 5671 tangat
1397 5616 1568 5653 manu
1615 5599 1744 5654 ﬁdei
1794 5598 1977 5655 adhuc

393 5694 678 5749 Christum
708 5692 767 5747 in
813 5690 985 5756 fonte,
1018 5705 1128 5761 quo
1186 5687 1439 5744 Verbum
1476 5704 1605 5743 caro
1635 5686 1977 5744 descendens

1990 4483 2040 4543 D

2058 4440 2373 4495 tonitruum
2384 4445 2595 4494 tactum
2616 4455 2738 4493 esse
2753 4439 3031 4494 dicebant.
3054 4439 3217 4494 Unde
3247 4456 3353 4495 nec
3374 4437 3577 4492 mirum
3602 4429 3646 4485 si
3746 4438 3759 4454 '

2059 4530 2178 4585 voci
2209 4528 2588 4602 praedicatoris
2611 4529 2972 4600 quamplures
2995 4545 3109 4583 non
3129 4528 3420 4593 obediunt,
3442 4540 3568 4580 cum
3597 4524 3650 4574 et

2058 4620 2205 4675 hanc
2230 4638 2416 4675 vocem
2443 4620 2607 4674 multi
2650 4619 2955 4686 audierint,
2988 4624 3045 4673 et
3088 4618 3231 4672 nihil
3268 4619 3350 4673 eis
3380 4612 3649 4689 profuisse

2059 4711 2350 4782 probatur.
2369 4711 2517 4764 Deus
2538 4714 2623 4763 est
2637 4709 2809 4775 enim,
2828 4708 2923 4779 qui
2945 4708 3357 4762 incrementum
3387 4706 3509 4762 sine
3526 4712 3651 4755 voce

2060 4799 2159 4852 dat
2178 4797 2351 4851 intus.
2382 4797 2462 4851 De
2491 4795 2820 4867 quobeatus
2861 4793 3189 4850 Ambrosius
3221 4813 3233 4849 :
3265 4796 3402 4850 Cum
3444 4795 3647 4851 absens,

2060 4886 2265 4957 inquit,
2294 4890 2549 4954 putatur,
2608 4887 2829 4940 videtur
2846 4905 2863 4950 ;
2896 4891 2945 4939 et
2974 4901 3101 4938 cum
3149 4900 3390 4954 presens
3418 4887 3513 4947 est,
3546 4890 3652 4933 non

2059 4978 2299 5030 videtur.
2329 4975 2455 5029 Non
2480 4974 2627 5029 enim
2676 4974 2816 5028 dixit
2854 4990 2985 5029 cum
3032 4973 3236 5028 absens
3265 4978 3371 5042 est,
3395 4970 3495 5027 sed
3531 4980 3654 5023 cum

2061 5064 2262 5120 absens
2286 5069 2535 5136 putatur.
2564 5065 2855 5134 Nusquam
2877 5063 3027 5118 enim
3058 5069 3148 5117 est
3184 5062 3405 5129 absens,
3441 5058 3536 5133 qui
3555 5071 3657 5111 cce-

2059 5154 2174 5209 lum
2206 5160 2263 5208 et
2288 5160 2499 5208 terram
2528 5160 2697 5225 atque
2725 5153 2915 5207 omnia
2934 5152 3195 5224 complet,
3221 5168 3325 5207 nec
3349 5148 3547 5223 spatiis
3573 5146 3653 5200 in-

2059 5244 2306 5299 cluditur
2344 5243 2549 5314 parvis,
2577 5242 2863 5312 magnisve
2919 5242 3279 5309 diffunditur;
3329 5240 3427 5296 sed
3454 5237 3655 5307 ubique

2059 5337 2212 5386 totus
2232 5337 2288 5385 et
2318 5331 2471 5385 nullo
2494 5331 2814 5386 continetur
2834 5330 2893 5383 in
2927 5330 3067 5384 loco.
3087 5331 3204 5384 Hoc
3228 5330 3418 5401 itaque
3446 5326 3544 5398 qui
3571 5338 3657 5377 ex-

2061 5420 2291 5474 cedente
2336 5426 2523 5474 mente
2571 5419 2856 5489 intelligit,
2896 5419 2986 5473 hic
3031 5418 3185 5473 videt
3211 5419 3408 5484 Deum,
3445 5421 3502 5470 et
3529 5426 3652 5468 cum

2062 5508 2261 5563 absens
2285 5514 2530 5580 putatur.
2556 5509 2660 5563 Hic
2687 5524 2821 5564 sane
2852 5507 3136 5578 intelligit,
3155 5507 3260 5562 etsi
3285 5506 3580 5562 distinctus
3599 5500 3655 5554 in

2060 5597 2338 5670 baptismo
2369 5598 2633 5671 apparuit
2663 5598 2830 5665 Deus,
2862 5597 3110 5652 Trinitas
3135 5596 3194 5651 in
3223 5594 3494 5669 personis,
3512 5587 3658 5664 quod

2058 5686 2446 5760 inseparabilis
2477 5688 2548 5743 sit
2580 5680 2784 5758 ubique
2815 5678 2987 5755 totus,
3016 5672 3250 5759 propter
3277 5682 3513 5743 unitatis
3537 5677 3639 5735 sub
