  <div class='ocr_page' id='page_1' title='image "/cluster/home/n/w/nwhite01/storage/ocr_20150623/120/hvd.32044054759824/096.png"; bbox 0 0 3938 6174; ppageno 0'>
   <div class='ocr_carea' id='block_1_1' title="bbox 326 291 410 350">
    <p class='ocr_par' dir='ltr' id='par_1_1' title="bbox 326 291 410 350">
     <span class='ocr_line' id='line_1_1' title="bbox 326 291 410 350; baseline -0.06 0"><span class='ocrx_word' id='word_1_1' title='bbox 326 291 410 350; x_wconf 82' lang='grc'><strong>181</strong></span> 
     </span>
    </p>
   </div>
   <div class='ocr_carea' id='block_1_2' title="bbox 1024 258 2851 337">
    <p class='ocr_par' dir='ltr' id='par_1_2' title="bbox 1024 258 2851 337">
     <span class='ocr_line' id='line_1_2' title="bbox 1024 258 2851 337; baseline -0.002 0"><span class='ocrx_word' id='word_1_2' title='bbox 1024 276 1405 337; x_wconf 82' lang='lat' dir='ltr'><strong>EXPOSITIO</strong></span> <span class='ocrx_word' id='word_1_3' title='bbox 1444 277 1525 334; x_wconf 88' lang='lat' dir='ltr'><strong>IN</strong></span> <span class='ocrx_word' id='word_1_4' title='bbox 1561 258 2010 332; x_wconf 65' lang='lat' dir='ltr'><strong>immoti.</strong></span> <span class='ocrx_word' id='word_1_5' title='bbox 2053 307 2119 318; x_wconf 85' lang='lat'><em>_</em></span> <span class='ocrx_word' id='word_1_6' title='bbox 2157 264 2537 334; x_wconf 67' lang='lat' dir='ltr'><strong>PREFATIO</strong></span> <span class='ocrx_word' id='word_1_7' title='bbox 2571 266 2710 334; x_wconf 83' lang='lat' dir='ltr'><strong>LIB.</strong></span> <span class='ocrx_word' id='word_1_8' title='bbox 2748 262 2851 334; x_wconf 78' lang='lat' dir='ltr'><strong>in.</strong></span> 
     </span>
    </p>
   </div>
   <div class='ocr_carea' id='block_1_3' title="bbox 3472 276 3578 338">
    <p class='ocr_par' dir='ltr' id='par_1_3' title="bbox 3472 276 3578 338">
     <span class='ocr_line' id='line_1_3' title="bbox 3472 276 3578 338; baseline -0.019 0"><span class='ocrx_word' id='word_1_9' title='bbox 3472 276 3578 338; x_wconf 77' lang='lat'><strong>182</strong></span> 
     </span>
    </p>
   </div>
   <div class='ocr_carea' id='block_1_4' title="bbox 319 396 3575 481">
    <p class='ocr_par' dir='ltr' id='par_1_4' title="bbox 319 396 3575 481">
     <span class='ocr_line' id='line_1_4' title="bbox 319 396 3575 481; baseline -0.002 -11"><span class='ocrx_word' id='word_1_10' title='bbox 319 414 583 471; x_wconf 83' lang='lat' dir='ltr'><strong>stantiam.</strong></span> <span class='ocrx_word' id='word_1_11' title='bbox 628 411 755 466; x_wconf 89' lang='lat' dir='ltr'><strong>Non</strong></span> <span class='ocrx_word' id='word_1_12' title='bbox 785 408 1010 481; x_wconf 87' lang='lat' dir='ltr'><strong>quidem</strong></span> <span class='ocrx_word' id='word_1_13' title='bbox 1047 406 1108 461; x_wconf 89' lang='lat' dir='ltr'><strong>in</strong></span> <span class='ocrx_word' id='word_1_14' title='bbox 1158 406 1296 472; x_wconf 89' lang='lat' dir='ltr'><strong>loco,</strong></span> <span class='ocrx_word' id='word_1_15' title='bbox 1343 404 1443 459; x_wconf 91' lang='lat' dir='ltr'><strong>sed</strong></span> <span class='ocrx_word' id='word_1_16' title='bbox 1490 406 1645 458; x_wconf 90' lang='lat' dir='ltr'><strong>totus</strong></span> <span class='ocrx_word' id='word_1_17' title='bbox 1690 396 2304 473; x_wconf 71' lang='lat' dir='ltr'><strong>ubiqueAideo‘totam</strong></span> <span class='ocrx_word' id='word_1_18' title='bbox 2329 402 2497 458; x_wconf 85' lang='lat' dir='ltr'><strong>simul</strong></span> <span class='ocrx_word' id='word_1_19' title='bbox 2527 403 2880 459; x_wconf 82' lang='lat' dir='ltr'><strong>divinitatem</strong></span> <span class='ocrx_word' id='word_1_20' title='bbox 2904 404 3216 477; x_wconf 83' lang='lat' dir='ltr'><strong>majestatis</strong></span> <span class='ocrx_word' id='word_1_21' title='bbox 3234 405 3575 462; x_wconf 73' lang='lat' dir='ltr'><strong>inTrinitate</strong></span> 
     </span>
    </p>
   </div>
   <div class='ocr_carea' id='block_1_5' title="bbox 320 491 3574 565">
    <p class='ocr_par' dir='ltr' id='par_1_5' title="bbox 320 491 3574 565">
     <span class='ocr_line' id='line_1_5' title="bbox 320 491 3574 565; baseline -0.003 -4"><span class='ocrx_word' id='word_1_22' title='bbox 320 507 472 561; x_wconf 89' lang='lat' dir='ltr'><strong>Pater</strong></span> <span class='ocrx_word' id='word_1_23' title='bbox 483 502 541 557; x_wconf 88' lang='lat' dir='ltr'><strong>in</strong></span> <span class='ocrx_word' id='word_1_24' title='bbox 568 500 728 565; x_wconf 90' lang='lat' dir='ltr'><strong>Filio,</strong></span> <span class='ocrx_word' id='word_1_25' title='bbox 748 503 805 553; x_wconf 91' lang='lat' dir='ltr'><strong>et</strong></span> <span class='ocrx_word' id='word_1_26' title='bbox 830 497 1007 553; x_wconf 88' lang='lat' dir='ltr'><strong>Filius</strong></span> <span class='ocrx_word' id='word_1_27' title='bbox 1033 496 1093 551; x_wconf 90' lang='lat' dir='ltr'><strong>in</strong></span> <span class='ocrx_word' id='word_1_28' title='bbox 1122 496 1290 550; x_wconf 83' lang='lat' dir='ltr'><strong>Patre</strong></span> <span class='ocrx_word' id='word_1_29' title='bbox 1318 498 1490 550; x_wconf 90' lang='lat' dir='ltr'><strong>totus.</strong></span> <span class='ocrx_word' id='word_1_30' title='bbox 1529 497 1699 564; x_wconf 82' lang='lat' dir='ltr'><strong>atque</strong></span> <span class='ocrx_word' id='word_1_31' title='bbox 1720 491 1900 564; x_wconf 87' lang='lat' dir='ltr'><strong>Spiri-</strong></span> <span class='ocrx_word' id='word_1_32' title='bbox 1983 491 2236 547; x_wconf 84' lang='lat' dir='ltr'><strong>sensibus</strong></span> <span class='ocrx_word' id='word_1_33' title='bbox 2275 494 2555 564; x_wconf 81' lang='lat' dir='ltr'><strong>corporeis</strong></span> <span class='ocrx_word' id='word_1_34' title='bbox 2579 494 2677 548; x_wconf 90' lang='lat' dir='ltr'><strong>sed</strong></span> <span class='ocrx_word' id='word_1_35' title='bbox 2701 494 3116 565; x_wconf 88' lang='lat' dir='ltr'><strong>quodammodo</strong></span> <span class='ocrx_word' id='word_1_36' title='bbox 3145 494 3467 550; x_wconf 89' lang='lat' dir='ltr'><strong>sensibilem</strong></span> <span class='ocrx_word' id='word_1_37' title='bbox 3490 494 3574 550; x_wconf 83' lang='lat' dir='ltr'><strong>in-</strong></span> 
     </span>
    </p>
   </div>
   <div class='ocr_carea' id='block_1_6' title="bbox 317 584 1897 650">
    <p class='ocr_par' dir='ltr' id='par_1_6' title="bbox 317 584 1897 650">
     <span class='ocr_line' id='line_1_6' title="bbox 317 584 1897 650; baseline -0.009 -1"><span class='ocrx_word' id='word_1_38' title='bbox 317 601 399 650; x_wconf 85' lang='lat' dir='ltr'><strong>tus</strong></span> <span class='ocrx_word' id='word_1_39' title='bbox 423 597 643 648; x_wconf 86' lang='lat' dir='ltr'><strong>sanctus</strong></span> <span class='ocrx_word' id='word_1_40' title='bbox 668 590 728 644; x_wconf 89' lang='lat' dir='ltr'><strong>in</strong></span> <span class='ocrx_word' id='word_1_41' title='bbox 756 591 926 643; x_wconf 82' lang='lat' dir='ltr'><strong>Patre</strong></span> <span class='ocrx_word' id='word_1_42' title='bbox 947 592 1004 641; x_wconf 91' lang='lat' dir='ltr'><strong>et</strong></span> <span class='ocrx_word' id='word_1_43' title='bbox 1028 585 1171 641; x_wconf 89' lang='lat' dir='ltr'><strong>Filio</strong></span> <span class='ocrx_word' id='word_1_44' title='bbox 1198 584 1368 638; x_wconf 87' lang='lat' dir='ltr'><strong>simul</strong></span> <span class='ocrx_word' id='word_1_45' title='bbox 1399 587 1570 648; x_wconf 91' lang='lat' dir='ltr'><strong>totus,</strong></span> <span class='ocrx_word' id='word_1_46' title='bbox 1591 587 1648 636; x_wconf 91' lang='lat' dir='ltr'><strong>et</strong></span> <span class='ocrx_word' id='word_1_47' title='bbox 1672 586 1897 636; x_wconf 70' lang='lat' dir='ltr'><strong>coaeter-</strong></span> 
     </span>
    </p>
   </div>
   <div class='ocr_carea' id='block_1_7' title="bbox 317 671 1895 744">
    <p class='ocr_par' dir='ltr' id='par_1_7' title="bbox 317 671 1895 744">
     <span class='ocr_line' id='line_1_7' title="bbox 317 671 1895 744; baseline -0.01 -6"><span class='ocrx_word' id='word_1_48' title='bbox 317 701 411 739; x_wconf 91' lang='lat' dir='ltr'><strong>nus</strong></span> <span class='ocrx_word' id='word_1_49' title='bbox 434 685 623 736; x_wconf 86' lang='lat' dir='ltr'><strong>manet</strong></span> <span class='ocrx_word' id='word_1_50' title='bbox 646 680 814 734; x_wconf 87' lang='lat' dir='ltr'><strong>Deus.</strong></span> <span class='ocrx_word' id='word_1_51' title='bbox 848 677 994 742; x_wconf 84' lang='lat' dir='ltr'><strong>Quia</strong></span> <span class='ocrx_word' id='word_1_52' title='bbox 1030 674 1301 729; x_wconf 83' lang='lat' dir='ltr'><strong>nimirum</strong></span> <span class='ocrx_word' id='word_1_53' title='bbox 1330 672 1698 744; x_wconf 86' lang='lat' dir='ltr'><strong>quodcunque</strong></span> <span class='ocrx_word' id='word_1_54' title='bbox 1728 671 1895 724; x_wconf 88' lang='lat' dir='ltr'><strong>Pater</strong></span> 
     </span>
    </p>
   </div>
   <div class='ocr_carea' id='block_1_8' title="bbox 316 763 1894 839">
    <p class='ocr_par' dir='ltr' id='par_1_8' title="bbox 316 763 1894 839">
     <span class='ocr_line' id='line_1_8' title="bbox 316 763 1894 839; baseline -0.008 -12"><span class='ocrx_word' id='word_1_55' title='bbox 316 779 407 838; x_wconf 89' lang='lat' dir='ltr'><strong>est,</strong></span> <span class='ocrx_word' id='word_1_56' title='bbox 437 772 539 825; x_wconf 91' lang='lat' dir='ltr'><strong>hoc</strong></span> <span class='ocrx_word' id='word_1_57' title='bbox 577 773 635 824; x_wconf 93' lang='lat' dir='ltr'><strong>et</strong></span> <span class='ocrx_word' id='word_1_58' title='bbox 667 768 841 823; x_wconf 90' lang='lat' dir='ltr'><strong>Filius</strong></span> <span class='ocrx_word' id='word_1_59' title='bbox 888 771 1057 839; x_wconf 90' lang='lat' dir='ltr'><strong>atque</strong></span> <span class='ocrx_word' id='word_1_60' title='bbox 1103 763 1346 835; x_wconf 82' lang='lat' dir='ltr'><strong>Spiritus</strong></span> <span class='ocrx_word' id='word_1_61' title='bbox 1389 766 1615 816; x_wconf 88' lang='lat' dir='ltr'><strong>sanctus</strong></span> <span class='ocrx_word' id='word_1_62' title='bbox 1663 764 1778 828; x_wconf 87' lang='lat' dir='ltr'><strong>est;</strong></span> <span class='ocrx_word' id='word_1_63' title='bbox 1836 763 1894 815; x_wconf 89' lang='lat' dir='ltr'><strong>et</strong></span> 
     </span>
    </p>
   </div>
   <div class='ocr_carea' id='block_1_9' title="bbox 315 849 1895 933">
    <p class='ocr_par' dir='ltr' id='par_1_9' title="bbox 315 849 1895 933">
     <span class='ocr_line' id='line_1_9' title="bbox 315 849 1895 933; baseline -0.009 -17"><span class='ocrx_word' id='word_1_64' title='bbox 315 860 666 933; x_wconf 87' lang='lat' dir='ltr'><strong>quodcunque</strong></span> <span class='ocrx_word' id='word_1_65' title='bbox 728 856 922 923; x_wconf 88' lang='lat' dir='ltr'><strong>Filius,</strong></span> <span class='ocrx_word' id='word_1_66' title='bbox 977 856 1081 909; x_wconf 89' lang='lat' dir='ltr'><strong>hoc</strong></span> <span class='ocrx_word' id='word_1_67' title='bbox 1126 858 1185 908; x_wconf 91' lang='lat' dir='ltr'><strong>et</strong></span> <span class='ocrx_word' id='word_1_68' title='bbox 1230 853 1399 907; x_wconf 88' lang='lat' dir='ltr'><strong>Pater</strong></span> <span class='ocrx_word' id='word_1_69' title='bbox 1440 856 1610 922; x_wconf 91' lang='lat' dir='ltr'><strong>atque</strong></span> <span class='ocrx_word' id='word_1_70' title='bbox 1653 849 1895 921; x_wconf 81' lang='lat' dir='ltr'><strong>Spiritus</strong></span> 
     </span>
    </p>
   </div>
   <div class='ocr_carea' id='block_1_10' title="bbox 315 940 1893 1016">
    <p class='ocr_par' dir='ltr' id='par_1_10' title="bbox 315 940 1893 1016">
     <span class='ocr_line' id='line_1_10' title="bbox 315 940 1893 1016; baseline -0.008 -11"><span class='ocrx_word' id='word_1_71' title='bbox 315 955 523 1005; x_wconf 88' lang='lat' dir='ltr'><strong>sanctus</strong></span> <span class='ocrx_word' id='word_1_72' title='bbox 547 968 560 1016; x_wconf 93' lang='lat'><strong>;</strong></span> <span class='ocrx_word' id='word_1_73' title='bbox 604 963 823 1003; x_wconf 88' lang='lat' dir='ltr'><strong>necnon</strong></span> <span class='ocrx_word' id='word_1_74' title='bbox 851 950 907 1001; x_wconf 90' lang='lat' dir='ltr'><strong>et</strong></span> <span class='ocrx_word' id='word_1_75' title='bbox 956 944 1104 1016; x_wconf 90' lang='lat' dir='ltr'><strong>quod</strong></span> <span class='ocrx_word' id='word_1_76' title='bbox 1136 942 1375 1014; x_wconf 80' lang='lat' dir='ltr'><strong>Spiritus</strong></span> <span class='ocrx_word' id='word_1_77' title='bbox 1400 946 1647 1007; x_wconf 89' lang='lat' dir='ltr'><strong>sanctus,</strong></span> <span class='ocrx_word' id='word_1_78' title='bbox 1671 940 1777 993; x_wconf 89' lang='lat' dir='ltr'><strong>hoc</strong></span> <span class='ocrx_word' id='word_1_79' title='bbox 1804 945 1893 994; x_wconf 90' lang='lat' dir='ltr'><strong>to-</strong></span> 
     </span>
    </p>
   </div>
   <div class='ocr_carea' id='block_1_11' title="bbox 313 1030 1888 1108">
    <p class='ocr_par' dir='ltr' id='par_1_11' title="bbox 313 1030 1888 1108">
     <span class='ocr_line' id='line_1_11' title="bbox 313 1030 1888 1108; baseline -0.008 -13"><span class='ocrx_word' id='word_1_80' title='bbox 313 1045 421 1095; x_wconf 88' lang='lat' dir='ltr'><strong>tum</strong></span> <span class='ocrx_word' id='word_1_81' title='bbox 466 1040 637 1093; x_wconf 88' lang='lat' dir='ltr'><strong>Pater</strong></span> <span class='ocrx_word' id='word_1_82' title='bbox 672 1042 841 1108; x_wconf 89' lang='lat' dir='ltr'><strong>atque</strong></span> <span class='ocrx_word' id='word_1_83' title='bbox 878 1034 1074 1090; x_wconf 91' lang='lat' dir='ltr'><strong>Filius.</strong></span> <span class='ocrx_word' id='word_1_84' title='bbox 1126 1033 1236 1087; x_wconf 90' lang='lat' dir='ltr'><strong>Sed</strong></span> <span class='ocrx_word' id='word_1_85' title='bbox 1269 1038 1461 1086; x_wconf 87' lang='lat' dir='ltr'><strong>tamen</strong></span> <span class='ocrx_word' id='word_1_86' title='bbox 1508 1031 1652 1084; x_wconf 91' lang='lat' dir='ltr'><strong>alius</strong></span> <span class='ocrx_word' id='word_1_87' title='bbox 1702 1030 1888 1095; x_wconf 89' lang='lat' dir='ltr'><strong>Pater,</strong></span> 
     </span>
    </p>
   </div>
   <div class='ocr_carea' id='block_1_12' title="bbox 313 1119 1895 1194">
    <p class='ocr_par' dir='ltr' id='par_1_12' title="bbox 313 1119 1895 1194">
     <span class='ocr_line' id='line_1_12' title="bbox 313 1119 1895 1194; baseline -0.007 -11"><span class='ocrx_word' id='word_1_88' title='bbox 313 1129 441 1184; x_wconf 88' lang='lat' dir='ltr'><strong>alius</strong></span> <span class='ocrx_word' id='word_1_89' title='bbox 465 1133 551 1182; x_wconf 89' lang='lat' dir='ltr'><strong>est</strong></span> <span class='ocrx_word' id='word_1_90' title='bbox 595 1126 790 1191; x_wconf 89' lang='lat' dir='ltr'><strong>Filius,</strong></span> <span class='ocrx_word' id='word_1_91' title='bbox 836 1125 981 1179; x_wconf 90' lang='lat' dir='ltr'><strong>alius</strong></span> <span class='ocrx_word' id='word_1_92' title='bbox 1022 1122 1263 1194; x_wconf 84' lang='lat' dir='ltr'><strong>Spiritus</strong></span> <span class='ocrx_word' id='word_1_93' title='bbox 1312 1126 1555 1176; x_wconf 88' lang='lat' dir='ltr'><strong>sanctus.</strong></span> <span class='ocrx_word' id='word_1_94' title='bbox 1600 1120 1778 1187; x_wconf 87' lang='lat' dir='ltr'><strong>Alius,</strong></span> <span class='ocrx_word' id='word_1_95' title='bbox 1812 1119 1895 1173; x_wconf 64' lang='lat' dir='ltr'><strong>int</strong></span> 
     </span>
    </p>
   </div>
   <div class='ocr_carea' id='block_1_13' title="bbox 311 1209 1893 1290">
    <p class='ocr_par' dir='ltr' id='par_1_13' title="bbox 311 1209 1893 1290">
     <span class='ocr_line' id='line_1_13' title="bbox 311 1209 1893 1290; baseline -0.007 -17"><span class='ocrx_word' id='word_1_96' title='bbox 311 1233 481 1290; x_wconf 87' lang='lat' dir='ltr'><strong>quam,</strong></span> <span class='ocrx_word' id='word_1_97' title='bbox 515 1222 576 1271; x_wconf 89' lang='lat' dir='ltr'><strong>et</strong></span> <span class='ocrx_word' id='word_1_98' title='bbox 602 1233 715 1271; x_wconf 90' lang='lat' dir='ltr'><strong>non</strong></span> <span class='ocrx_word' id='word_1_99' title='bbox 739 1214 910 1269; x_wconf 85' lang='lat' dir='ltr'><strong>aliud.</strong></span> <span class='ocrx_word' id='word_1_100' title='bbox 944 1212 1087 1278; x_wconf 84' lang='lat' dir='ltr'><strong>Quia</strong></span> <span class='ocrx_word' id='word_1_101' title='bbox 1114 1211 1210 1284; x_wconf 88' lang='lat' dir='ltr'><strong>qui</strong></span> <span class='ocrx_word' id='word_1_102' title='bbox 1238 1211 1409 1265; x_wconf 89' lang='lat' dir='ltr'><strong>Pater</strong></span> <span class='ocrx_word' id='word_1_103' title='bbox 1435 1214 1521 1265; x_wconf 90' lang='lat' dir='ltr'><strong>est</strong></span> <span class='ocrx_word' id='word_1_104' title='bbox 1548 1225 1660 1264; x_wconf 90' lang='lat' dir='ltr'><strong>non</strong></span> <span class='ocrx_word' id='word_1_105' title='bbox 1691 1213 1777 1263; x_wconf 88' lang='lat' dir='ltr'><strong>est</strong></span> <span class='ocrx_word' id='word_1_106' title='bbox 1799 1209 1893 1263; x_wconf 92' lang='lat' dir='ltr'><strong>Fi-</strong></span> 
     </span>
    </p>
   </div>
   <div class='ocr_carea' id='block_1_14' title="bbox 308 1299 1896 1378">
    <p class='ocr_par' dir='ltr' id='par_1_14' title="bbox 308 1299 1896 1378">
     <span class='ocr_line' id='line_1_14' title="bbox 308 1299 1896 1378; baseline -0.007 -16"><span class='ocrx_word' id='word_1_107' title='bbox 308 1308 423 1373; x_wconf 90' lang='lat' dir='ltr'><strong>lius,</strong></span> <span class='ocrx_word' id='word_1_108' title='bbox 459 1323 647 1378; x_wconf 80' lang='lat' dir='ltr'><strong>neque</strong></span> <span class='ocrx_word' id='word_1_109' title='bbox 691 1304 933 1377; x_wconf 85' lang='lat' dir='ltr'><strong>Spiritus</strong></span> <span class='ocrx_word' id='word_1_110' title='bbox 967 1306 1213 1356; x_wconf 87' lang='lat' dir='ltr'><strong>sanctus.</strong></span> <span class='ocrx_word' id='word_1_111' title='bbox 1259 1300 1350 1355; x_wconf 90' lang='lat' dir='ltr'><strong>Sic</strong></span> <span class='ocrx_word' id='word_1_112' title='bbox 1385 1304 1443 1354; x_wconf 90' lang='lat' dir='ltr'><strong>et</strong></span> <span class='ocrx_word' id='word_1_113' title='bbox 1480 1300 1573 1370; x_wconf 90' lang='lat' dir='ltr'><strong>qui</strong></span> <span class='ocrx_word' id='word_1_114' title='bbox 1604 1299 1777 1353; x_wconf 88' lang='lat' dir='ltr'><strong>Filius</strong></span> <span class='ocrx_word' id='word_1_115' title='bbox 1802 1314 1896 1353; x_wconf 83' lang='lat' dir='ltr'><strong>ne-</strong></span> 
     </span>
    </p>
   </div>
   <div class='ocr_carea' id='block_1_15' title="bbox 308 1389 1895 1466">
    <p class='ocr_par' dir='ltr' id='par_1_15' title="bbox 308 1389 1895 1466">
     <span class='ocr_line' id='line_1_15' title="bbox 308 1389 1895 1466; baseline -0.004 -16"><span class='ocrx_word' id='word_1_116' title='bbox 308 1412 578 1466; x_wconf 86' lang='lat' dir='ltr'><strong>quaquam</strong></span> <span class='ocrx_word' id='word_1_117' title='bbox 633 1394 802 1448; x_wconf 85' lang='lat' dir='ltr'><strong>Pater</strong></span> <span class='ocrx_word' id='word_1_118' title='bbox 845 1398 945 1446; x_wconf 90' lang='lat' dir='ltr'><strong>aut</strong></span> <span class='ocrx_word' id='word_1_119' title='bbox 990 1391 1231 1463; x_wconf 86' lang='lat' dir='ltr'><strong>Spiritus</strong></span> <span class='ocrx_word' id='word_1_120' title='bbox 1288 1395 1468 1455; x_wconf 63' lang='lat' dir='ltr'><strong>I92</strong></span> <span class='ocrx_word' id='word_1_121' title='bbox 1497 1394 1743 1445; x_wconf 83' lang='lat' dir='ltr'><strong>sanctus.</strong></span> <span class='ocrx_word' id='word_1_122' title='bbox 1785 1389 1895 1444; x_wconf 91' lang='lat' dir='ltr'><strong>Sed</strong></span> 
     </span>
    </p>
   </div>
   <div class='ocr_carea' id='block_1_16' title="bbox 304 1479 1894 1560">
    <p class='ocr_par' dir='ltr' id='par_1_16' title="bbox 304 1479 1894 1560">
     <span class='ocr_line' id='line_1_16' title="bbox 304 1479 1894 1560; baseline -0.004 -22"><span class='ocrx_word' id='word_1_123' title='bbox 304 1501 471 1556; x_wconf 88' lang='lat' dir='ltr'><strong>neque</strong></span> <span class='ocrx_word' id='word_1_124' title='bbox 518 1484 676 1537; x_wconf 93' lang='lat' dir='ltr'><strong>idem</strong></span> <span class='ocrx_word' id='word_1_125' title='bbox 718 1482 959 1560; x_wconf 80' lang='lat' dir='ltr'><strong>Spiritus</strong></span> <span class='ocrx_word' id='word_1_126' title='bbox 1006 1486 1091 1535; x_wconf 92' lang='lat' dir='ltr'><strong>est</strong></span> <span class='ocrx_word' id='word_1_127' title='bbox 1136 1481 1304 1535; x_wconf 88' lang='lat' dir='ltr'><strong>Pater</strong></span> <span class='ocrx_word' id='word_1_128' title='bbox 1352 1484 1451 1533; x_wconf 90' lang='lat' dir='ltr'><strong>aut</strong></span> <span class='ocrx_word' id='word_1_129' title='bbox 1491 1479 1685 1533; x_wconf 92' lang='lat' dir='ltr'><strong>Filius.</strong></span> <span class='ocrx_word' id='word_1_130' title='bbox 1735 1479 1894 1543; x_wconf 87' lang='lat' dir='ltr'><strong>Quod</strong></span> 
     </span>
    </p>
   </div>
   <div class='ocr_carea' id='block_1_17' title="bbox 303 1568 1895 1627">
    <p class='ocr_par' dir='ltr' id='par_1_17' title="bbox 303 1568 1895 1627">
     <span class='ocr_line' id='line_1_17' title="bbox 303 1568 1895 1627; baseline -0.003 -2"><span class='ocrx_word' id='word_1_131' title='bbox 303 1574 476 1626; x_wconf 83' lang='lat' dir='ltr'><strong>volens</strong></span> <span class='ocrx_word' id='word_1_132' title='bbox 498 1573 655 1627; x_wconf 88' lang='lat' dir='ltr'><strong>Deus</strong></span> <span class='ocrx_word' id='word_1_133' title='bbox 680 1571 925 1626; x_wconf 87' lang='lat' dir='ltr'><strong>Trinitas</strong></span> <span class='ocrx_word' id='word_1_134' title='bbox 945 1569 1127 1624; x_wconf 92' lang='lat' dir='ltr'><strong>adhuc</strong></span> <span class='ocrx_word' id='word_1_135' title='bbox 1146 1568 1380 1623; x_wconf 90' lang='lat' dir='ltr'><strong>rudibus</strong></span> <span class='ocrx_word' id='word_1_136' title='bbox 1406 1568 1464 1622; x_wconf 90' lang='lat' dir='ltr'><strong>in</strong></span> <span class='ocrx_word' id='word_1_137' title='bbox 1494 1569 1603 1623; x_wconf 87' lang='lat' dir='ltr'><strong>ﬁde</strong></span> <span class='ocrx_word' id='word_1_138' title='bbox 1633 1570 1756 1623; x_wconf 89' lang='lat' dir='ltr'><strong>luce</strong></span> <span class='ocrx_word' id='word_1_139' title='bbox 1779 1569 1895 1622; x_wconf 90' lang='lat' dir='ltr'><strong>cla-</strong></span> 
     </span>
    </p>
   </div>
   <div class='ocr_carea' id='block_1_18' title="bbox 304 1658 1896 1734">
    <p class='ocr_par' dir='ltr' id='par_1_18' title="bbox 304 1658 1896 1734">
     <span class='ocr_line' id='line_1_18' title="bbox 304 1658 1896 1734; baseline -0.003 -17"><span class='ocrx_word' id='word_1_140' title='bbox 304 1662 409 1717; x_wconf 86' lang='lat' dir='ltr'><strong>rius</strong></span> <span class='ocrx_word' id='word_1_141' title='bbox 444 1663 688 1734; x_wconf 90' lang='lat' dir='ltr'><strong>aperire,</strong></span> <span class='ocrx_word' id='word_1_142' title='bbox 728 1660 824 1732; x_wconf 91' lang='lat' dir='ltr'><strong>qui</strong></span> <span class='ocrx_word' id='word_1_143' title='bbox 855 1659 1093 1714; x_wconf 91' lang='lat' dir='ltr'><strong>necdum</strong></span> <span class='ocrx_word' id='word_1_144' title='bbox 1129 1658 1282 1712; x_wconf 83' lang='lat' dir='ltr'><strong>aliud</strong></span> <span class='ocrx_word' id='word_1_145' title='bbox 1307 1674 1475 1712; x_wconf 87' lang='lat' dir='ltr'><strong>sensu</strong></span> <span class='ocrx_word' id='word_1_146' title='bbox 1506 1675 1676 1729; x_wconf 86' lang='lat' dir='ltr'><strong>quam</strong></span> <span class='ocrx_word' id='word_1_147' title='bbox 1705 1675 1896 1729; x_wconf 91' lang='lat' dir='ltr'><strong>corpo-</strong></span> 
     </span>
    </p>
   </div>
   <div class='ocr_carea' id='block_1_19' title="bbox 1976 580 3576 653">
    <p class='ocr_par' dir='ltr' id='par_1_19' title="bbox 1976 580 3576 653">
     <span class='ocr_line' id='line_1_19' title="bbox 1976 580 3576 653; baseline 0.002 -17"><span class='ocrx_word' id='word_1_148' title='bbox 1976 580 2204 643; x_wconf 81' lang='lat' dir='ltr'><strong>fudisse,</strong></span> <span class='ocrx_word' id='word_1_149' title='bbox 2228 598 2300 636; x_wconf 92' lang='lat' dir='ltr'><strong>ne</strong></span> <span class='ocrx_word' id='word_1_150' title='bbox 2323 583 2547 653; x_wconf 88' lang='lat' dir='ltr'><strong>quando</strong></span> <span class='ocrx_word' id='word_1_151' title='bbox 2576 600 2643 637; x_wconf 86' lang='lat' dir='ltr'><strong>ex</strong></span> <span class='ocrx_word' id='word_1_152' title='bbox 2666 584 2774 638; x_wconf 91' lang='lat' dir='ltr'><strong>ﬁde</strong></span> <span class='ocrx_word' id='word_1_153' title='bbox 2809 589 3166 639; x_wconf 88' lang='lat' dir='ltr'><strong>renascentes</strong></span> <span class='ocrx_word' id='word_1_154' title='bbox 3195 584 3267 638; x_wconf 87' lang='lat' dir='ltr'><strong>ad</strong></span> <span class='ocrx_word' id='word_1_155' title='bbox 3293 584 3466 638; x_wconf 85' lang='lat' dir='ltr'><strong>vitam</strong></span> <span class='ocrx_word' id='word_1_156' title='bbox 3491 585 3576 639; x_wconf 88' lang='lat' dir='ltr'><strong>al-</strong></span> 
     </span>
    </p>
   </div>
   <div class='ocr_carea' id='block_1_20' title="bbox 1976 671 3574 745">
    <p class='ocr_par' dir='ltr' id='par_1_20' title="bbox 1976 671 3574 745">
     <span class='ocr_line' id='line_1_20' title="bbox 1976 671 3574 745; baseline 0.002 -20"><span class='ocrx_word' id='word_1_157' title='bbox 1976 676 2157 725; x_wconf 85' lang='lat' dir='ltr'><strong>teram</strong></span> <span class='ocrx_word' id='word_1_158' title='bbox 2183 671 2445 743; x_wconf 90' lang='lat' dir='ltr'><strong>deinceps</strong></span> <span class='ocrx_word' id='word_1_159' title='bbox 2475 672 2841 743; x_wconf 87' lang='lat' dir='ltr'><strong>susciperent,</strong></span> <span class='ocrx_word' id='word_1_160' title='bbox 2874 673 2982 729; x_wconf 90' lang='lat' dir='ltr'><strong>nisi</strong></span> <span class='ocrx_word' id='word_1_161' title='bbox 3010 689 3112 744; x_wconf 88' lang='lat' dir='ltr'><strong>per</strong></span> <span class='ocrx_word' id='word_1_162' title='bbox 3139 688 3307 745; x_wconf 87' lang='lat' dir='ltr'><strong>quam</strong></span> <span class='ocrx_word' id='word_1_163' title='bbox 3337 674 3574 745; x_wconf 81' lang='lat' dir='ltr'><strong>quisque</strong></span> 
     </span>
    </p>
   </div>
   <div class='ocr_carea' id='block_1_21' title="bbox 1968 759 3574 835">
    <p class='ocr_par' dir='ltr' id='par_1_21' title="bbox 1968 759 3574 835">
     <span class='ocr_line' id='line_1_21' title="bbox 1968 759 3574 835; baseline 0.001 -21"><span class='ocrx_word' id='word_1_164' title='bbox 1968 759 2199 830; x_wconf 89' lang='lat' dir='ltr'><strong>junctus</strong></span> <span class='ocrx_word' id='word_1_165' title='bbox 2247 766 2333 815; x_wconf 89' lang='lat' dir='ltr'><strong>est</strong></span> <span class='ocrx_word' id='word_1_166' title='bbox 2377 762 2511 827; x_wconf 90' lang='lat' dir='ltr'><strong>Deo,</strong></span> <span class='ocrx_word' id='word_1_167' title='bbox 2547 766 2604 815; x_wconf 91' lang='lat' dir='ltr'><strong>et</strong></span> <span class='ocrx_word' id='word_1_168' title='bbox 2647 762 2858 816; x_wconf 87' lang='lat' dir='ltr'><strong>carnali</strong></span> <span class='ocrx_word' id='word_1_169' title='bbox 2897 779 3068 818; x_wconf 89' lang='lat' dir='ltr'><strong>sensu</strong></span> <span class='ocrx_word' id='word_1_170' title='bbox 3114 763 3261 817; x_wconf 89' lang='lat' dir='ltr'><strong>male</strong></span> <span class='ocrx_word' id='word_1_171' title='bbox 3308 763 3574 835; x_wconf 91' lang='lat' dir='ltr'><strong>deceptus</strong></span> 
     </span>
    </p>
   </div>
   <div class='ocr_carea' id='block_1_22' title="bbox 1977 847 3567 921">
    <p class='ocr_par' dir='ltr' id='par_1_22' title="bbox 1977 847 3567 921">
     <span class='ocr_line' id='line_1_22' title="bbox 1977 847 3567 921; baseline 0.002 -20"><span class='ocrx_word' id='word_1_172' title='bbox 1977 847 2205 919; x_wconf 88' lang='lat' dir='ltr'><strong>periret.</strong></span> <span class='ocrx_word' id='word_1_173' title='bbox 2244 848 2512 919; x_wconf 84' lang='lat' dir='ltr'><strong>Signatus</strong></span> <span class='ocrx_word' id='word_1_174' title='bbox 2541 850 2747 921; x_wconf 90' lang='lat' dir='ltr'><strong>quippe</strong></span> <span class='ocrx_word' id='word_1_175' title='bbox 2771 855 2857 904; x_wconf 91' lang='lat' dir='ltr'><strong>est</strong></span> <span class='ocrx_word' id='word_1_176' title='bbox 2891 851 3014 904; x_wconf 83' lang='lat' dir='ltr'><strong>fons</strong></span> <span class='ocrx_word' id='word_1_177' title='bbox 3044 851 3151 906; x_wconf 88' lang='lat' dir='ltr'><strong>iste</strong></span> <span class='ocrx_word' id='word_1_178' title='bbox 3178 850 3387 906; x_wconf 86' lang='lat' dir='ltr'><strong>annulo</strong></span> <span class='ocrx_word' id='word_1_179' title='bbox 3416 850 3567 917; x_wconf 92' lang='lat' dir='ltr'><strong>ﬁdei,</strong></span> 
     </span>
    </p>
   </div>
   <div class='ocr_carea' id='block_1_23' title="bbox 1978 938 3564 1012">
    <p class='ocr_par' dir='ltr' id='par_1_23' title="bbox 1978 938 3564 1012">
     <span class='ocr_line' id='line_1_23' title="bbox 1978 938 3564 1012; baseline 0.004 -21"><span class='ocrx_word' id='word_1_180' title='bbox 1978 941 2034 991; x_wconf 92' lang='lat' dir='ltr'><strong>et</strong></span> <span class='ocrx_word' id='word_1_181' title='bbox 2051 938 2177 993; x_wconf 91' lang='lat' dir='ltr'><strong>ideo</strong></span> <span class='ocrx_word' id='word_1_182' title='bbox 2203 939 2421 993; x_wconf 89' lang='lat' dir='ltr'><strong>nullum</strong></span> <span class='ocrx_word' id='word_1_183' title='bbox 2450 939 2617 995; x_wconf 89' lang='lat' dir='ltr'><strong>debet</strong></span> <span class='ocrx_word' id='word_1_184' title='bbox 2653 940 2988 1012; x_wconf 84' lang='lat' dir='ltr'><strong>quandoque</strong></span> <span class='ocrx_word' id='word_1_185' title='bbox 3022 940 3204 995; x_wconf 85' lang='lat' dir='ltr'><strong>furem</strong></span> <span class='ocrx_word' id='word_1_186' title='bbox 3237 941 3564 999; x_wconf 87' lang='lat' dir='ltr'><strong>admittere.</strong></span> 
     </span>
    </p>
   </div>
   <div class='ocr_carea' id='block_1_24' title="bbox 1940 1017 3575 1099">
    <p class='ocr_par' dir='ltr' id='par_1_24' title="bbox 1940 1017 3575 1099">
     <span class='ocr_line' id='line_1_24' title="bbox 1940 1017 3575 1099; baseline 0.003 -18"><span class='ocrx_word' id='word_1_187' title='bbox 1940 1017 2055 1081; x_wconf 67' lang='grc' dir='ltr'><strong>-ἙΧ</strong></span> <span class='ocrx_word' id='word_1_188' title='bbox 2080 1029 2240 1098; x_wconf 89' lang='lat' dir='ltr'><strong>cujus</strong></span> <span class='ocrx_word' id='word_1_189' title='bbox 2266 1028 2536 1083; x_wconf 87' lang='lat' dir='ltr'><strong>nimirum</strong></span> <span class='ocrx_word' id='word_1_190' title='bbox 2558 1029 2790 1099; x_wconf 85' lang='lat' dir='ltr'><strong>irriguo,</strong></span> <span class='ocrx_word' id='word_1_191' title='bbox 2815 1030 3141 1085; x_wconf 87' lang='lat' dir='ltr'><strong>deliciarum</strong></span> <span class='ocrx_word' id='word_1_192' title='bbox 3178 1031 3393 1097; x_wconf 84' lang='lat' dir='ltr'><strong>hortus,</strong></span> <span class='ocrx_word' id='word_1_193' title='bbox 3425 1030 3575 1086; x_wconf 86' lang='lat' dir='ltr'><strong>vide-</strong></span> 
     </span>
    </p>
   </div>
   <div class='ocr_carea' id='block_1_25' title="bbox 1962 1111 3573 1191">
    <p class='ocr_par' dir='ltr' id='par_1_25' title="bbox 1962 1111 3573 1191">
     <span class='ocr_line' id='line_1_25' title="bbox 1962 1111 3573 1191; baseline 0.002 -21"><span class='ocrx_word' id='word_1_194' title='bbox 1962 1111 2101 1170; x_wconf 69' lang='lat' dir='ltr'><strong>‘licet</strong></span> <span class='ocrx_word' id='word_1_195' title='bbox 2123 1117 2224 1171; x_wconf 91' lang='lat' dir='ltr'><strong>Dei</strong></span> <span class='ocrx_word' id='word_1_196' title='bbox 2258 1118 2539 1187; x_wconf 84' lang='lat' dir='ltr'><strong>generalis</strong></span> <span class='ocrx_word' id='word_1_197' title='bbox 2572 1119 2834 1185; x_wconf 85' lang='lat' dir='ltr'><strong>Ecclesia,</strong></span> <span class='ocrx_word' id='word_1_198' title='bbox 2865 1119 3115 1191; x_wconf 88' lang='lat' dir='ltr'><strong>undique</strong></span> <span class='ocrx_word' id='word_1_199' title='bbox 3144 1120 3280 1174; x_wconf 88' lang='lat' dir='ltr'><strong>satis</strong></span> <span class='ocrx_word' id='word_1_200' title='bbox 3318 1121 3573 1174; x_wconf 85' lang='lat' dir='ltr'><strong>munitus</strong></span> 
     </span>
    </p>
   </div>
   <div class='ocr_carea' id='block_1_26' title="bbox 1976 1206 3575 1279">
    <p class='ocr_par' dir='ltr' id='par_1_26' title="bbox 1976 1206 3575 1279">
     <span class='ocr_line' id='line_1_26' title="bbox 1976 1206 3575 1279; baseline 0.001 -19"><span class='ocrx_word' id='word_1_201' title='bbox 1976 1211 2145 1277; x_wconf 85' lang='lat' dir='ltr'><strong>atque</strong></span> <span class='ocrx_word' id='word_1_202' title='bbox 2163 1206 2456 1260; x_wconf 90' lang='lat' dir='ltr'><strong>conclusus</strong></span> <span class='ocrx_word' id='word_1_203' title='bbox 2483 1208 2691 1262; x_wconf 86' lang='lat' dir='ltr'><strong>ﬂorens</strong></span> <span class='ocrx_word' id='word_1_204' title='bbox 2714 1208 2871 1275; x_wconf 89' lang='lat' dir='ltr'><strong>viret,</strong></span> <span class='ocrx_word' id='word_1_205' title='bbox 2892 1209 3022 1279; x_wconf 90' lang='lat' dir='ltr'><strong>quia</strong></span> <span class='ocrx_word' id='word_1_206' title='bbox 3042 1209 3101 1263; x_wconf 92' lang='lat' dir='ltr'><strong>in</strong></span> <span class='ocrx_word' id='word_1_207' title='bbox 3131 1213 3312 1275; x_wconf 70' lang='lat'><strong>[93</strong></span> <span class='ocrx_word' id='word_1_208' title='bbox 3333 1225 3394 1263; x_wconf 89' lang='lat' dir='ltr'><strong>se</strong></span> <span class='ocrx_word' id='word_1_209' title='bbox 3415 1209 3575 1264; x_wconf 80' lang='lat' dir='ltr'><strong>Chri-</strong></span> 
     </span>
    </p>
   </div>
   <div class='ocr_carea' id='block_1_27' title="bbox 1976 1297 3574 1368">
    <p class='ocr_par' dir='ltr' id='par_1_27' title="bbox 1976 1297 3574 1368">
     <span class='ocr_line' id='line_1_27' title="bbox 1976 1297 3574 1368; baseline 0.001 -19"><span class='ocrx_word' id='word_1_210' title='bbox 1976 1301 2126 1350; x_wconf 89' lang='lat' dir='ltr'><strong>stum</strong></span> <span class='ocrx_word' id='word_1_211' title='bbox 2147 1312 2261 1350; x_wconf 89' lang='lat' dir='ltr'><strong>non</strong></span> <span class='ocrx_word' id='word_1_212' title='bbox 2288 1297 2472 1350; x_wconf 91' lang='lat' dir='ltr'><strong>solum</strong></span> <span class='ocrx_word' id='word_1_213' title='bbox 2491 1297 2795 1367; x_wconf 88' lang='lat' dir='ltr'><strong>sepultum,</strong></span> <span class='ocrx_word' id='word_1_214' title='bbox 2823 1314 3016 1352; x_wconf 91' lang='lat' dir='ltr'><strong>verum</strong></span> <span class='ocrx_word' id='word_1_215' title='bbox 3044 1299 3416 1353; x_wconf 86' lang='lat' dir='ltr'><strong>resurrexisse</strong></span> <span class='ocrx_word' id='word_1_216' title='bbox 3430 1312 3574 1368; x_wconf 85' lang='lat' dir='ltr'><strong>gau-</strong></span> 
     </span>
    </p>
   </div>
   <div class='ocr_carea' id='block_1_28' title="bbox 1976 1384 3573 1458">
    <p class='ocr_par' dir='ltr' id='par_1_28' title="bbox 1976 1384 3573 1458">
     <span class='ocr_line' id='line_1_28' title="bbox 1976 1384 3573 1458; baseline 0.003 -21"><span class='ocrx_word' id='word_1_217' title='bbox 1976 1385 2088 1438; x_wconf 89' lang='lat' dir='ltr'><strong>det.</strong></span> <span class='ocrx_word' id='word_1_218' title='bbox 2132 1384 2193 1438; x_wconf 84' lang='lat' dir='ltr'><strong>In</strong></span> <span class='ocrx_word' id='word_1_219' title='bbox 2229 1384 2350 1439; x_wconf 88' lang='lat' dir='ltr'><strong>istis</strong></span> <span class='ocrx_word' id='word_1_220' title='bbox 2382 1401 2518 1439; x_wconf 90' lang='lat' dir='ltr'><strong>sane</strong></span> <span class='ocrx_word' id='word_1_221' title='bbox 2548 1385 2679 1439; x_wconf 88' lang='lat' dir='ltr'><strong>ﬁdei</strong></span> <span class='ocrx_word' id='word_1_222' title='bbox 2710 1385 3045 1441; x_wconf 85' lang='lat' dir='ltr'><strong>rudimentis</strong></span> <span class='ocrx_word' id='word_1_223' title='bbox 3077 1386 3258 1441; x_wconf 90' lang='lat' dir='ltr'><strong>ﬁdelis</strong></span> <span class='ocrx_word' id='word_1_224' title='bbox 3297 1387 3573 1458; x_wconf 89' lang='lat' dir='ltr'><strong>cujusque</strong></span> 
     </span>
    </p>
   </div>
   <div class='ocr_carea' id='block_1_29' title="bbox 1976 1473 3572 1548">
    <p class='ocr_par' dir='ltr' id='par_1_29' title="bbox 1976 1473 3572 1548">
     <span class='ocr_line' id='line_1_29' title="bbox 1976 1473 3572 1548; baseline 0.001 -20"><span class='ocrx_word' id='word_1_225' title='bbox 1976 1473 2172 1528; x_wconf 84' lang='lat' dir='ltr'><strong>anima</strong></span> <span class='ocrx_word' id='word_1_226' title='bbox 2208 1474 2510 1546; x_wconf 90' lang='lat' dir='ltr'><strong>requiescit</strong></span> <span class='ocrx_word' id='word_1_227' title='bbox 2537 1491 2751 1529; x_wconf 89' lang='lat' dir='ltr'><strong>secura.</strong></span> <span class='ocrx_word' id='word_1_228' title='bbox 2790 1476 2855 1530; x_wconf 93' lang='lat' dir='ltr'><strong>In</strong></span> <span class='ocrx_word' id='word_1_229' title='bbox 2888 1476 2992 1530; x_wconf 90' lang='lat' dir='ltr'><strong>hac</strong></span> <span class='ocrx_word' id='word_1_230' title='bbox 3015 1476 3263 1548; x_wconf 89' lang='lat' dir='ltr'><strong>quotidie</strong></span> <span class='ocrx_word' id='word_1_231' title='bbox 3299 1476 3572 1530; x_wconf 89' lang='lat' dir='ltr'><strong>virtutum</strong></span> 
     </span>
    </p>
   </div>
   <div class='ocr_carea' id='block_1_30' title="bbox 1976 1564 3573 1637">
    <p class='ocr_par' dir='ltr' id='par_1_30' title="bbox 1976 1564 3573 1637">
     <span class='ocr_line' id='line_1_30' title="bbox 1976 1564 3573 1637; baseline 0.002 -20"><span class='ocrx_word' id='word_1_232' title='bbox 1976 1564 2238 1634; x_wconf 86' lang='lat' dir='ltr'><strong>operibus</strong></span> <span class='ocrx_word' id='word_1_233' title='bbox 2271 1566 2453 1632; x_wconf 89' lang='lat' dir='ltr'><strong>ﬁoret,</strong></span> <span class='ocrx_word' id='word_1_234' title='bbox 2486 1569 2543 1618; x_wconf 92' lang='lat' dir='ltr'><strong>et</strong></span> <span class='ocrx_word' id='word_1_235' title='bbox 2580 1570 2776 1619; x_wconf 88' lang='lat' dir='ltr'><strong>contra</strong></span> <span class='ocrx_word' id='word_1_236' title='bbox 2810 1581 3004 1620; x_wconf 89' lang='lat' dir='ltr'><strong>omnes</strong></span> <span class='ocrx_word' id='word_1_237' title='bbox 3031 1582 3424 1637; x_wconf 87' lang='lat' dir='ltr'><strong>pressurarum</strong></span> <span class='ocrx_word' id='word_1_238' title='bbox 3461 1566 3573 1620; x_wconf 88' lang='lat' dir='ltr'><strong>im-</strong></span> 
     </span>
    </p>
   </div>
   <div class='ocr_carea' id='block_1_31' title="bbox 1975 1654 3574 1727">
    <p class='ocr_par' dir='ltr' id='par_1_31' title="bbox 1975 1654 3574 1727">
     <span class='ocr_line' id='line_1_31' title="bbox 1975 1654 3574 1727; baseline 0.003 -20"><span class='ocrx_word' id='word_1_239' title='bbox 1975 1654 2189 1724; x_wconf 88' lang='lat' dir='ltr'><strong>pulsus,</strong></span> <span class='ocrx_word' id='word_1_240' title='bbox 2212 1655 2365 1709; x_wconf 90' lang='lat' dir='ltr'><strong>velut</strong></span> <span class='ocrx_word' id='word_1_241' title='bbox 2383 1654 2640 1727; x_wconf 87' lang='lat' dir='ltr'><strong>clypeum</strong></span> <span class='ocrx_word' id='word_1_242' title='bbox 2672 1654 3034 1727; x_wconf 90' lang='lat' dir='ltr'><strong>protectionis</strong></span> <span class='ocrx_word' id='word_1_243' title='bbox 3060 1656 3309 1727; x_wconf 90' lang='lat' dir='ltr'><strong>opponit.</strong></span> <span class='ocrx_word' id='word_1_244' title='bbox 3354 1654 3436 1710; x_wconf 82' lang='lat' dir='ltr'><strong>Ex</strong></span> <span class='ocrx_word' id='word_1_245' title='bbox 3461 1672 3574 1727; x_wconf 89' lang='lat' dir='ltr'><strong>quo</strong></span> 
     </span>
    </p>
   </div>
   <div class='ocr_carea' id='block_1_32' title="bbox 306 1743 3571 1821">
    <p class='ocr_par' dir='ltr' id='par_1_32' title="bbox 306 1743 3571 1821">
     <span class='ocr_line' id='line_1_32' title="bbox 306 1743 3571 1821; baseline -0.002 -16"><span class='ocrx_word' id='word_1_246' title='bbox 306 1768 391 1805; x_wconf 86' lang='lat' dir='ltr'><strong>rea</strong></span> <span class='ocrx_word' id='word_1_247' title='bbox 425 1751 618 1805; x_wconf 91' lang='lat' dir='ltr'><strong>sciunt</strong></span> <span class='ocrx_word' id='word_1_248' title='bbox 652 1750 917 1820; x_wconf 88' lang='lat' dir='ltr'><strong>cogitare,</strong></span> <span class='ocrx_word' id='word_1_249' title='bbox 958 1749 1108 1803; x_wconf 89' lang='lat' dir='ltr'><strong>trino</strong></span> <span class='ocrx_word' id='word_1_250' title='bbox 1155 1748 1418 1802; x_wconf 80' lang='lat' dir='ltr'><strong>distincte</strong></span> <span class='ocrx_word' id='word_1_251' title='bbox 1455 1747 1525 1801; x_wconf 86' lang='lat' dir='ltr'><strong>ad</strong></span> <span class='ocrx_word' id='word_1_252' title='bbox 1552 1764 1891 1818; x_wconf 85' lang='lat' dir='ltr'><strong>cognoscen-</strong></span> <span class='ocrx_word' id='word_1_253' title='bbox 1910 1761 1957 1821; x_wconf 81' lang='grc' dir='ltr'>Β</span> <span class='ocrx_word' id='word_1_254' title='bbox 1975 1743 2217 1814; x_wconf 89' lang='lat' dir='ltr'><strong>denique</strong></span> <span class='ocrx_word' id='word_1_255' title='bbox 2243 1743 2421 1797; x_wconf 90' lang='lat' dir='ltr'><strong>nimia</strong></span> <span class='ocrx_word' id='word_1_256' title='bbox 2442 1744 2760 1799; x_wconf 87' lang='lat' dir='ltr'><strong>securitatis</strong></span> <span class='ocrx_word' id='word_1_257' title='bbox 2788 1744 3117 1800; x_wconf 84' lang='lat' dir='ltr'><strong>fortitudine</strong></span> <span class='ocrx_word' id='word_1_258' title='bbox 3136 1744 3571 1812; x_wconf 87' lang='lat' dir='ltr'><strong>circumvallata,</strong></span> 
     </span>
    </p>
   </div>
   <div class='ocr_carea' id='block_1_33' title="bbox 301 1832 3575 1910">
    <p class='ocr_par' dir='ltr' id='par_1_33' title="bbox 301 1832 3575 1910">
     <span class='ocr_line' id='line_1_33' title="bbox 301 1832 3575 1910; baseline -0.002 -15"><span class='ocrx_word' id='word_1_259' title='bbox 301 1841 418 1895; x_wconf 91' lang='lat' dir='ltr'><strong>dum</strong></span> <span class='ocrx_word' id='word_1_260' title='bbox 454 1857 610 1894; x_wconf 90' lang='lat' dir='ltr'><strong>unus</strong></span> <span class='ocrx_word' id='word_1_261' title='bbox 638 1839 860 1894; x_wconf 84' lang='lat' dir='ltr'><strong>refulsit</strong></span> <span class='ocrx_word' id='word_1_262' title='bbox 899 1838 1260 1910; x_wconf 89' lang='lat' dir='ltr'><strong>specialitatis</strong></span> <span class='ocrx_word' id='word_1_263' title='bbox 1308 1854 1561 1892; x_wconf 91' lang='lat' dir='ltr'><strong>numero.</strong></span> <span class='ocrx_word' id='word_1_264' title='bbox 1607 1837 1894 1902; x_wconf 82' lang='lat' dir='ltr'><strong>Quatenus</strong></span> <span class='ocrx_word' id='word_1_265' title='bbox 1975 1832 2215 1887; x_wconf 87' lang='lat' dir='ltr'><strong>ﬁdenter</strong></span> <span class='ocrx_word' id='word_1_266' title='bbox 2242 1834 2394 1888; x_wconf 90' lang='lat' dir='ltr'><strong>canit</strong></span> <span class='ocrx_word' id='word_1_267' title='bbox 2419 1833 2559 1889; x_wconf 90' lang='lat' dir='ltr'><strong>illud</strong></span> <span class='ocrx_word' id='word_1_268' title='bbox 2589 1834 2649 1888; x_wconf 90' lang='lat' dir='ltr'><strong>in</strong></span> <span class='ocrx_word' id='word_1_269' title='bbox 2679 1835 2923 1890; x_wconf 88' lang='lat' dir='ltr'><strong>Canticis</strong></span> <span class='ocrx_word' id='word_1_270' title='bbox 2948 1852 2960 1888; x_wconf 90' lang='lat'>:</span> <span class='ocrx_word' id='word_1_271' title='bbox 2986 1836 3096 1904; x_wconf 84' lang='lat' dir='ltr'><strong>Ego</strong></span> <span class='ocrx_word' id='word_1_272' title='bbox 3122 1836 3356 1903; x_wconf 80' lang='lat' dir='ltr'><strong>dormio,</strong></span> <span class='ocrx_word' id='word_1_273' title='bbox 3393 1841 3441 1890; x_wconf 77' lang='lat' dir='ltr'><strong>et</strong></span> <span class='ocrx_word' id='word_1_274' title='bbox 3481 1851 3575 1889; x_wconf 87' lang='lat' dir='ltr'><strong>cor</strong></span> 
     </span>
    </p>
   </div>
   <div class='ocr_carea' id='block_1_34' title="bbox 299 1924 3573 1997">
    <p class='ocr_par' dir='ltr' id='par_1_34' title="bbox 299 1924 3573 1997">
     <span class='ocr_line' id='line_1_34' title="bbox 299 1924 3573 1997; baseline -0.001 -14"><span class='ocrx_word' id='word_1_275' title='bbox 299 1931 423 1995; x_wconf 84' lang='lat' dir='ltr'><strong>visu,</strong></span> <span class='ocrx_word' id='word_1_276' title='bbox 446 1928 655 1984; x_wconf 90' lang='lat' dir='ltr'><strong>auditu</strong></span> <span class='ocrx_word' id='word_1_277' title='bbox 686 1938 744 1983; x_wconf 87' lang='lat' dir='ltr'><strong>et</strong></span> <span class='ocrx_word' id='word_1_278' title='bbox 776 1933 927 1983; x_wconf 89' lang='lat' dir='ltr'><strong>tactu</strong></span> <span class='ocrx_word' id='word_1_279' title='bbox 969 1927 1151 1982; x_wconf 85' lang='lat' dir='ltr'><strong>adhuc</strong></span> <span class='ocrx_word' id='word_1_280' title='bbox 1186 1927 1458 1981; x_wconf 85' lang='lat' dir='ltr'><strong>lactantes</strong></span> <span class='ocrx_word' id='word_1_281' title='bbox 1489 1928 1545 1981; x_wconf 91' lang='lat' dir='ltr'><strong>in</strong></span> <span class='ocrx_word' id='word_1_282' title='bbox 1576 1926 1685 1982; x_wconf 88' lang='lat' dir='ltr'><strong>ﬁde</strong></span> <span class='ocrx_word' id='word_1_283' title='bbox 1712 1927 1893 1982; x_wconf 88' lang='lat' dir='ltr'><strong>tribus</strong></span> <span class='ocrx_word' id='word_1_284' title='bbox 1974 1938 2159 1976; x_wconf 84' lang='lat' dir='ltr'><strong>meum</strong></span> <span class='ocrx_word' id='word_1_285' title='bbox 2204 1925 2404 1992; x_wconf 77' lang='lat' dir='ltr'><strong>vigilat</strong></span> <span class='ocrx_word' id='word_1_286' title='bbox 2444 1924 2630 1993; x_wconf 79' lang='lat' dir='ltr'><strong>(Cant.</strong></span> <span class='ocrx_word' id='word_1_287' title='bbox 2664 1941 2718 1991; x_wconf 87' lang='lat' dir='ltr'><strong>v,</strong></span> <span class='ocrx_word' id='word_1_288' title='bbox 2748 1924 2823 1994; x_wconf 73' lang='lat'><strong>2).</strong></span> <span class='ocrx_word' id='word_1_289' title='bbox 2858 1925 3078 1979; x_wconf 87' lang='lat' dir='ltr'><strong>Dormit</strong></span> <span class='ocrx_word' id='word_1_290' title='bbox 3118 1926 3268 1980; x_wconf 90' lang='lat' dir='ltr'><strong>enim</strong></span> <span class='ocrx_word' id='word_1_291' title='bbox 3299 1926 3418 1997; x_wconf 88' lang='lat' dir='ltr'><strong>spei</strong></span> <span class='ocrx_word' id='word_1_292' title='bbox 3459 1941 3573 1980; x_wconf 65' lang='lat' dir='ltr'><strong>suae</strong></span> 
     </span>
    </p>
   </div>
   <div class='ocr_carea' id='block_1_35' title="bbox 299 2016 1891 2087">
    <p class='ocr_par' dir='ltr' id='par_1_35' title="bbox 299 2016 1891 2087">
     <span class='ocr_line' id='line_1_35' title="bbox 299 2016 1891 2087; baseline -0.001 -14"><span class='ocrx_word' id='word_1_293' title='bbox 299 2020 408 2074; x_wconf 84' lang='lat' dir='ltr'><strong>istis</strong></span> <span class='ocrx_word' id='word_1_294' title='bbox 430 2018 699 2073; x_wconf 89' lang='lat' dir='ltr'><strong>sensibus</strong></span> <span class='ocrx_word' id='word_1_295' title='bbox 722 2019 874 2072; x_wconf 91' lang='lat' dir='ltr'><strong>intus</strong></span> <span class='ocrx_word' id='word_1_296' title='bbox 902 2017 960 2071; x_wconf 92' lang='lat' dir='ltr'><strong>in</strong></span> <span class='ocrx_word' id='word_1_297' title='bbox 984 2035 1043 2071; x_wconf 90' lang='lat' dir='ltr'><strong>se</strong></span> <span class='ocrx_word' id='word_1_298' title='bbox 1072 2017 1400 2087; x_wconf 88' lang='lat' dir='ltr'><strong>trajicerent</strong></span> <span class='ocrx_word' id='word_1_299' title='bbox 1422 2017 1605 2087; x_wconf 88' lang='lat' dir='ltr'><strong>prima</strong></span> <span class='ocrx_word' id='word_1_300' title='bbox 1642 2016 1772 2070; x_wconf 87' lang='lat' dir='ltr'><strong>ﬁdei</strong></span> <span class='ocrx_word' id='word_1_301' title='bbox 1800 2033 1891 2071; x_wconf 88' lang='lat' dir='ltr'><strong>ru-</strong></span> 
     </span>
    </p>
   </div>
   <div class='ocr_carea' id='block_1_36' title="bbox 300 2105 1885 2179">
    <p class='ocr_par' dir='ltr' id='par_1_36' title="bbox 300 2105 1885 2179">
     <span class='ocr_line' id='line_1_36' title="bbox 300 2105 1885 2179; baseline -0.002 -16"><span class='ocrx_word' id='word_1_302' title='bbox 300 2109 531 2163; x_wconf 90' lang='lat' dir='ltr'><strong>dimenta</strong></span> <span class='ocrx_word' id='word_1_303' title='bbox 575 2112 915 2179; x_wconf 90' lang='lat' dir='ltr'><strong>cooperante</strong></span> <span class='ocrx_word' id='word_1_304' title='bbox 950 2107 1070 2179; x_wconf 91' lang='lat' dir='ltr'><strong>ipso</strong></span> <span class='ocrx_word' id='word_1_305' title='bbox 1115 2107 1210 2177; x_wconf 92' lang='lat' dir='ltr'><strong>qui</strong></span> <span class='ocrx_word' id='word_1_306' title='bbox 1248 2106 1492 2161; x_wconf 83' lang='lat' dir='ltr'><strong>exterius</strong></span> <span class='ocrx_word' id='word_1_307' title='bbox 1520 2105 1885 2173; x_wconf 89' lang='lat' dir='ltr'><strong>sentiebatur,</strong></span> 
     </span>
    </p>
   </div>
   <div class='ocr_carea' id='block_1_37' title="bbox 300 2195 1889 2269">
    <p class='ocr_par' dir='ltr' id='par_1_37' title="bbox 300 2195 1889 2269">
     <span class='ocr_line' id='line_1_37' title="bbox 300 2195 1889 2269; baseline -0.002 -17"><span class='ocrx_word' id='word_1_308' title='bbox 300 2197 423 2252; x_wconf 88' lang='lat' dir='ltr'><strong>ﬁdes</strong></span> <span class='ocrx_word' id='word_1_309' title='bbox 454 2197 713 2269; x_wconf 79' lang='lat' dir='ltr'><strong>perfecta</strong></span> <span class='ocrx_word' id='word_1_310' title='bbox 748 2196 1010 2267; x_wconf 88' lang='lat' dir='ltr'><strong>deinceps</strong></span> <span class='ocrx_word' id='word_1_311' title='bbox 1034 2195 1299 2250; x_wconf 86' lang='lat' dir='ltr'><strong>uberibus</strong></span> <span class='ocrx_word' id='word_1_312' title='bbox 1329 2196 1747 2266; x_wconf 86' lang='lat' dir='ltr'><strong>Scripturarum</strong></span> <span class='ocrx_word' id='word_1_313' title='bbox 1768 2196 1889 2267; x_wconf 86' lang='lat' dir='ltr'><strong>ple-</strong></span> 
     </span>
    </p>
   </div>
   <div class='ocr_carea' id='block_1_38' title="bbox 298 2284 1889 2355">
    <p class='ocr_par' dir='ltr' id='par_1_38' title="bbox 298 2284 1889 2355">
     <span class='ocr_line' id='line_1_38' title="bbox 298 2284 1889 2355; baseline -0.001 -14"><span class='ocrx_word' id='word_1_314' title='bbox 298 2288 412 2341; x_wconf 87' lang='lat' dir='ltr'><strong>nius</strong></span> <span class='ocrx_word' id='word_1_315' title='bbox 449 2287 794 2341; x_wconf 88' lang='lat' dir='ltr'><strong>nutriretur.</strong></span> <span class='ocrx_word' id='word_1_316' title='bbox 836 2286 960 2340; x_wconf 92' lang='lat' dir='ltr'><strong>Non</strong></span> <span class='ocrx_word' id='word_1_317' title='bbox 1007 2285 1157 2339; x_wconf 91' lang='lat' dir='ltr'><strong>enim</strong></span> <span class='ocrx_word' id='word_1_318' title='bbox 1204 2284 1358 2355; x_wconf 89' lang='lat' dir='ltr'><strong>prius</strong></span> <span class='ocrx_word' id='word_1_319' title='bbox 1392 2285 1574 2338; x_wconf 90' lang='lat' dir='ltr'><strong>adhuc</strong></span> <span class='ocrx_word' id='word_1_320' title='bbox 1617 2284 1889 2340; x_wconf 89' lang='lat' dir='ltr'><strong>animales</strong></span> 
     </span>
    </p>
   </div>
   <div class='ocr_carea' id='block_1_39' title="bbox 300 2374 1890 2447">
    <p class='ocr_par' dir='ltr' id='par_1_39' title="bbox 300 2374 1890 2447">
     <span class='ocr_line' id='line_1_39' title="bbox 300 2374 1890 2447; baseline -0.001 -17"><span class='ocrx_word' id='word_1_321' title='bbox 300 2375 560 2447; x_wconf 83' lang='lat' dir='ltr'><strong>spiritalia</strong></span> <span class='ocrx_word' id='word_1_322' title='bbox 594 2374 911 2447; x_wconf 89' lang='lat' dir='ltr'><strong>potuissent</strong></span> <span class='ocrx_word' id='word_1_323' title='bbox 938 2374 1007 2428; x_wconf 90' lang='lat' dir='ltr'><strong>ad</strong></span> <span class='ocrx_word' id='word_1_324' title='bbox 1037 2374 1265 2445; x_wconf 92' lang='lat' dir='ltr'><strong>plenum</strong></span> <span class='ocrx_word' id='word_1_325' title='bbox 1293 2390 1509 2445; x_wconf 89' lang='lat' dir='ltr'><strong>capere.</strong></span> <span class='ocrx_word' id='word_1_326' title='bbox 1545 2374 1615 2428; x_wconf 91' lang='lat' dir='ltr'><strong>Et</strong></span> <span class='ocrx_word' id='word_1_327' title='bbox 1640 2374 1766 2428; x_wconf 93' lang='lat' dir='ltr'><strong>ideo</strong></span> <span class='ocrx_word' id='word_1_328' title='bbox 1796 2389 1890 2428; x_wconf 86' lang='lat' dir='ltr'><strong>ne-</strong></span> 
     </span>
    </p>
   </div>
   <div class='ocr_carea' id='block_1_40' title="bbox 296 2464 1888 2536">
    <p class='ocr_par' dir='ltr' id='par_1_40' title="bbox 296 2464 1888 2536">
     <span class='ocr_line' id='line_1_40' title="bbox 296 2464 1888 2536; baseline 0 -16"><span class='ocrx_word' id='word_1_329' title='bbox 296 2483 431 2520; x_wconf 83' lang='lat' dir='ltr'><strong>cesse</strong></span> <span class='ocrx_word' id='word_1_330' title='bbox 454 2466 566 2520; x_wconf 88' lang='lat' dir='ltr'><strong>fuit</strong></span> <span class='ocrx_word' id='word_1_331' title='bbox 587 2470 654 2520; x_wconf 92' lang='lat' dir='ltr'><strong>ut</strong></span> <span class='ocrx_word' id='word_1_332' title='bbox 672 2482 775 2536; x_wconf 90' lang='lat' dir='ltr'><strong>per</strong></span> <span class='ocrx_word' id='word_1_333' title='bbox 790 2481 1013 2519; x_wconf 90' lang='lat' dir='ltr'><strong>sensum</strong></span> <span class='ocrx_word' id='word_1_334' title='bbox 1038 2464 1287 2518; x_wconf 81' lang='lat' dir='ltr'><strong>exterius</strong></span> <span class='ocrx_word' id='word_1_335' title='bbox 1313 2469 1514 2518; x_wconf 85' lang='lat' dir='ltr'><strong>tenera</strong></span> <span class='ocrx_word' id='word_1_336' title='bbox 1540 2465 1888 2520; x_wconf 90' lang='lat' dir='ltr'><strong>credentium</strong></span> 
     </span>
    </p>
   </div>
   <div class='ocr_carea' id='block_1_41' title="bbox 262 2552 1893 2625">
    <p class='ocr_par' dir='ltr' id='par_1_41' title="bbox 262 2552 1893 2625">
     <span class='ocr_line' id='line_1_41' title="bbox 262 2552 1893 2625; baseline 0.001 -18"><span class='ocrx_word' id='word_1_337' title='bbox 262 2580 265 2587; x_wconf 64' lang='grc' dir='ltr'>λ</span> <span class='ocrx_word' id='word_1_338' title='bbox 297 2553 516 2609; x_wconf 87' lang='lat' dir='ltr'><strong>infantia</strong></span> <span class='ocrx_word' id='word_1_339' title='bbox 546 2555 725 2609; x_wconf 84' lang='lat' dir='ltr'><strong>ﬁdem</strong></span> <span class='ocrx_word' id='word_1_340' title='bbox 753 2554 1083 2625; x_wconf 86' lang='lat' dir='ltr'><strong>perciperet,</strong></span> <span class='ocrx_word' id='word_1_341' title='bbox 1114 2557 1172 2607; x_wconf 92' lang='lat' dir='ltr'><strong>et</strong></span> <span class='ocrx_word' id='word_1_342' title='bbox 1190 2552 1259 2607; x_wconf 91' lang='lat' dir='ltr'><strong>de</strong></span> <span class='ocrx_word' id='word_1_343' title='bbox 1281 2569 1448 2607; x_wconf 90' lang='lat' dir='ltr'><strong>sensu</strong></span> <span class='ocrx_word' id='word_1_344' title='bbox 1472 2554 1656 2607; x_wconf 90' lang='lat' dir='ltr'><strong>carnis</strong></span> <span class='ocrx_word' id='word_1_345' title='bbox 1684 2555 1893 2609; x_wconf 89' lang='lat' dir='ltr'><strong>intror-</strong></span> 
     </span>
    </p>
   </div>
   <div class='ocr_carea' id='block_1_42' title="bbox 296 2642 1894 2708">
    <p class='ocr_par' dir='ltr' id='par_1_42' title="bbox 296 2642 1894 2708">
     <span class='ocr_line' id='line_1_42' title="bbox 296 2642 1894 2708; baseline 0.001 -11"><span class='ocrx_word' id='word_1_346' title='bbox 296 2661 379 2697; x_wconf 88' lang='lat' dir='ltr'><strong>sus</strong></span> <span class='ocrx_word' id='word_1_347' title='bbox 400 2644 650 2708; x_wconf 85' lang='lat' dir='ltr'><strong>rediens,</strong></span> <span class='ocrx_word' id='word_1_348' title='bbox 680 2648 833 2697; x_wconf 87' lang='lat' dir='ltr'><strong>totus</strong></span> <span class='ocrx_word' id='word_1_349' title='bbox 865 2643 1028 2697; x_wconf 90' lang='lat' dir='ltr'><strong>homo</strong></span> <span class='ocrx_word' id='word_1_350' title='bbox 1057 2658 1356 2696; x_wconf 88' lang='lat' dir='ltr'><strong>conversus</strong></span> <span class='ocrx_word' id='word_1_351' title='bbox 1379 2642 1450 2697; x_wconf 91' lang='lat' dir='ltr'><strong>ad</strong></span> <span class='ocrx_word' id='word_1_352' title='bbox 1479 2643 1677 2698; x_wconf 82' lang='lat' dir='ltr'><strong>Deum&#39;</strong></span> <span class='ocrx_word' id='word_1_353' title='bbox 1705 2644 1894 2699; x_wconf 90' lang='lat' dir='ltr'><strong>invisi-</strong></span> 
     </span>
    </p>
   </div>
   <div class='ocr_carea' id='block_1_43' title="bbox 297 2730 1893 2805">
    <p class='ocr_par' dir='ltr' id='par_1_43' title="bbox 297 2730 1893 2805">
     <span class='ocr_line' id='line_1_43' title="bbox 297 2730 1893 2805; baseline 0.003 -21"><span class='ocrx_word' id='word_1_354' title='bbox 297 2730 416 2787; x_wconf 89' lang='lat' dir='ltr'><strong>bilia</strong></span> <span class='ocrx_word' id='word_1_355' title='bbox 434 2733 686 2788; x_wconf 80' lang='lat' dir='ltr'><strong>videndo</strong></span> <span class='ocrx_word' id='word_1_356' title='bbox 716 2750 818 2805; x_wconf 88' lang='lat' dir='ltr'><strong>per</strong></span> <span class='ocrx_word' id='word_1_357' title='bbox 842 2733 1009 2787; x_wconf 87' lang='lat' dir='ltr'><strong>ﬁdem</strong></span> <span class='ocrx_word' id='word_1_358' title='bbox 1040 2733 1201 2786; x_wconf 90' lang='lat' dir='ltr'><strong>ﬁeret</strong></span> <span class='ocrx_word' id='word_1_359' title='bbox 1228 2732 1515 2803; x_wconf 89' lang='lat' dir='ltr'><strong>spiritalis,</strong></span> <span class='ocrx_word' id='word_1_360' title='bbox 1551 2739 1608 2787; x_wconf 89' lang='lat' dir='ltr'><strong>et</strong></span> <span class='ocrx_word' id='word_1_361' title='bbox 1634 2734 1893 2790; x_wconf 89' lang='lat' dir='ltr'><strong>tenderet</strong></span> 
     </span>
    </p>
   </div>
   <div class='ocr_carea' id='block_1_44' title="bbox 297 2810 1891 2894">
    <p class='ocr_par' dir='ltr' id='par_1_44' title="bbox 297 2810 1891 2894">
     <span class='ocr_line' id='line_1_44' title="bbox 297 2810 1891 2894; baseline 0.001 -19"><span class='ocrx_word' id='word_1_362' title='bbox 297 2821 590 2877; x_wconf 87' lang='lat' dir='ltr'><strong>sublimius</strong></span> <span class='ocrx_word' id='word_1_363' title='bbox 619 2840 720 2894; x_wconf 89' lang='lat' dir='ltr'><strong>per</strong></span> <span class='ocrx_word' id='word_1_364' title='bbox 748 2822 935 2889; x_wconf 89' lang='lat' dir='ltr'><strong>ﬁdem,</strong></span> <span class='ocrx_word' id='word_1_365' title='bbox 964 2821 1344 2876; x_wconf 84' lang='lat' dir='ltr'><strong>doctrinarum</strong></span> <span class='ocrx_word' id='word_1_366' title='bbox 1383 2822 1524 2876; x_wconf 87' lang='lat' dir='ltr'><strong>lacte</strong></span> <span class='ocrx_word' id='word_1_367' title='bbox 1552 2810 1801 2878; x_wconf 81' lang='lat' dir='ltr'><strong>nutritus</strong></span> <span class='ocrx_word' id='word_1_368' title='bbox 1821 2824 1891 2877; x_wconf 90' lang='lat' dir='ltr'><strong>ad</strong></span> 
     </span>
    </p>
   </div>
   <div class='ocr_carea' id='block_1_45' title="bbox 295 2902 1893 2982">
    <p class='ocr_par' dir='ltr' id='par_1_45' title="bbox 295 2902 1893 2982">
     <span class='ocr_line' id='line_1_45' title="bbox 295 2902 1893 2982; baseline 0.003 -19"><span class='ocrx_word' id='word_1_369' title='bbox 295 2911 588 2981; x_wconf 86' lang='lat' dir='ltr'><strong>spiritalia.</strong></span> <span class='ocrx_word' id='word_1_370' title='bbox 628 2902 787 2967; x_wconf 89' lang='lat' dir='ltr'><strong>Unde</strong></span> <span class='ocrx_word' id='word_1_371' title='bbox 816 2918 873 2966; x_wconf 92' lang='lat' dir='ltr'><strong>et</strong></span> <span class='ocrx_word' id='word_1_372' title='bbox 896 2912 1295 2982; x_wconf 86' lang='lat' dir='ltr'><strong>quamplurimi</strong></span> <span class='ocrx_word' id='word_1_373' title='bbox 1326 2918 1646 2967; x_wconf 90' lang='lat' dir='ltr'><strong>sanctorum</strong></span> <span class='ocrx_word' id='word_1_374' title='bbox 1674 2912 1732 2968; x_wconf 93' lang='lat' dir='ltr'><strong>in</strong></span> <span class='ocrx_word' id='word_1_375' title='bbox 1762 2919 1893 2968; x_wconf 89' lang='lat' dir='ltr'><strong>tan-</strong></span> 
     </span>
    </p>
   </div>
   <div class='ocr_carea' id='block_1_46' title="bbox 1974 2012 3578 2086">
    <p class='ocr_par' dir='ltr' id='par_1_46' title="bbox 1974 2012 3578 2086">
     <span class='ocr_line' id='line_1_46' title="bbox 1974 2012 3578 2086; baseline 0.002 -21"><span class='ocrx_word' id='word_1_376' title='bbox 1974 2012 2309 2066; x_wconf 90' lang='lat' dir='ltr'><strong>certitudine</strong></span> <span class='ocrx_word' id='word_1_377' title='bbox 2338 2018 2627 2083; x_wconf 88' lang='lat' dir='ltr'><strong>soporata;</strong></span> <span class='ocrx_word' id='word_1_378' title='bbox 2650 2014 2848 2085; x_wconf 79' lang='lat' dir='ltr'><strong>vigilat</strong></span> <span class='ocrx_word' id='word_1_379' title='bbox 2885 2030 3011 2068; x_wconf 88' lang='lat' dir='ltr'><strong>vero</strong></span> <span class='ocrx_word' id='word_1_380' title='bbox 3032 2015 3307 2086; x_wconf 85' lang='lat' dir='ltr'><strong>pervigilii</strong></span> <span class='ocrx_word' id='word_1_381' title='bbox 3334 2014 3578 2085; x_wconf 58' lang='lat' dir='ltr'><strong>diligen»</strong></span> 
     </span>
    </p>
   </div>
   <div class='ocr_carea' id='block_1_47' title="bbox 1971 2100 3571 2173">
    <p class='ocr_par' dir='ltr' id='par_1_47' title="bbox 1971 2100 3571 2173">
     <span class='ocr_line' id='line_1_47' title="bbox 1971 2100 3571 2173; baseline 0.001 -18"><span class='ocrx_word' id='word_1_382' title='bbox 1971 2101 2069 2167; x_wconf 88' lang='lat' dir='ltr'><strong>tia,</strong></span> <span class='ocrx_word' id='word_1_383' title='bbox 2087 2117 2158 2155; x_wconf 90' lang='lat' dir='ltr'><strong>ne</strong></span> <span class='ocrx_word' id='word_1_384' title='bbox 2185 2100 2333 2173; x_wconf 89' lang='lat' dir='ltr'><strong>quod</strong></span> <span class='ocrx_word' id='word_1_385' title='bbox 2353 2101 2636 2173; x_wconf 87' lang='lat' dir='ltr'><strong>signatum</strong></span> <span class='ocrx_word' id='word_1_386' title='bbox 2656 2109 2742 2157; x_wconf 90' lang='lat' dir='ltr'><strong>est</strong></span> <span class='ocrx_word' id='word_1_387' title='bbox 2764 2103 2972 2158; x_wconf 89' lang='lat' dir='ltr'><strong>annulo</strong></span> <span class='ocrx_word' id='word_1_388' title='bbox 2992 2103 3141 2169; x_wconf 89' lang='lat' dir='ltr'><strong>ﬁdei,</strong></span> <span class='ocrx_word' id='word_1_389' title='bbox 3158 2103 3571 2158; x_wconf 89' lang='lat' dir='ltr'><strong>fraudulentius</strong></span> 
     </span>
    </p>
   </div>
   <div class='ocr_carea' id='block_1_48' title="bbox 1971 2193 3566 2262">
    <p class='ocr_par' dir='ltr' id='par_1_48' title="bbox 1971 2193 3566 2262">
     <span class='ocr_line' id='line_1_48' title="bbox 1971 2193 3566 2262; baseline 0.002 -17"><span class='ocrx_word' id='word_1_390' title='bbox 1971 2196 2381 2262; x_wconf 86' lang='lat' dir='ltr'><strong>corrumpatur.</strong></span> <span class='ocrx_word' id='word_1_391' title='bbox 2402 2193 2595 2248; x_wconf 78' lang='lat' dir='ltr'><strong>Nescit</strong></span> <span class='ocrx_word' id='word_1_392' title='bbox 2612 2198 2804 2248; x_wconf 88' lang='lat' dir='ltr'><strong>autem</strong></span> <span class='ocrx_word' id='word_1_393' title='bbox 2818 2193 3057 2248; x_wconf 90' lang='lat' dir='ltr'><strong>ulterius</strong></span> <span class='ocrx_word' id='word_1_394' title='bbox 3067 2193 3137 2248; x_wconf 92' lang='lat' dir='ltr'><strong>de</strong></span> <span class='ocrx_word' id='word_1_395' title='bbox 3157 2194 3268 2248; x_wconf 90' lang='lat' dir='ltr'><strong>ﬁde</strong></span> <span class='ocrx_word' id='word_1_396' title='bbox 3287 2193 3566 2249; x_wconf 86' lang='lat' dir='ltr'><strong>dubitare:</strong></span> 
     </span>
    </p>
   </div>
   <div class='ocr_carea' id='block_1_49' title="bbox 1971 2281 3572 2353">
    <p class='ocr_par' dir='ltr' id='par_1_49' title="bbox 1971 2281 3572 2353">
     <span class='ocr_line' id='line_1_49' title="bbox 1971 2281 3572 2353; baseline 0.001 -19"><span class='ocrx_word' id='word_1_397' title='bbox 1971 2281 2103 2352; x_wconf 91' lang='lat' dir='ltr'><strong>quia</strong></span> <span class='ocrx_word' id='word_1_398' title='bbox 2141 2281 2245 2336; x_wconf 87' lang='lat' dir='ltr'><strong>etsi</strong></span> <span class='ocrx_word' id='word_1_399' title='bbox 2274 2282 2333 2336; x_wconf 91' lang='lat' dir='ltr'><strong>in</strong></span> <span class='ocrx_word' id='word_1_400' title='bbox 2363 2283 2531 2337; x_wconf 91' lang='lat' dir='ltr'><strong>terris</strong></span> <span class='ocrx_word' id='word_1_401' title='bbox 2559 2284 2742 2337; x_wconf 91' lang='lat' dir='ltr'><strong>adhuc</strong></span> <span class='ocrx_word' id='word_1_402' title='bbox 2766 2284 2951 2353; x_wconf 89' lang='lat' dir='ltr'><strong>degat,</strong></span> <span class='ocrx_word' id='word_1_403' title='bbox 2975 2283 3035 2337; x_wconf 90' lang='lat' dir='ltr'><strong>in</strong></span> <span class='ocrx_word' id='word_1_404' title='bbox 3073 2284 3210 2338; x_wconf 70' lang='lat' dir='ltr'><strong>caelo</strong></span> <span class='ocrx_word' id='word_1_405' title='bbox 3240 2287 3432 2337; x_wconf 91' lang='lat' dir='ltr'><strong>tamen</strong></span> <span class='ocrx_word' id='word_1_406' title='bbox 3461 2282 3572 2338; x_wconf 88' lang='lat' dir='ltr'><strong>col-</strong></span> 
     </span>
    </p>
   </div>
   <div class='ocr_carea' id='block_1_50' title="bbox 1969 2371 3573 2445">
    <p class='ocr_par' dir='ltr' id='par_1_50' title="bbox 1969 2371 3573 2445">
     <span class='ocr_line' id='line_1_50' title="bbox 1969 2371 3573 2445; baseline 0.002 -21"><span class='ocrx_word' id='word_1_407' title='bbox 1969 2371 2184 2425; x_wconf 83' lang='lat' dir='ltr'><strong>locatus</strong></span> <span class='ocrx_word' id='word_1_408' title='bbox 2214 2388 2315 2443; x_wconf 90' lang='lat' dir='ltr'><strong>per</strong></span> <span class='ocrx_word' id='word_1_409' title='bbox 2333 2373 2522 2440; x_wconf 87' lang='lat' dir='ltr'><strong>ﬁdem,</strong></span> <span class='ocrx_word' id='word_1_410' title='bbox 2554 2373 2601 2427; x_wconf 90' lang='lat' dir='ltr'><strong>si</strong></span> <span class='ocrx_word' id='word_1_411' title='bbox 2628 2373 2879 2428; x_wconf 91' lang='lat' dir='ltr'><strong>nondum</strong></span> <span class='ocrx_word' id='word_1_412' title='bbox 2898 2389 2983 2442; x_wconf 87' lang='lat' dir='ltr'><strong>re,</strong></span> <span class='ocrx_word' id='word_1_413' title='bbox 3002 2389 3099 2445; x_wconf 93' lang='lat' dir='ltr'><strong>spe</strong></span> <span class='ocrx_word' id='word_1_414' title='bbox 3121 2389 3342 2444; x_wconf 90' lang='lat' dir='ltr'><strong>quoque</strong></span> <span class='ocrx_word' id='word_1_415' title='bbox 3369 2376 3573 2444; x_wconf 82' lang='lat' dir='ltr'><strong>regnat</strong></span> 
     </span>
    </p>
   </div>
   <div class='ocr_carea' id='block_1_51' title="bbox 1969 2461 3563 2534">
    <p class='ocr_par' dir='ltr' id='par_1_51' title="bbox 1969 2461 3563 2534">
     <span class='ocr_line' id='line_1_51' title="bbox 1969 2461 3563 2534; baseline 0.002 -21"><span class='ocrx_word' id='word_1_416' title='bbox 1969 2476 2099 2514; x_wconf 92' lang='lat' dir='ltr'><strong>cum</strong></span> <span class='ocrx_word' id='word_1_417' title='bbox 2129 2461 2370 2516; x_wconf 89' lang='lat' dir='ltr'><strong>Christo.</strong></span> <span class='ocrx_word' id='word_1_418' title='bbox 2405 2462 2505 2517; x_wconf 88' lang='lat' dir='ltr'><strong>Est</strong></span> <span class='ocrx_word' id='word_1_419' title='bbox 2527 2461 2717 2533; x_wconf 89' lang='lat' dir='ltr'><strong>itaque</strong></span> <span class='ocrx_word' id='word_1_420' title='bbox 2747 2463 3120 2534; x_wconf 90' lang='lat' dir='ltr'><strong>quorumdam</strong></span> <span class='ocrx_word' id='word_1_421' title='bbox 3154 2462 3378 2517; x_wconf 90' lang='lat' dir='ltr'><strong>modica</strong></span> <span class='ocrx_word' id='word_1_422' title='bbox 3404 2461 3563 2530; x_wconf 88' lang='lat' dir='ltr'><strong>ﬁdes,</strong></span> 
     </span>
    </p>
   </div>
   <div class='ocr_carea' id='block_1_52' title="bbox 1976 2551 3567 2621">
    <p class='ocr_par' dir='ltr' id='par_1_52' title="bbox 1976 2551 3567 2621">
     <span class='ocr_line' id='line_1_52' title="bbox 1976 2551 3567 2621; baseline 0.002 -18"><span class='ocrx_word' id='word_1_423' title='bbox 1976 2556 2034 2604; x_wconf 92' lang='lat' dir='ltr'><strong>et</strong></span> <span class='ocrx_word' id='word_1_424' title='bbox 2077 2554 2164 2604; x_wconf 91' lang='lat' dir='ltr'><strong>est</strong></span> <span class='ocrx_word' id='word_1_425' title='bbox 2208 2566 2433 2621; x_wconf 81' lang='lat' dir='ltr'><strong>magna.</strong></span> <span class='ocrx_word' id='word_1_426' title='bbox 2487 2552 2648 2606; x_wconf 89' lang='lat' dir='ltr'><strong>Unde</strong></span> <span class='ocrx_word' id='word_1_427' title='bbox 2676 2558 2733 2606; x_wconf 90' lang='lat' dir='ltr'><strong>et</strong></span> <span class='ocrx_word' id='word_1_428' title='bbox 2758 2552 2875 2620; x_wconf 90' lang='lat' dir='ltr'><strong>uni,</strong></span> <span class='ocrx_word' id='word_1_429' title='bbox 2913 2554 3133 2607; x_wconf 66' lang='lat' dir='ltr'><strong>Modica:</strong></span> <span class='ocrx_word' id='word_1_430' title='bbox 3169 2553 3316 2619; x_wconf 76' lang='lat' dir='ltr'><strong>ﬁdei,</strong></span> <span class='ocrx_word' id='word_1_431' title='bbox 3341 2551 3567 2619; x_wconf 90' lang='lat' dir='ltr'><strong>dicitur,</strong></span> 
     </span>
    </p>
   </div>
   <div class='ocr_carea' id='block_1_53' title="bbox 1975 2641 3572 2714">
    <p class='ocr_par' dir='ltr' id='par_1_53' title="bbox 1975 2641 3572 2714">
     <span class='ocr_line' id='line_1_53' title="bbox 1975 2641 3572 2714; baseline 0.003 -22"><span class='ocrx_word' id='word_1_432' title='bbox 1975 2656 2140 2709; x_wconf 83' lang='lat' dir='ltr'><strong>quare</strong></span> <span class='ocrx_word' id='word_1_433' title='bbox 2152 2642 2421 2695; x_wconf 77' lang='lat' dir='ltr'><strong>dubitasti</strong></span> <span class='ocrx_word' id='word_1_434' title='bbox 2434 2648 2458 2695; x_wconf 83' lang='lat'><strong><em>?</em></strong></span> <span class='ocrx_word' id='word_1_435' title='bbox 2486 2642 2699 2711; x_wconf 86' lang='lat' dir='ltr'><strong>(Matth.</strong></span> <span class='ocrx_word' id='word_1_436' title='bbox 2715 2656 2824 2710; x_wconf 82' lang='lat' dir='ltr'><strong>XIV,</strong></span> <span class='ocrx_word' id='word_1_437' title='bbox 2860 2641 2921 2697; x_wconf 87' lang='grc'><strong>31</strong></span> <span class='ocrx_word' id='word_1_438' title='bbox 2934 2646 2971 2713; x_wconf 94' lang='grc'><strong>.)</strong></span> <span class='ocrx_word' id='word_1_439' title='bbox 2985 2641 3164 2697; x_wconf 83' lang='lat' dir='ltr'><strong>Alteri</strong></span> <span class='ocrx_word' id='word_1_440' title='bbox 3177 2658 3306 2695; x_wconf 90' lang='lat' dir='ltr'><strong>vero</strong></span> <span class='ocrx_word' id='word_1_441' title='bbox 3329 2660 3341 2696; x_wconf 88' lang='lat'>:</span> <span class='ocrx_word' id='word_1_442' title='bbox 3360 2657 3572 2714; x_wconf 84' lang='lat' dir='ltr'><strong>magna</strong></span> 
     </span>
    </p>
   </div>
   <div class='ocr_carea' id='block_1_54' title="bbox 1974 2731 3571 2804">
    <p class='ocr_par' dir='ltr' id='par_1_54' title="bbox 1974 2731 3571 2804">
     <span class='ocr_line' id='line_1_54' title="bbox 1974 2731 3571 2804; baseline 0.001 -19"><span class='ocrx_word' id='word_1_443' title='bbox 1974 2735 2059 2785; x_wconf 88' lang='lat' dir='ltr'><strong>est</strong></span> <span class='ocrx_word' id='word_1_444' title='bbox 2087 2731 2224 2786; x_wconf 92' lang='lat' dir='ltr'><strong>ﬁdes</strong></span> <span class='ocrx_word' id='word_1_445' title='bbox 2253 2735 2370 2796; x_wconf 89' lang='lat' dir='ltr'><strong>tua,</strong></span> <span class='ocrx_word' id='word_1_446' title='bbox 2400 2731 2607 2786; x_wconf 89' lang='lat' dir='ltr'><strong>idcirco</strong></span> <span class='ocrx_word' id='word_1_447' title='bbox 2645 2734 2745 2787; x_wconf 90' lang='lat' dir='ltr'><strong>ﬁat</strong></span> <span class='ocrx_word' id='word_1_448' title='bbox 2772 2733 2878 2787; x_wconf 92' lang='lat' dir='ltr'><strong>tibi</strong></span> <span class='ocrx_word' id='word_1_449' title='bbox 2908 2733 3054 2788; x_wconf 89' lang='lat' dir='ltr'><strong>sicut</strong></span> <span class='ocrx_word' id='word_1_450' title='bbox 3085 2732 3315 2804; x_wconf 89' lang='lat' dir='ltr'><strong>petiisti.</strong></span> <span class='ocrx_word' id='word_1_451' title='bbox 3351 2732 3571 2804; x_wconf 88' lang='lat' dir='ltr'><strong>Quippe</strong></span> 
     </span>
    </p>
   </div>
   <div class='ocr_carea' id='block_1_55' title="bbox 1973 2821 3572 2893">
    <p class='ocr_par' dir='ltr' id='par_1_55' title="bbox 1973 2821 3572 2893">
     <span class='ocr_line' id='line_1_55' title="bbox 1973 2821 3572 2893; baseline 0 -18"><span class='ocrx_word' id='word_1_452' title='bbox 1973 2824 2105 2893; x_wconf 87' lang='lat' dir='ltr'><strong>quia</strong></span> <span class='ocrx_word' id='word_1_453' title='bbox 2131 2821 2403 2876; x_wconf 84' lang='lat' dir='ltr'><strong>virtutum</strong></span> <span class='ocrx_word' id='word_1_454' title='bbox 2451 2822 2616 2885; x_wconf 89' lang='lat' dir='ltr'><strong>dona,</strong></span> <span class='ocrx_word' id='word_1_455' title='bbox 2667 2823 2976 2877; x_wconf 90' lang='lat' dir='ltr'><strong>secundum</strong></span> <span class='ocrx_word' id='word_1_456' title='bbox 3006 2838 3331 2877; x_wconf 89' lang='lat' dir='ltr'><strong>mensuram</strong></span> <span class='ocrx_word' id='word_1_457' title='bbox 3374 2821 3505 2876; x_wconf 90' lang='lat' dir='ltr'><strong>ﬁdei</strong></span> <span class='ocrx_word' id='word_1_458' title='bbox 3535 2836 3572 2876; x_wconf 88' lang='lat' dir='ltr'><strong>a</strong></span> 
     </span>
    </p>
   </div>
   <div class='ocr_carea' id='block_1_56' title="bbox 1974 2911 3570 2985">
    <p class='ocr_par' dir='ltr' id='par_1_56' title="bbox 1974 2911 3570 2985">
     <span class='ocr_line' id='line_1_56' title="bbox 1974 2911 3570 2985; baseline 0 -17"><span class='ocrx_word' id='word_1_459' title='bbox 1974 2913 2188 2985; x_wconf 88' lang='lat' dir='ltr'><strong>Spiritu</strong></span> <span class='ocrx_word' id='word_1_460' title='bbox 2217 2917 2410 2967; x_wconf 90' lang='lat' dir='ltr'><strong>sancto</strong></span> <span class='ocrx_word' id='word_1_461' title='bbox 2440 2911 2743 2984; x_wconf 90' lang='lat' dir='ltr'><strong>unicuique</strong></span> <span class='ocrx_word' id='word_1_462' title='bbox 2784 2913 3122 2984; x_wconf 84' lang='lat' dir='ltr'><strong>largiuntur.</strong></span> <span class='ocrx_word' id='word_1_463' title='bbox 3163 2913 3444 2967; x_wconf 86' lang='lat' dir='ltr'><strong>Praeterea</strong></span> <span class='ocrx_word' id='word_1_464' title='bbox 3467 2928 3570 2984; x_wconf 90' lang='lat' dir='ltr'><strong>per</strong></span> 
     </span>
    </p>
   </div>
   <div class='ocr_carea' id='block_1_57' title="bbox 290 3000 3565 3102">
    <p class='ocr_par' dir='ltr' id='par_1_57' title="bbox 290 3000 3565 3102">
     <span class='ocr_line' id='line_1_57' title="bbox 290 3000 3565 3102; baseline 0.003 -49"><span class='ocrx_word' id='word_1_465' title='bbox 290 3005 396 3054; x_wconf 87' lang='lat' dir='ltr'><strong>tum</strong></span> <span class='ocrx_word' id='word_1_466' title='bbox 407 3001 749 3072; x_wconf 85' lang='lat' dir='ltr'><strong>spiritaliter</strong></span> <span class='ocrx_word' id='word_1_467' title='bbox 764 3000 1136 3072; x_wconf 86' lang='lat' dir='ltr'><strong>profecerunt,</strong></span> <span class='ocrx_word' id='word_1_468' title='bbox 1161 3007 1225 3055; x_wconf 91' lang='lat' dir='ltr'><strong>ut</strong></span> <span class='ocrx_word' id='word_1_469' title='bbox 1248 3001 1522 3072; x_wconf 84' lang='lat' dir='ltr'><strong>spiritalia</strong></span> <span class='ocrx_word' id='word_1_470' title='bbox 1544 3002 1888 3074; x_wconf 87' lang='lat' dir='ltr'><strong>spiritalibus</strong></span> <span class='ocrx_word' id='word_1_471' title='bbox 1903 3041 1946 3102; x_wconf 68' lang='grc' dir='ltr'>Ο</span> <span class='ocrx_word' id='word_1_472' title='bbox 1970 3003 2116 3057; x_wconf 90' lang='lat' dir='ltr'><strong>hanc</strong></span> <span class='ocrx_word' id='word_1_473' title='bbox 2149 3002 2325 3056; x_wconf 90' lang='lat' dir='ltr'><strong>sancti</strong></span> <span class='ocrx_word' id='word_1_474' title='bbox 2359 3002 2613 3057; x_wconf 88' lang='lat' dir='ltr'><strong>vicerunt</strong></span> <span class='ocrx_word' id='word_1_475' title='bbox 2643 3019 2838 3073; x_wconf 85' lang='lat' dir='ltr'><strong>regna,</strong></span> <span class='ocrx_word' id='word_1_476' title='bbox 2871 3004 3087 3076; x_wconf 89' lang='lat' dir='ltr'><strong>operati</strong></span> <span class='ocrx_word' id='word_1_477' title='bbox 3109 3010 3242 3060; x_wconf 90' lang='lat' dir='ltr'><strong>sunt</strong></span> <span class='ocrx_word' id='word_1_478' title='bbox 3262 3006 3565 3078; x_wconf 87' lang='lat' dir='ltr'><strong>justitiam,</strong></span> 
     </span>
    </p>
   </div>
   <div class='ocr_carea' id='block_1_58' title="bbox 293 3089 3571 3164">
    <p class='ocr_par' dir='ltr' id='par_1_58' title="bbox 293 3089 3571 3164">
     <span class='ocr_line' id='line_1_58' title="bbox 293 3089 3571 3164; baseline 0.002 -21"><span class='ocrx_word' id='word_1_479' title='bbox 293 3096 699 3162; x_wconf 87' lang='lat' dir='ltr'><strong>comparantes,</strong></span> <span class='ocrx_word' id='word_1_480' title='bbox 720 3091 973 3145; x_wconf 77' lang='lat' dir='ltr'><strong>viderent</strong></span> <span class='ocrx_word' id='word_1_481' title='bbox 999 3090 1199 3144; x_wconf 91' lang='lat' dir='ltr'><strong>melius</strong></span> <span class='ocrx_word' id='word_1_482' title='bbox 1213 3107 1279 3144; x_wconf 88' lang='lat' dir='ltr'><strong>ea</strong></span> <span class='ocrx_word' id='word_1_483' title='bbox 1291 3089 1463 3145; x_wconf 90' lang='lat' dir='ltr'><strong>videri</strong></span> <span class='ocrx_word' id='word_1_484' title='bbox 1489 3097 1694 3159; x_wconf 89' lang='lat' dir='ltr'><strong>mente,</strong></span> <span class='ocrx_word' id='word_1_485' title='bbox 1716 3111 1884 3164; x_wconf 90' lang='lat' dir='ltr'><strong>quam</strong></span> <span class='ocrx_word' id='word_1_486' title='bbox 1905 3089 1946 3102; x_wconf 61' lang='grc' dir='ltr'>ν</span> <span class='ocrx_word' id='word_1_487' title='bbox 1968 3092 2156 3164; x_wconf 90' lang='lat' dir='ltr'><strong>adepti</strong></span> <span class='ocrx_word' id='word_1_488' title='bbox 2184 3097 2318 3145; x_wconf 92' lang='lat' dir='ltr'><strong>sunt</strong></span> <span class='ocrx_word' id='word_1_489' title='bbox 2334 3090 2750 3163; x_wconf 89' lang='lat' dir='ltr'><strong>promissiones.</strong></span> <span class='ocrx_word' id='word_1_490' title='bbox 2766 3092 2875 3146; x_wconf 89' lang='lat' dir='ltr'><strong>Per</strong></span> <span class='ocrx_word' id='word_1_491' title='bbox 2891 3092 3037 3146; x_wconf 87' lang='lat' dir='ltr'><strong>hanc</strong></span> <span class='ocrx_word' id='word_1_492' title='bbox 3067 3109 3201 3147; x_wconf 90' lang='lat' dir='ltr'><strong>sane</strong></span> <span class='ocrx_word' id='word_1_493' title='bbox 3229 3110 3401 3149; x_wconf 89' lang='lat' dir='ltr'><strong>unam</strong></span> <span class='ocrx_word' id='word_1_494' title='bbox 3421 3106 3571 3151; x_wconf 87' lang='lat' dir='ltr'><strong>eam-</strong></span> 
     </span>
    </p>
   </div>
   <div class='ocr_carea' id='block_1_59' title="bbox 291 3180 3573 3255">
    <p class='ocr_par' dir='ltr' id='par_1_59' title="bbox 291 3180 3573 3255">
     <span class='ocr_line' id='line_1_59' title="bbox 291 3180 3573 3255; baseline 0.002 -21"><span class='ocrx_word' id='word_1_495' title='bbox 291 3196 444 3234; x_wconf 89' lang='lat' dir='ltr'><strong>sensu</strong></span> <span class='ocrx_word' id='word_1_496' title='bbox 475 3197 756 3252; x_wconf 84' lang='lat' dir='ltr'><strong>corporeo</strong></span> <span class='ocrx_word' id='word_1_497' title='bbox 786 3180 1103 3251; x_wconf 90' lang='lat' dir='ltr'><strong>persentiri.</strong></span> <span class='ocrx_word' id='word_1_498' title='bbox 1130 3181 1234 3244; x_wconf 88' lang='lat' dir='ltr'><strong>Qui</strong></span> <span class='ocrx_word' id='word_1_499' title='bbox 1267 3181 1370 3235; x_wconf 88' lang='lat' dir='ltr'><strong>etsi</strong></span> <span class='ocrx_word' id='word_1_500' title='bbox 1400 3181 1549 3235; x_wconf 87' lang='lat' dir='ltr'><strong>visus</strong></span> <span class='ocrx_word' id='word_1_501' title='bbox 1570 3200 1603 3236; x_wconf 88' lang='lat' dir='ltr'><strong>a</strong></span> <span class='ocrx_word' id='word_1_502' title='bbox 1627 3183 1884 3254; x_wconf 89' lang='lat' dir='ltr'><strong>plurimis</strong></span> <span class='ocrx_word' id='word_1_503' title='bbox 1967 3181 2209 3253; x_wconf 92' lang='lat' dir='ltr'><strong>demque</strong></span> <span class='ocrx_word' id='word_1_504' title='bbox 2237 3182 2346 3235; x_wconf 90' lang='lat' dir='ltr'><strong>ﬁde</strong></span> <span class='ocrx_word' id='word_1_505' title='bbox 2357 3180 2621 3248; x_wconf 90' lang='lat' dir='ltr'><strong>m,etiam</strong></span> <span class='ocrx_word' id='word_1_506' title='bbox 2642 3187 2700 3236; x_wconf 90' lang='lat' dir='ltr'><strong>et</strong></span> <span class='ocrx_word' id='word_1_507' title='bbox 2725 3198 2829 3236; x_wconf 91' lang='lat' dir='ltr'><strong>nos</strong></span> <span class='ocrx_word' id='word_1_508' title='bbox 2855 3181 3148 3251; x_wconf 87' lang='lat' dir='ltr'><strong>vincimus,</strong></span> <span class='ocrx_word' id='word_1_509' title='bbox 3182 3184 3317 3255; x_wconf 90' lang='lat' dir='ltr'><strong>quia</strong></span> <span class='ocrx_word' id='word_1_510' title='bbox 3342 3184 3459 3241; x_wconf 66' lang='lat' dir='ltr'><strong>haec</strong></span> <span class='ocrx_word' id='word_1_511' title='bbox 3487 3191 3573 3241; x_wconf 86' lang='lat' dir='ltr'><strong>est</strong></span> 
     </span>
    </p>
   </div>
   <div class='ocr_carea' id='block_1_60' title="bbox 291 3269 3572 3343">
    <p class='ocr_par' dir='ltr' id='par_1_60' title="bbox 291 3269 3572 3343">
     <span class='ocr_line' id='line_1_60' title="bbox 291 3269 3572 3343; baseline 0.003 -22"><span class='ocrx_word' id='word_1_512' title='bbox 291 3274 379 3321; x_wconf 88' lang='lat' dir='ltr'><strong>aut</strong></span> <span class='ocrx_word' id='word_1_513' title='bbox 397 3269 671 3335; x_wconf 83' lang='lat' dir='ltr'><strong>auditus,</strong></span> <span class='ocrx_word' id='word_1_514' title='bbox 693 3269 839 3324; x_wconf 88' lang='lat' dir='ltr'><strong>sicut</strong></span> <span class='ocrx_word' id='word_1_515' title='bbox 865 3270 967 3323; x_wconf 88' lang='lat' dir='ltr'><strong>hoc</strong></span> <span class='ocrx_word' id='word_1_516' title='bbox 1000 3270 1121 3323; x_wconf 93' lang='lat' dir='ltr'><strong>loco</strong></span> <span class='ocrx_word' id='word_1_517' title='bbox 1151 3285 1217 3323; x_wconf 82' lang='lat' dir='ltr'><strong>ex</strong></span> <span class='ocrx_word' id='word_1_518' title='bbox 1247 3286 1355 3341; x_wconf 90' lang='lat' dir='ltr'><strong>quo</strong></span> <span class='ocrx_word' id='word_1_519' title='bbox 1386 3271 1573 3341; x_wconf 86' lang='lat' dir='ltr'><strong>agitur</strong></span> <span class='ocrx_word' id='word_1_520' title='bbox 1615 3273 1673 3327; x_wconf 92' lang='lat' dir='ltr'><strong>in</strong></span> <span class='ocrx_word' id='word_1_521' title='bbox 1702 3274 1889 3331; x_wconf 86' lang='lat' dir='ltr'><strong>divina</strong></span> <span class='ocrx_word' id='word_1_522' title='bbox 1970 3270 2201 3325; x_wconf 86' lang='lat' dir='ltr'><strong>victoria</strong></span> <span class='ocrx_word' id='word_1_523' title='bbox 2234 3288 2356 3343; x_wconf 68' lang='lat' dir='ltr'><strong>qua:</strong></span> <span class='ocrx_word' id='word_1_524' title='bbox 2405 3270 2578 3325; x_wconf 85' lang='lat' dir='ltr'><strong>vincit</strong></span> <span class='ocrx_word' id='word_1_525' title='bbox 2620 3270 2896 3325; x_wconf 89' lang='lat' dir='ltr'><strong>mundum</strong></span> <span class='ocrx_word' id='word_1_526' title='bbox 2934 3272 3072 3327; x_wconf 86' lang='lat' dir='ltr'><strong>ﬁdes</strong></span> <span class='ocrx_word' id='word_1_527' title='bbox 3117 3279 3328 3329; x_wconf 87' lang='lat' dir='ltr'><strong>nostra.</strong></span> <span class='ocrx_word' id='word_1_528' title='bbox 3364 3275 3474 3330; x_wconf 89' lang='lat' dir='ltr'><strong>Sed</strong></span> <span class='ocrx_word' id='word_1_529' title='bbox 3515 3281 3572 3331; x_wconf 90' lang='lat' dir='ltr'><strong>et</strong></span> 
     </span>
    </p>
   </div>
   <div class='ocr_carea' id='block_1_61' title="bbox 290 3359 3571 3433">
    <p class='ocr_par' dir='ltr' id='par_1_61' title="bbox 290 3359 3571 3433">
     <span class='ocr_line' id='line_1_61' title="bbox 290 3359 3571 3433; baseline 0.003 -21"><span class='ocrx_word' id='word_1_530' title='bbox 290 3360 621 3413; x_wconf 80' lang='lat' dir='ltr'><strong>auctoritate</strong></span> <span class='ocrx_word' id='word_1_531' title='bbox 640 3359 869 3430; x_wconf 80' lang='lat' dir='ltr'><strong>legitur,</strong></span> <span class='ocrx_word' id='word_1_532' title='bbox 902 3359 1022 3413; x_wconf 83' lang='lat' dir='ltr'><strong>sine</strong></span> <span class='ocrx_word' id='word_1_533' title='bbox 1048 3359 1162 3413; x_wconf 90' lang='lat' dir='ltr'><strong>ulla</strong></span> <span class='ocrx_word' id='word_1_534' title='bbox 1193 3359 1280 3413; x_wconf 90' lang='lat' dir='ltr'><strong>sui</strong></span> <span class='ocrx_word' id='word_1_535' title='bbox 1310 3363 1748 3417; x_wconf 83' lang='lat' dir='ltr'><strong>commutatione</strong></span> <span class='ocrx_word' id='word_1_536' title='bbox 1793 3371 1891 3420; x_wconf 90' lang='lat' dir='ltr'><strong>aut</strong></span> <span class='ocrx_word' id='word_1_537' title='bbox 1970 3361 2270 3432; x_wconf 81' lang='lat' dir='ltr'><strong>Apostolus</strong></span> <span class='ocrx_word' id='word_1_538' title='bbox 2309 3377 2433 3415; x_wconf 85' lang='lat' dir='ltr'><strong>eam</strong></span> <span class='ocrx_word' id='word_1_539' title='bbox 2479 3377 2593 3416; x_wconf 87' lang='lat' dir='ltr'><strong>non</strong></span> <span class='ocrx_word' id='word_1_540' title='bbox 2619 3361 2901 3417; x_wconf 86' lang='lat' dir='ltr'><strong>modicum</strong></span> <span class='ocrx_word' id='word_1_541' title='bbox 2928 3361 3205 3433; x_wconf 79' lang='lat' dir='ltr'><strong>gloriatur</strong></span> <span class='ocrx_word' id='word_1_542' title='bbox 3233 3380 3293 3417; x_wconf 86' lang='lat' dir='ltr'><strong>se</strong></span> <span class='ocrx_word' id='word_1_543' title='bbox 3320 3381 3571 3421; x_wconf 80' lang='lat' dir='ltr'><strong>servasse</strong></span> 
     </span>
    </p>
   </div>
   <div class='ocr_carea' id='block_1_62' title="bbox 292 3448 3570 3524">
    <p class='ocr_par' dir='ltr' id='par_1_62' title="bbox 292 3448 3570 3524">
     <span class='ocr_line' id='line_1_62' title="bbox 292 3448 3570 3524; baseline 0.003 -24"><span class='ocrx_word' id='word_1_544' title='bbox 292 3464 381 3518; x_wconf 80' lang='lat' dir='ltr'><strong>per</strong></span> <span class='ocrx_word' id='word_1_545' title='bbox 406 3465 612 3520; x_wconf 79' lang='lat' dir='ltr'><strong>corpus</strong></span> <span class='ocrx_word' id='word_1_546' title='bbox 636 3448 789 3502; x_wconf 88' lang='lat' dir='ltr'><strong>visus</strong></span> <span class='ocrx_word' id='word_1_547' title='bbox 818 3454 920 3513; x_wconf 88' lang='lat' dir='ltr'><strong>est,</strong></span> <span class='ocrx_word' id='word_1_548' title='bbox 948 3454 1047 3503; x_wconf 89' lang='lat' dir='ltr'><strong>aut</strong></span> <span class='ocrx_word' id='word_1_549' title='bbox 1075 3454 1225 3503; x_wconf 90' lang='lat' dir='ltr'><strong>certe</strong></span> <span class='ocrx_word' id='word_1_550' title='bbox 1255 3466 1356 3520; x_wconf 90' lang='lat' dir='ltr'><strong>per</strong></span> <span class='ocrx_word' id='word_1_551' title='bbox 1388 3452 1703 3521; x_wconf 88' lang='lat' dir='ltr'><strong>corporales</strong></span> <span class='ocrx_word' id='word_1_552' title='bbox 1726 3470 1888 3524; x_wconf 88' lang='lat' dir='ltr'><strong>quas-</strong></span> <span class='ocrx_word' id='word_1_553' title='bbox 1971 3450 2053 3504; x_wconf 90' lang='lat' dir='ltr'><strong>ita</strong></span> <span class='ocrx_word' id='word_1_554' title='bbox 2081 3450 2270 3506; x_wconf 91' lang='lat' dir='ltr'><strong>dicens</strong></span> <span class='ocrx_word' id='word_1_555' title='bbox 2304 3470 2315 3505; x_wconf 93' lang='lat'>:</span> <span class='ocrx_word' id='word_1_556' title='bbox 2347 3452 2532 3506; x_wconf 80' lang='lat' dir='ltr'><strong>Fidem</strong></span> <span class='ocrx_word' id='word_1_557' title='bbox 2553 3455 2785 3519; x_wconf 77' lang='lat' dir='ltr'><strong>servavi,</strong></span> <span class='ocrx_word' id='word_1_558' title='bbox 2805 3468 3034 3507; x_wconf 85' lang='lat' dir='ltr'><strong>cursum</strong></span> <span class='ocrx_word' id='word_1_559' title='bbox 3062 3459 3465 3523; x_wconf 76' lang='lat' dir='ltr'><strong>consummavi,</strong></span> <span class='ocrx_word' id='word_1_560' title='bbox 3505 3458 3570 3511; x_wconf 79' lang='lat' dir='ltr'><strong>de</strong></span> 
     </span>
    </p>
   </div>
   <div class='ocr_carea' id='block_1_63' title="bbox 292 3536 1885 3611">
    <p class='ocr_par' dir='ltr' id='par_1_63' title="bbox 292 3536 1885 3611">
     <span class='ocr_line' id='line_1_63' title="bbox 292 3536 1885 3611; baseline 0.004 -21"><span class='ocrx_word' id='word_1_561' title='bbox 292 3536 407 3591; x_wconf 90' lang='lat' dir='ltr'><strong>dam</strong></span> <span class='ocrx_word' id='word_1_562' title='bbox 439 3538 745 3609; x_wconf 80' lang='lat' dir='ltr'><strong>imagines,</strong></span> <span class='ocrx_word' id='word_1_563' title='bbox 766 3554 903 3608; x_wconf 87' lang='lat' dir='ltr'><strong>quas</strong></span> <span class='ocrx_word' id='word_1_564' title='bbox 928 3538 1028 3591; x_wconf 90' lang='lat' dir='ltr'><strong>Dei</strong></span> <span class='ocrx_word' id='word_1_565' title='bbox 1051 3538 1276 3608; x_wconf 89' lang='lat' dir='ltr'><strong>quidem</strong></span> <span class='ocrx_word' id='word_1_566' title='bbox 1296 3539 1553 3593; x_wconf 84' lang='lat' dir='ltr'><strong>voluntas</strong></span> <span class='ocrx_word' id='word_1_567' title='bbox 1581 3541 1885 3611; x_wconf 72' lang='lat' dir='ltr'><strong>elegitmon</strong></span> 
     </span>
    </p>
   </div>
   <div class='ocr_carea' id='block_1_64' title="bbox 293 3629 1886 3703">
    <p class='ocr_par' dir='ltr' id='par_1_64' title="bbox 293 3629 1886 3703">
     <span class='ocr_line' id='line_1_64' title="bbox 293 3629 1886 3703; baseline 0.004 -21"><span class='ocrx_word' id='word_1_568' title='bbox 293 3644 416 3698; x_wconf 86' lang='lat' dir='ltr'><strong>quas</strong></span> <span class='ocrx_word' id='word_1_569' title='bbox 440 3636 657 3684; x_wconf 89' lang='lat' dir='ltr'><strong>natura</strong></span> <span class='ocrx_word' id='word_1_570' title='bbox 690 3629 965 3683; x_wconf 83' lang='lat' dir='ltr'><strong>formavit.</strong></span> <span class='ocrx_word' id='word_1_571' title='bbox 992 3629 1143 3683; x_wconf 82' lang='lat' dir='ltr'><strong>Fecit</strong></span> <span class='ocrx_word' id='word_1_572' title='bbox 1173 3630 1322 3683; x_wconf 90' lang='lat' dir='ltr'><strong>enim</strong></span> <span class='ocrx_word' id='word_1_573' title='bbox 1352 3629 1460 3685; x_wconf 88' lang='lat' dir='ltr'><strong>ista</strong></span> <span class='ocrx_word' id='word_1_574' title='bbox 1505 3632 1653 3686; x_wconf 91' lang='lat' dir='ltr'><strong>Deus</strong></span> <span class='ocrx_word' id='word_1_575' title='bbox 1684 3633 1886 3703; x_wconf 89' lang='lat' dir='ltr'><strong>quibus</strong></span> 
     </span>
    </p>
   </div>
   <div class='ocr_carea' id='block_1_65' title="bbox 290 3718 1886 3791">
    <p class='ocr_par' dir='ltr' id='par_1_65' title="bbox 290 3718 1886 3791">
     <span class='ocr_line' id='line_1_65' title="bbox 290 3718 1886 3791; baseline 0.006 -22"><span class='ocrx_word' id='word_1_576' title='bbox 290 3718 466 3785; x_wconf 89' lang='lat' dir='ltr'><strong>voluit,</strong></span> <span class='ocrx_word' id='word_1_577' title='bbox 497 3718 735 3791; x_wconf 87' lang='lat' dir='ltr'><strong>quando</strong></span> <span class='ocrx_word' id='word_1_578' title='bbox 762 3718 954 3784; x_wconf 89' lang='lat' dir='ltr'><strong>voluit,</strong></span> <span class='ocrx_word' id='word_1_579' title='bbox 986 3723 1043 3772; x_wconf 92' lang='lat' dir='ltr'><strong>et</strong></span> <span class='ocrx_word' id='word_1_580' title='bbox 1060 3718 1141 3772; x_wconf 89' lang='lat' dir='ltr'><strong>uti</strong></span> <span class='ocrx_word' id='word_1_581' title='bbox 1173 3718 1362 3784; x_wconf 87' lang='lat' dir='ltr'><strong>voluit,</strong></span> <span class='ocrx_word' id='word_1_582' title='bbox 1393 3736 1495 3773; x_wconf 91' lang='lat' dir='ltr'><strong>sua</strong></span> <span class='ocrx_word' id='word_1_583' title='bbox 1520 3725 1710 3776; x_wconf 85' lang='lat' dir='ltr'><strong>tamen</strong></span> <span class='ocrx_word' id='word_1_584' title='bbox 1738 3722 1797 3776; x_wconf 91' lang='lat' dir='ltr'><strong>in</strong></span> <span class='ocrx_word' id='word_1_585' title='bbox 1827 3741 1886 3779; x_wconf 90' lang='lat' dir='ltr'><strong>se</strong></span> 
     </span>
    </p>
   </div>
   <div class='ocr_carea' id='block_1_66' title="bbox 290 3806 1888 3879">
    <p class='ocr_par' dir='ltr' id='par_1_66' title="bbox 290 3806 1888 3879">
     <span class='ocr_line' id='line_1_66' title="bbox 290 3806 1888 3879; baseline 0.006 -21"><span class='ocrx_word' id='word_1_586' title='bbox 290 3806 483 3862; x_wconf 80' lang='lat' dir='ltr'><strong>latente</strong></span> <span class='ocrx_word' id='word_1_587' title='bbox 504 3807 1157 3879; x_wconf 81' lang='lat' dir='ltr'><strong>incommutabiliterque</strong></span> <span class='ocrx_word' id='word_1_588' title='bbox 1181 3815 1443 3862; x_wconf 88' lang='lat' dir='ltr'><strong>manente</strong></span> <span class='ocrx_word' id='word_1_589' title='bbox 1474 3809 1806 3879; x_wconf 86' lang='lat' dir='ltr'><strong>substantia,</strong></span> <span class='ocrx_word' id='word_1_590' title='bbox 1831 3820 1888 3868; x_wconf 93' lang='lat' dir='ltr'><strong>et</strong></span> 
     </span>
    </p>
   </div>
   <div class='ocr_carea' id='block_1_67' title="bbox 292 3895 1888 3969">
    <p class='ocr_par' dir='ltr' id='par_1_67' title="bbox 292 3895 1888 3969">
     <span class='ocr_line' id='line_1_67' title="bbox 292 3895 1888 3969; baseline 0.006 -21"><span class='ocrx_word' id='word_1_591' title='bbox 292 3895 398 3949; x_wconf 90' lang='lat' dir='ltr'><strong>sine</strong></span> <span class='ocrx_word' id='word_1_592' title='bbox 435 3897 565 3951; x_wconf 87' lang='lat' dir='ltr'><strong>ullis</strong></span> <span class='ocrx_word' id='word_1_593' title='bbox 597 3898 852 3951; x_wconf 89' lang='lat' dir='ltr'><strong>locorum</strong></span> <span class='ocrx_word' id='word_1_594' title='bbox 889 3903 986 3951; x_wconf 87' lang='lat' dir='ltr'><strong>aut</strong></span> <span class='ocrx_word' id='word_1_595' title='bbox 1013 3902 1327 3969; x_wconf 85' lang='lat' dir='ltr'><strong>temporum</strong></span> <span class='ocrx_word' id='word_1_596' title='bbox 1361 3898 1667 3954; x_wconf 82' lang='lat' dir='ltr'><strong>intervallis</strong></span> <span class='ocrx_word' id='word_1_597' title='bbox 1698 3902 1888 3957; x_wconf 85' lang='lat' dir='ltr'><strong>omnia</strong></span> 
     </span>
    </p>
   </div>
   <div class='ocr_carea' id='block_1_68' title="bbox 291 3983 1888 4061">
    <p class='ocr_par' dir='ltr' id='par_1_68' title="bbox 291 3983 1888 4061">
     <span class='ocr_line' id='line_1_68' title="bbox 291 3983 1888 4061; baseline 0.007 -25"><span class='ocrx_word' id='word_1_598' title='bbox 291 3983 544 4056; x_wconf 90' lang='lat' dir='ltr'><strong>implente</strong></span> <span class='ocrx_word' id='word_1_599' title='bbox 578 4006 591 4039; x_wconf 90' lang='lat'><strong>:</strong></span> <span class='ocrx_word' id='word_1_600' title='bbox 646 3986 725 4040; x_wconf 84' lang='lat' dir='ltr'><strong>ita</strong></span> <span class='ocrx_word' id='word_1_601' title='bbox 775 3991 835 4039; x_wconf 89' lang='lat' dir='ltr'><strong>ut</strong></span> <span class='ocrx_word' id='word_1_602' title='bbox 882 4003 983 4041; x_wconf 87' lang='lat' dir='ltr'><strong>nec</strong></span> <span class='ocrx_word' id='word_1_603' title='bbox 1029 3986 1214 4041; x_wconf 88' lang='lat' dir='ltr'><strong>minor</strong></span> <span class='ocrx_word' id='word_1_604' title='bbox 1240 3988 1315 4041; x_wconf 89' lang='lat' dir='ltr'><strong>sit</strong></span> <span class='ocrx_word' id='word_1_605' title='bbox 1357 3988 1413 4042; x_wconf 90' lang='lat' dir='ltr'><strong>in</strong></span> <span class='ocrx_word' id='word_1_606' title='bbox 1451 3996 1613 4060; x_wconf 87' lang='lat' dir='ltr'><strong>parte</strong></span> <span class='ocrx_word' id='word_1_607' title='bbox 1640 4007 1808 4061; x_wconf 90' lang='lat' dir='ltr'><strong>quam</strong></span> <span class='ocrx_word' id='word_1_608' title='bbox 1834 3992 1888 4048; x_wconf 91' lang='lat' dir='ltr'><strong>in</strong></span> 
     </span>
    </p>
   </div>
   <div class='ocr_carea' id='block_1_69' title="bbox 293 4076 1892 4149">
    <p class='ocr_par' dir='ltr' id='par_1_69' title="bbox 293 4076 1892 4149">
     <span class='ocr_line' id='line_1_69' title="bbox 293 4076 1892 4149; baseline 0.006 -23"><span class='ocrx_word' id='word_1_609' title='bbox 293 4077 413 4139; x_wconf 85' lang='lat' dir='ltr'><strong>toto,</strong></span> <span class='ocrx_word' id='word_1_610' title='bbox 433 4092 621 4147; x_wconf 88' lang='lat' dir='ltr'><strong>neque</strong></span> <span class='ocrx_word' id='word_1_611' title='bbox 654 4077 838 4146; x_wconf 85' lang='lat' dir='ltr'><strong>major</strong></span> <span class='ocrx_word' id='word_1_612' title='bbox 864 4076 920 4130; x_wconf 92' lang='lat' dir='ltr'><strong>in</strong></span> <span class='ocrx_word' id='word_1_613' title='bbox 947 4082 1065 4130; x_wconf 90' lang='lat' dir='ltr'><strong>toto</strong></span> <span class='ocrx_word' id='word_1_614' title='bbox 1092 4093 1259 4148; x_wconf 90' lang='lat' dir='ltr'><strong>quam</strong></span> <span class='ocrx_word' id='word_1_615' title='bbox 1282 4084 1367 4131; x_wconf 85' lang='lat' dir='ltr'><strong>est</strong></span> <span class='ocrx_word' id='word_1_616' title='bbox 1391 4077 1447 4131; x_wconf 92' lang='lat' dir='ltr'><strong>in</strong></span> <span class='ocrx_word' id='word_1_617' title='bbox 1464 4085 1640 4149; x_wconf 88' lang='lat' dir='ltr'><strong>parte.</strong></span> <span class='ocrx_word' id='word_1_618' title='bbox 1658 4081 1892 4135; x_wconf 84' lang='lat' dir='ltr'><strong>Verum-</strong></span> 
     </span>
    </p>
   </div>
   <div class='ocr_carea' id='block_1_70' title="bbox 290 4164 1888 4238">
    <p class='ocr_par' dir='ltr' id='par_1_70' title="bbox 290 4164 1888 4238">
     <span class='ocr_line' id='line_1_70' title="bbox 290 4164 1888 4238; baseline 0.006 -23"><span class='ocrx_word' id='word_1_619' title='bbox 290 4166 462 4218; x_wconf 86' lang='lat' dir='ltr'><strong>tamen</strong></span> <span class='ocrx_word' id='word_1_620' title='bbox 482 4164 774 4237; x_wconf 89' lang='lat' dir='ltr'><strong>quomodo</strong></span> <span class='ocrx_word' id='word_1_621' title='bbox 799 4164 992 4230; x_wconf 88' lang='lat' dir='ltr'><strong>voluit,</strong></span> <span class='ocrx_word' id='word_1_622' title='bbox 1016 4182 1183 4237; x_wconf 88' lang='lat' dir='ltr'><strong>quam</strong></span> <span class='ocrx_word' id='word_1_623' title='bbox 1205 4184 1348 4238; x_wconf 83' lang='lat' dir='ltr'><strong>saepe</strong></span> <span class='ocrx_word' id='word_1_624' title='bbox 1364 4184 1640 4238; x_wconf 86' lang='lat' dir='ltr'><strong>apparens</strong></span> <span class='ocrx_word' id='word_1_625' title='bbox 1669 4168 1724 4222; x_wconf 90' lang='lat' dir='ltr'><strong>in</strong></span> <span class='ocrx_word' id='word_1_626' title='bbox 1751 4170 1888 4225; x_wconf 91' lang='lat' dir='ltr'><strong>locis</strong></span> 
     </span>
    </p>
   </div>
   <div class='ocr_carea' id='block_1_71' title="bbox 292 4252 1881 4328">
    <p class='ocr_par' dir='ltr' id='par_1_71' title="bbox 292 4252 1881 4328">
     <span class='ocr_line' id='line_1_71' title="bbox 292 4252 1881 4328; baseline 0.007 -25"><span class='ocrx_word' id='word_1_627' title='bbox 292 4256 341 4304; x_wconf 91' lang='lat' dir='ltr'><strong>et</strong></span> <span class='ocrx_word' id='word_1_628' title='bbox 366 4252 421 4307; x_wconf 89' lang='lat' dir='ltr'><strong>in</strong></span> <span class='ocrx_word' id='word_1_629' title='bbox 440 4259 721 4326; x_wconf 87' lang='lat' dir='ltr'><strong>tempore,</strong></span> <span class='ocrx_word' id='word_1_630' title='bbox 736 4260 799 4308; x_wconf 90' lang='lat' dir='ltr'><strong>ut</strong></span> <span class='ocrx_word' id='word_1_631' title='bbox 822 4272 915 4308; x_wconf 86' lang='lat' dir='ltr'><strong>eos</strong></span> <span class='ocrx_word' id='word_1_632' title='bbox 937 4255 1031 4325; x_wconf 91' lang='lat' dir='ltr'><strong>qui</strong></span> <span class='ocrx_word' id='word_1_633' title='bbox 1052 4256 1254 4309; x_wconf 77' lang='lat' dir='ltr'><strong>locales</strong></span> <span class='ocrx_word' id='word_1_634' title='bbox 1280 4262 1336 4310; x_wconf 89' lang='lat' dir='ltr'><strong>et</strong></span> <span class='ocrx_word' id='word_1_635' title='bbox 1347 4258 1685 4328; x_wconf 87' lang='lat' dir='ltr'><strong>temporales</strong></span> <span class='ocrx_word' id='word_1_636' title='bbox 1701 4265 1881 4327; x_wconf 87' lang='lat' dir='ltr'><strong>erant,</strong></span> 
     </span>
    </p>
   </div>
   <div class='ocr_carea' id='block_1_72' title="bbox 1967 3540 3568 3614">
    <p class='ocr_par' dir='ltr' id='par_1_72' title="bbox 1967 3540 3568 3614">
     <span class='ocr_line' id='line_1_72' title="bbox 1967 3540 3568 3614; baseline 0.004 -21"><span class='ocrx_word' id='word_1_637' title='bbox 1967 3544 2200 3609; x_wconf 79' lang='lat' dir='ltr'><strong>reliquo,</strong></span> <span class='ocrx_word' id='word_1_638' title='bbox 2232 3540 2435 3611; x_wconf 91' lang='lat' dir='ltr'><strong>inquit,</strong></span> <span class='ocrx_word' id='word_1_639' title='bbox 2483 3543 2721 3609; x_wconf 76' lang='lat' dir='ltr'><strong>reposita</strong></span> <span class='ocrx_word' id='word_1_640' title='bbox 2768 3546 2843 3594; x_wconf 87' lang='lat' dir='ltr'><strong>est</strong></span> <span class='ocrx_word' id='word_1_641' title='bbox 2888 3557 3088 3595; x_wconf 87' lang='lat' dir='ltr'><strong>corona</strong></span> <span class='ocrx_word' id='word_1_642' title='bbox 3126 3540 3364 3611; x_wconf 70' lang='lat' dir='ltr'><strong>justitia;</strong></span> <span class='ocrx_word' id='word_1_643' title='bbox 3398 3560 3568 3614; x_wconf 86' lang='lat' dir='ltr'><strong>quam</strong></span> 
     </span>
    </p>
   </div>
   <div class='ocr_carea' id='block_1_73' title="bbox 1966 3631 3574 3703">
    <p class='ocr_par' dir='ltr' id='par_1_73' title="bbox 1966 3631 3574 3703">
     <span class='ocr_line' id='line_1_73' title="bbox 1966 3631 3574 3703; baseline 0.004 -19"><span class='ocrx_word' id='word_1_644' title='bbox 1966 3632 2149 3684; x_wconf 82' lang='lat' dir='ltr'><strong>reddet</strong></span> <span class='ocrx_word' id='word_1_645' title='bbox 2180 3631 2325 3683; x_wconf 85' lang='lat' dir='ltr'><strong>mihi</strong></span> <span class='ocrx_word' id='word_1_646' title='bbox 2375 3632 2644 3684; x_wconf 80' lang='lat' dir='ltr'><strong>Dominus</strong></span> <span class='ocrx_word' id='word_1_647' title='bbox 2678 3632 2741 3684; x_wconf 85' lang='lat' dir='ltr'><strong>in</strong></span> <span class='ocrx_word' id='word_1_648' title='bbox 2780 3632 2947 3684; x_wconf 77' lang='lat' dir='ltr'><strong>illum</strong></span> <span class='ocrx_word' id='word_1_649' title='bbox 2991 3631 3138 3685; x_wconf 80' lang='lat' dir='ltr'><strong>diem</strong></span> <span class='ocrx_word' id='word_1_650' title='bbox 3171 3635 3361 3701; x_wconf 84' lang='lat' dir='ltr'><strong>justus</strong></span> <span class='ocrx_word' id='word_1_651' title='bbox 3392 3636 3574 3703; x_wconf 74' lang='lat' dir='ltr'><strong>judea:</strong></span> 
     </span>
    </p>
   </div>
   <div class='ocr_carea' id='block_1_74' title="bbox 1968 3716 3569 3790">
    <p class='ocr_par' dir='ltr' id='par_1_74' title="bbox 1968 3716 3569 3790">
     <span class='ocr_line' id='line_1_74' title="bbox 1968 3716 3569 3790; baseline 0.003 -17"><span class='ocrx_word' id='word_1_652' title='bbox 1968 3718 2056 3790; x_wconf 87' lang='grc' dir='ltr'><strong>(Π</strong></span> <span class='ocrx_word' id='word_1_653' title='bbox 2087 3720 2227 3772; x_wconf 85' lang='lat' dir='ltr'><strong>Tim.</strong></span> <span class='ocrx_word' id='word_1_654' title='bbox 2264 3732 2336 3784; x_wconf 87' lang='lat' dir='ltr'><strong>Iv,</strong></span> <span class='ocrx_word' id='word_1_655' title='bbox 2375 3716 2453 3788; x_wconf 91' lang='lat'><strong>8).</strong></span> <span class='ocrx_word' id='word_1_656' title='bbox 2486 3719 2646 3773; x_wconf 88' lang='lat' dir='ltr'><strong>Unde</strong></span> <span class='ocrx_word' id='word_1_657' title='bbox 2688 3724 2746 3773; x_wconf 91' lang='lat' dir='ltr'><strong>et</strong></span> <span class='ocrx_word' id='word_1_658' title='bbox 2768 3735 2870 3773; x_wconf 90' lang='lat' dir='ltr'><strong>nos</strong></span> <span class='ocrx_word' id='word_1_659' title='bbox 2908 3719 3052 3774; x_wconf 87' lang='lat' dir='ltr'><strong>hanc</strong></span> <span class='ocrx_word' id='word_1_660' title='bbox 3086 3736 3261 3774; x_wconf 90' lang='lat' dir='ltr'><strong>unam</strong></span> <span class='ocrx_word' id='word_1_661' title='bbox 3288 3723 3569 3779; x_wconf 88' lang='lat' dir='ltr'><strong>eamdem-</strong></span> 
     </span>
    </p>
   </div>
   <div class='ocr_carea' id='block_1_75' title="bbox 1970 3807 3568 3882">
    <p class='ocr_par' dir='ltr' id='par_1_75' title="bbox 1970 3807 3568 3882">
     <span class='ocr_line' id='line_1_75' title="bbox 1970 3807 3568 3882; baseline 0.003 -21"><span class='ocrx_word' id='word_1_662' title='bbox 1970 3823 2077 3877; x_wconf 90' lang='lat' dir='ltr'><strong>que</strong></span> <span class='ocrx_word' id='word_1_663' title='bbox 2105 3807 2438 3861; x_wconf 89' lang='lat' dir='ltr'><strong>catholicam</strong></span> <span class='ocrx_word' id='word_1_664' title='bbox 2466 3807 2744 3877; x_wconf 87' lang='lat' dir='ltr'><strong>integram</strong></span> <span class='ocrx_word' id='word_1_665' title='bbox 2775 3813 3060 3862; x_wconf 86' lang='lat' dir='ltr'><strong>servantes</strong></span> <span class='ocrx_word' id='word_1_666' title='bbox 3079 3808 3267 3876; x_wconf 88' lang='lat' dir='ltr'><strong>ﬁdem,</strong></span> <span class='ocrx_word' id='word_1_667' title='bbox 3300 3826 3471 3882; x_wconf 88' lang='lat' dir='ltr'><strong>quam</strong></span> <span class='ocrx_word' id='word_1_668' title='bbox 3501 3829 3568 3866; x_wconf 85' lang='lat' dir='ltr'><strong>ex</strong></span> 
     </span>
    </p>
   </div>
   <div class='ocr_carea' id='block_1_76' title="bbox 1968 3895 3569 3973">
    <p class='ocr_par' dir='ltr' id='par_1_76' title="bbox 1968 3895 3569 3973">
     <span class='ocr_line' id='line_1_76' title="bbox 1968 3895 3569 3973; baseline 0.004 -23"><span class='ocrx_word' id='word_1_669' title='bbox 1968 3896 2220 3968; x_wconf 87' lang='lat' dir='ltr'><strong>symbolo</strong></span> <span class='ocrx_word' id='word_1_670' title='bbox 2241 3896 2423 3950; x_wconf 89' lang='lat' dir='ltr'><strong>adhuc</strong></span> <span class='ocrx_word' id='word_1_671' title='bbox 2451 3895 2510 3950; x_wconf 93' lang='lat' dir='ltr'><strong>in</strong></span> <span class='ocrx_word' id='word_1_672' title='bbox 2542 3896 2685 3951; x_wconf 90' lang='lat' dir='ltr'><strong>lacte</strong></span> <span class='ocrx_word' id='word_1_673' title='bbox 2715 3895 3080 3968; x_wconf 87' lang='lat' dir='ltr'><strong>suscepimus,</strong></span> <span class='ocrx_word' id='word_1_674' title='bbox 3116 3895 3277 3953; x_wconf 92' lang='lat' dir='ltr'><strong>bonis</strong></span> <span class='ocrx_word' id='word_1_675' title='bbox 3307 3899 3569 3973; x_wconf 84' lang='lat' dir='ltr'><strong>operibus</strong></span> 
     </span>
    </p>
   </div>
   <div class='ocr_carea' id='block_1_77' title="bbox 1969 3984 3567 4062">
    <p class='ocr_par' dir='ltr' id='par_1_77' title="bbox 1969 3984 3567 4062">
     <span class='ocr_line' id='line_1_77' title="bbox 1969 3984 3567 4062; baseline 0.004 -23"><span class='ocrx_word' id='word_1_676' title='bbox 1969 3986 2184 4057; x_wconf 85' lang='lat' dir='ltr'><strong>jugiter</strong></span> <span class='ocrx_word' id='word_1_677' title='bbox 2207 3984 2551 4053; x_wconf 83' lang='lat' dir='ltr'><strong>inhaerendo,</strong></span> <span class='ocrx_word' id='word_1_678' title='bbox 2575 3986 2646 4039; x_wconf 89' lang='lat' dir='ltr'><strong>ad</strong></span> <span class='ocrx_word' id='word_1_679' title='bbox 2676 3987 2847 4040; x_wconf 88' lang='lat' dir='ltr'><strong>ﬁnem</strong></span> <span class='ocrx_word' id='word_1_680' title='bbox 2867 4002 3046 4057; x_wconf 90' lang='lat' dir='ltr'><strong>usque</strong></span> <span class='ocrx_word' id='word_1_681' title='bbox 3075 3987 3394 4057; x_wconf 90' lang='lat' dir='ltr'><strong>tendamus,</strong></span> <span class='ocrx_word' id='word_1_682' title='bbox 3426 4006 3567 4062; x_wconf 90' lang='lat' dir='ltr'><strong>quo-</strong></span> 
     </span>
    </p>
   </div>
   <div class='ocr_carea' id='block_1_78' title="bbox 1974 4074 3567 4148">
    <p class='ocr_par' dir='ltr' id='par_1_78' title="bbox 1974 4074 3567 4148">
     <span class='ocr_line' id='line_1_78' title="bbox 1974 4074 3567 4148; baseline 0.004 -19"><span class='ocrx_word' id='word_1_683' title='bbox 1974 4074 2125 4129; x_wconf 90' lang='lat' dir='ltr'><strong>niam</strong></span> <span class='ocrx_word' id='word_1_684' title='bbox 2155 4076 2250 4147; x_wconf 91' lang='lat' dir='ltr'><strong>qui</strong></span> <span class='ocrx_word' id='word_1_685' title='bbox 2274 4076 2713 4148; x_wconf 89' lang='lat' dir='ltr'><strong>perseveraverit</strong></span> <span class='ocrx_word' id='word_1_686' title='bbox 2738 4093 2914 4148; x_wconf 91' lang='lat' dir='ltr'><strong>usque</strong></span> <span class='ocrx_word' id='word_1_687' title='bbox 2953 4076 3013 4130; x_wconf 92' lang='lat' dir='ltr'><strong>in</strong></span> <span class='ocrx_word' id='word_1_688' title='bbox 3042 4077 3232 4145; x_wconf 89' lang='lat' dir='ltr'><strong>ﬁnem,</strong></span> <span class='ocrx_word' id='word_1_689' title='bbox 3263 4078 3355 4133; x_wconf 90' lang='lat' dir='ltr'><strong>hic</strong></span> <span class='ocrx_word' id='word_1_690' title='bbox 3380 4080 3567 4136; x_wconf 84' lang='lat' dir='ltr'><strong>salvus</strong></span> 
     </span>
    </p>
   </div>
   <div class='ocr_carea' id='block_1_79' title="bbox 1970 4165 3569 4238">
    <p class='ocr_par' dir='ltr' id='par_1_79' title="bbox 1970 4165 3569 4238">
     <span class='ocr_line' id='line_1_79' title="bbox 1970 4165 3569 4238; baseline 0.005 -20"><span class='ocrx_word' id='word_1_691' title='bbox 1970 4165 2093 4219; x_wconf 83' lang='lat' dir='ltr'><strong>erit.</strong></span> <span class='ocrx_word' id='word_1_692' title='bbox 2130 4166 2217 4220; x_wconf 87' lang='lat' dir='ltr'><strong>Ad</strong></span> <span class='ocrx_word' id='word_1_693' title='bbox 2257 4182 2424 4238; x_wconf 88' lang='lat' dir='ltr'><strong>quem</strong></span> <span class='ocrx_word' id='word_1_694' title='bbox 2472 4167 2644 4220; x_wconf 90' lang='lat' dir='ltr'><strong>ﬁnem</strong></span> <span class='ocrx_word' id='word_1_695' title='bbox 2686 4171 2743 4221; x_wconf 90' lang='lat' dir='ltr'><strong>et</strong></span> <span class='ocrx_word' id='word_1_696' title='bbox 2778 4166 2887 4237; x_wconf 92' lang='lat' dir='ltr'><strong>ipsi</strong></span> <span class='ocrx_word' id='word_1_697' title='bbox 2914 4172 3222 4234; x_wconf 89' lang='lat' dir='ltr'><strong>currentes,</strong></span> <span class='ocrx_word' id='word_1_698' title='bbox 3254 4167 3345 4223; x_wconf 90' lang='lat' dir='ltr'><strong>hic</strong></span> <span class='ocrx_word' id='word_1_699' title='bbox 3395 4170 3569 4227; x_wconf 87' lang='lat' dir='ltr'><strong>ﬁnem</strong></span> 
     </span>
    </p>
   </div>
   <div class='ocr_carea' id='block_1_80' title="bbox 1968 4255 3569 4330">
    <p class='ocr_par' dir='ltr' id='par_1_80' title="bbox 1968 4255 3569 4330">
     <span class='ocr_line' id='line_1_80' title="bbox 1968 4255 3569 4330; baseline 0.004 -21"><span class='ocrx_word' id='word_1_700' title='bbox 1968 4255 2097 4310; x_wconf 89' lang='lat' dir='ltr'><strong>libri</strong></span> <span class='ocrx_word' id='word_1_701' title='bbox 2125 4255 2228 4310; x_wconf 90' lang='lat' dir='ltr'><strong>sub</strong></span> <span class='ocrx_word' id='word_1_702' title='bbox 2274 4256 2379 4310; x_wconf 89' lang='lat' dir='ltr'><strong>hac</strong></span> <span class='ocrx_word' id='word_1_703' title='bbox 2414 4256 2542 4318; x_wconf 88' lang='lat' dir='ltr'><strong>ﬁde,</strong></span> <span class='ocrx_word' id='word_1_704' title='bbox 2591 4256 2753 4328; x_wconf 89' lang='lat' dir='ltr'><strong>quasi</strong></span> <span class='ocrx_word' id='word_1_705' title='bbox 2784 4256 2841 4310; x_wconf 92' lang='lat' dir='ltr'><strong>in</strong></span> <span class='ocrx_word' id='word_1_706' title='bbox 2880 4256 3163 4312; x_wconf 90' lang='lat' dir='ltr'><strong>tutissimo</strong></span> <span class='ocrx_word' id='word_1_707' title='bbox 3188 4258 3355 4330; x_wconf 58' lang='lat' dir='ltr'><strong>zpacis</strong></span> <span class='ocrx_word' id='word_1_708' title='bbox 3398 4264 3569 4330; x_wconf 90' lang='lat' dir='ltr'><strong>portu</strong></span> 
     </span>
    </p>
   </div>
   <div class='ocr_carea' id='block_1_81' title="bbox 1968 4345 3570 4421">
    <p class='ocr_par' dir='ltr' id='par_1_81' title="bbox 1968 4345 3570 4421">
     <span class='ocr_line' id='line_1_81' title="bbox 1968 4345 3570 4421; baseline 0.002 -21"><span class='ocrx_word' id='word_1_709' title='bbox 1968 4346 2261 4417; x_wconf 88' lang='lat' dir='ltr'><strong>paululum</strong></span> <span class='ocrx_word' id='word_1_710' title='bbox 2304 4345 2656 4417; x_wconf 89' lang='lat' dir='ltr'><strong>quiescendo,</strong></span> <span class='ocrx_word' id='word_1_711' title='bbox 2691 4346 3114 4403; x_wconf 88' lang='lat' dir='ltr'><strong>constituamus.</strong></span> <span class='ocrx_word' id='word_1_712' title='bbox 3151 4348 3438 4412; x_wconf 89' lang='lat' dir='ltr'><strong>Quatenus</strong></span> <span class='ocrx_word' id='word_1_713' title='bbox 3466 4366 3570 4421; x_wconf 90' lang='lat' dir='ltr'><strong>per</strong></span> 
     </span>
    </p>
   </div>
   <div class='ocr_carea' id='block_1_82' title="bbox 290 4340 1882 4420">
    <p class='ocr_par' dir='ltr' id='par_1_82' title="bbox 290 4340 1882 4420">
     <span class='ocr_line' id='line_1_82' title="bbox 290 4340 1882 4420; baseline 0.006 -26"><span class='ocrx_word' id='word_1_714' title='bbox 290 4340 351 4394; x_wconf 81' lang='lat' dir='ltr'><strong>ad</strong></span> <span class='ocrx_word' id='word_1_715' title='bbox 382 4342 691 4398; x_wconf 85' lang='lat' dir='ltr'><strong>invisibilia</strong></span> <span class='ocrx_word' id='word_1_716' title='bbox 731 4344 1087 4414; x_wconf 86' lang='lat' dir='ltr'><strong>protraheret</strong></span> <span class='ocrx_word' id='word_1_717' title='bbox 1113 4346 1408 4411; x_wconf 86' lang='lat' dir='ltr'><strong>credenda,</strong></span> <span class='ocrx_word' id='word_1_718' title='bbox 1443 4353 1500 4401; x_wconf 84' lang='lat' dir='ltr'><strong>ct</strong></span> <span class='ocrx_word' id='word_1_719' title='bbox 1524 4347 1621 4401; x_wconf 89' lang='lat' dir='ltr'><strong>illa</strong></span> <span class='ocrx_word' id='word_1_720' title='bbox 1660 4354 1882 4420; x_wconf 87' lang='lat' dir='ltr'><strong>postpo-</strong></span> 
     </span>
    </p>
   </div>
   <div class='ocr_carea' id='block_1_83' title="bbox 291 4397 3567 4509">
    <p class='ocr_par' dir='ltr' id='par_1_83' title="bbox 291 4397 3567 4509">
     <span class='ocr_line' id='line_1_83' title="bbox 506 4397 3559 4421; baseline 0.002 -8"><span class='ocrx_word' id='word_1_721' title='bbox 506 4397 514 4398; x_wconf 48' lang='grc' dir='ltr'>ί</span> <span class='ocrx_word' id='word_1_722' title='bbox 731 4397 749 4414; x_wconf 83' lang='grc' dir='ltr'>ι</span> <span class='ocrx_word' id='word_1_723' title='bbox 979 4397 985 4398; x_wconf 53' lang='grc' dir='ltr'><em>ν</em></span> <span class='ocrx_word' id='word_1_724' title='bbox 1073 4397 1080 4398; x_wconf 48' lang='grc' dir='ltr'>ί</span> <span class='ocrx_word' id='word_1_725' title='bbox 1124 4397 1160 4398; x_wconf 54' lang='grc' dir='ltr'><em>η</em></span> <span class='ocrx_word' id='word_1_726' title='bbox 1451 4397 1498 4401; x_wconf 59' lang='grc' dir='ltr'><strong>τ-</strong></span> <span class='ocrx_word' id='word_1_727' title='bbox 1525 4397 1619 4401; x_wconf 58' lang='grc' dir='ltr'><strong>--τπ</strong></span> <span class='ocrx_word' id='word_1_728' title='bbox 1660 4397 1853 4420; x_wconf 72' lang='lat' dir='ltr'><strong>.r&quot;‘r&#39;</strong></span> <span class='ocrx_word' id='word_1_729' title='bbox 1969 4397 2260 4417; x_wconf 63' lang='lat' dir='ltr'><strong>r&quot;&quot;&quot;“&quot;“&#39;</strong></span> <span class='ocrx_word' id='word_1_730' title='bbox 2315 4397 2656 4417; x_wconf 49' lang='lat' dir='ltr'><strong>1—*&quot;&quot;&quot;&quot;—&#39;r</strong></span> <span class='ocrx_word' id='word_1_731' title='bbox 2699 4397 3113 4403; x_wconf 60' lang='lat'><strong>&quot;&#39;&quot;&quot;&#39;&quot;&#39;&quot;&quot;&quot;*‘</strong></span> <span class='ocrx_word' id='word_1_732' title='bbox 3160 4397 3436 4412; x_wconf 61' lang='lat' dir='ltr'><strong>V&#39;&quot;&quot;&#39;—&#39;&quot;</strong></span> <span class='ocrx_word' id='word_1_733' title='bbox 3466 4397 3559 4421; x_wconf 70' lang='grc' dir='ltr'><strong>τ*-</strong></span> 
     </span>
     <span class='ocr_line' id='line_1_84' title="bbox 291 4397 3567 4509; baseline 0.004 -28"><span class='ocrx_word' id='word_1_734' title='bbox 291 4438 475 4485; x_wconf 86' lang='lat' dir='ltr'><strong>nercnt</strong></span> <span class='ocrx_word' id='word_1_735' title='bbox 535 4432 748 4504; x_wconf 89' lang='lat' dir='ltr'><strong>quibus</strong></span> <span class='ocrx_word' id='word_1_736' title='bbox 800 4433 1136 4488; x_wconf 88' lang='lat' dir='ltr'><strong>tenebantur</strong></span> <span class='ocrx_word' id='word_1_737' title='bbox 1186 4435 1442 4502; x_wconf 80' lang='lat' dir='ltr'><strong>devincti,</strong></span> <span class='ocrx_word' id='word_1_738' title='bbox 1477 4441 1535 4490; x_wconf 88' lang='lat' dir='ltr'><strong>et</strong></span> <span class='ocrx_word' id='word_1_739' title='bbox 1575 4397 2354 4503; x_wconf 82' lang='lat' dir='ltr'><strong>cernebanchocitatenus,</strong></span> <span class='ocrx_word' id='word_1_740' title='bbox 2389 4441 2447 4489; x_wconf 91' lang='lat' dir='ltr'><strong>et</strong></span> <span class='ocrx_word' id='word_1_741' title='bbox 2470 4435 2578 4508; x_wconf 90' lang='lat' dir='ltr'><strong>ipsi</strong></span> <span class='ocrx_word' id='word_1_742' title='bbox 2622 4452 2689 4489; x_wconf 89' lang='lat' dir='ltr'><strong>ea</strong></span> <span class='ocrx_word' id='word_1_743' title='bbox 2719 4437 2828 4491; x_wconf 85' lang='lat' dir='ltr'><strong>ﬁde</strong></span> <span class='ocrx_word' id='word_1_744' title='bbox 2860 4435 3083 4491; x_wconf 89' lang='lat' dir='ltr'><strong>subnixi</strong></span> <span class='ocrx_word' id='word_1_745' title='bbox 3121 4455 3221 4509; x_wconf 92' lang='lat' dir='ltr'><strong>spe</strong></span> <span class='ocrx_word' id='word_1_746' title='bbox 3249 4442 3403 4493; x_wconf 89' lang='lat' dir='ltr'><strong>certa</strong></span> <span class='ocrx_word' id='word_1_747' title='bbox 3438 4439 3567 4494; x_wconf 82' lang='lat' dir='ltr'><strong>sub-</strong></span> 
     </span>
    </p>
   </div>
   <div class='ocr_carea' id='block_1_84' title="bbox 290 4520 3564 4600">
    <p class='ocr_par' dir='ltr' id='par_1_84' title="bbox 290 4520 3564 4600">
     <span class='ocr_line' id='line_1_85' title="bbox 290 4520 3564 4600; baseline 0.004 -30"><span class='ocrx_word' id='word_1_748' title='bbox 290 4520 393 4573; x_wconf 89' lang='lat' dir='ltr'><strong>suis</strong></span> <span class='ocrx_word' id='word_1_749' title='bbox 438 4521 757 4576; x_wconf 77' lang='lat' dir='ltr'><strong>defectibus</strong></span> <span class='ocrx_word' id='word_1_750' title='bbox 806 4523 1054 4592; x_wconf 90' lang='lat' dir='ltr'><strong>quotidie</strong></span> <span class='ocrx_word' id='word_1_751' title='bbox 1089 4523 1427 4578; x_wconf 83' lang='lat' dir='ltr'><strong>labefactari.</strong></span> <span class='ocrx_word' id='word_1_752' title='bbox 1483 4525 1625 4580; x_wconf 86' lang='lat' dir='ltr'><strong>Hinc</strong></span> <span class='ocrx_word' id='word_1_753' title='bbox 1664 4543 1885 4597; x_wconf 87' lang='lat' dir='ltr'><strong>quoque</strong></span> <span class='ocrx_word' id='word_1_754' title='bbox 1967 4526 2128 4591; x_wconf 87' lang='lat' dir='ltr'><strong>vecti,</strong></span> <span class='ocrx_word' id='word_1_755' title='bbox 2153 4526 2526 4580; x_wconf 89' lang='lat' dir='ltr'><strong>consummati</strong></span> <span class='ocrx_word' id='word_1_756' title='bbox 2554 4525 2613 4580; x_wconf 88' lang='lat' dir='ltr'><strong>in</strong></span> <span class='ocrx_word' id='word_1_757' title='bbox 2648 4526 2923 4582; x_wconf 90' lang='lat' dir='ltr'><strong>charitate</strong></span> <span class='ocrx_word' id='word_1_758' title='bbox 2950 4526 3212 4600; x_wconf 79' lang='lat' dir='ltr'><strong>perfecta,</strong></span> <span class='ocrx_word' id='word_1_759' title='bbox 3238 4528 3408 4584; x_wconf 88' lang='lat' dir='ltr'><strong>ﬁnem</strong></span> <span class='ocrx_word' id='word_1_760' title='bbox 3436 4528 3564 4585; x_wconf 73' lang='lat' dir='ltr'><strong>vita:</strong></span> 
     </span>
    </p>
   </div>
   <div class='ocr_carea' id='block_1_85' title="bbox 290 4613 2886 4698">
    <p class='ocr_par' dir='ltr' id='par_1_85' title="bbox 290 4613 2886 4698">
     <span class='ocr_line' id='line_1_86' title="bbox 290 4613 2886 4698; baseline 0.004 -37"><span class='ocrx_word' id='word_1_761' title='bbox 290 4614 489 4664; x_wconf 86' lang='lat' dir='ltr'><strong>certum</strong></span> <span class='ocrx_word' id='word_1_762' title='bbox 536 4617 647 4672; x_wconf 85' lang='lat' dir='ltr'><strong>est,</strong></span> <span class='ocrx_word' id='word_1_763' title='bbox 695 4616 763 4667; x_wconf 93' lang='lat' dir='ltr'><strong>ut</strong></span> <span class='ocrx_word' id='word_1_764' title='bbox 800 4613 1193 4683; x_wconf 73' lang='lat' dir='ltr'><strong>praemisimus,</strong></span> <span class='ocrx_word' id='word_1_765' title='bbox 1239 4614 1299 4668; x_wconf 90' lang='lat' dir='ltr'><strong>in</strong></span> <span class='ocrx_word' id='word_1_766' title='bbox 1337 4614 1488 4669; x_wconf 86' lang='lat' dir='ltr'><strong>fonte</strong></span> <span class='ocrx_word' id='word_1_767' title='bbox 1533 4614 1885 4698; x_wconf 67' lang='lat' dir='ltr'><strong>baptismatis</strong></span> <span class='ocrx_word' id='word_1_768' title='bbox 1966 4615 2025 4670; x_wconf 91' lang='lat' dir='ltr'><strong>in</strong></span> <span class='ocrx_word' id='word_1_769' title='bbox 2051 4614 2272 4670; x_wconf 91' lang='lat' dir='ltr'><strong>Christo</strong></span> <span class='ocrx_word' id='word_1_770' title='bbox 2299 4613 2536 4670; x_wconf 84' lang='lat' dir='ltr'><strong>feliciter</strong></span> <span class='ocrx_word' id='word_1_771' title='bbox 2559 4614 2886 4671; x_wconf 89' lang='lat' dir='ltr'><strong>habeamus.</strong></span> 
     </span>
    </p>
   </div>
   <div class='ocr_carea' id='block_1_86' title="bbox 1427 4900 2415 4962">
    <p class='ocr_par' dir='ltr' id='par_1_86' title="bbox 1427 4900 2415 4962">
     <span class='ocr_line' id='line_1_87' title="bbox 1427 4900 2415 4962; baseline -0.002 -1"><span class='ocrx_word' id='word_1_772' title='bbox 1427 4900 1835 4962; x_wconf 56' lang='lat' dir='ltr'><strong>PREFATIO</strong></span> <span class='ocrx_word' id='word_1_773' title='bbox 1874 4901 2084 4962; x_wconf 84' lang='lat' dir='ltr'><strong>LIBRI</strong></span> <span class='ocrx_word' id='word_1_774' title='bbox 2126 4901 2415 4962; x_wconf 83' lang='lat' dir='ltr'><strong>TERTII.</strong></span> 
     </span>
    </p>
   </div>
   <div class='ocr_carea' id='block_1_87' title="bbox 352 5127 3559 5196">
    <p class='ocr_par' dir='ltr' id='par_1_87' title="bbox 352 5127 3559 5196">
     <span class='ocr_line' id='line_1_88' title="bbox 352 5127 3559 5196; baseline 0.003 -16"><span class='ocrx_word' id='word_1_775' title='bbox 352 5127 540 5182; x_wconf 88' lang='lat' dir='ltr'><strong>Solent</strong></span> <span class='ocrx_word' id='word_1_776' title='bbox 560 5127 917 5183; x_wconf 64' lang='lat' dir='ltr'><strong>saecularium</strong></span> <span class='ocrx_word' id='word_1_777' title='bbox 955 5128 1268 5183; x_wconf 85' lang='lat' dir='ltr'><strong>litterarum</strong></span> <span class='ocrx_word' id='word_1_778' title='bbox 1301 5135 1595 5196; x_wconf 85' lang='lat' dir='ltr'><strong>amatores,</strong></span> <span class='ocrx_word' id='word_1_779' title='bbox 1637 5131 1877 5186; x_wconf 88' lang='lat' dir='ltr'><strong>nimium</strong></span> <span class='ocrx_word' id='word_1_780' title='bbox 1959 5150 2153 5189; x_wconf 89' lang='lat' dir='ltr'><strong>eorum</strong></span> <span class='ocrx_word' id='word_1_781' title='bbox 2176 5134 2456 5188; x_wconf 87' lang='lat' dir='ltr'><strong>luculenta</strong></span> <span class='ocrx_word' id='word_1_782' title='bbox 2473 5132 2841 5189; x_wconf 88' lang='lat' dir='ltr'><strong>nefandarum</strong></span> <span class='ocrx_word' id='word_1_783' title='bbox 2860 5148 3049 5188; x_wconf 89' lang='lat' dir='ltr'><strong>rerum</strong></span> <span class='ocrx_word' id='word_1_784' title='bbox 3073 5132 3369 5188; x_wconf 88' lang='lat' dir='ltr'><strong>mendacia</strong></span> <span class='ocrx_word' id='word_1_785' title='bbox 3395 5132 3559 5190; x_wconf 89' lang='lat' dir='ltr'><strong>intel-</strong></span> 
     </span>
    </p>
   </div>
   <div class='ocr_carea' id='block_1_88' title="bbox 290 5213 3559 5294">
    <p class='ocr_par' dir='ltr' id='par_1_88' title="bbox 290 5213 3559 5294">
     <span class='ocr_line' id='line_1_89' title="bbox 290 5213 3559 5294; baseline 0.005 -29"><span class='ocrx_word' id='word_1_786' title='bbox 290 5213 397 5269; x_wconf 75' lang='lat' dir='ltr'><strong>sine</strong></span> <span class='ocrx_word' id='word_1_787' title='bbox 424 5217 642 5288; x_wconf 84' lang='lat' dir='ltr'><strong>pudore</strong></span> <span class='ocrx_word' id='word_1_788' title='bbox 655 5234 890 5272; x_wconf 80' lang='lat' dir='ltr'><strong>suorum</strong></span> <span class='ocrx_word' id='word_1_789' title='bbox 908 5234 967 5271; x_wconf 89' lang='lat' dir='ltr'><strong>se</strong></span> <span class='ocrx_word' id='word_1_790' title='bbox 986 5225 1384 5290; x_wconf 54' lang='lat' dir='ltr'><strong>praceptorum</strong></span> <span class='ocrx_word' id='word_1_791' title='bbox 1399 5220 1659 5289; x_wconf 81' lang='lat' dir='ltr'><strong>jactitare</strong></span> <span class='ocrx_word' id='word_1_792' title='bbox 1673 5221 1877 5275; x_wconf 85' lang='lat' dir='ltr'><strong>doctri-</strong></span> <span class='ocrx_word' id='word_1_793' title='bbox 1958 5223 2180 5294; x_wconf 84' lang='lat' dir='ltr'><strong>ligendo</strong></span> <span class='ocrx_word' id='word_1_794' title='bbox 2202 5224 2422 5277; x_wconf 88' lang='lat' dir='ltr'><strong>valeant</strong></span> <span class='ocrx_word' id='word_1_795' title='bbox 2439 5223 2747 5294; x_wconf 90' lang='lat' dir='ltr'><strong>pervenire.</strong></span> <span class='ocrx_word' id='word_1_796' title='bbox 2784 5223 2901 5277; x_wconf 89' lang='lat' dir='ltr'><strong>Etsi</strong></span> <span class='ocrx_word' id='word_1_797' title='bbox 2930 5239 3123 5277; x_wconf 90' lang='lat' dir='ltr'><strong>eorum</strong></span> <span class='ocrx_word' id='word_1_798' title='bbox 3154 5222 3331 5294; x_wconf 88' lang='lat' dir='ltr'><strong>polita</strong></span> <span class='ocrx_word' id='word_1_799' title='bbox 3359 5222 3433 5279; x_wconf 91' lang='lat' dir='ltr'><strong>sit</strong></span> <span class='ocrx_word' id='word_1_800' title='bbox 3460 5242 3559 5280; x_wconf 88' lang='lat' dir='ltr'><strong>va-</strong></span> 
     </span>
    </p>
   </div>
   <div class='ocr_carea' id='block_1_89' title="bbox 292 5303 3564 5383">
    <p class='ocr_par' dir='ltr' id='par_1_89' title="bbox 292 5303 3564 5383">
     <span class='ocr_line' id='line_1_90' title="bbox 292 5303 3564 5383; baseline 0.004 -29"><span class='ocrx_word' id='word_1_801' title='bbox 292 5303 387 5370; x_wconf 79' lang='lat' dir='ltr'><strong>nis,</strong></span> <span class='ocrx_word' id='word_1_802' title='bbox 413 5312 468 5359; x_wconf 90' lang='lat' dir='ltr'><strong>et</strong></span> <span class='ocrx_word' id='word_1_803' title='bbox 495 5306 879 5377; x_wconf 88' lang='lat' dir='ltr'><strong>eloquentiam</strong></span> <span class='ocrx_word' id='word_1_804' title='bbox 919 5323 1110 5360; x_wconf 89' lang='lat' dir='ltr'><strong>eorum</strong></span> <span class='ocrx_word' id='word_1_805' title='bbox 1156 5308 1274 5361; x_wconf 87' lang='lat' dir='ltr'><strong>sine</strong></span> <span class='ocrx_word' id='word_1_806' title='bbox 1309 5308 1587 5379; x_wconf 74' lang='lat' dir='ltr'><strong>sapientia</strong></span> <span class='ocrx_word' id='word_1_807' title='bbox 1622 5309 1872 5364; x_wconf 88' lang='lat' dir='ltr'><strong>docendo</strong></span> <span class='ocrx_word' id='word_1_808' title='bbox 1956 5312 2148 5366; x_wconf 90' lang='lat' dir='ltr'><strong>nitatis</strong></span> <span class='ocrx_word' id='word_1_809' title='bbox 2179 5311 2517 5382; x_wconf 89' lang='lat' dir='ltr'><strong>eloquentia,</strong></span> <span class='ocrx_word' id='word_1_810' title='bbox 2550 5328 2788 5383; x_wconf 89' lang='lat' dir='ltr'><strong>quorum</strong></span> <span class='ocrx_word' id='word_1_811' title='bbox 2819 5327 2879 5365; x_wconf 90' lang='lat' dir='ltr'><strong>se</strong></span> <span class='ocrx_word' id='word_1_812' title='bbox 2901 5311 3134 5383; x_wconf 89' lang='lat' dir='ltr'><strong>cupiunt</strong></span> <span class='ocrx_word' id='word_1_813' title='bbox 3168 5311 3436 5367; x_wconf 89' lang='lat' dir='ltr'><strong>inservire</strong></span> <span class='ocrx_word' id='word_1_814' title='bbox 3466 5314 3564 5369; x_wconf 86' lang='lat' dir='ltr'><strong>do-</strong></span> 
     </span>
    </p>
   </div>
   <div class='ocr_carea' id='block_1_90' title="bbox 295 5388 3562 5487">
    <p class='ocr_par' dir='ltr' id='par_1_90' title="bbox 295 5388 3562 5487">
     <span class='ocr_line' id='line_1_91' title="bbox 295 5388 3562 5487; baseline 0.004 -42"><span class='ocrx_word' id='word_1_815' title='bbox 295 5408 405 5447; x_wconf 89' lang='lat' dir='ltr'><strong>cum</strong></span> <span class='ocrx_word' id='word_1_816' title='bbox 417 5396 758 5466; x_wconf 87' lang='lat' dir='ltr'><strong>protulerint</strong></span> <span class='ocrx_word' id='word_1_817' title='bbox 779 5401 1080 5450; x_wconf 87' lang='lat' dir='ltr'><strong>ostentare.</strong></span> <span class='ocrx_word' id='word_1_818' title='bbox 1101 5396 1165 5450; x_wconf 92' lang='lat' dir='ltr'><strong>In</strong></span> <span class='ocrx_word' id='word_1_819' title='bbox 1197 5412 1435 5468; x_wconf 90' lang='lat' dir='ltr'><strong>quorum</strong></span> <span class='ocrx_word' id='word_1_820' title='bbox 1456 5414 1589 5451; x_wconf 87' lang='lat' dir='ltr'><strong>sane</strong></span> <span class='ocrx_word' id='word_1_821' title='bbox 1611 5398 1879 5487; x_wconf 68' lang='lat' dir='ltr'><strong>doctrinis</strong></span> <span class='ocrx_word' id='word_1_822' title='bbox 1962 5401 2179 5467; x_wconf 87' lang='lat' dir='ltr'><strong>otrinis;</strong></span> <span class='ocrx_word' id='word_1_823' title='bbox 2213 5405 2404 5455; x_wconf 88' lang='lat' dir='ltr'><strong>tamen</strong></span> <span class='ocrx_word' id='word_1_824' title='bbox 2430 5400 2753 5471; x_wconf 88' lang='lat' dir='ltr'><strong>frequenter</strong></span> <span class='ocrx_word' id='word_1_825' title='bbox 2776 5388 3000 5455; x_wconf 90' lang='lat' dir='ltr'><strong>illorum</strong></span> <span class='ocrx_word' id='word_1_826' title='bbox 3023 5400 3400 5473; x_wconf 84' lang='lat' dir='ltr'><strong>expositorum</strong></span> <span class='ocrx_word' id='word_1_827' title='bbox 3422 5403 3562 5457; x_wconf 89' lang='lat' dir='ltr'><strong>satis</strong></span> 
     </span>
    </p>
   </div>
   <div class='ocr_carea' id='block_1_91' title="bbox 296 5482 3561 5563">
    <p class='ocr_par' dir='ltr' id='par_1_91' title="bbox 296 5482 3561 5563">
     <span class='ocr_line' id='line_1_92' title="bbox 296 5482 3561 5563; baseline 0.003 -27"><span class='ocrx_word' id='word_1_828' title='bbox 296 5482 508 5551; x_wconf 84' lang='lat' dir='ltr'><strong>quidam</strong></span> <span class='ocrx_word' id='word_1_829' title='bbox 523 5485 1011 5556; x_wconf 88' lang='lat' dir='ltr'><strong>nostrorum,quia</strong></span> <span class='ocrx_word' id='word_1_830' title='bbox 1030 5502 1142 5539; x_wconf 89' lang='lat' dir='ltr'><strong>non</strong></span> <span class='ocrx_word' id='word_1_831' title='bbox 1158 5491 1371 5558; x_wconf 90' lang='lat' dir='ltr'><strong>queunt</strong></span> <span class='ocrx_word' id='word_1_832' title='bbox 1386 5486 1522 5541; x_wconf 86' lang='lat' dir='ltr'><strong>satis</strong></span> <span class='ocrx_word' id='word_1_833' title='bbox 1542 5482 1874 5558; x_wconf 76' lang='lat' dir='ltr'><strong>intelligere,</strong></span> <span class='ocrx_word' id='word_1_834' title='bbox 1961 5490 2206 5545; x_wconf 86' lang='lat' dir='ltr'><strong>incultus</strong></span> <span class='ocrx_word' id='word_1_835' title='bbox 2235 5495 2320 5544; x_wconf 90' lang='lat' dir='ltr'><strong>est</strong></span> <span class='ocrx_word' id='word_1_836' title='bbox 2348 5506 2550 5555; x_wconf 88' lang='lat' dir='ltr'><strong>sermo,</strong></span> <span class='ocrx_word' id='word_1_837' title='bbox 2569 5494 2628 5544; x_wconf 90' lang='lat' dir='ltr'><strong>et</strong></span> <span class='ocrx_word' id='word_1_838' title='bbox 2647 5490 2947 5545; x_wconf 90' lang='lat' dir='ltr'><strong>rusticitati</strong></span> <span class='ocrx_word' id='word_1_839' title='bbox 2967 5490 3198 5545; x_wconf 88' lang='lat' dir='ltr'><strong>vicinus.</strong></span> <span class='ocrx_word' id='word_1_840' title='bbox 3233 5489 3340 5553; x_wconf 90' lang='lat' dir='ltr'><strong>Qui</strong></span> <span class='ocrx_word' id='word_1_841' title='bbox 3366 5507 3561 5563; x_wconf 89' lang='lat' dir='ltr'><strong>quam-</strong></span> 
     </span>
    </p>
   </div>
   <div class='ocr_carea' id='block_1_92' title="bbox 306 5574 3561 5652">
    <p class='ocr_par' dir='ltr' id='par_1_92' title="bbox 306 5574 3561 5652">
     <span class='ocr_line' id='line_1_93' title="bbox 306 5574 3561 5652; baseline 0.002 -25"><span class='ocrx_word' id='word_1_842' title='bbox 306 5575 468 5639; x_wconf 65' lang='grc' dir='ltr'><strong>ΙΜ</strong></span> <span class='ocrx_word' id='word_1_843' title='bbox 489 5575 675 5630; x_wconf 87' lang='lat' dir='ltr'><strong>varios</strong></span> <span class='ocrx_word' id='word_1_844' title='bbox 693 5583 750 5630; x_wconf 87' lang='lat' dir='ltr'><strong>et</strong></span> <span class='ocrx_word' id='word_1_845' title='bbox 776 5574 1022 5630; x_wconf 85' lang='lat' dir='ltr'><strong>diversos</strong></span> <span class='ocrx_word' id='word_1_846' title='bbox 1051 5575 1346 5648; x_wconf 89' lang='lat' dir='ltr'><strong>requirunt</strong></span> <span class='ocrx_word' id='word_1_847' title='bbox 1359 5576 1790 5648; x_wconf 82' lang='lat' dir='ltr'><strong>expositores,ut</strong></span> <span class='ocrx_word' id='word_1_848' title='bbox 1807 5579 1878 5633; x_wconf 87' lang='lat' dir='ltr'><strong>ad</strong></span> <span class='ocrx_word' id='word_1_849' title='bbox 1962 5578 2042 5633; x_wconf 86' lang='lat' dir='ltr'><strong>vis</strong></span> <span class='ocrx_word' id='word_1_850' title='bbox 2070 5579 2220 5651; x_wconf 88' lang='lat' dir='ltr'><strong>pleni</strong></span> <span class='ocrx_word' id='word_1_851' title='bbox 2246 5579 2360 5635; x_wconf 88' lang='lat' dir='ltr'><strong>sint</strong></span> <span class='ocrx_word' id='word_1_852' title='bbox 2388 5579 2647 5634; x_wconf 84' lang='lat' dir='ltr'><strong>sordibus</strong></span> <span class='ocrx_word' id='word_1_853' title='bbox 2686 5580 2967 5646; x_wconf 88' lang='lat' dir='ltr'><strong>vitiorum,</strong></span> <span class='ocrx_word' id='word_1_854' title='bbox 3000 5582 3228 5652; x_wconf 91' lang='lat' dir='ltr'><strong>propter</strong></span> <span class='ocrx_word' id='word_1_855' title='bbox 3254 5579 3561 5635; x_wconf 87' lang='lat' dir='ltr'><strong>necessita-</strong></span> 
     </span>
    </p>
   </div>
  </div>
