3938 6174
378 244 486 305 183
1164 243 1225 301 8.
1261 241 1643 301 PASOHASII
1674 237 2037 298 RADBERTI
2070 237 2375 296 ABBATIS
2410 236 2902 295 CORBEIENSIS.~
3550 234 3648 295 184

380 378 500 429 tem
514 370 1233 445 quoqueintelligendi,non
1249 370 1373 425 dico
1387 367 1779 442 paginam,sed
1792 367 2040 437 nequeA
2067 372 2322 446 accipiat,
2373 373 2741 444 eamdemque
2769 371 3068 427 veritatem
3115 370 3502 443 intelligentiae
3544 388 3647 429 non

379 460 655 534 syllabam
667 460 1298 532 praetermittunt,un
1310 475 1422 514 non
1437 457 1781 513 enucleatius
1791 456 1978 511 discu-
2063 468 2293 535 propter
2319 462 2472 518 aliud
2502 478 2671 534 quam
2701 466 2930 534 propter
2956 460 3203 534 seipsam
3233 461 3468 517 devotus
3490 462 3647 533 legat.

381 551 531 606 tiant
547 567 773 606 summa
801 566 929 605 cum
953 550 1241 622 vigilantia
1268 565 1333 602 ac
1358 547 1572 602 labore.
1608 546 1769 602 Unde
1804 545 1982 600 miror
2060 552 2179 608 Nos
2200 552 2352 607 enim
2372 568 2485 607 non
2503 554 2675 608 Arma
2697 554 2991 622 virumque
3002 551 3276 616 Maronis,
3292 551 3484 606 Graeca
3506 568 3652 623 sapa.

379 641 517 696 satis
545 640 681 711 quid
709 639 900 694 divina
922 638 1144 710 eloquia
1176 636 1547 709 quorumdam
1576 651 1761 690 mores
1800 635 1976 689 oﬂ'en-
2059 647 2221 697 mute
2271 641 2586 697 fabularum
2623 641 2843 696 salsura
2880 645 3223 708 tractamus;
3275 640 3376 695 sed
3406 640 3475 695 de
3511 641 3652 696 fonte

378 730 605 796 derunt,
629 728 778 801 quod
806 744 920 782 non
946 727 1123 782 velint
1138 726 1375 798 mystica
1399 724 1503 780 Dei
1529 728 1882 779 sacramenta
1909 739 1978 778 ea
2059 731 2303 803 Spiritus
2330 730 2508 787 sancti
2537 730 2937 785 catholicorum
2963 730 3201 785 Patrum
3221 745 3427 784 sensus
3453 729 3652 784 riman-

379 817 675 890 diligentia
712 816 1071 889 perscrutari.
1105 832 1217 887 qua
1236 814 1643 886 tragoediarum
1672 812 1882 868 naenias
1915 817 1974 866 et
2054 825 2161 882 tes,
2195 819 2417 875 Christo
2436 816 2791 892 cooperante,
2826 818 2973 890 quod
3014 818 3073 873 in
3096 818 3308 874 divinis
3336 818 3541 873 litteris
3573 818 3654 874 in-

378 913 674 982 poetarum
724 908 997 976 ﬁgmenta
1041 904 1310 959 sudantes
1360 903 1594 976 cupiunt
1636 901 1972 972 investigare
2068 908 2394 980 telligimus,
2426 914 2747 963 nostrorum
2776 906 3005 962 auribus
3048 908 3356 979 explanare
3391 907 3653 979 cupimus.

378 999 592 1064 labore,
635 1001 687 1051 et
717 995 764 1050 si
794 1011 894 1066 per
928 994 1231 1049 theatralis
1282 993 1582 1048 mimorum
1628 991 1859 1063 plausus
1885 991 1992 1044 ho'
2069 998 2357 1068 Siquidem
2387 1014 2571 1069 neque
2595 997 2811 1068 tragica
2826 996 3035 1068 pietate
3053 997 3479 1067 permulcemus
3506 996 3659 1051 lecto.

380 1088 600 1144 minum
619 1084 878 1140 excitare.
913 1083 1165 1148 Quorum
1191 1082 1449 1137 inefﬁcax
1474 1080 1685 1136 laboris
1708 1079 1984 1135 studium,
2062 1101 2205 1156 rem,
2234 1091 2335 1143 aut
2351 1087 2691 1142 comicorum
2712 1092 2965 1158 sagmate
2990 1102 3230 1142 onerare
3262 1086 3548 1157 cupimus;
3569 1086 3660 1141 sed

375 1191 542 1232 nemo
571 1174 668 1246 qui
709 1172 977 1243 ambigat.
1011 1171 1107 1226 ubi
1153 1171 1223 1226 de
1260 1187 1322 1224 re
1358 1170 1549 1240 agitur
1577 1186 1699 1241 quae
1730 1173 1974 1240 Protecto
2057 1177 2206 1248 quod
2253 1177 2311 1231 in
2348 1176 2559 1231 eisdem
2601 1175 2869 1230 divinitus
2895 1176 3126 1239 redolet,
3161 1174 3411 1246 simplici
3448 1174 3657 1246 eloquio

377 1268 532 1320 caret
560 1262 766 1328 fructu,
781 1267 839 1316 et
850 1261 973 1316 sine
994 1259 1225 1332 pmmio
1237 1259 1537 1314 invenitur.
1555 1258 1661 1323 Qui
1680 1258 1812 1313 licet
1830 1260 1973 1312 Aca-
2052 1267 2215 1336 juxta
2239 1265 2607 1337 capacitatem
2627 1264 2840 1335 ingenii
2870 1281 3194 1319 reseramus
3208 1312 3219 1322 ,
3251 1264 3417 1319 Unde
3444 1262 3661 1335 quibus-

375 1352 660 1409 demicum
688 1351 971 1405 rhetorem
998 1366 1098 1421 per
1126 1349 1270 1403 hanc
1305 1349 1531 1404 inanem
1577 1347 1840 1402 vanitatis
1867 1347 1977 1401 610-
2057 1353 2187 1408 dam
2218 1358 2561 1421 nostrorum,
2584 1352 2690 1408 etsi
2716 1353 2935 1408 libeant
2969 1353 3064 1407 illa
3093 1352 3368 1418 Maronis,
3394 1352 3541 1423 quod
3567 1368 3661 1423 per

379 1441 669 1514 quentiam
681 1455 859 1511 usque
876 1439 946 1493 ad
962 1438 1146 1493 vitalis
1163 1454 1421 1509 gramma
1440 1437 1632 1493 circuli
1646 1436 1971 1503 extulerint,
2056 1458 2222 1497 arma
2252 1443 2513 1496 virtutem
2530 1441 2677 1496 velit.
2696 1442 3029 1513 significare,
3049 1446 3222 1514 etper
3243 1445 3440 1496 virum
3455 1440 3661 1511 sapien-

378 1535 437 1586 et
459 1529 833 1586 dormientem
861 1527 1176 1600 Scipionem
1205 1527 1328 1581 coeli
1356 1527 1532 1583 civem
1563 1526 1867 1592 effecerint,
1896 1530 1978 1579 ta-
2056 1530 2218 1597 tiam,
2250 1531 2440 1602 sicque
2470 1537 2673 1585 caetera
2713 1547 2837 1602 qua!
2871 1535 3217 1602 sequuntur;
3268 1529 3454 1601 magis
3476 1534 3659 1584 tamen

377 1635 512 1676 men
560 1618 752 1674 omnia
799 1617 917 1673 haec
963 1616 1205 1672 anilibus
1238 1616 1538 1671 ordiuntur
1570 1614 1771 1670 fabulis
1809 1629 1976 1685 quam
2062 1620 2281 1690 placere
2309 1604 2517 1674 debent
2538 1619 2647 1673 ista
2677 1636 2799 1691 qua;
2825 1636 2975 1674 nunc
3000 1624 3252 1674 tractare
3280 1617 3657 1691 disponimus;

377 1709 569 1781 aliqua
586 1707 823 1762 veritate
840 1706 1163 1762 fulciantur.
1182 1706 1538 1777 Quapropter
1565 1720 1767 1760 moneo
1799 1705 1973 1758 lecto-
1992 1692 2039 1752 Β
2055 1706 2156 1762 ubi
2167 1707 2341 1763 virtus
2356 1707 2837 1778 inexsuperabilis,
2860 1712 2919 1763 et
2946 1708 3227 1779 sapientia
3256 1708 3361 1763 Dei
3384 1706 3587 1771 Patris,
3604 1710 3665 1759 ut

376 1796 841 1864 rem,divinarum
860 1795 1273 1867 Scripturarum
1290 1794 1526 1866 eloquiis
1549 1795 1729 1866 magis
1747 1810 1976 1866 operam
2058 1796 2321 1850 militiam
2377 1796 2821 1852 Christianorum
2873 1802 3069 1851 contra
3118 1814 3319 1852 aereas
3366 1799 3663 1868 potestates

379 1887 536 1953 dare,
553 1886 703 1958 quod
724 1887 845 1956 jam
871 1900 1043 1957 supra
1068 1884 1204 1939 satis
1232 1900 1563 1956 persuasum
1596 1883 1770 1954 exegi,
1789 1890 1839 1937 et
1864 1899 1977 1937 non
2059 1884 2424 1951 instauraret,
2456 1885 2701 1958 primum
2723 1885 2871 1941 illico
2896 1886 2965 1941 de
2986 1886 3139 1941 fonte
3152 1885 3428 1957 baptismi
3457 1884 3529 1938 ad
3556 1899 3664 1938 ere-

380 1975 451 2032 ob
473 1974 842 2046 exiguitatem
864 1989 1117 2046 personae
1136 1973 1430 2029 veritatem
1451 1973 1688 2045 legendo
1708 1972 1974 2040 fastidiat,
2059 1989 2236 2041 mum,
2277 1979 2461 2042 [95
2492 1974 2657 2046 quasi
2682 1974 2794 2030 dux
2820 1975 3094 2030 exercitus
3121 1975 3488 2047 praeliaturus
3513 1972 3665 2027 adve-

379 2066 478 2122 sed
501 2080 801 2139 personam
828 2069 1059 2136 propter
1088 2063 1379 2119 veritatem
1406 2062 1513 2118 sibi
1533 2063 1980 2118 commendatam
2062 2065 2166 2120 nit.
3197 2052 3207 2060 ’

1627 2324 1918 2398 LIBER
1989 2322 2421 2397 TERTIUS.

460 2582 611 2649 (CAP.
645 2581 991 2651 IV.)Ductus
1035 2587 1129 2649 est,
1182 2577 1384 2655 inquit,
1425 2584 1579 2638 Jesus
1616 2600 1652 2639 α
1680 2586 1884 2654 spiritu
1923 2586 1985 2637 in
2069 2584 2277 2638 Militia
2318 2587 2393 2637 est
2438 2584 2553 2636 vita
2601 2582 2844 2636 hominis
2881 2595 3044 2649 super
3074 2585 3294 2635 terram
3325 2581 3443 2649 (Job
3477 2592 3570 2643 vn,
3599 2577 3668 2645 1).

389 2672 685 2739 desertum,
719 2676 781 2724 ut
813 2676 1124 2726 tentaretur
1150 2688 1186 2726 a
1216 2673 1451 2728 diabolo.
1474 2672 1626 2727 Nihil
1640 2672 1816 2744 igitur
1835 2672 1989 2727 aliud
2069 2671 2229 2727 Unde
2250 2687 2539 2742 nunquam
2559 2669 2912 2725 Christianus
2927 2668 3093 2724 debet
3116 2686 3282 2724 arma
3294 2670 3565 2724 virtutum
3578 2666 3670 2721 de-

391 2760 679 2833 quidpiam
724 2760 827 2815 Dei
880 2760 1169 2832 Sapientia
1212 2761 1529 2816 faciendum
1578 2762 1820 2834 primum
1863 2767 1992 2834 post
2071 2777 2298 2832 ponere.
2326 2759 2487 2824 Quod
2515 2758 2655 2813 bene
2685 2759 2894 2814 Paulus
2922 2759 3208 2830 apostolus
3236 2758 3562 2829 intelligens
3597 2755 3671 2808 ita

389 2849 673 2921 baptisma
712 2849 1096 2921 providentius
1133 2855 1355 2922 poterat
1395 2850 1622 2922 eligere,
1656 2867 1822 2922 quam
1852 2850 1989 2905 illud
2073 2866 2194 2904 esse
2215 2847 2479 2903 monebat
2497 2848 2687 2902 dicens
2707 2867 2717 2900 :
2741 2849 2961 2903 lnduite
2973 2864 3060 2901 vos
3077 2853 3386 2902 armatura
3404 2849 3529 2910 Dei;
3553 2860 3671 2914 quo-

395 2955 506 3011 quo
534 2939 842 2993 instrueret
867 2939 1156 2995 universos
1204 2939 1363 3010 regni
1403 2939 1489 2993 sui
1520 2939 1726 2994 milites
1755 2939 1887 3010 quid
1935 2944 2048 3004 etc
2072 2942 2249 3004 niam,
2296 2936 2481 3009 inquit
2518 2942 2703 3003 196
2729 2936 2881 3001 alibi,
2916 2953 3026 2990 non
3063 2942 3137 2990 est
3177 2939 3338 2991 nobis
3367 2935 3669 2991 colluctatio

390 3027 528 3100 ipsis
557 3027 839 3099 agendum
865 3033 1012 3082 esset
1027 3033 1223 3082 contra
1237 3028 1540 3094 daemonas,
1561 3045 1690 3082 mox
1712 3033 1777 3082 ut
1805 3028 1987 3082 renati
2069 3029 2328 3082 adversus
2347 3042 2571 3081 carnem
2594 3031 2642 3080 et
2661 3027 3109 3094 sanguinem,sed
3118 3027 3383 3079 adversus
3399 3025 3671 3094 principes

396 3121 586 3172 essent
625 3132 726 3188 per
768 3117 997 3170 fontem.
1028 3117 1147 3171 Mos
1182 3116 1371 3188 itaque
1419 3116 1844 3188 antiquissimus
1876 3133 1990 3172 non
2071 3122 2120 3170 et
2142 3121 2446 3185 potestates,
2491 3120 2539 3170 et
2563 3117 2824 3169 adversus
2846 3115 3049 3168 mundi
3084 3119 3322 3168 rectores
3354 3113 3568 3185 (Ephes.
3602 3123 3667 3175 v1,

395 3206 520 3261 dico
540 3207 943 3272 Romanorum,
969 3222 1163 3260 verum
1187 3206 1358 3260 etiam
1381 3212 1711 3260 czeterarum
1734 3206 1989 3277 gentium
2074 3204 2160 3271 11,
2189 3204 2295 3274 l2).
2320 3206 2383 3259 In
2413 3220 2617 3275 magno
2645 3202 2820 3274 igitur
2839 3201 3144 3257 Christiani
3165 3203 3486 3273 spectaculo
3508 3197 3669 3272 positi

397 3295 523 3362 fuit,
550 3300 613 3350 ut
636 3295 682 3348 si
708 3294 831 3365 quis
859 3295 931 3349 ad
960 3294 1240 3361 militiam,
1274 3300 1401 3366 post
1428 3295 1597 3366 longa
1623 3294 1867 3349 tirocinii
1904 3296 1992 3350 sui

400 3384 682 3451 exercitia,
725 3383 961 3439 idoneus
984 3385 1106 3454 jam
1150 3383 1435 3449 transiret,
1476 3400 1682 3438 nomen
1719 3400 1885 3439 suum
1926 3385 1996 3438 ad

396 3472 887 3529 transcribendum
916 3472 975 3527 in
1007 3471 1350 3527 bibliothecis
1390 3471 1645 3544 publicis,
1673 3474 1901 3546 proprio
1933 3491 1999 3528 ex

403 3569 532 3618 voto
560 3563 797 3618 donaret
821 3580 834 3630 ;
867 3578 932 3616 ac
953 3561 1216 3633 deinceps
1236 3561 1297 3616 in
1324 3562 1568 3618 exercitu
1595 3562 1745 3634 regis
1773 3564 1997 3635 pr0prio

402 3653 672 3709 recitatus
725 3651 970 3719 nomine,
1014 3650 1544 3707 connumerabatur.
1591 3652 1750 3717 Quod
1801 3652 2006 3724 singuli

408 3741 857 3799 Christianorum
895 3738 1126 3808 faciunt,
1165 3746 1470 3812 antequam
1494 3741 1707 3796 fontem
1740 3740 2005 3813 baptismi

404 3830 819 3902 ingrediantur,
852 3834 910 3885 et
937 3830 1267 3903 interrogati
1304 3848 1405 3903 per
1430 3831 1668 3903 singula,
1701 3830 1847 3885 hosti
1877 3846 2003 3884 cum

409 3920 527 3975 suis
546 3919 808 3975 omnibus
827 3920 1358 3987 renuntiantarmis,
1384 3925 1441 3974 et
1458 3920 1703 3975 induunt
1716 3935 1776 3973 se
1794 3918 2003 3972 Christi

410 4013 718 4072 armatura,
751 4008 923 4062 fortes
951 4010 1078 4074 ﬁde,
1094 4008 1335 4080 qualiter
1350 4008 1568 4079 possint
1586 4008 1855 4061 adversus
1874 4005 2004 4059 insi-

406 4096 529 4149 dias
556 4095 765 4150 diaboli
793 4101 962 4161 stare,
979 4102 1037 4150 et
1050 4102 1246 4150 contra
1269 4096 1516 4166 legiones
1534 4096 1851 4150 daemonum
1872 4110 2005 4165 quo-

412 4183 549 4238 tidie
577 4183 862 4236 dimicare.
879 4184 1131 4246 Quorum
1152 4184 1348 4254 utique
1378 4185 1609 4238 nomina
1637 4200 1749 4236 non
1779 4183 2010 4249 chartis,

2078 3299 2210 3348 sunt
2238 3294 2297 3347 in
2327 3293 2565 3361 mundo;
2587 3297 2783 3347 contra
2810 3308 2949 3363 quos
2978 3308 3089 3346 non
3112 3291 3295 3345 solum
3320 3291 3504 3346 omnis
3525 3303 3676 3342 mun-

2078 3386 2187 3441 dus
2226 3392 2283 3441 et
2324 3385 2602 3458 principes
2646 3383 3029 3450 tenebrarum,
3079 3385 3380 3457 omnisque
3430 3379 3674 3453 nequitia

2079 3475 2386 3548 spiritualis
2411 3479 2643 3546 pugnat,
2669 3490 2853 3528 verum
2882 3472 3052 3527 etiam
3074 3472 3223 3527 idem
3251 3474 3314 3528 in
3344 3473 3528 3545 seipso
3549 3467 3677 3524 divi-

2080 3582 2176 3620 sus
2202 3565 2370 3619 homo
2399 3569 2595 3619 contra
2622 3580 2682 3617 se
2709 3561 2941 3617 dimicat
2967 3579 3032 3615 ac
3060 3567 3256 3616 certat.
3292 3562 3506 3617 Idcirco
3529 3561 3674 3629 Apo-

2086 3656 2263 3709 stolus
2293 3671 2424 3709 suos
2451 3654 2520 3707 ad
2550 3652 2825 3707 cautelam
2845 3649 3122 3722 redigens,
3151 3650 3269 3705 ait:
3299 3651 3677 3721 Spectaculum

2087 3746 2222 3813 facti
2254 3759 2447 3797 sumus
2466 3743 2673 3796 mundo
2691 3745 2739 3795 et
2758 3743 2969 3808 angelis
2990 3744 3104 3810 ejus
3128 3741 3181 3811 (Ι
3200 3741 3321 3794 Cor.
3338 3755 3419 3807 IV,
3437 3739 3468 3795 9
3474 3733 3675 3808 ).Quod

2086 3847 2439 3903 nequaquam
2486 3836 2602 3884 tam
2648 3828 2843 3884 crebro
2885 3829 3000 3884 suis
3050 3829 3329 3883 monendo
3383 3826 3679 3883 inculcaret

2085 3919 2454 3984 auditoribus,
2470 3918 2518 3972 si
2544 3935 2655 3972 non
2686 3918 2854 3974 sciret
2881 3935 2984 3972 nos
3003 3919 3133 3972 hinc
3152 3918 3283 3972 inde
3310 3911 3676 3973 fraudulentis

2088 4007 2340 4062 hostibus
2371 4006 2633 4070 obsideri,
2660 4014 2717 4062 et
2747 4015 3000 4062 nostrum
3036 4007 3147 4061 iter
3173 4007 3242 4060 ad
3272 4008 3481 4061 coelum
3511 4000 3680 4075 quoti-

2086 4096 2267 4151 dianis
2296 4096 2875 4151 machinamentorum
2909 4095 3331 4151 oblectamentis
3366 4088 3673 4167 praepediri.

2095 4186 2252 4240 Unde
2280 4184 2554 4239 Dominus
2586 4184 2810 4239 ducitur
2841 4184 2911 4238 ad
2942 4185 3247 4250 desertum,
3280 4191 3480 4239 contra
3502 4179 3680 4235 diabo-

413 4272 512 4326 sed
542 4271 681 4325 cmlo
710 4276 976 4325 tenentur
998 4271 1258 4343 ascripta,
1293 4277 1357 4325 ut
1385 4272 1433 4325 si
1458 4272 1744 4343 quidpiam
1776 4270 1829 4324 in
1864 4289 2007 4343 prac-
2028 4274 2072 4329 D
2098 4276 2210 4328 lum
2238 4275 2680 4329 monomachiam
2694 4274 3033 4345 expiaturus,
3051 4280 3327 4345 quatenus
3350 4290 3481 4329 eum
3505 4266 3679 4325 omnis

413 4361 491 4416 lio
518 4359 685 4432 digne
712 4359 1010 4430 gesserint,
1044 4365 1417 4428 coronentur;
1440 4360 1487 4414 si
1504 4364 1694 4414 autem
1710 4360 2011 4416 succubue-

415 4451 550 4518 rint,
581 4449 779 4504 mortis
825 4448 986 4520 signo
1014 4450 1195 4505 notati
1240 4456 1507 4521 tanquam
1554 4449 1651 4521 qui
1688 4451 1825 4505 coelo
1853 4450 2009 4520 digni

415 4555 528 4594 non
549 4538 776 4605 fuerint,
794 4538 864 4592 de
896 4536 1038 4593 libro
1067 4538 1190 4593 vitae
1218 4538 1442 4610 penitus
1472 4537 1827 4593 delebuntur.
1850 4540 2007 4604 Quod

416 4646 488 4684 ne
517 4630 695 4694 fieret,
720 4644 845 4682 mox
876 4627 1114 4699 praevius
1140 4628 1414 4693 Christus,
1446 4629 1594 4684 Deus
1636 4629 1802 4683 homo
1831 4629 2011 4684 factus

413 4723 478 4772 ut
504 4717 777 4790 processit
803 4732 838 4770 a
857 4715 1029 4783 fonte,
1059 4717 1305 4772 ostendit
1334 4717 1606 4771 exercitui
1641 4733 1743 4771 suo
1772 4717 2014 4789 qualiter

415 4806 684 4879 quibusve
724 4806 915 4871 armis,
963 4811 1159 4861 contra
1202 4823 1369 4878 quem
1419 4806 1638 4861 hostem
1682 4807 1886 4861 debeat
1912 4823 2014 4878 pu-

409 4912 607 4969 gnare.
640 4895 799 4951 Unde
824 4894 1023 4948 beatus
1043 4894 1382 4965 evangelista
1401 4895 1590 4950 volens
1601 4895 2012 4950 nulluminter-

420 4985 663 5058 cipiendi
678 4991 791 5040 tem
803 4983 955 5056 poris
966 4983 1209 5054 spatium
1222 4983 1468 5039 medium
1491 4985 1848 5049 intervenire,
1864 4986 1937 5039 Tu
1945 5001 2013 5039 nc

416 5077 613 5130 ductus
631 5079 705 5130 est
735 5077 908 5139 Jesus,
939 5072 1141 5144 inquit,
1170 5077 1232 5127 in
1256 5075 1549 5129 desertum.
1583 5073 1813 5129 Nullum
1838 5074 2012 5144 igitur

417 5162 661 5234 spatium
679 5167 829 5216 recte
849 5160 1169 5216 interfuisse
1184 5161 1447 5228 creditur.
1463 5161 1591 5233 quia
1606 5169 1733 5233 post
1748 5162 2011 5233 baptismi

416 5251 680 5323 gratiam,
714 5253 872 5307 nulla
908 5251 1283 5318 credentibus,
1316 5269 1350 5305 a
1378 5252 1691 5306 tentatione
1719 5258 1783 5307 ut
1827 5253 2009 5306 securi

416 5342 548 5409 sint,
572 5359 730 5397 mora
758 5342 1114 5413 relinquitur.
1145 5342 1290 5396 Ilinc
1319 5357 1539 5413 quoque
1578 5341 1849 5412 scriptum
1880 5341 2011 5410 legi-

415 5447 572 5486 mus:
609 5432 991 5496 Fili,accedens
1015 5432 1090 5485 ad
1110 5434 1425 5485 servitutem
1456 5432 1571 5496 Dei,
1598 5446 1855 5501 prwpura
1889 5420 2013 5485 an'i-

419 5536 570 5575 mam
586 5525 741 5575 tuam
754 5522 829 5575 ad
850 5523 1202 5576 tentationem
1223 5522 1404 5591 (Ecclz'.
1431 5534 1490 5586 II,
1517 5524 1579 5590 I).
1604 5519 1712 5575 Sed
1734 5519 1857 5574 etin
1874 5518 1978 5574 Job
1997 5536 2008 5572 :

2093 4364 2540 4419 Christianorum
2558 4364 2834 4436 inspectet
2851 4363 3222 4418 exercitus.Et
3234 4362 3454 4418 discant
3471 4362 3679 4414 vincere

2092 4452 2331 4507 visibilia
2343 4452 2770 4517 contemnendo,
2795 4458 2963 4523 atque
2984 4453 3174 4522 gulam
3196 4452 3477 4524 simulque
3492 4459 3679 4503 vanam

2089 4542 2325 4613 gloriam
2350 4542 2614 4597 calcando
2642 4542 2968 4613 reprimere.

2165 4631 2273 4687 Sed
2293 4648 2393 4684 cur
2419 4631 2569 4684 idem
2597 4631 2903 4685 tentandus
2916 4630 2987 4684 ad.
3014 4631 3300 4684 desertum
3333 4629 3679 4685 ducaturnon

2094 4720 2193 4775 abs
2221 4737 2281 4774 re
2308 4720 2602 4791 quaeritur:
2636 4720 2942 4791 praesertim
2974 4736 3101 4773 eum
3127 4719 3311 4773 omnis
3339 4717 3581 4773 mundus
3609 4713 3681 4765 la-

2096 4825 2366 4881 queorum
2406 4808 2770 4863 tentamentis
2800 4809 2873 4862 sit
2894 4807 3099 4879 ubique
3139 4808 3356 4879 plenus,
3388 4806 3496 4861 nisi
3524 4805 3675 4864 forte,

2093 4898 2241 4970 quod
2259 4896 2356 4952 ubi
2375 4897 2651 4951 serviendi
2680 4898 2795 4951 Deo
2818 4898 2998 4966 major
3009 4902 3095 4951 est
3109 4896 3396 4968 quietudo,
3412 4895 3489 4950 ibi
3508 4890 3681 4960 major

2093 4986 2422 5041 exhibeatur
2447 5003 2673 5040 necesse
2719 4995 2806 5040 est
2848 4985 3051 5040 virium
3088 4986 3426 5048 colluctatio,
3460 4981 3588 5055 quia
3629 4980 3683 5030 et

2092 5075 2171 5129 ibi
2220 5091 2497 5146 nusquam
2538 5074 2719 5129 deerit
2755 5074 3113 5129 fraudulenta
3159 5074 3679 5129 oblectamentorum

2092 5164 2402 5237 persuasio.
2438 5163 2548 5217 Per
2578 5164 2863 5218 desertum
2896 5163 3102 5235 quippe
3133 5181 3167 5217 a
3196 5163 3391 5217 muniti
3417 5156 3678 5234 pressaris

2092 5258 2152 5307 ct
2178 5252 2516 5307 tumultibus
2546 5252 2815 5306 remotior
2852 5252 2966 5305 vita
2995 5252 3366 5323 signiﬁcatur;
3408 5257 3472 5305 ut
3496 5259 3680 5304 omnes

2093 5341 2312 5395 discant
2341 5342 2587 5412 quietem
2618 5345 2899 5412 appetere,
2914 5345 2971 5394 et
2990 5341 3221 5395 soliDeo
3246 5327 3679 5405 vacare,etiamsi

2095 5429 2243 5484 inter
2270 5429 2525 5483 homines
2547 5429 2842 5484 videantur
2868 5429 3095 5484 versari.
3144 5429 3409 5500 Alioquin
3429 5428 3487 5483 in
3505 5418 3683 5480 Canti-

2095 5518 2174 5573 cis
2230 5533 2343 5572 non
2386 5522 2662 5591 quaereret
2706 5518 2776 5572 de
2806 5517 3051 5574 Ecclesia
3085 5536 3097 5571 :
3130 5520 3257 5589 Quae
3301 5522 3376 5571 est
3423 5520 3529 5572 ista
3568 5523 3679 5582 qua
