3938 6174
520 337 623 393 187

1288 342 1350 397 S.
1387 339 1768 397 PASCHASII
1804 337 2167 395 RADBERTI
2204 339 2507 397 ABBATIS
2544 339 3037 398 CORBEIENSIS.

3683 337 3776 399 188

513 466 704 516 mento
731 462 973 534 Spiritus
1001 469 1228 520 sanctus
1246 466 1306 520 in
1354 462 1656 535 Scripturis
1700 462 1905 516 sanctis
1942 460 2477 524 raris-Aiacentore
2502 462 2611 517 cito
2640 462 2898 532 vincitur,
2937 469 2995 519 et
3036 479 3149 519 non
3210 463 3491 519 calceatus
3543 463 3703 519 facile
3750 481 3782 518 a

516 550 657 606 sime
681 551 1020 608 inveniatur.
1053 554 1215 609 Unde
1236 571 1338 608 nec
1357 553 1623 607 abhorret
1651 568 1685 605 a
1704 568 1852 613 vero,
1887 551 1933 605 is
1964 552 2115 623 quia

514 640 784 695 membris
808 642 1015 696 diaboli
1032 643 1280 712 cruciﬁgi
1306 640 1588 705 sustinuit,
1629 640 1676 694 si
1697 640 1867 694 etiam
1894 639 1963 694 ab
1992 641 2114 711 ipso

515 729 737 786 diabolo
765 732 1021 785 tentandi
1047 732 1232 802 gratia
1251 731 1377 785 duci
1406 748 1464 785 se
1489 730 1827 802 permiserit.
1864 730 1969 785 Sed
1997 747 2115 785 ma-

513 818 601 890 gis
620 819 692 872 ad
721 835 949 875 sensum
979 820 1257 890 congruit,
1293 820 1441 892 quod
1474 819 1715 891 Spiritus
1738 824 1983 886 sanctus,
2016 819 2113 891 qui

515 907 575 962 in
602 907 881 979 baptismo
910 925 1219 979 supereum
1246 909 1473 975 mansit,
1502 909 1622 980 ipse
1641 908 1903 963 continuo
1933 908 2111 963 homi-

516 1013 665 1064 nem,
701 1014 867 1069 quem
897 998 967 1051 de
999 997 1229 1069 Virgine
1247 1004 1534 1053 creaverat
1560 1016 1623 1053 ex
1654 998 1805 1052 fonte
1828 1003 2105 1066 renatum,

516 1084 608 1140 ubi
631 1085 795 1140 nobis
807 1087 1034 1157 adoptio
1066 1088 1435 1153 condonatur,
1462 1088 1532 1142 ad
1549 1088 1879 1142 tentandum
1901 1087 2110 1141 obtule-

512 1174 606 1241 rit,
640 1180 918 1245 quatenus
935 1192 1036 1247 per
1055 1192 1185 1231 eum
1212 1177 1489 1232 discerent
1538 1194 1731 1231 omnes
1770 1177 1867 1248 qui
1896 1194 1961 1231 ex
1999 1177 2108 1230 Ba-

448 1270 451 1277 '
510 1263 717 1333 ptismo
742 1270 1131 1330 renascuntur,
1161 1265 1309 1319 illico
1325 1282 1427 1337 per
1441 1265 1841 1320 continentiam
1859 1283 2108 1338 pugnare

508 1351 732 1419 debere,
784 1354 934 1424 quod
979 1371 1048 1408 ex
1084 1353 1319 1409 adverso
1362 1372 1490 1409 mox
1527 1355 1760 1410 callidus
1809 1372 2108 1426 persuasor

509 1446 642 1507 stat,
666 1442 782 1496 suis
808 1442 1099 1497 fraudibus
1127 1460 1549 1514 congressurus.
1586 1446 1654 1499 Et
1674 1445 1799 1499 ideo
1848 1445 1984 1499 satis
2029 1445 2109 1498 di-

506 1546 683 1600 gnum
718 1530 824 1585 fuit
844 1536 908 1586 ut
930 1532 1172 1603 Spiritus
1208 1538 1433 1587 sanctus
1463 1535 1673 1599 Jesum,
1726 1550 1896 1605 super
1941 1551 2107 1605 quem

508 1619 752 1690 pleniter
771 1621 998 1687 mansit,
1030 1622 1182 1675 velut
1211 1638 1401 1693 regem
1427 1624 1498 1676 ad
1526 1623 1785 1677 militiam
1801 1628 1997 1677 contra
2016 1624 2113 1678 ho-

509 1712 676 1775 stem,
706 1709 981 1763 exercitus
1004 1711 1093 1764 sui
1127 1712 1396 1783 prmvium
1422 1712 1707 1766 excitaret.
1746 1713 1815 1767 Et
1832 1730 1933 1783 per
1961 1712 2112 1784 quod

2196 558 2454 624 serpente
2478 552 2786 607 mordetur.
2806 554 2929 619 Qua
2954 554 3021 608 de
3042 571 3231 615 causa,
3256 554 3443 609 nullus
3466 553 3691 608 incaute
3710 554 3783 608 vi-

2195 646 2289 695 vat
2304 642 2462 696 valde
2492 643 2802 697 curandum
2829 650 2932 710 est,
2964 644 3097 715 quia
3125 644 3313 698 nullus
3342 643 3451 697 nisi
3500 643 3651 697 inter
3690 643 3782 697 ho-

2197 736 2310 785 stes
2331 730 2599 785 ambulat.
2626 731 2803 795 Quem
2824 731 3014 803 itaque
3041 738 3262 786 tentarc
3289 747 3403 786 non
3445 732 3669 793 audeat,
3694 730 3784 801 qui

2194 837 2296 875 nec
2324 819 2393 874 ab
2421 821 2542 892 ipso
2573 821 2811 875 Domino
2841 823 2973 876 Jesu
2996 821 3219 876 Christo
3242 826 3475 875 conatus
3505 837 3619 875 suae
3641 820 3786 875 frau-

2193 910 2278 963 dis
2290 909 2561 964 abstinuit
2577 910 2771 974 ?Quod
2790 911 2980 965 volens
2998 910 3067 965 ad
3093 911 3370 965 cautelam
3381 911 3498 964 suis
3517 908 3785 964 militibus

2192 999 2492 1064 declarare,
2516 999 2663 1054 illico
2688 1004 2814 1072 post
2841 999 3053 1055 fontem
3079 1000 3345 1072 baptismi
3394 1000 3610 1070 primus
3662 1015 3785 1070 pro-

2190 1088 2358 1143 cessit
2382 1088 2451 1142 ad
2479 1106 2745 1160 pugnam,
2788 1094 2843 1143 et
2871 1107 2972 1161 per
3001 1089 3147 1161 quod
3177 1090 3395 1161 primus
3424 1089 3591 1142 homo
3611 1088 3783 1142 victus

2191 1182 2275 1231 est
2304 1177 2361 1231 in
2383 1177 2644 1248 paradiso
2670 1175 2926 1230 videlicet
2946 1178 3137 1247 gulam
3163 1177 3474 1247 jejunando
3493 1176 3661 1247 cuzpit
3686 1175 3783 1229 de-

2190 1266 2426 1333 vincere,
2479 1282 2582 1337 per
2630 1282 2799 1336 quam
2843 1266 3421 1337 concupiscentiarum
3452 1265 3630 1319 fomes
3678 1280 3783 1318 nu-

2189 1356 2361 1410 tritur
2384 1399 2396 1419 ,
2452 1360 2510 1409 et
2552 1355 2831 1409 incentiva
2897 1354 3196 1410 libidinum
3244 1355 3308 1410 in
3359 1354 3519 1409 nobis
3601 1354 3785 1408 acrius

2190 1446 2632 1499 inflammantur.
2662 1444 2808 1497 Nam
2849 1443 3036 1497 carnis
3094 1442 3563 1513 concupiscentia,
3616 1456 3784 1512 quam

2193 1532 2249 1587 in
2280 1551 2339 1587 se
2371 1532 2756 1603 unusquisque
2780 1538 3188 1604 repugnantem
3202 1531 3530 1602 legimentis
3555 1547 3689 1597 suae,
3721 1546 3787 1585 ac

2194 1622 2565 1693 captivantem
2624 1623 2742 1675 sine
2790 1638 3064 1675 consensu
3128 1620 3335 1674 invitus
3380 1618 3574 1688 sentit,
3622 1635 3785 1691 poena

2193 1711 2407 1782 peccati
2437 1715 2521 1765 est
2555 1715 2649 1764 :et
2686 1709 2810 1764 ideo
2848 1727 2961 1764 non
3015 1709 3241 1763 aliunde
3284 1709 3463 1779 magis
3511 1709 3781 1776 nutritur,

509 1797 756 1868 primum
774 1798 954 1852 Adam
971 1800 1030 1853 in
1058 1801 1318 1870 paradiso
1339 1801 1663 1856 deliciarum
1686 1801 1983 1867 devicerat,
2011 1806 2173 1873 perB
2195 1817 2362 1872 quam
2394 1816 2460 1854 ex
2487 1800 2637 1870 gula,
2666 1816 2766 1869 pro
2784 1800 2944 1869 cujus
2964 1798 3208 1852 vindicta
3232 1797 3391 1851 carni
3433 1802 3519 1851 est
3562 1796 3781 1852 infesta.

509 1886 615 1941 hoc
633 1903 669 1940 a
688 1888 931 1942 secundo
961 1889 1138 1943 Adam
1170 1890 1225 1943 in
1258 1890 1478 1944 deserto
1524 1891 1802 1945 vastitatis
1829 1892 2099 1962 dejectus,

508 1976 691 2030 omnis
720 1976 981 2049 deinceps
1010 1978 1302 2046 exercitus,
1335 1980 1457 2050 ipso
1486 1979 1587 2034 Dei
1616 1986 1818 2050 agente
1868 1981 2098 2052 Spiritu,

507 2065 779 2133 securius,
812 2066 948 2121 dum
976 2067 1035 2121 in
1060 2068 1166 2122 hoc
1195 2068 1418 2123 deserto
1439 2068 1659 2135 vivitur,
1687 2076 1855 2142 atque
1903 2070 2104 2124 sollici-

505 2152 619 2208 tius
643 2154 953 2210 dimicaret.
985 2157 1176 2212 Nescit
1201 2158 1351 2212 enim
1381 2158 1621 2229 Spiritus
1653 2165 1898 2226 sanctus,
1932 2176 2102 2229 quos-

506 2259 727 2314 cunque
747 2245 1077 2315 possederit,
1092 2246 1408 2300 inefﬁcaces
1446 2253 1614 2318 atque
1643 2248 1991 2318 incxpeditos
2019 2266 2103 2303 re-

505 2330 909 2402 linquere:sed
935 2335 1191 2405 provehit
1213 2336 1283 2389 ad
1316 2341 1618 2401 certamen,
1661 2342 1725 2390 ut
1760 2344 1888 2408 post
1934 2338 2103 2392 victo-

505 2420 671 2486 riam,
708 2422 1025 2493 quicunque
1052 2423 1122 2477 ab
1152 2424 1249 2478 illo
1265 2430 1531 2495 aguntur,
1558 2441 1658 2497 per
1696 2442 1845 2492 eum,
1880 2426 2101 2481 Christo

504 2511 860 2581 conﬁgurati,
891 2512 1107 2567 felicius
1138 2513 1509 2583 requiescant.
1543 2513 1685 2567 Hinc
1706 2531 1927 2586 quoque
1956 2517 2103 2588 Apo-

504 2600 680 2653 stolus
708 2600 815 2656 ait:
836 2602 987 2668 Quod
1017 2604 1116 2672 qui
1134 2605 1340 2670 spiritu
1355 2604 1737 2671 Dciaguntur,
1766 2605 1828 2658 hi
1846 2608 1956 2673 ﬁlii
1967 2609 2099 2659 sunt

502 2691 603 2743 Dei
632 2689 798 2758 (Rom.
834 2704 951 2757 vm,
974 2691 1084 2759 14).
1118 2690 1295 2756 Unde,
1329 2708 1456 2746 cum
1493 2692 1551 2746 in
1578 2693 1885 2765 primordio
1933 2710 2102 2765 super

504 2778 803 2849 apostolos,
838 2785 894 2833 et
923 2780 1018 2851 qui
1040 2797 1167 2834 cum
1197 2780 1333 2852 ipsis
1354 2787 1516 2836 erant
1533 2782 1708 2836 clausi
1722 2788 1953 2854 propter
1981 2800 2100 2837 me-

504 2872 629 2922 tum
648 2868 1228 2935 Judaeorum,cmlitus
1251 2870 1584 2949 advenisset,
1618 2888 1732 2926 non
1765 2872 1977 2943 expulit
2007 2890 2102 2927 eos

2185 1891 2343 1945 Unde
2369 1895 2424 1944 et
2438 1890 2507 1943 ab
2538 1890 2619 1943 eis
2650 1889 2745 1960 qui
2775 1889 2843 1942 de
2892 1888 3038 1942 vitiis
3089 1888 3384 1959 specialius
3439 1888 3787 1958 conscripse-

2184 1985 2335 2043 runt,
2361 1979 2544 2050 prima
2566 1994 2631 2031 ex
2658 1975 2918 2031 omnibus
2936 1976 3355 2047 gastrimargia,
3386 1974 3439 2028 id
3463 1979 3550 2029 est
3573 1975 3789 2030 ventris

2185 2068 2458 2139 ingluvies
2507 2067 2752 2137 ponitur,
2795 2071 2859 2119 ut
2895 2083 2960 2120 ex
3007 2066 3112 2119 hoc
3138 2065 3390 2137 apertius
3446 2063 3783 2131 declaretur,

2186 2157 2333 2228 quod
2353 2157 2410 2209 in
2422 2171 2655 2210 vacuum
2688 2154 2925 2226 quisque
2944 2154 3180 2221 laborat,
3216 2154 3264 2207 si
3294 2154 3443 2225 quod
3475 2152 3788 2207 fomentum

2184 2252 2270 2301 est
2297 2246 2662 2316 reliquorum,
2698 2259 2809 2298 non
2839 2244 2998 2298 hoste
3026 2243 3271 2315 quidem,
3302 2242 3401 2296 sed
3447 2240 3569 2295 sola
3600 2241 3789 2299 adhuc

2184 2352 2351 2389 carne
2401 2333 2667 2399 devictus,
2712 2332 2895 2387 sobrie
2943 2348 3057 2387 non
3100 2332 3381 2387 refrenat.
3416 2328 3577 2385 Unde
3600 2328 3791 2401 sequi-

2183 2429 2278 2479 tur
2299 2444 2309 2478 :

2255 2516 2323 2570 Et
2350 2530 2473 2569 cum
2488 2515 2792 2582 jejunassct
2816 2512 3194 2582 quadraginta
3214 2510 3423 2575 diebus,
3456 2514 3505 2563 et
3533 2509 3787 2577 quadra-

2182 2608 2341 2674 ginta
2364 2605 2629 2666 noctibus,
2644 2607 2825 2669 postea
2838 2602 3055 2653 csuriit.
3076 2598 3184 2663 Qui
3202 2599 3400 2669 utique
3414 2613 3585 2652 sacrae
3612 2597 3786 2652 absti-

2182 2694 2387 2750 nentia:
2415 2707 2684 2746 numerus
2704 2689 2751 2744 si
2780 2690 3079 2759 diligenter
3089 2693 3380 2753 tractetur,
3404 2686 3628 2741 evidens
3649 2703 3789 2758 prae-

2184 2787 2426 2841 sentium
2446 2787 2536 2836 est
2562 2784 2996 2835 sacramentum.
3038 2777 3182 2842 Quia
3208 2780 3273 2831 ut
3298 2777 3451 2848 pacis
3465 2776 3587 2846 jam
3612 2790 3787 2847 supra

2183 2873 2551 2934 ostendimus,
2576 2886 2677 2941 per
2705 2884 2837 2923 eum
2882 2867 3065 2922 omnis
3109 2882 3353 2938 prmsens
3400 2866 3530 2930 vita,
3568 2865 3627 2919 in
3672 2882 3790 2936 qua

506 2954 658 3009 inter
680 2956 895 3010 medias
922 2964 1341 3027 persecutorum
1363 2960 1529 3026 acies,
1545 2965 1602 3013 et
1639 2960 1769 3014 fecit
1796 2960 2103 3031 intrepidos
2185 2963 2442 3018 Christus
2483 2966 2599 3014 tam
2630 2962 2825 3011 contra
2872 2955 3055 3009 carnis
3091 2953 3240 3020 vitia,
3294 2970 3463 3024 quam
3495 2958 3553 3007 et
3588 2959 3794 3008 contra

507 3042 815 3110 decertare,
832 3046 1107 3116 quiantea
1126 3048 1278 3103 velut
1300 3048 2099 3104 timidiobseratitenebantur.
2187 3069 2360 3108 aereas
2389 3054 2695 3121 potestates
2726 3047 2783 3100 in
2805 3045 2921 3099 suis
2943 3042 3213 3098 membris
3240 3043 3418 3097 victor
3446 3043 3566 3115 ipse
3622 3042 3795 3097 dimi-

511 3131 621 3186 Sed
640 3138 698 3186 et
716 3134 960 3189 universi
998 3141 1276 3208 martyres
1304 3154 1369 3193 eo
1398 3137 1733 3192 inﬂammati
1751 3139 1963 3209 Spiritu
1983 3144 2162 3205 tan-C.
2185 3136 2293 3197 cat.
2328 3142 2564 3210 Propter
2588 3135 2736 3207 quod
2766 3140 2821 3188 et
2843 3133 3069 3204 provide
3096 3131 3232 3186 satis
3263 3132 3322 3185 in
3350 3130 3797 3202 exemplo,hunc

510 3238 679 3292 quam
691 3223 946 3279 scintilla:
960 3224 1020 3278 in
1029 3227 1365 3282 arundineto
1380 3234 1749 3282 cucurrerunt
1760 3245 1858 3299 per
1882 3229 2095 3296 orbem,

508 3315 567 3365 et
591 3312 779 3366 omnia
794 3312 901 3368 sibi
921 3315 1276 3371 adversantia
1298 3318 1601 3388 pugnando
1631 3318 1851 3373 fortiter
1866 3320 2100 3390 pedibus

507 3399 886 3471 subjecerunt.
917 3404 1211 3460 Neminem
1241 3407 1411 3472 enim,
1446 3412 1509 3461 ut
1532 3406 1782 3478 praedixi,
1814 3408 1904 3463 hic
1931 3410 2101 3481 Spiri-

505 3492 600 3545 tus
627 3491 897 3563 relinquit
923 3494 1162 3549 inertem
1187 3501 1273 3561 ;et
1299 3496 1423 3550 ideo
1450 3495 1628 3567 magis
1656 3497 1966 3567 putandum
2015 3503 2101 3553 est

509 3580 658 3651 quod
679 3580 798 3651 ipse
818 3599 945 3638 eum
972 3584 1199 3639 duxerit
1224 3585 1282 3640 in
1302 3586 1607 3645 desertum.
1630 3591 1907 3657 quatenus
1934 3588 2098 3642 doce-

509 3675 598 3724 ret
627 3670 687 3723 in
709 3672 911 3743 capite,
936 3674 1069 3745 quid
1096 3675 1344 3729 ﬂendum
1368 3680 1491 3729 erat
1518 3675 1576 3729 in
1606 3675 1892 3742 membris,
1924 3678 1970 3731 si
1988 3696 2097 3749 quo

506 3760 675 3815 modo
706 3768 891 3833 caput,
927 3765 1117 3819 omnia
1136 3763 1390 3819 membra
1410 3780 1511 3836 per
1558 3764 1742 3836 ipsum
1783 3764 2100 3836 infatigabi-

505 3849 636 3905 liter
655 3858 1041 3922 sequerentur.
1073 3854 1338 3925 Alioquin
1381 3855 1502 3909 sine
1534 3854 1747 3926 Spiritu
1797 3856 1898 3910 Dei
1942 3855 2095 3926 quis-

509 3941 635 4012 quis
658 3941 731 3995 ad
753 3942 1013 3997 militiam
1043 3943 1482 3997 Christianitatis
1511 3944 1823 4009 accesserit,
1868 3961 1932 3997 eo
1961 3948 2100 3997 tem-

507 4030 743 4098 pestatis
772 4029 987 4100 impetu
1017 4032 1394 4101 prosternitur
1422 4031 1606 4086 subito
1663 4048 1773 4102 quo
1822 4033 2094 4102 pulsatur.

509 4115 668 4169 Unde
707 4120 765 4169 et
798 4118 1099 4187 Apostolus
1148 4136 1158 4171 :
1203 4120 1429 4172 Probata
1473 4122 1707 4187 spiritus
1776 4122 1827 4171 si
1886 4136 1953 4173 ex
2000 4122 2100 4174 Deo

510 4207 701 4268 τεθθ
719 4211 868 4257 sunt.
901 4205 1063 4272 Quia,
1094 4206 1201 4260 nisi
1229 4206 1398 4261 fuerit
1423 4207 1593 4260 homo
1612 4207 1707 4260 illo
1736 4206 1974 4263 interius
1986 4209 2102 4263 ani-

505 4294 712 4357 matus,
730 4291 889 4347 facile
916 4300 1080 4348 vento
1108 4295 1435 4350 tentationis
1462 4295 1823 4366 dispergitur,
1856 4302 1912 4351 et
1935 4315 1969 4351 a
1989 4315 2099 4369 quo

507 4380 658 4434 visus
679 4387 765 4435 est
791 4383 1091 4454 refugiens,
1123 4385 1274 4439 velut
1298 4385 1461 4457 palea
1480 4384 1590 4439 huc
1612 4385 1855 4456 illucque
1893 4403 2097 4442 vacuus

2184 3236 2310 3297 πθ
2325 3236 2360 3295 ι
2405 3228 2626 3281 dierum
2639 3224 2999 3293 noctiumque
3014 3222 3325 3293 jejunando
3356 3238 3457 3293 per
3472 3237 3532 3275 se
3549 3222 3799 3276 sacravit

2181 3343 2504 3391 numerum,
2536 3329 2815 3395 quatenus
2830 3321 3055 3375 doceret
3072 3321 3220 3392 quod
3238 3338 3414 3391 usque
3434 3320 3504 3373 ad
3519 3335 3798 3374 consum-

2184 3418 2492 3483 mationem
2523 3423 2710 3478 saeculi
2731 3426 2964 3475 eatenus
2992 3419 3048 3472 in
3071 3418 3187 3474 suis
3208 3417 3498 3485 militibus,
3522 3435 3623 3489 per
3640 3417 3798 3473 hanc

2181 3522 2531 3580 abstinentiae
2577 3519 2835 3574 militiam
2885 3516 3189 3572 tentandus
3237 3521 3295 3570 et
3346 3516 3522 3570 victor
3558 3514 3797 3570 futurus

2180 3628 2347 3678 esset.
2381 3616 2871 3689 Quadragenarius
2902 3613 3108 3685 quippe
3144 3629 3435 3677 numerus,
3468 3612 3619 3683 quod
3645 3628 3797 3683 prae-

2179 3738 2308 3776 sens
2321 3720 2587 3774 saeculum
2601 3715 2895 3786 signiticet,
2911 3713 3261 3784 frequentius
3288 3712 3623 3766 declaratur.
3672 3710 3796 3765 Sed

2178 3824 2237 3874 et
2256 3817 2394 3873 illud
2432 3822 2654 3885 tempus
2691 3829 2800 3884 quo
2820 3813 2981 3866 Jesus
3008 3815 3133 3881 post
3156 3809 3625 3865 resurrectionem
3652 3824 3798 3863 cum

2179 3915 2298 3972 suis
2318 3918 2675 3970 conversatus
2705 3915 2791 3965 est
2822 3909 3128 3981 discipulis,
3165 3909 3271 3967 hoc
3300 3908 3578 3963 enuntiat.
3617 3906 3799 3962 Unde

2181 4023 2237 4071 et
2262 4012 2465 4068 alicubi
2487 4024 2499 4059 ε
2520 4013 2625 4078 Ego
2644 4010 3071 4073 vobiscumsum,
3089 4006 3290 4078 inquit,
3316 4008 3571 4061 omnibus
3587 4006 3794 4059 diebus

2181 4129 2350 4183 usque
2365 4113 2440 4166 ad
2454 4108 2980 4163 consummationem
2994 4107 3179 4158 sarcuti
3203 4104 3412 4165 (Matth.
3441 4118 3630 4171 xxvm,
3666 4102 3765 4167 20)
3779 4148 3794 4161 .

2184 4211 2471 4284 Siquidem
2503 4223 2666 4263 omne
2700 4221 2943 4278 praesens
2976 4203 3241 4257 saeculum
3283 4220 3349 4257 ex
3379 4208 3620 4274 quatuor
3676 4205 3801 4260 ele-

2181 4299 2385 4355 mentis
2415 4314 2509 4351 sex
2529 4295 2733 4367 quippe
2760 4290 2956 4346 diebus
2980 4290 3288 4361 perfectum
3300 4307 3422 4345 esse
3449 4291 3679 4361 legitur.
3707 4288 3801 4347 Ex

2181 4405 2290 4460 quo
2310 4387 2503 4457 utique
2529 4400 2763 4438 numero
2793 4379 3010 4435 denarii
3031 4395 3255 4433 summa
3284 4379 3608 4445 coniicitur;
3644 4394 3803 4451 qua-

507 4469 754 4528 effertur.
805 4472 1042 4544 Propter
1084 4474 1229 4545 quod
1274 4472 1587 4545 Apostolus.
1621 4480 1814 4529 monet
1843 4476 2033 4532 dicens
2083 4475 2540 4547 :Dtuorguippe
2562 4477 2618 4525 et
2642 4488 2735 4524 sex
2776 4468 2969 4522 decem
2998 4467 3158 4521 ﬁunt.
3210 4467 3276 4521 In
3305 4468 3463 4538 cujus
3504 4466 3800 4524 nimirum

503 4551 671 4621 State,
694 4557 1056 4623 dilectissimi,
1080 4563 1346 4615 succincti
1374 4561 1586 4614 lumbos
1606 4564 1806 4615 mentis
1827 4567 2011 4618 vestra
2034 4566 2097 4617 in
2179 4563 2532 4638 perfectionis
2562 4560 2773 4615 calculo
2823 4558 3015 4611 decem
3061 4562 3341 4628 praecepta
3382 4556 3615 4623 homini,
3681 4575 3801 4629 pro

504 4646 750 4712 veritate,
785 4652 834 4700 et
854 4651 1250 4719 calceatipedcs
1275 4653 1339 4705 in
1350 4652 1759 4719 praparatione
1810 4653 2098 4719 Evangelii
2179 4671 2289 4728 quo
2315 4653 2558 4707 mundus
2586 4649 2766 4703 factus
2796 4663 2917 4701 esse
2944 4645 3312 4716 dignoscitur,
3346 4662 3380 4699 a
3407 4646 3521 4700 Deo
3550 4661 3800 4701 conser-

497 4735 687 4802 pacis:
710 4738 774 4789 in
794 4739 1051 4792 omnibus
1073 4744 1574 4794 sumcntcsscutum
1600 4742 1745 4807 ﬁdci,
1766 4744 1827 4795 in
1851 4757 1957 4809 quo
1977 4758 2097 4810 ρος·
2176 4743 2358 4801 vanda
2384 4741 2704 4795 traduntur.
2733 4737 2866 4792 Tria
2894 4736 3172 4807 siquidem
3196 4753 3319 4807 quae
3346 4735 3417 4789 ad
3445 4735 3625 4791 Deum
3656 4752 3803 4807 per-

505 4824 628 4877 sitis
644 4828 835 4880 omnia
858 4830 963 4881 tela
981 4830 1224 4897 maligni
1240 4832 1400 4897 ignea
1416 4831 1781 4896 extinguere,
1816 4835 1864 4882 et
1882 4833 2097 4897 galeam
2180 4833 2366 4888 tinent
2392 4829 2723 4884 charitatem
2748 4827 2922 4893 illam,
2954 4842 3055 4897 per
3090 4842 3260 4897 quam
3280 4826 3431 4881 Deus
3461 4823 3693 4892 colitur,
3720 4843 3802 4882 ex

506 4915 725 4981 salutis,
756 4920 807 4969 ct
835 4918 1090 4983 gladium
1128 4920 1380 4987 spiritus,
1432 4919 1576 4986 quod
1611 4922 1685 4971 est
1730 4918 1953 4982 verbum
1999 4919 2100 4971 Dei
2181 4925 2299 4977 toto
2328 4920 2512 4987 corde,
2549 4934 2614 4971 ex
2642 4922 2762 4971 tota
2788 4916 2999 4981 anima,
3035 4920 3093 4969 et
3122 4931 3187 4969 ex
3217 4919 3339 4969 tota
3364 4914 3570 4968 virtute
3616 4924 3804 4970 com:-

506 4999 711 5077 (Ephes.
741 5018 814 5068 vI,
852 5004 960 5073 14).
998 5006 1127 5061 Istis
1178 5006 1353 5077 igitur
1398 5010 1673 5077 tanquam
1706 5005 2096 5078 inseparabili-

504 5089 610 5146 bus
626 5092 818 5158 armis,
850 5110 979 5148 suos
1008 5093 1228 5149 volebat
1265 5095 1626 5150 invictissime
1671 5096 1899 5150 armari.
1952 5095 2097 5160 Quia

505 5188 737 5237 noverat
792 5199 987 5239 omnes
1025 5184 1096 5237 ad
1134 5184 1394 5239 militiam
1438 5202 1558 5240 esse
1604 5190 1845 5250 vocatos,
1890 5185 2093 5241 idcirco

503 5272 873 5339 praestrucbat
892 5290 1005 5339 eos,
1038 5278 1103 5327 ut
1131 5273 1462 5329 fortissimos
1491 5275 1697 5329 Christi
1730 5276 1952 5343 milites,
1982 5292 2094 5329 ma-

505 5374 639 5412 nere
664 5359 899 5416 invictos
930 5382 942 5429 ;
976 5367 1033 5417 et
1075 5363 1496 5417 demonstrabat
1550 5364 1751 5434 quibus
1806 5381 2091 5418 armorum

507 5448 635 5503 telis
665 5450 916 5517 accincti,
948 5451 1148 5506 fortius
1168 5452 1518 5507 dimicarent.
1564 5454 1807 5508 Lumbos
1837 5454 2092 5509 videlicet

511 5537 777 5595 succincti
807 5540 990 5596 balteo
1031 5542 1277 5609 castatis,
1317 5547 1374 5596 et
1411 5541 1580 5613 pedes
1632 5543 1861 5597 calceati
1906 5543 2091 5598 muni-

506 5627 659 5685 mine
683 5629 854 5703 pacis.
875 5630 1018 5697 Quia
1042 5636 1100 5687 et
1116 5630 1421 5687 discinctus
1449 5631 1609 5687 miles
1636 5631 1706 5685 ab
1731 5631 2092 5703 impudicitiae

2183 5009 2468 5064 mendant.
2501 5006 2740 5078 Reliqua
2763 5021 2893 5059 vero
2914 5008 3129 5076 septem
3154 5003 3487 5058 charitatem
3511 5002 3799 5074 proximi,

2177 5116 2300 5171 quae
2323 5114 2423 5169 per
2438 5096 2680 5168 gratiam
2706 5094 2946 5166 Spiritus
2963 5093 3139 5148 sancti
3154 5096 3440 5164 operatur,
3466 5092 3793 5164 explicant.

2177 5189 2239 5243 In
2270 5186 2470 5259 quibus
2489 5186 2677 5239 decem
2701 5182 3011 5255 praeceptis,
3034 5181 3175 5252 legis
3197 5187 3254 5235 et
3267 5180 3702 5252 prOphetarum,
3722 5188 3806 5238 ut

2176 5277 2536 5348 Evangelium
2553 5275 2916 5344 compleatur.
2941 5272 3188 5343 pendent
3201 5270 3440 5341 eloquia.
3458 5270 3555 5323 Est
3580 5275 3801 5326 autem

2177 5369 2408 5422 Creator
2436 5366 2603 5430 Deus,
2632 5380 2696 5417 ex
2734 5380 2843 5434 quo
2871 5363 3076 5428 omnia,
3111 5378 3214 5433 per
3255 5378 3423 5433 quem
3452 5360 3668 5426 omnia,
3726 5360 3802 5418 in

2175 5473 2283 5528 quo
2305 5454 2511 5510 omnia.
2554 5454 2622 5507 Et
2649 5452 2772 5506 ideo
2795 5453 2943 5506 Deus
2971 5451 3218 5505 Trinitas
3260 5451 3430 5505 Pater
3477 5456 3535 5504 et
3590 5448 3799 5507 Filius

2174 5548 2342 5613 atque
2373 5541 2611 5613 Spiritus
2638 5545 2881 5607 sanctus,
2902 5546 3051 5596 recte
3066 5542 3227 5612 juxta
3249 5540 3576 5596 interiorem
3598 5545 3799 5613 atque

2174 5632 2507 5687 invisibilem
2550 5632 2858 5699 hominem,
2906 5628 3173 5687 invisibili
3218 5631 3466 5686 ternario
3531 5608 3799 5687 numeri)
