3938 6174
165 301 247 363 189

854 272 1236 351 Exposmo
1273 290 1355 349 IN
1389 268 1836 349 narremur.
1880 300 1945 333 έ-
1984 280 2124 347 LIB.
2166 288 2268 359 Ill,
2309 268 2468 347 CAP.
2509 288 2604 344 1v.

3276 276 3380 348 190

161 427 533 498 praeceptorum,
569 436 636 474 ex
665 422 786 474 toto
816 422 1001 486 corde,
1034 436 1101 475 ex
1135 424 1257 474 tota
1292 417 1501 483 anima,
1534 421 1592 472 et
1635 433 1699 471 ex
1716 392 2000 478 Afelicius
2020 416 2368 471 sanctiﬁcata
2408 414 2608 469 celum
2644 414 2828 468 valeat
2855 412 3127 468 introire?
3149 414 3310 471 Unde
3331 414 3379 470 sl

163 520 259 569 tota
276 513 455 566 virtute
482 508 642 580 diligi
672 526 707 563 a
746 516 1004 565 creatura
1031 526 1133 581 pro
1159 525 1271 580 qua
1293 507 1440 562 facta
1467 512 1600 561 sunt
1625 505 1708 561 in-

1793 505 2009 578 Moyses
2032 512 2089 560 et
2116 506 2263 560 Elias
2282 505 2467 576 typice
2505 503 2607 558 sub
2632 504 2735 558 hoc
2756 519 2992 558 numero
3015 503 3368 574 jejunarunt,

162 600 376 667 visibilis,
401 596 646 670 jubetur.
681 599 969 670 Siquidem
997 598 1262 653 invisibili
1289 597 1571 651 ternarias
1599 596 1706 650 tri‘-‘-
1789 601 1845 650 et
1874 595 2149 661 Christus,
2201 594 2291 649 cui
2338 594 2491 648 nulla
2532 593 2715 647 inerat
2743 610 2914 647 causa
2951 591 3182 665 peccati,
3219 592 3378 647 nobis

161 692 332 756 buitur,
356 694 418 743 ut
435 687 846 759 quaternarius,
863 705 927 743 ex
954 705 1063 760 quo
1087 692 1306 743 constat
1327 687 1494 741 homo
1516 689 1706 740 noster

162 779 380 843 exterior,
398 776 612 849 corpori
630 776 933 845 tribuatur,
956 776 1137 832 calido
1177 775 1385 832 scilicet
1405 780 1463 831 et
1479 772 1698 845 frigido,

160 868 352 924 humido
404 872 569 938 atque
626 866 790 921 sicco.
827 867 906 921 Ex
947 882 1056 938 quo
1108 883 1302 922 revera
1339 870 1493 920 totus
1534 862 1703 919 homo

160 964 317 1013 noster
330 955 554 1010 interior
568 961 741 1027 atque
759 955 1116 1011 exterioristo
1131 955 1448 1028 septenario
1468 969 1703 1008 numero

158 1050 517 1119 praeceptorum
531 1050 912 1100 consecratur.
927 1045 1002 1100 Et
1023 1046 1156 1117 quia
1171 1046 1323 1113 Deus
1348 1044 1590 1099 Trinitas
1620 1042 1705 1098 est

158 1152 185 1189 a
206 1139 429 1189 creatura
474 1134 713 1189 Creator
758 1135 888 1205 jure
915 1134 1182 1189 colendus
1228 1120 1453 1188 ‘dﬂnarii
1481 1132 1704 1187 summa

154 1230 278 1281 totus
297 1226 451 1280 homo
474 1226 548 1279 ad
578 1226 759 1280 Deum
788 1226 997 1281 relatus
1018 1226 1323 1281 conﬁcitur.
1352 1227 1706 1298 Quapropter

152 1315 304 1369 omnis
328 1313 617 1386 disciplina
643 1331 879 1369 noscens
897 1320 955 1370 et
972 1315 1294 1370 discernens
1311 1316 1632 1370 Creatorem
1649 1319 1703 1369 et

153 1409 441 1469 creaturam,
472 1404 582 1458 hoc
620 1408 771 1458 recte
822 1404 1055 1459 denario
1096 1420 1332 1459 numero
1361 1404 1699 1458 insinuatur.

152 1493 259 1557 Quae
270 1492 552 1564 disciplina
570 1498 977 1565 praeceptorum
999 1494 1105 1549 Dei
1126 1494 1375 1566 quandiu
1397 1492 1706 1548 devotionis

153 1582 343 1636 obtentu
384 1582 778 1653 temporaliter
830 1583 1190 1655 adimplenda
1218 1584 1538 1648 mandatur,
1592 1582 1703 1636 ﬁde

154 1675 334 1725 constat
357 1676 413 1725 et
435 1688 633 1726 rerum
680 1677 970 1742 gestarum
1027 1690 1195 1744 opere
1241 1672 1552 1726 dilectionis
1603 1688 1704 1743 per

1787 685 2034 740 instituit
2057 685 2451 755 jejunandum,
2485 682 2661 737 multo
2692 682 2871 753 magis
2890 682 3159 737 debemus
3184 698 3379 737 omnes

1786 776 1884 845 qui
1918 774 2091 829 tantis
2134 773 2499 845 astringimur
2526 771 2789 826 vitiorum
2823 771 3069 838 funibus,
3110 772 3234 839 etsi,
3266 788 3380 827 non

1787 868 1849 919 ut
1875 863 1975 929 illi,
2002 864 2202 918 saltem
2229 861 2570 934 quotidianis
2600 861 2671 915 ad
2702 878 2994 933 vesperum
3018 861 3379 932 parcimoniis

1786 953 2104 1019 sustentati,
2138 950 2418 1006 continuis
2443 952 2706 1021 jejunare
2733 950 2949 1016 diebus,
2969 956 3028 1004 et
3045 949 3175 1004 inde
3200 949 3380 1021 magis

1785 1044 2076 1115 magisque
2091 1041 2395 1096 secundum
2415 1040 2740 1094 interiorem
2761 1039 3046 1093 hominem
3055 1039 3381 1104 203divi-

1785 1133 1871 1187 nis
1900 1132 2136 1204 dapidus
2165 1130 2440 1203 c0piosius
2473 1128 2687 1183 satiari.
2719 1129 2863 1183 Nam
2886 1133 2943 1182 et
2970 1128 3188 1199 Moyses
3210 1131 3379 1198 atque

1787 1223 1952 1287 Elias,
1994 1238 2126 1288 non,
2159 1226 2223 1275 ut
2269 1220 2544 1286 Christus,
2576 1235 2642 1272 ex
2698 1216 2904 1272 virtute
2955 1218 3375 1287 jejunaverunt,

1786 1312 2096 1383 praesertim
2130 1326 2258 1364 cum
2312 1309 2533 1380 Moyses
2574 1311 2923 1361 sustentatus
2951 1306 3052 1360 Dei
3095 1305 3379 1360 fruitionis

1786 1401 2029 1473 alloquio
2058 1401 2294 1467 dicatur,
2327 1404 2384 1453 et
2412 1399 2591 1454 Eliam
2614 1397 2675 1452 in
2703 1395 3033 1451 fortitudine
3058 1395 3185 1462 cibi,
3209 1408 3378 1467 quem

1787 1493 1856 1546 de
1884 1492 2056 1545 allatu
2092 1489 2276 1561 angeli
2308 1493 2653 1560 perceperat,
2683 1485 3061 1558 quadraginta
3098 1485 3292 1539 diebus
3322 1488 3380 1539 et

1789 1580 2162 1653 quadraginta
2183 1578 2439 1633 noctibus
2463 1579 2724 1649 jejunum
2752 1574 3069 1629 ambulasse
3089 1574 3383 1646 Scriptura

1785 1676 2029 1725 testatur
2050 1671 2156 1740 (III
2172 1671 2294 1737 Reg.
2311 1683 2424 1732 x1x,
2442 1664 2520 1737 8).
2536 1665 2791 1721 Christus
2804 1682 2930 1719 vero
2946 1681 3127 1735 neque
3143 1663 3380 1734 alicujus

152 1760 304 1825 ﬁdem,
331 1760 502 1815 donec
562 1762 704 1816 ﬁant
746 1761 936 1815 idonei
990 1762 1191 1818 divinae
1221 1761 1698 1834 contemplationi,
1722 1778 1767 1837 Β
1789 1759 2018 1830 majoris
2050 1757 2313 1829 alloquio,
2340 1773 2523 1828 neque
2552 1755 2721 1809 ullius
2752 1754 2859 1809 cibi
2887 1752 3215 1808 fortitudine
3253 1765 3381 1807 sus;

154 1864 263 1918 quos
284 1847 562 1902 interdum
592 1850 852 1920 parvulos
869 1850 1014 1904 lacte
1042 1850 1242 1904 nutrit.
1286 1849 1414 1918 Sed,
1436 1850 1569 1921 quia
1587 1849 1704 1904 Ι]ωο
1783 1853 2054 1914 tentatus,
2075 1845 2355 1901 continuis
2382 1844 2758 1917 quadraginta
2787 1838 3003 1897 diebus'
3028 1859 3093 1897 ac
3124 1841 3380 1897 noctibus

151 1936 399 2008 disciplina
434 1938 635 1992 decem
664 1938 1058 1993 mandatorum
1089 1956 1189 2010 pro
1227 1945 1420 1994 nostra
1458 1938 1702 2010 torporis
1777 1938 2066 2010 jejunasse
2086 1935 2355 1991 creditur.
2376 1935 2485 1989 Sed
2505 1933 2701 1988 diebus
2714 1938 2877 1987 nocte
2904 1932 3375 2004 superadduntur,

147 2024 346 2095 ignavia,
379 2041 551 2097 quam
573 2041 719 2099 saepe
747 2033 812 2082 ut
838 2033 1059 2099 Oportet
1078 2044 1190 2083 non
1218 2028 1503 2100 impletur,
1535 2028 1703 2082 dena-

149 2113 255 2181 rius,
273 2114 358 2186 qui
380 2121 565 2170 totam
587 2108 779 2182 ποτ
803 2116 971 2187 hujus
992 2117 1279 2188 religionis
1293 2117 1594 2189 disciplinae
1614 2133 1702 2171 ex-

148 2202 305 2273 primit
321 2205 737 2275 perfectionem,
763 2207 1036 2278 quadrato
1058 2207 1150 2278 qui
1174 2206 1391 2278 corpori
1412 2206 1697 2271 tribuitur,

147 2285 503 2365 multiplicatus
534 2308 796 2361 numero,
817 2312 882 2350 eo
905 2296 1053 2367 quod
1074 2306 1231 2350 motu
1246 2296 1432 2350 carnis
1457 2296 1559 2350 Dei
1575 2295 1701 2349 cha-

147 2379 255 2435 ritas
278 2382 331 2436 in
356 2380 520 2437 nobis
554 2386 612 2437 et
630 2383 868 2454 proximi
898 2384 1154 2449 violatur,
1178 2382 1249 2438 ad
1274 2383 1566 2438 diluendas
1577 2393 1700 2456 pe'c-

149 2473 355 2524 ratorum
378 2471 636 2526 maculas
664 2471 723 2526 in
749 2473 1259 2543 quadragenarium
1281 2480 1499 2545 tempus
1526 2473 1702 2545 poeni-

145 2559 297 2613 tentiae
322 2561 517 2631 surgit.
556 2560 637 2614 Ac
661 2578 762 2633 per
789 2562 912 2630 hoc,
959 2578 1129 2634 quam
1160 2563 1257 2617 diu
1286 2580 1479 2618 sumus
1510 2563 1569 2617 in
1598 2564 1703 2618 hac

147 2645 250 2713 rita,
277 2664 487 2720 semper
526 2665 760 2704 necesse
802 2656 888 2705 est
940 2651 1326 2706 immunditias
1372 2652 1704 2707 delictorum

148 2737 315 2792 acriter
351 2739 497 2794 vitiis
559 2740 868 2796 resistendo
923 2741 1153 2796 uberius
1210 2743 1535 2809 deﬂeamus,
1571 2741 1705 2813 quia

145 2831 263 2880 recte
283 2840 378 2898 per
401 2829 562 2883 hunc
590 2845 890 2884 numerum
926 2848 1171 2902 praesens
1201 2832 1325 2887 vita:
1342 2827 1575 2903 tempus
1604 2832 1702 2884 de-

145 2913 376 2984 signatur.
407 2918 577 2972 Unde
602 2924 660 2972 et
690 2918 750 2973 in
773 2920 1016 2974 Levitico
1047 2921 1271 2986 mulier,
1304 2938 1405 2992 per
1425 2937 1614 2991 quam,
1641 2923 1706 2973 ut

144 3004 317 3073 volunt,
342 3024 595 3078 prmsens
622 3008 875 3063 Ecclesia
903 3009 1201 3077 indicatur,
1237 3026 1359 3081 qua:
1390 3003 1703 3064 masculum

141 3094 336 3164 peperit,
356 3097 653 3151 Christum
676 3097 934 3153 videlicet
954 3099 1063 3153 ﬁde
1092 3099 1413 3170 concipiens
1435 3140 1446 3152 .
1472 3098 1701 3165 Sedebit,

138 3180 288 3254 inquit
305 3186 617 3258 Scriptura,
640 3193 836 3256 septem
865 3189 1052 3242 diebus
1083 3190 1378 3242 immunda
1397 3192 1445 3242 et
1468 3190 1705 3256 triginta

138 3273 287 3327 tribus
312 3275 495 3330 diebus
556 3278 619 3329 in
664 3279 939 3343 sanguine
965 3293 1127 3343 puro.
1152 3278 1319 3331 donec
1337 3278 1413 3330 ad
1439 3279 1704 3345 templum.

138 3364 286 3415 ueniat
301 3364 487 3431 (Leuit.
520 3378 627 3427 xli,
645 3362 721 3432 2),
743 3380 853 3435 quo
879 3364 1136 3419 Christus
1158 3365 1404 3437 pontifex
1430 3365 1700 3432 introivit,

138 3449 209 3519 qui
238 3451 390 3507 simul
423 3453 811 3525 quadraginta
838 3454 998 3518 ﬁunt,
1044 3472 1146 3524 per
1166 3454 1313 3525 quod
1339 3472 1583 3527 praesens
1605 3472 1706 3510 sm-

140 3538 294 3593 culum
320 3547 375 3596 et
419 3542 623 3597 futura
658 3541 972 3614 puriﬁcatio
999 3543 1269 3614 parientis
1306 3542 1542 3599 forsitan
1590 3561 1703 3598 non

140 3623 401 3700 incongrue
424 3632 732 3701 ﬁguratur.
758 3631 1225 3702 Quandoquidem
1255 3649 1448 3686 omnes
1468 3633 1704 3703 justitia:

142 3721 309 3772 nostra:
356 3720 506 3775 illius
534 3720 668 3774 vitae
693 3721 987 3775 munditiis
1014 3726 1370 3793 comparata},
1404 3722 1549 3776 sicut
1571 3722 1705 3776 Pro-

143 3803 280 3873 pheta
304 3813 564 3876 testatur,
598 3808 743 3863 nihil
771 3810 922 3864 aliud
945 3827 1115 3881 quam
1133 3811 1286 3865 velut
1311 3827 1531 3883 pannus
1552 3829 1704 3866 men-

141 3898 331 3951 struatze
370 3898 639 3953 videntur
669 3901 799 3965 (Isa.
842 3916 985 3964 LXIV,
1023 3899 1098 3969 6).
1159 3899 1301 3955 Hinc
1348 3902 1569 3972 quoque
1618 3902 1702 3956 fa-

140 3986 262 4036 ctum
289 3991 386 4053 est,
419 3988 574 4058 quod
622 3987 954 4042 universalis
992 3993 1186 4043 sancta
1214 3989 1314 4044 Dei
1346 3990 1589 4044 Ecclesia
1638 4008 1703 4043 ex

140 4068 353 4129 doctrina
379 4076 630 4147 Spiritus
657 4076 856 4143 sancti,
886 4076 990 4131 sub
1007 4077 1111 4131 hoc
1133 4078 1577 4149 quadragenario
1597 4095 1703 4132 nu-

142 4174 265 4215 mero
307 4165 507 4219 annuis
552 4164 904 4236 temporibus
951 4166 1294 4237 poenitentiae
1343 4166 1450 4221 sibi
1480 4172 1703 4239 tempus

138 4253 435 4318 generaliter
450 4254 665 4310 indidit
693 4272 704 4307 :
741 4260 1018 4325 quatenus
1045 4272 1145 4325 per
1166 4255 1269 4309 hoc
1298 4256 1545 4309 maculas
1564 4273 1704 4327 quas

136 4333 316 4406 iugiter
342 4342 514 4396 variis
545 4342 833 4397 contrahit
863 4343 1198 4412 excessibus,
1228 4344 1330 4398 sub
1350 4344 1456 4399 hoc
1486 4348 1705 4398 sacrato

1719 3060 1763 3120 G

1784 2044 1854 2082 ne
1884 2027 2127 2098 cuipiam
2157 2026 2388 2079 daretur
2432 2023 2592 2095 copia
2638 2021 2965 2086 mentiendi,
3005 2037 3130 2075 eum
3178 2021 3378 2075 saltem

1783 2115 2037 2170 noctibus
2068 2114 2455 2178 manducasse,
2491 2128 2562 2166 ne
2592 2111 2740 2183 quod
2769 2127 2834 2165 ex
2864 2109 3023 2165 nobis
3038 2125 3151 2163 non
3178 2116 3381 2180 possu-

1784 2221 1929 2270 mus,
1972 2204 2040 2259 de
2072 2204 2186 2258 Dco
2231 2202 2452 2274 uspiam
2498 2200 2871 2255 dubitaretur.
2915 2199 3059 2263 Quia
3107 2197 3255 2269 quod
3299 2196 3382 2253 ita

1783 2299 1948 2348 tenus
1993 2293 2290 2364 jejunavit,
2320 2290 2546 2346 deitatis
2604 2305 2716 2344 suae
2757 2288 2866 2343 fuit
2913 2287 3195 2360 potentia;
3230 2284 3378 2358 quod

1783 2383 1997 2448 e'suriit,
2006 2398 2150 2436 verae
2161 2379 2530 2435 humanitatis
2540 2384 2754 2433 naturae
2765 2376 3029 2432 exhibitio
3040 2368 3376 2430 declaratur.

1782 2470 1848 2527 In
1886 2488 1995 2542 quo
2035 2471 2240 2541 quippe
2272 2470 2492 2523 dierum
2531 2484 2788 2534 numero,
2816 2467 2956 2521 duas
2997 2466 3058 2519 in
3093 2481 3206 2519 uno
3237 2480 3380 2519 novo

1783 2560 2009 2615 homine
2040 2559 2261 2614 Christo
2290 2559 2421 2612 Jesu
2458 2556 2816 2628 complendas
2850 2571 2952 2627 per
2978 2553 3380 2608 abstinentiam

1785 2651 2119 2704 monstravit
2146 2649 2316 2719 leges,
2346 2647 2559 2702 scilicet
2588 2646 2721 2717 quia
2748 2644 2806 2699 in
2834 2643 3207 2715 quadraginta
3236 2641 3379 2696 nihil

1785 2739 1939 2793 aliud
1967 2756 2136 2810 quam
2160 2736 2421 2807 Decalogi
2446 2736 2841 2789 mandatorum
2867 2738 2924 2787 et
2942 2737 3187 2803 quatuor
3205 2730 3381 2785 Evan-

1783 2830 2061 2901 geliorum
2090 2844 2315 2883 summa
2355 2829 2610 2891 resonat;
2640 2824 2721 2877 ita
2752 2827 2816 2877 ut
2858 2839 2959 2876 nec
2989 2828 3231 2892 quatuor
3259 2820 3381 2876 sine

1786 2919 1998 2984 decem,
2022 2934 2123 2972 nec
2138 2917 2331 2971 decem
2362 2916 2481 2969 sine
2512 2919 2754 2985 quatuor
2782 2912 3107 2966 recitentur.
3130 2911 3303 2965 Porro
3325 2914 3383 2965 et

1785 3005 1844 3061 in
1867 3007 2058 3060 decem
2094 3021 2289 3059 rursus
2315 3004 2426 3058 alia
2470 3002 2825 3075 perfectionis
2854 3016 3053 3055 norma
3077 2999 3378 3070 colligitur,

1787 3094 1836 3150 si
1852 3094 2032 3149 omnis
2045 3100 2194 3149 retro
2212 3109 2479 3148 numerus
2499 3108 2676 3163 usque
2692 3091 2763 3145 ad
2780 3092 3025 3163 primum
3043 3090 3381 3161 quadratum

1788 3184 2211 3257 quaternarium
2245 3184 2304 3237 in
2343 3199 2518 3238 unum
2543 3181 3003 3252 copuletur.Nam
3018 3196 3163 3233 unus
3179 3184 3236 3233 et
3247 3179 3378 3246 duo,

1786 3272 1845 3327 in
1879 3273 2078 3344 quibus
2109 3272 2296 3327 unitas
2340 3271 2597 3336 Deitatis,
2633 3271 2867 3325 Creator
2899 3274 2955 3323 et
2995 3274 3252 3323 creatura
3280 3285 3383 3340 pa-

1786 3362 1926 3416 riter
1973 3362 2349 3434 praedicantur
2405 3377 2624 3416 necnon
2669 3364 2725 3414 et
2780 3363 2894 3413 tres
2943 3363 3112 3429 atque
3143 3362 3385 3429 quatuor

1786 3468 1982 3507 rursus
2007 3452 2066 3506 in
2095 3450 2296 3523 quibus
2323 3450 2473 3505 Deus
2500 3448 2744 3505 Trinitas
2772 3448 3108 3513 ostenditur,
3142 3453 3199 3501 et
3223 3463 3384 3502 crea-

1785 3546 1913 3595 tura
1926 3558 2047 3612 quae
2068 3546 2312 3612 quatuor
2328 3539 2633 3594 subsistere
2655 3538 3062 3592 elementorum
3083 3535 3385 3607 generibus

1784 3630 2099 3695 nuntiatur,
2129 3628 2176 3683 si
2206 3628 2413 3682 sensim
2442 3627 2613 3680 simul
2631 3628 2962 3697 jungantur,
2994 3625 3186 3679 decem
3216 3624 3379 3688 ﬁunt.

1786 3724 1842 3774 et
1870 3719 1977 3790 ipsi
2007 3735 2107 3790 per
2133 3717 2357 3772 eosdem
2392 3721 2634 3786 quatuor
2659 3714 2933 3785 geminati
2965 3713 3023 3767 in
3068 3713 3385 3784 quadrage-

1786 3808 2010 3863 narium
2039 3811 2295 3878 surgunt.
2329 3805 2487 3860 Unde
2516 3809 2581 3859 ut
2609 3802 2741 3869 dixi,
2773 3802 3041 3857 divinitus
3061 3801 3385 3857 institutum

1786 3902 1891 3962 est,
1912 3898 2020 3951 isto
2037 3894 2510 3968 praeﬁgurationis
2524 3910 2758 3948 numero
2771 3909 2872 3948 nos
2889 3892 3074 3947 acrius
3094 3890 3380 3946 dimicare:

1786 3992 2063 4057 quatenus
2084 4003 2185 4057 per
2205 4002 2371 4057 quem
2392 3985 2451 4039 in
2470 3983 2677 4039 diluvio
2695 3983 2856 4055 aquis
2878 3987 3077 4037 necata
3098 3986 3184 4037 est
3202 3980 3385 4036 o'mnis

1786 4093 1933 4142 caro,
1968 4082 2172 4147 praeter
2201 4093 2340 4148 quos
2369 4092 2501 4129 arca
2529 4074 2821 4141 continuit,
2860 4090 2960 4145 per
2988 4072 3162 4145 ipsius
3192 4073 3386 4144 ﬁgurae

1784 4181 2087 4220 numerum
2116 4171 2309 4220 nostra
2337 4170 2610 4220 necentur
2637 4163 2821 4218 carnis
2852 4163 3076 4229 delicta,
3109 4166 3175 4217 ut
3198 4163 3387 4217 nullus

1785 4259 2041 4308 nostrum
2072 4259 2285 4325 pereat,
2311 4271 2450 4325 quos
2479 4253 2685 4307 Christi
2717 4251 2989 4324 probatur
3018 4250 3263 4305 Ecclesia
3285 4251 3389 4305 cir-

1787 4341 2839 4398 cumcludere.VerumtamenChristus
2856 4347 2975 4397 toto
2997 4358 3125 4396 cum
3139 4342 3390 4411 jejunas-

140 4439 334 4483 numero
361 4431 651 4503 copiosius
680 4432 935 4503 exemplo
956 4432 1164 4486 Christi
1181 4433 1492 4503 jejunando
1523 4434 1704 4488 dilue-
1723 4416 1770 4475 Ῑ)
1788 4438 1873 4487 set
1901 4438 2175 4504 tempore,
2196 4438 2414 4487 natura
2435 4449 2549 4486 suae
2570 4431 2855 4485 hominem
2878 4431 3091 4486 esurire
3108 4429 3383 4502 permisit,

139 4519 219 4579 ret,
248 4522 299 4572 et
324 4520 499 4575 aciem
533 4520 843 4592 pugnandi,
875 4537 998 4592 quae
1030 4538 1132 4594 per
1158 4527 1345 4594 partes
1374 4522 1703 4590 deﬂuxerat,

141 4603 351 4662 strictius
379 4615 698 4682 repararet.

195 4694 288 4750 Sed
331 4699 506 4768 quaeri
552 4703 756 4770 potest,
798 4716 925 4754 cum
964 4700 1237 4755 Dominus
1264 4699 1707 4773 Epiphaniorum

142 4777 211 4835 die
227 4787 754 4859 transacto,quando
771 4790 933 4860 juxta
954 4790 1285 4845 traditiones
1305 4790 1708 4845 catholicorum

143 4866 336 4929 Patrum
366 4877 619 4932 creditur
647 4877 983 4950 baptizatus,
1016 4897 1145 4933 mox
1190 4879 1473 4933 desertum
1510 4884 1708 4951 petens

143 4964 335 5032 cmperit
349 4966 635 5038 jejunare,
660 4967 798 5040 quid
827 4968 901 5023 sit
937 4969 1085 5039 quod
1115 4968 1358 5023 Ecclesia
1381 4968 1710 5023 universalis

143 5044 224 5101 hoc
242 5051 519 5122 jejunium
565 5056 635 5110 ad
679 5073 860 5128 usque
908 5058 1184 5129 passionis
1214 5062 1436 5128 tempus
1470 5057 1711 5112 voluerit

144 5130 408 5197 differendo
431 5145 561 5214 ejus
582 5145 927 5216 temporibus
942 5146 1238 5217 protelare.
1262 5145 1367 5201 Ubi
1397 5147 1530 5217 quid
1551 5146 1705 5201 aliud

145 5227 315 5283 rectius
342 5234 559 5301 poterit
588 5250 894 5298 occurrere,
929 5252 1097 5305 quam
1128 5240 1192 5289 ut
1217 5235 1287 5288 ad
1317 5234 1601 5306 paschalia
1619 5252 1706 5290 sa-

146 5323 408 5386 cramenta,
428 5337 543 5393 quo
565 5321 742 5377 victor
771 5323 1026 5378 Christus
1052 5323 1122 5378 ab
1152 5323 1345 5377 inferis
1375 5324 1700 5391 resurrexit,

146 5402 262 5458 velut
298 5408 366 5462 ad
394 5409 550 5464 diem
596 5410 1032 5466 immortalitatis
1061 5428 1175 5466 suae
1204 5411 1261 5466 in
1290 5412 1400 5466 ﬁne
1432 5412 1706 5483 Spiritum

148 5498 365 5551 sanctum
390 5515 492 5571 per
519 5514 618 5553 eos
644 5499 896 5554 docuisse
937 5501 1232 5556 sollicitius
1274 5502 1701 5570 decertandum,

148 5582 197 5633 ut
222 5599 306 5652 per
328 5587 432 5644 hoc
446 5587 644 5644 victrix
663 5587 766 5645 Dei
791 5589 1053 5659 Ecclesia,
1067 5592 1380 5664 puriﬁc‘atis
1401 5591 1701 5660 mentibus,

1790 4521 1923 4593 quia
1948 4522 2059 4576 nisi
2081 4521 2369 4587 esurisset,
2405 4537 2762 4592 nequaquam
2780 4520 3040 4575 tentandi
3070 4535 3212 4574 ausu
3236 4536 3389 4574 acce-

1791 4612 1969 4676 deret,
2001 4611 2098 4666 ubi
2128 4612 2347 4666 nullum
2372 4611 2718 4665 inﬁrmitatis
2740 4611 3039 4682 vestigium
3064 4610 3384 4682 reperisset.

1792 4700 2027 4772 Propter
2056 4701 2225 4772 quod,
2287 4717 2415 4755 cum
2463 4700 2763 4772 recepisset
2808 4699 3154 4755 inﬁrmitatis
3182 4704 3389 4755 nostra;

1792 4790 2285 4862 esuriem,gavisus
2310 4796 2396 4845 est
2416 4790 2689 4856 diabolus,
2717 4790 2940 4861 signum
2960 4807 3019 4845 se
3041 4790 3099 4845 in
3121 4807 3186 4845 eo
3207 4790 3391 4863 passi-

1790 4879 1917 4934 bilis
1970 4885 2140 4952 atque
2166 4879 2421 4935 mortalis
2450 4885 2666 4934 naturae
2711 4879 3008 4935 invenisse.
3035 4879 3216 4948 Unde,
3240 4879 3389 4936 illico

1792 4975 2349 5041 aggressus,conatus
2362 4975 2448 5024 est
2465 4969 3022 5041 superare.Alioquin
3043 4969 3260 5024 nullum
3271 4973 3393 5024 ten-

1790 5059 1947 5114 tandi
1975 5060 2161 5113 locum
2187 5059 2247 5113 in
2277 5059 2373 5113 illo
2394 5058 2713 5126 habuisset;
2738 5059 2870 5130 quia
2888 5059 3045 5114 nulla
3062 5060 3154 5114 lex
3174 5058 3392 5132 peccati

1788 5146 1846 5202 in
1877 5164 1941 5201 eo
1983 5147 2167 5200 inerat
2196 5146 2268 5199 ad
2299 5162 2466 5217 quam
2518 5146 2888 5213 adversarius,
2920 5152 2985 5201 ut
3024 5146 3082 5201 in
3112 5146 3291 5215 nobis,
3319 5144 3393 5202 ad

1788 5236 2104 5291 incitandas
2125 5235 2308 5289 carnis
2329 5236 2806 5307 concupiscentias
2830 5236 2906 5291 sic
2929 5241 3117 5303 ποιι
3139 5237 3299 5307 quasi
3321 5236 3393 5292 ad

1790 5342 1947 5380 suam
1980 5325 2160 5394 legem
2191 5324 2499 5379 accederet.
2522 5326 2713 5379 Manet
2743 5326 2893 5380 enim
2924 5326 2983 5380 in
3013 5325 3192 5393 nobis,
3226 5327 3283 5381 id
3309 5332 3395 5384 est

1788 5414 1846 5468 in
1879 5430 2046 5468 carne
2077 5419 2287 5479 nostra,
2323 5430 2493 5468 causa
2518 5414 2746 5486 peccati,
2780 5431 2902 5485 quae
2932 5415 3202 5470 nimirum
3225 5433 3397 5472 causa

1789 5520 1889 5576 pro
1909 5520 2075 5575 poena
2089 5503 2303 5574 peccati
2324 5503 2555 5572 exstitit,
2586 5508 2642 5558 et
2660 5504 2787 5558 ideo
2809 5503 3062 5559 diabolus
3083 5500 3263 5571 nobis,
3298 5521 3398 5577 per

1789 5592 1933 5664 legis
1957 5609 2071 5648 suae
2098 5593 2250 5665 jura,
2272 5593 2531 5649 tentandi
2556 5592 2842 5649 accessum
2876 5592 3065 5649 habet.
3101 5591 3232 5659 Sed,
3269 5594 3404 5664 quia
