  <div class='ocr_page' id='page_1' title='image "/cluster/home/n/w/nwhite01/storage/ocr_20150623/120/hvd.32044054759824/101.png"; bbox 0 0 3938 6174; ppageno 0'>
   <div class='ocr_carea' id='block_1_1' title="bbox 507 296 604 355">
    <p class='ocr_par' dir='ltr' id='par_1_1' title="bbox 507 296 604 355">
     <span class='ocr_line' id='line_1_1' title="bbox 507 296 604 355; baseline 0.021 -2"><span class='ocrx_word' id='word_1_1' title='bbox 507 296 604 355; x_wconf 84' lang='grc'><strong>191</strong></span> 
     </span>
    </p>
   </div>
   <div class='ocr_carea' id='block_1_2' title="bbox 1277 292 3023 355">
    <p class='ocr_par' dir='ltr' id='par_1_2' title="bbox 1277 292 3023 355">
     <span class='ocr_line' id='line_1_2' title="bbox 1277 292 3023 355; baseline -0.002 -2"><span class='ocrx_word' id='word_1_2' title='bbox 1277 298 1334 355; x_wconf 93' lang='lat' dir='ltr'><strong>S.</strong></span> <span class='ocrx_word' id='word_1_3' title='bbox 1375 294 1754 353; x_wconf 83' lang='lat' dir='ltr'><strong>PASCHASII</strong></span> <span class='ocrx_word' id='word_1_4' title='bbox 1790 292 2153 351; x_wconf 83' lang='lat' dir='ltr'><strong>RADBERTI</strong></span> <span class='ocrx_word' id='word_1_5' title='bbox 2189 294 2494 354; x_wconf 82' lang='lat' dir='ltr'><strong>ABBATIS</strong></span> <span class='ocrx_word' id='word_1_6' title='bbox 2531 293 3023 352; x_wconf 86' lang='lat' dir='ltr'><strong>CORBEIENSIS.</strong></span> 
     </span>
    </p>
   </div>
   <div class='ocr_carea' id='block_1_3' title="bbox 3682 292 3785 352">
    <p class='ocr_par' dir='ltr' id='par_1_3' title="bbox 3682 292 3785 352">
     <span class='ocr_line' id='line_1_3' title="bbox 3682 292 3785 352; baseline 0.029 -3"><span class='ocrx_word' id='word_1_7' title='bbox 3682 292 3785 352; x_wconf 73' lang='lat'><strong>192</strong></span> 
     </span>
    </p>
   </div>
   <div class='ocr_carea' id='block_1_4' title="bbox 501 417 3783 497">
    <p class='ocr_par' dir='ltr' id='par_1_4' title="bbox 501 417 3783 497">
     <span class='ocr_line' id='line_1_4' title="bbox 501 417 3783 497; baseline -0.001 -18"><span class='ocrx_word' id='word_1_8' title='bbox 501 423 562 480; x_wconf 93' lang='lat' dir='ltr'><strong>in</strong></span> <span class='ocrx_word' id='word_1_9' title='bbox 602 425 826 481; x_wconf 83' lang='lat' dir='ltr'><strong>Christo</strong></span> <span class='ocrx_word' id='word_1_10' title='bbox 853 426 995 482; x_wconf 88' lang='lat' dir='ltr'><strong>nihil</strong></span> <span class='ocrx_word' id='word_1_11' title='bbox 1022 427 1136 482; x_wconf 86' lang='lat' dir='ltr'><strong>tale</strong></span> <span class='ocrx_word' id='word_1_12' title='bbox 1164 425 1395 497; x_wconf 85' lang='lat' dir='ltr'><strong>reperit,</strong></span> <span class='ocrx_word' id='word_1_13' title='bbox 1423 428 1544 477; x_wconf 90' lang='lat' dir='ltr'><strong>tota</strong></span> <span class='ocrx_word' id='word_1_14' title='bbox 1567 420 1667 476; x_wconf 90' lang='lat' dir='ltr'><strong>illa</strong></span> <span class='ocrx_word' id='word_1_15' title='bbox 1692 422 1950 488; x_wconf 90' lang='lat' dir='ltr'><strong>tentatio,</strong></span> <span class='ocrx_word' id='word_1_16' title='bbox 1983 418 2590 483; x_wconf 69' lang='lat' dir='ltr'><strong>nonAoblectamento</strong></span> <span class='ocrx_word' id='word_1_17' title='bbox 2642 420 2928 492; x_wconf 85' lang='lat' dir='ltr'><strong>patientiae</strong></span> <span class='ocrx_word' id='word_1_18' title='bbox 2957 417 3279 474; x_wconf 88' lang='lat' dir='ltr'><strong>esuritionis</strong></span> <span class='ocrx_word' id='word_1_19' title='bbox 3321 419 3444 490; x_wconf 85' lang='lat' dir='ltr'><strong>ejus</strong></span> <span class='ocrx_word' id='word_1_20' title='bbox 3478 417 3783 487; x_wconf 87' lang='lat' dir='ltr'><strong>illuderet;</strong></span> 
     </span>
    </p>
   </div>
   <div class='ocr_carea' id='block_1_5' title="bbox 501 511 2096 581">
    <p class='ocr_par' dir='ltr' id='par_1_5' title="bbox 501 511 2096 581">
     <span class='ocr_line' id='line_1_5' title="bbox 501 511 2096 581; baseline -0.001 -15"><span class='ocrx_word' id='word_1_21' title='bbox 501 512 674 581; x_wconf 91' lang='lat' dir='ltr'><strong>intus,</strong></span> <span class='ocrx_word' id='word_1_22' title='bbox 702 515 788 570; x_wconf 88' lang='lat' dir='ltr'>uti</span> <span class='ocrx_word' id='word_1_23' title='bbox 815 516 873 571; x_wconf 92' lang='lat' dir='ltr'><strong>in</strong></span> <span class='ocrx_word' id='word_1_24' title='bbox 916 516 1076 572; x_wconf 91' lang='lat' dir='ltr'><strong>nobis</strong></span> <span class='ocrx_word' id='word_1_25' title='bbox 1120 516 1345 580; x_wconf 86' lang='lat' dir='ltr'><strong>assolet,</strong></span> <span class='ocrx_word' id='word_1_26' title='bbox 1380 513 1479 566; x_wconf 92' lang='lat' dir='ltr'><strong>sed</strong></span> <span class='ocrx_word' id='word_1_27' title='bbox 1507 516 1663 565; x_wconf 83' lang='lat' dir='ltr'><strong>extra</strong></span> <span class='ocrx_word' id='word_1_28' title='bbox 1689 511 1816 565; x_wconf 85' lang='lat' dir='ltr'><strong>fuit.</strong></span> <span class='ocrx_word' id='word_1_29' title='bbox 1847 512 2096 566; x_wconf 86' lang='lat' dir='ltr'><strong>Accessit</strong></span> 
     </span>
    </p>
   </div>
   <div class='ocr_carea' id='block_1_6' title="bbox 501 599 2089 676">
    <p class='ocr_par' dir='ltr' id='par_1_6' title="bbox 501 599 2089 676">
     <span class='ocr_line' id='line_1_6' title="bbox 501 599 2089 676; baseline -0.001 -19"><span class='ocrx_word' id='word_1_30' title='bbox 501 601 833 675; x_wconf 84' lang='lat' dir='ltr'><strong>itaque,non</strong></span> <span class='ocrx_word' id='word_1_31' title='bbox 850 605 921 660; x_wconf 89' lang='lat' dir='ltr'><strong>ad</strong></span> <span class='ocrx_word' id='word_1_32' title='bbox 934 603 1438 676; x_wconf 86' lang='lat' dir='ltr'><strong>concupiscentiam</strong></span> <span class='ocrx_word' id='word_1_33' title='bbox 1457 616 1628 671; x_wconf 90' lang='lat' dir='ltr'><strong>quam</strong></span> <span class='ocrx_word' id='word_1_34' title='bbox 1643 599 1856 654; x_wconf 89' lang='lat' dir='ltr'><strong>nullam</strong></span> <span class='ocrx_word' id='word_1_35' title='bbox 1875 599 2089 668; x_wconf 82' lang='lat' dir='ltr'><strong>habuit,</strong></span> 
     </span>
    </p>
   </div>
   <div class='ocr_carea' id='block_1_7' title="bbox 504 688 2094 761">
    <p class='ocr_par' dir='ltr' id='par_1_7' title="bbox 504 688 2094 761">
     <span class='ocr_line' id='line_1_7' title="bbox 504 688 2094 761; baseline -0.002 -16"><span class='ocrx_word' id='word_1_36' title='bbox 504 691 604 746; x_wconf 91' lang='lat' dir='ltr'><strong>sed</strong></span> <span class='ocrx_word' id='word_1_37' title='bbox 631 693 703 747; x_wconf 91' lang='lat' dir='ltr'><strong>ad</strong></span> <span class='ocrx_word' id='word_1_38' title='bbox 730 693 1114 748; x_wconf 83' lang='lat' dir='ltr'><strong>inﬁrmitatem</strong></span> <span class='ocrx_word' id='word_1_39' title='bbox 1145 692 1348 757; x_wconf 88' lang='lat' dir='ltr'><strong>carnis,</strong></span> <span class='ocrx_word' id='word_1_40' title='bbox 1382 705 1551 761; x_wconf 88' lang='lat' dir='ltr'><strong>quam</strong></span> <span class='ocrx_word' id='word_1_41' title='bbox 1579 693 1644 743; x_wconf 90' lang='lat' dir='ltr'><strong>ut</strong></span> <span class='ocrx_word' id='word_1_42' title='bbox 1685 688 1919 743; x_wconf 90' lang='lat' dir='ltr'><strong>auderet</strong></span> <span class='ocrx_word' id='word_1_43' title='bbox 1947 688 2007 743; x_wconf 89' lang='lat' dir='ltr'><strong>in</strong></span> <span class='ocrx_word' id='word_1_44' title='bbox 2034 706 2094 743; x_wconf 92' lang='lat' dir='ltr'><strong>se</strong></span> 
     </span>
    </p>
   </div>
   <div class='ocr_carea' id='block_1_8' title="bbox 506 777 2101 851">
    <p class='ocr_par' dir='ltr' id='par_1_8' title="bbox 506 777 2101 851">
     <span class='ocr_line' id='line_1_8' title="bbox 506 777 2101 851; baseline -0.002 -17"><span class='ocrx_word' id='word_1_45' title='bbox 506 781 736 851; x_wconf 88' lang='lat' dir='ltr'><strong>recepit.</strong></span> <span class='ocrx_word' id='word_1_46' title='bbox 784 782 854 835; x_wconf 87' lang='lat' dir='ltr'><strong>Et</strong></span> <span class='ocrx_word' id='word_1_47' title='bbox 888 783 1040 851; x_wconf 89' lang='lat' dir='ltr'><strong>jure,</strong></span> <span class='ocrx_word' id='word_1_48' title='bbox 1072 786 1137 835; x_wconf 93' lang='lat' dir='ltr'><strong>ut</strong></span> <span class='ocrx_word' id='word_1_49' title='bbox 1186 797 1287 851; x_wconf 88' lang='lat' dir='ltr'><strong>per</strong></span> <span class='ocrx_word' id='word_1_50' title='bbox 1341 777 1729 832; x_wconf 90' lang='lat' dir='ltr'><strong>inﬁrmitatem</strong></span> <span class='ocrx_word' id='word_1_51' title='bbox 1780 777 2101 832; x_wconf 80' lang='lat' dir='ltr'><strong>vinceretur</strong></span> 
     </span>
    </p>
   </div>
   <div class='ocr_carea' id='block_1_9' title="bbox 507 866 2100 941">
    <p class='ocr_par' dir='ltr' id='par_1_9' title="bbox 507 866 2100 941">
     <span class='ocr_line' id='line_1_9' title="bbox 507 866 2100 941; baseline -0.001 -18"><span class='ocrx_word' id='word_1_52' title='bbox 507 870 711 933; x_wconf 87' lang='lat' dir='ltr'><strong>carnis,</strong></span> <span class='ocrx_word' id='word_1_53' title='bbox 745 869 839 941; x_wconf 91' lang='lat' dir='ltr'><strong>qui</strong></span> <span class='ocrx_word' id='word_1_54' title='bbox 870 874 1075 924; x_wconf 82' lang='lat' dir='ltr'><strong>nostrae</strong></span> <span class='ocrx_word' id='word_1_55' title='bbox 1124 868 1496 924; x_wconf 87' lang='lat' dir='ltr'><strong>humanitatis</strong></span> <span class='ocrx_word' id='word_1_56' title='bbox 1543 882 1788 921; x_wconf 87' lang='lat' dir='ltr'><strong>massam</strong></span> <span class='ocrx_word' id='word_1_57' title='bbox 1824 866 2100 938; x_wconf 88' lang='lat' dir='ltr'><strong>exspolia-</strong></span> 
     </span>
    </p>
   </div>
   <div class='ocr_carea' id='block_1_10' title="bbox 504 956 1973 1027">
    <p class='ocr_par' dir='ltr' id='par_1_10' title="bbox 504 956 1973 1027">
     <span class='ocr_line' id='line_1_10' title="bbox 504 956 1973 1027; baseline -0.001 -16"><span class='ocrx_word' id='word_1_58' title='bbox 504 961 622 1012; x_wconf 85' lang='lat' dir='ltr'><strong>tam</strong></span> <span class='ocrx_word' id='word_1_59' title='bbox 651 957 876 1025; x_wconf 90' lang='lat' dir='ltr'><strong>viribus,</strong></span> <span class='ocrx_word' id='word_1_60' title='bbox 911 958 969 1012; x_wconf 90' lang='lat' dir='ltr'><strong>in</strong></span> <span class='ocrx_word' id='word_1_61' title='bbox 998 958 1387 1013; x_wconf 87' lang='lat' dir='ltr'><strong>inﬁrmitatem</strong></span> <span class='ocrx_word' id='word_1_62' title='bbox 1414 957 1612 1012; x_wconf 89' lang='lat' dir='ltr'><strong>mortis</strong></span> <span class='ocrx_word' id='word_1_63' title='bbox 1642 956 1973 1027; x_wconf 89' lang='lat' dir='ltr'><strong>projecerat.</strong></span> 
     </span>
    </p>
   </div>
   <div class='ocr_carea' id='block_1_11' title="bbox 577 1044 2100 1119">
    <p class='ocr_par' dir='ltr' id='par_1_11' title="bbox 577 1044 2100 1119">
     <span class='ocr_line' id='line_1_11' title="bbox 577 1044 2100 1119; baseline -0.001 -20"><span class='ocrx_word' id='word_1_64' title='bbox 577 1044 641 1099; x_wconf 90' lang='lat' dir='ltr'><strong>Si</strong></span> <span class='ocrx_word' id='word_1_65' title='bbox 671 1047 843 1101; x_wconf 70' lang='lat' dir='ltr'><strong>Filius</strong></span> <span class='ocrx_word' id='word_1_66' title='bbox 861 1048 962 1101; x_wconf 85' lang='lat' dir='ltr'><strong>Dei</strong></span> <span class='ocrx_word' id='word_1_67' title='bbox 988 1064 1058 1115; x_wconf 83' lang='lat' dir='ltr'><strong>es,</strong></span> <span class='ocrx_word' id='word_1_68' title='bbox 1082 1047 1282 1119; x_wconf 89' lang='lat' dir='ltr'><strong>inquit,</strong></span> <span class='ocrx_word' id='word_1_69' title='bbox 1330 1048 1419 1101; x_wconf 89' lang='lat' dir='ltr'><strong>dic</strong></span> <span class='ocrx_word' id='word_1_70' title='bbox 1465 1052 1527 1099; x_wconf 81' lang='lat' dir='ltr'><strong>ut</strong></span> <span class='ocrx_word' id='word_1_71' title='bbox 1568 1047 1775 1114; x_wconf 77' lang='lat' dir='ltr'><strong>lapides</strong></span> <span class='ocrx_word' id='word_1_72' title='bbox 1815 1048 1910 1099; x_wconf 74' lang='lat' dir='ltr'><strong>isti</strong></span> <span class='ocrx_word' id='word_1_73' title='bbox 1932 1062 2100 1113; x_wconf 74' lang='lat' dir='ltr'><strong>panes</strong></span> 
     </span>
    </p>
   </div>
   <div class='ocr_carea' id='block_1_12' title="bbox 505 1133 2101 1207">
    <p class='ocr_par' dir='ltr' id='par_1_12' title="bbox 505 1133 2101 1207">
     <span class='ocr_line' id='line_1_12' title="bbox 505 1133 2101 1207; baseline 0 -20"><span class='ocrx_word' id='word_1_74' title='bbox 505 1137 663 1203; x_wconf 76' lang='lat' dir='ltr'><strong>ﬁant.</strong></span> <span class='ocrx_word' id='word_1_75' title='bbox 724 1136 1117 1190; x_wconf 91' lang='lat' dir='ltr'><strong>Contuendum</strong></span> <span class='ocrx_word' id='word_1_76' title='bbox 1152 1136 1343 1207; x_wconf 87' lang='lat' dir='ltr'><strong>itaque</strong></span> <span class='ocrx_word' id='word_1_77' title='bbox 1373 1135 1522 1206; x_wconf 91' lang='lat' dir='ltr'><strong>quod</strong></span> <span class='ocrx_word' id='word_1_78' title='bbox 1549 1134 1778 1188; x_wconf 88' lang='lat' dir='ltr'><strong>tandem</strong></span> <span class='ocrx_word' id='word_1_79' title='bbox 1822 1133 1977 1204; x_wconf 89' lang='lat' dir='ltr'><strong>prius</strong></span> <span class='ocrx_word' id='word_1_80' title='bbox 2020 1134 2101 1188; x_wconf 90' lang='lat' dir='ltr'><strong>in-</strong></span> 
     </span>
    </p>
   </div>
   <div class='ocr_carea' id='block_1_13' title="bbox 502 1223 2100 1295">
    <p class='ocr_par' dir='ltr' id='par_1_13' title="bbox 502 1223 2100 1295">
     <span class='ocr_line' id='line_1_13' title="bbox 502 1223 2100 1295; baseline 0 -19"><span class='ocrx_word' id='word_1_81' title='bbox 502 1224 885 1294; x_wconf 89' lang='lat' dir='ltr'><strong>terrogatione</strong></span> <span class='ocrx_word' id='word_1_82' title='bbox 910 1240 1045 1281; x_wconf 87' lang='lat' dir='ltr'><strong>usus</strong></span> <span class='ocrx_word' id='word_1_83' title='bbox 1075 1226 1149 1279; x_wconf 88' lang='lat' dir='ltr'><strong>sit</strong></span> <span class='ocrx_word' id='word_1_84' title='bbox 1198 1224 1477 1289; x_wconf 91' lang='lat' dir='ltr'><strong>inimicus,</strong></span> <span class='ocrx_word' id='word_1_85' title='bbox 1509 1223 1555 1278; x_wconf 87' lang='lat' dir='ltr'><strong>si</strong></span> <span class='ocrx_word' id='word_1_86' title='bbox 1592 1223 1769 1295; x_wconf 89' lang='lat' dir='ltr'><strong>possit</strong></span> <span class='ocrx_word' id='word_1_87' title='bbox 1812 1223 2100 1293; x_wconf 85' lang='lat' dir='ltr'><strong>explorare</strong></span> 
     </span>
    </p>
   </div>
   <div class='ocr_carea' id='block_1_14' title="bbox 507 1311 2099 1384">
    <p class='ocr_par' dir='ltr' id='par_1_14' title="bbox 507 1311 2099 1384">
     <span class='ocr_line' id='line_1_14' title="bbox 507 1311 2099 1384; baseline 0 -19"><span class='ocrx_word' id='word_1_88' title='bbox 507 1312 657 1383; x_wconf 91' lang='lat' dir='ltr'><strong>quod</strong></span> <span class='ocrx_word' id='word_1_89' title='bbox 686 1312 1026 1368; x_wconf 85' lang='lat' dir='ltr'><strong>formidabat</strong></span> <span class='ocrx_word' id='word_1_90' title='bbox 1054 1313 1216 1368; x_wconf 82' lang='lat' dir='ltr'><strong>valde</strong></span> <span class='ocrx_word' id='word_1_91' title='bbox 1242 1318 1589 1384; x_wconf 84' lang='lat' dir='ltr'><strong>suspectans.</strong></span> <span class='ocrx_word' id='word_1_92' title='bbox 1626 1311 1923 1381; x_wconf 84' lang='lat' dir='ltr'><strong>Cogitabat</strong></span> <span class='ocrx_word' id='word_1_93' title='bbox 1950 1312 2099 1365; x_wconf 89' lang='lat' dir='ltr'><strong>enim</strong></span> 
     </span>
    </p>
   </div>
   <div class='ocr_carea' id='block_1_15' title="bbox 507 1400 2103 1469">
    <p class='ocr_par' dir='ltr' id='par_1_15' title="bbox 507 1400 2103 1469">
     <span class='ocr_line' id='line_1_15' title="bbox 507 1400 2103 1469; baseline -0.001 -14"><span class='ocrx_word' id='word_1_94' title='bbox 507 1416 640 1455; x_wconf 89' lang='lat' dir='ltr'><strong>eum</strong></span> <span class='ocrx_word' id='word_1_95' title='bbox 669 1417 790 1456; x_wconf 90' lang='lat' dir='ltr'><strong>esse</strong></span> <span class='ocrx_word' id='word_1_96' title='bbox 819 1403 1023 1457; x_wconf 91' lang='lat' dir='ltr'><strong>Filium</strong></span> <span class='ocrx_word' id='word_1_97' title='bbox 1056 1403 1178 1469; x_wconf 91' lang='lat' dir='ltr'><strong>Dei,</strong></span> <span class='ocrx_word' id='word_1_98' title='bbox 1210 1402 1356 1457; x_wconf 89' lang='lat' dir='ltr'><strong>sicut</strong></span> <span class='ocrx_word' id='word_1_99' title='bbox 1385 1406 1442 1455; x_wconf 91' lang='lat' dir='ltr'><strong>et</strong></span> <span class='ocrx_word' id='word_1_100' title='bbox 1470 1400 1603 1455; x_wconf 90' lang='lat' dir='ltr'><strong>alibi</strong></span> <span class='ocrx_word' id='word_1_101' title='bbox 1635 1401 1915 1455; x_wconf 84' lang='lat' dir='ltr'><strong>daemones</strong></span> <span class='ocrx_word' id='word_1_102' title='bbox 1936 1401 2103 1454; x_wconf 88' lang='lat' dir='ltr'><strong>conﬁ-</strong></span> 
     </span>
    </p>
   </div>
   <div class='ocr_carea' id='block_1_16' title="bbox 503 1490 2100 1562">
    <p class='ocr_par' dir='ltr' id='par_1_16' title="bbox 503 1490 2100 1562">
     <span class='ocr_line' id='line_1_16' title="bbox 503 1490 2100 1562; baseline -0.001 -18"><span class='ocrx_word' id='word_1_103' title='bbox 503 1494 717 1552; x_wconf 84' lang='lat' dir='ltr'><strong>tentur,</strong></span> <span class='ocrx_word' id='word_1_104' title='bbox 749 1491 898 1562; x_wconf 88' lang='lat' dir='ltr'><strong>quod</strong></span> <span class='ocrx_word' id='word_1_105' title='bbox 925 1497 1115 1546; x_wconf 90' lang='lat' dir='ltr'><strong>tamen</strong></span> <span class='ocrx_word' id='word_1_106' title='bbox 1145 1491 1303 1562; x_wconf 91' lang='lat' dir='ltr'><strong>impii</strong></span> <span class='ocrx_word' id='word_1_107' title='bbox 1330 1490 1507 1546; x_wconf 90' lang='lat' dir='ltr'><strong>Judaei</strong></span> <span class='ocrx_word' id='word_1_108' title='bbox 1538 1495 1901 1559; x_wconf 85' lang='lat' dir='ltr'><strong>negaverunt.</strong></span> <span class='ocrx_word' id='word_1_109' title='bbox 1921 1490 2100 1560; x_wconf 89' lang='lat' dir='ltr'><strong>Prop-</strong></span> 
     </span>
    </p>
   </div>
   <div class='ocr_carea' id='block_1_17' title="bbox 507 1577 2100 1650">
    <p class='ocr_par' dir='ltr' id='par_1_17' title="bbox 507 1577 2100 1650">
     <span class='ocr_line' id='line_1_17' title="bbox 507 1577 2100 1650; baseline -0.002 -17"><span class='ocrx_word' id='word_1_110' title='bbox 507 1583 666 1634; x_wconf 87' lang='lat' dir='ltr'><strong>terea</strong></span> <span class='ocrx_word' id='word_1_111' title='bbox 696 1580 853 1634; x_wconf 88' lang='lat' dir='ltr'><strong>valde</strong></span> <span class='ocrx_word' id='word_1_112' title='bbox 897 1580 1255 1634; x_wconf 89' lang='lat' dir='ltr'><strong>tremendum</strong></span> <span class='ocrx_word' id='word_1_113' title='bbox 1297 1585 1381 1634; x_wconf 88' lang='lat' dir='ltr'><strong>est</strong></span> <span class='ocrx_word' id='word_1_114' title='bbox 1411 1579 1539 1650; x_wconf 91' lang='lat' dir='ltr'><strong>quid</strong></span> <span class='ocrx_word' id='word_1_115' title='bbox 1584 1579 1652 1632; x_wconf 89' lang='lat' dir='ltr'><strong>de</strong></span> <span class='ocrx_word' id='word_1_116' title='bbox 1682 1577 1840 1631; x_wconf 88' lang='lat' dir='ltr'><strong>nobis</strong></span> <span class='ocrx_word' id='word_1_117' title='bbox 1868 1578 1967 1631; x_wconf 85' lang='lat' dir='ltr'><strong>ﬁet</strong></span> <span class='ocrx_word' id='word_1_118' title='bbox 1994 1577 2100 1630; x_wconf 89' lang='lat' dir='ltr'><strong>mi-</strong></span> 
     </span>
    </p>
   </div>
   <div class='ocr_carea' id='block_1_18' title="bbox 505 1667 2101 1740">
    <p class='ocr_par' dir='ltr' id='par_1_18' title="bbox 505 1667 2101 1740">
     <span class='ocr_line' id='line_1_18' title="bbox 505 1667 2101 1740; baseline -0.002 -17"><span class='ocrx_word' id='word_1_119' title='bbox 505 1668 666 1734; x_wconf 87' lang='lat' dir='ltr'><strong>seris,</strong></span> <span class='ocrx_word' id='word_1_120' title='bbox 700 1685 939 1740; x_wconf 89' lang='lat' dir='ltr'><strong>quorum</strong></span> <span class='ocrx_word' id='word_1_121' title='bbox 967 1669 1080 1723; x_wconf 86' lang='lat' dir='ltr'><strong>vita</strong></span> <span class='ocrx_word' id='word_1_122' title='bbox 1111 1669 1253 1723; x_wconf 88' lang='lat' dir='ltr'><strong>nihil</strong></span> <span class='ocrx_word' id='word_1_123' title='bbox 1281 1669 1434 1723; x_wconf 90' lang='lat' dir='ltr'><strong>aliud</strong></span> <span class='ocrx_word' id='word_1_124' title='bbox 1467 1684 1635 1738; x_wconf 91' lang='lat' dir='ltr'><strong>quam</strong></span> <span class='ocrx_word' id='word_1_125' title='bbox 1667 1667 1903 1720; x_wconf 84' lang='lat' dir='ltr'><strong>tentatio</strong></span> <span class='ocrx_word' id='word_1_126' title='bbox 1928 1671 2030 1732; x_wconf 91' lang='lat' dir='ltr'><strong>est,</strong></span> <span class='ocrx_word' id='word_1_127' title='bbox 2055 1667 2101 1720; x_wconf 90' lang='lat' dir='ltr'><strong>si</strong></span> 
     </span>
    </p>
   </div>
   <div class='ocr_carea' id='block_1_19' title="bbox 2178 506 3777 582">
    <p class='ocr_par' dir='ltr' id='par_1_19' title="bbox 2178 506 3777 582">
     <span class='ocr_line' id='line_1_19' title="bbox 2178 506 3777 582; baseline -0.001 -17"><span class='ocrx_word' id='word_1_128' title='bbox 2178 527 2345 582; x_wconf 90' lang='lat' dir='ltr'><strong>quem</strong></span> <span class='ocrx_word' id='word_1_129' title='bbox 2366 527 2479 565; x_wconf 90' lang='lat' dir='ltr'><strong>non</strong></span> <span class='ocrx_word' id='word_1_130' title='bbox 2502 506 2571 566; x_wconf 93' lang='lat' dir='ltr'><strong>de</strong></span> <span class='ocrx_word' id='word_1_131' title='bbox 2602 511 2794 576; x_wconf 90' lang='lat' dir='ltr'><strong>humo,</strong></span> <span class='ocrx_word' id='word_1_132' title='bbox 2820 526 2934 564; x_wconf 91' lang='lat' dir='ltr'><strong>non</strong></span> <span class='ocrx_word' id='word_1_133' title='bbox 2953 526 3019 563; x_wconf 90' lang='lat' dir='ltr'><strong>ex</strong></span> <span class='ocrx_word' id='word_1_134' title='bbox 3038 507 3226 581; x_wconf 90' lang='lat' dir='ltr'><strong>aliquo</strong></span> <span class='ocrx_word' id='word_1_135' title='bbox 3243 508 3471 563; x_wconf 90' lang='lat' dir='ltr'><strong>seminis</strong></span> <span class='ocrx_word' id='word_1_136' title='bbox 3499 509 3777 580; x_wconf 82' lang='lat' dir='ltr'><strong>germine,</strong></span> 
     </span>
    </p>
   </div>
   <div class='ocr_carea' id='block_1_20' title="bbox 2176 598 3784 671">
    <p class='ocr_par' dir='ltr' id='par_1_20' title="bbox 2176 598 3784 671">
     <span class='ocr_line' id='line_1_20' title="bbox 2176 598 3784 671; baseline -0.001 -17"><span class='ocrx_word' id='word_1_137' title='bbox 2176 615 2242 655; x_wconf 89' lang='lat' dir='ltr'><strong>ac</strong></span> <span class='ocrx_word' id='word_1_138' title='bbox 2269 601 2317 654; x_wconf 89' lang='lat' dir='ltr'><strong>si</strong></span> <span class='ocrx_word' id='word_1_139' title='bbox 2345 617 2458 655; x_wconf 90' lang='lat' dir='ltr'><strong>non</strong></span> <span class='ocrx_word' id='word_1_140' title='bbox 2485 606 2633 655; x_wconf 89' lang='lat' dir='ltr'><strong>esset</strong></span> <span class='ocrx_word' id='word_1_141' title='bbox 2661 598 2936 663; x_wconf 84' lang='lat' dir='ltr'><strong>mirabile,</strong></span> <span class='ocrx_word' id='word_1_142' title='bbox 2967 615 3094 653; x_wconf 90' lang='lat' dir='ltr'><strong>cum</strong></span> <span class='ocrx_word' id='word_1_143' title='bbox 3126 598 3376 669; x_wconf 89' lang='lat' dir='ltr'><strong>quotidie</strong></span> <span class='ocrx_word' id='word_1_144' title='bbox 3404 599 3474 653; x_wconf 92' lang='lat' dir='ltr'><strong>de</strong></span> <span class='ocrx_word' id='word_1_145' title='bbox 3501 602 3657 653; x_wconf 88' lang='lat' dir='ltr'><strong>terra</strong></span> <span class='ocrx_word' id='word_1_146' title='bbox 3685 615 3784 671; x_wconf 85' lang='lat' dir='ltr'><strong>pa-</strong></span> 
     </span>
    </p>
   </div>
   <div class='ocr_carea' id='block_1_21' title="bbox 2180 686 3789 759">
    <p class='ocr_par' dir='ltr' id='par_1_21' title="bbox 2180 686 3789 759">
     <span class='ocr_line' id='line_1_21' title="bbox 2180 686 3789 759; baseline -0.002 -16"><span class='ocrx_word' id='word_1_147' title='bbox 2180 705 2282 743; x_wconf 90' lang='lat' dir='ltr'><strong>nes</strong></span> <span class='ocrx_word' id='word_1_148' title='bbox 2308 695 2478 743; x_wconf 91' lang='lat' dir='ltr'><strong>creat.</strong></span> <span class='ocrx_word' id='word_1_149' title='bbox 2509 690 2629 743; x_wconf 91' lang='lat' dir='ltr'><strong>Imo</strong></span> <span class='ocrx_word' id='word_1_150' title='bbox 2655 705 2721 741; x_wconf 87' lang='lat' dir='ltr'><strong>ex</strong></span> <span class='ocrx_word' id='word_1_151' title='bbox 2751 686 3030 759; x_wconf 90' lang='lat' dir='ltr'><strong>lapidibus</strong></span> <span class='ocrx_word' id='word_1_152' title='bbox 3060 691 3189 758; x_wconf 87' lang='lat' dir='ltr'><strong>apte</strong></span> <span class='ocrx_word' id='word_1_153' title='bbox 3219 687 3391 757; x_wconf 84' lang='lat' dir='ltr'><strong>elegit</strong></span> <span class='ocrx_word' id='word_1_154' title='bbox 3406 703 3582 757; x_wconf 90' lang='lat' dir='ltr'><strong>panes</strong></span> <span class='ocrx_word' id='word_1_155' title='bbox 3612 704 3789 758; x_wconf 86' lang='lat' dir='ltr'><strong>expo-</strong></span> 
     </span>
    </p>
   </div>
   <div class='ocr_carea' id='block_1_22' title="bbox 2181 775 3791 849">
    <p class='ocr_par' dir='ltr' id='par_1_22' title="bbox 2181 775 3791 849">
     <span class='ocr_line' id='line_1_22' title="bbox 2181 775 3791 849; baseline -0.001 -16"><span class='ocrx_word' id='word_1_156' title='bbox 2181 795 2353 844; x_wconf 89' lang='lat' dir='ltr'><strong>scere,</strong></span> <span class='ocrx_word' id='word_1_157' title='bbox 2378 783 2442 833; x_wconf 93' lang='lat' dir='ltr'><strong>ut</strong></span> <span class='ocrx_word' id='word_1_158' title='bbox 2470 794 2637 849; x_wconf 91' lang='lat' dir='ltr'><strong>quam</strong></span> <span class='ocrx_word' id='word_1_159' title='bbox 2654 777 2827 831; x_wconf 87' lang='lat' dir='ltr'><strong>durus</strong></span> <span class='ocrx_word' id='word_1_160' title='bbox 2858 776 2933 831; x_wconf 90' lang='lat' dir='ltr'><strong>sit</strong></span> <span class='ocrx_word' id='word_1_161' title='bbox 2952 775 3049 847; x_wconf 90' lang='lat' dir='ltr'><strong>qui</strong></span> <span class='ocrx_word' id='word_1_162' title='bbox 3070 776 3446 846; x_wconf 86' lang='lat' dir='ltr'><strong>loquitur,tali</strong></span> <span class='ocrx_word' id='word_1_163' title='bbox 3464 777 3791 846; x_wconf 82' lang='lat' dir='ltr'><strong>signaretur</strong></span> 
     </span>
    </p>
   </div>
   <div class='ocr_carea' id='block_1_23' title="bbox 2183 864 3787 939">
    <p class='ocr_par' dir='ltr' id='par_1_23' title="bbox 2183 864 3787 939">
     <span class='ocr_line' id='line_1_23' title="bbox 2183 864 3787 939; baseline -0.002 -17"><span class='ocrx_word' id='word_1_164' title='bbox 2183 868 2456 939; x_wconf 85' lang='lat' dir='ltr'><strong>exemplo.</strong></span> <span class='ocrx_word' id='word_1_165' title='bbox 2477 867 2706 931; x_wconf 84' lang='lat' dir='ltr'><strong>Verum,</strong></span> <span class='ocrx_word' id='word_1_166' title='bbox 2726 865 2858 936; x_wconf 84' lang='lat' dir='ltr'><strong>quia</strong></span> <span class='ocrx_word' id='word_1_167' title='bbox 2887 864 3082 919; x_wconf 93' lang='lat' dir='ltr'><strong>durius</strong></span> <span class='ocrx_word' id='word_1_168' title='bbox 3112 870 3200 919; x_wconf 91' lang='lat' dir='ltr'><strong>est</strong></span> <span class='ocrx_word' id='word_1_169' title='bbox 3226 879 3357 919; x_wconf 86' lang='lat' dir='ltr'><strong>eum</strong></span> <span class='ocrx_word' id='word_1_170' title='bbox 3372 865 3700 920; x_wconf 89' lang='lat' dir='ltr'><strong>mollescere</strong></span> <span class='ocrx_word' id='word_1_171' title='bbox 3710 865 3787 919; x_wconf 89' lang='lat' dir='ltr'><strong>ad</strong></span> 
     </span>
    </p>
   </div>
   <div class='ocr_carea' id='block_1_24' title="bbox 2183 953 3790 1027">
    <p class='ocr_par' dir='ltr' id='par_1_24' title="bbox 2183 953 3790 1027">
     <span class='ocr_line' id='line_1_24' title="bbox 2183 953 3790 1027; baseline -0.001 -17"><span class='ocrx_word' id='word_1_172' title='bbox 2183 957 2472 1027; x_wconf 89' lang='lat' dir='ltr'><strong>pietatem,</strong></span> <span class='ocrx_word' id='word_1_173' title='bbox 2496 972 2663 1027; x_wconf 88' lang='lat' dir='ltr'><strong>quam</strong></span> <span class='ocrx_word' id='word_1_174' title='bbox 2686 954 2899 1025; x_wconf 87' lang='lat' dir='ltr'><strong>lapides</strong></span> <span class='ocrx_word' id='word_1_175' title='bbox 2912 953 2957 1007; x_wconf 89' lang='lat' dir='ltr'><strong>si</strong></span> <span class='ocrx_word' id='word_1_176' title='bbox 2972 953 3480 1025; x_wconf 84' lang='lat' dir='ltr'><strong>juberentur,quod</strong></span> <span class='ocrx_word' id='word_1_177' title='bbox 3504 954 3644 1008; x_wconf 87' lang='lat' dir='ltr'><strong>satis</strong></span> <span class='ocrx_word' id='word_1_178' title='bbox 3659 971 3790 1025; x_wconf 89' lang='lat' dir='ltr'><strong>pos-</strong></span> 
     </span>
    </p>
   </div>
   <div class='ocr_carea' id='block_1_25' title="bbox 2181 1041 3789 1114">
    <p class='ocr_par' dir='ltr' id='par_1_25' title="bbox 2181 1041 3789 1114">
     <span class='ocr_line' id='line_1_25' title="bbox 2181 1041 3789 1114; baseline -0.002 -15"><span class='ocrx_word' id='word_1_179' title='bbox 2181 1044 2343 1099; x_wconf 89' lang='lat' dir='ltr'><strong>sibile</strong></span> <span class='ocrx_word' id='word_1_180' title='bbox 2372 1050 2513 1106; x_wconf 81' lang='lat' dir='ltr'><strong>erat.</strong></span> <span class='ocrx_word' id='word_1_181' title='bbox 2533 1044 2589 1097; x_wconf 91' lang='lat' dir='ltr'><strong>in</strong></span> <span class='ocrx_word' id='word_1_182' title='bbox 2606 1060 2790 1113; x_wconf 90' lang='lat' dir='ltr'><strong>.panes</strong></span> <span class='ocrx_word' id='word_1_183' title='bbox 2820 1043 3070 1097; x_wconf 88' lang='lat' dir='ltr'><strong>converti</strong></span> <span class='ocrx_word' id='word_1_184' title='bbox 3096 1061 3107 1096; x_wconf 88' lang='lat'><strong>:</strong></span> <span class='ocrx_word' id='word_1_185' title='bbox 3142 1042 3239 1097; x_wconf 86' lang='lat' dir='ltr'><strong>sed</strong></span> <span class='ocrx_word' id='word_1_186' title='bbox 3270 1059 3370 1114; x_wconf 87' lang='lat' dir='ltr'><strong>pro</strong></span> <span class='ocrx_word' id='word_1_187' title='bbox 3399 1041 3605 1096; x_wconf 91' lang='lat' dir='ltr'><strong>diaboli</strong></span> <span class='ocrx_word' id='word_1_188' title='bbox 3636 1042 3789 1097; x_wconf 90' lang='lat' dir='ltr'><strong>arbi-</strong></span> 
     </span>
    </p>
   </div>
   <div class='ocr_carea' id='block_1_26' title="bbox 2179 1130 3787 1203">
    <p class='ocr_par' dir='ltr' id='par_1_26' title="bbox 2179 1130 3787 1203">
     <span class='ocr_line' id='line_1_26' title="bbox 2179 1130 3787 1203; baseline -0.001 -15"><span class='ocrx_word' id='word_1_189' title='bbox 2179 1134 2291 1188; x_wconf 87' lang='lat' dir='ltr'><strong>trio</strong></span> <span class='ocrx_word' id='word_1_190' title='bbox 2322 1135 2482 1189; x_wconf 90' lang='lat' dir='ltr'><strong>docet</strong></span> <span class='ocrx_word' id='word_1_191' title='bbox 2509 1131 2654 1188; x_wconf 87' lang='lat' dir='ltr'><strong>nihil</strong></span> <span class='ocrx_word' id='word_1_192' title='bbox 2677 1131 3014 1186; x_wconf 89' lang='lat' dir='ltr'><strong>faciendum.</strong></span> <span class='ocrx_word' id='word_1_193' title='bbox 3036 1133 3179 1186; x_wconf 88' lang='lat' dir='ltr'><strong>Nam</strong></span> <span class='ocrx_word' id='word_1_194' title='bbox 3194 1130 3346 1185; x_wconf 89' lang='lat' dir='ltr'><strong>aliud</strong></span> <span class='ocrx_word' id='word_1_195' title='bbox 3374 1132 3577 1185; x_wconf 85' lang='lat' dir='ltr'><strong>horum</strong></span> <span class='ocrx_word' id='word_1_196' title='bbox 3598 1133 3787 1203; x_wconf 85' lang='lat' dir='ltr'><strong>explo-</strong></span> 
     </span>
    </p>
   </div>
   <div class='ocr_carea' id='block_1_27' title="bbox 2181 1220 3788 1287">
    <p class='ocr_par' dir='ltr' id='par_1_27' title="bbox 2181 1220 3788 1287">
     <span class='ocr_line' id='line_1_27' title="bbox 2181 1220 3788 1287; baseline -0.001 -9"><span class='ocrx_word' id='word_1_197' title='bbox 2181 1223 2360 1279; x_wconf 89' lang='lat' dir='ltr'><strong>rantis</strong></span> <span class='ocrx_word' id='word_1_198' title='bbox 2388 1223 2510 1286; x_wconf 84' lang='lat' dir='ltr'><strong>fuit,</strong></span> <span class='ocrx_word' id='word_1_199' title='bbox 2530 1223 2680 1277; x_wconf 91' lang='lat' dir='ltr'><strong>aliud</strong></span> <span class='ocrx_word' id='word_1_200' title='bbox 2711 1221 3001 1287; x_wconf 88' lang='lat' dir='ltr'><strong>tentantis,</strong></span> <span class='ocrx_word' id='word_1_201' title='bbox 3021 1220 3154 1273; x_wconf 89' lang='lat' dir='ltr'><strong>dum</strong></span> <span class='ocrx_word' id='word_1_202' title='bbox 3180 1221 3360 1276; x_wconf 91' lang='lat' dir='ltr'><strong>Deum</strong></span> <span class='ocrx_word' id='word_1_203' title='bbox 3389 1236 3534 1275; x_wconf 88' lang='lat' dir='ltr'><strong>caeca</strong></span> <span class='ocrx_word' id='word_1_204' title='bbox 3562 1221 3788 1277; x_wconf 87' lang='lat' dir='ltr'><strong>confes-</strong></span> 
     </span>
    </p>
   </div>
   <div class='ocr_carea' id='block_1_28' title="bbox 2182 1310 3782 1383">
    <p class='ocr_par' dir='ltr' id='par_1_28' title="bbox 2182 1310 3782 1383">
     <span class='ocr_line' id='line_1_28' title="bbox 2182 1310 3782 1383; baseline -0.002 -16"><span class='ocrx_word' id='word_1_205' title='bbox 2182 1314 2338 1367; x_wconf 90' lang='lat' dir='ltr'><strong>sione</strong></span> <span class='ocrx_word' id='word_1_206' title='bbox 2397 1313 2647 1383; x_wconf 89' lang='lat' dir='ltr'><strong>proﬁteri</strong></span> <span class='ocrx_word' id='word_1_207' title='bbox 2678 1311 2917 1374; x_wconf 90' lang='lat' dir='ltr'><strong>videtur,</strong></span> <span class='ocrx_word' id='word_1_208' title='bbox 2950 1316 3007 1364; x_wconf 90' lang='lat' dir='ltr'><strong>et</strong></span> <span class='ocrx_word' id='word_1_209' title='bbox 3026 1310 3238 1364; x_wconf 88' lang='lat' dir='ltr'><strong>homini</strong></span> <span class='ocrx_word' id='word_1_210' title='bbox 3257 1314 3492 1365; x_wconf 89' lang='lat' dir='ltr'><strong>conatur</strong></span> <span class='ocrx_word' id='word_1_211' title='bbox 3519 1311 3782 1367; x_wconf 88' lang='lat' dir='ltr'><strong>illudere.</strong></span> 
     </span>
    </p>
   </div>
   <div class='ocr_carea' id='block_1_29' title="bbox 2184 1399 3790 1471">
    <p class='ocr_par' dir='ltr' id='par_1_29' title="bbox 2184 1399 3790 1471">
     <span class='ocr_line' id='line_1_29' title="bbox 2184 1399 3790 1471; baseline -0.001 -16"><span class='ocrx_word' id='word_1_212' title='bbox 2184 1403 2277 1457; x_wconf 89' lang='lat' dir='ltr'><strong>Sic</strong></span> <span class='ocrx_word' id='word_1_213' title='bbox 2306 1401 2455 1455; x_wconf 88' lang='lat' dir='ltr'><strong>enim</strong></span> <span class='ocrx_word' id='word_1_214' title='bbox 2488 1405 2669 1455; x_wconf 90' lang='lat' dir='ltr'><strong>tentat</strong></span> <span class='ocrx_word' id='word_1_215' title='bbox 2696 1406 2760 1454; x_wconf 93' lang='lat' dir='ltr'><strong>ut</strong></span> <span class='ocrx_word' id='word_1_216' title='bbox 2787 1400 3039 1471; x_wconf 85' lang='lat' dir='ltr'><strong>exploret</strong></span> <span class='ocrx_word' id='word_1_217' title='bbox 3065 1399 3217 1469; x_wconf 91' lang='lat' dir='ltr'><strong>quod</strong></span> <span class='ocrx_word' id='word_1_218' title='bbox 3248 1404 3491 1466; x_wconf 90' lang='lat' dir='ltr'><strong>veretur,</strong></span> <span class='ocrx_word' id='word_1_219' title='bbox 3514 1405 3572 1454; x_wconf 93' lang='lat' dir='ltr'><strong>et</strong></span> <span class='ocrx_word' id='word_1_220' title='bbox 3600 1401 3680 1455; x_wconf 90' lang='lat' dir='ltr'><strong>sic</strong></span> <span class='ocrx_word' id='word_1_221' title='bbox 3695 1417 3790 1454; x_wconf 87' lang='lat' dir='ltr'><strong>ex-</strong></span> 
     </span>
    </p>
   </div>
   <div class='ocr_carea' id='block_1_30' title="bbox 2183 1488 3785 1563">
    <p class='ocr_par' dir='ltr' id='par_1_30' title="bbox 2183 1488 3785 1563">
     <span class='ocr_line' id='line_1_30' title="bbox 2183 1488 3785 1563; baseline -0.001 -19"><span class='ocrx_word' id='word_1_222' title='bbox 2183 1492 2368 1563; x_wconf 84' lang='lat' dir='ltr'><strong>plorat</strong></span> <span class='ocrx_word' id='word_1_223' title='bbox 2396 1494 2459 1543; x_wconf 91' lang='lat' dir='ltr'><strong>ut</strong></span> <span class='ocrx_word' id='word_1_224' title='bbox 2479 1489 2749 1543; x_wconf 88' lang='lat' dir='ltr'><strong>tentando</strong></span> <span class='ocrx_word' id='word_1_225' title='bbox 2771 1488 3028 1559; x_wconf 85' lang='lat' dir='ltr'><strong>decipiat,</strong></span> <span class='ocrx_word' id='word_1_226' title='bbox 3043 1493 3099 1542; x_wconf 93' lang='lat' dir='ltr'><strong>et</strong></span> <span class='ocrx_word' id='word_1_227' title='bbox 3118 1488 3340 1559; x_wconf 87' lang='lat' dir='ltr'><strong>expleat</strong></span> <span class='ocrx_word' id='word_1_228' title='bbox 3363 1488 3511 1559; x_wconf 91' lang='lat' dir='ltr'><strong>quod</strong></span> <span class='ocrx_word' id='word_1_229' title='bbox 3527 1489 3785 1543; x_wconf 88' lang='lat' dir='ltr'><strong>molitur.</strong></span> 
     </span>
    </p>
   </div>
   <div class='ocr_carea' id='block_1_31' title="bbox 2182 1576 3789 1647">
    <p class='ocr_par' dir='ltr' id='par_1_31' title="bbox 2182 1576 3789 1647">
     <span class='ocr_line' id='line_1_31' title="bbox 2182 1576 3789 1647; baseline 0 -15"><span class='ocrx_word' id='word_1_230' title='bbox 2182 1581 2259 1633; x_wconf 84' lang='lat' dir='ltr'><strong>At</strong></span> <span class='ocrx_word' id='word_1_231' title='bbox 2285 1584 2479 1632; x_wconf 89' lang='lat' dir='ltr'><strong>contra</strong></span> <span class='ocrx_word' id='word_1_232' title='bbox 2508 1577 2781 1632; x_wconf 88' lang='lat' dir='ltr'><strong>Dominus</strong></span> <span class='ocrx_word' id='word_1_233' title='bbox 2801 1577 2880 1631; x_wconf 90' lang='lat' dir='ltr'><strong>sic</strong></span> <span class='ocrx_word' id='word_1_234' title='bbox 2908 1593 3037 1630; x_wconf 90' lang='lat' dir='ltr'><strong>eum</strong></span> <span class='ocrx_word' id='word_1_235' title='bbox 3067 1576 3213 1630; x_wconf 83' lang='lat' dir='ltr'><strong>fallit</strong></span> <span class='ocrx_word' id='word_1_236' title='bbox 3237 1581 3304 1631; x_wconf 94' lang='lat' dir='ltr'><strong>ut</strong></span> <span class='ocrx_word' id='word_1_237' title='bbox 3332 1576 3661 1647; x_wconf 88' lang='lat' dir='ltr'><strong>ambiguum</strong></span> <span class='ocrx_word' id='word_1_238' title='bbox 3675 1577 3789 1632; x_wconf 90' lang='lat' dir='ltr'><strong>vic-</strong></span> 
     </span>
    </p>
   </div>
   <div class='ocr_carea' id='block_1_32' title="bbox 2183 1665 3788 1738">
    <p class='ocr_par' dir='ltr' id='par_1_32' title="bbox 2183 1665 3788 1738">
     <span class='ocr_line' id='line_1_32' title="bbox 2183 1665 3788 1738; baseline 0 -16"><span class='ocrx_word' id='word_1_239' title='bbox 2183 1674 2273 1722; x_wconf 90' lang='lat' dir='ltr'><strong>tor</strong></span> <span class='ocrx_word' id='word_1_240' title='bbox 2299 1667 2600 1738; x_wconf 87' lang='lat' dir='ltr'><strong>relinquat,</strong></span> <span class='ocrx_word' id='word_1_241' title='bbox 2633 1666 2823 1737; x_wconf 90' lang='lat' dir='ltr'><strong>sicque</strong></span> <span class='ocrx_word' id='word_1_242' title='bbox 2852 1666 3025 1720; x_wconf 90' lang='lat' dir='ltr'><strong>vincit</strong></span> <span class='ocrx_word' id='word_1_243' title='bbox 3068 1671 3135 1720; x_wconf 90' lang='lat' dir='ltr'><strong>ut</strong></span> <span class='ocrx_word' id='word_1_244' title='bbox 3160 1665 3342 1721; x_wconf 89' lang='lat' dir='ltr'><strong>adhuc</strong></span> <span class='ocrx_word' id='word_1_245' title='bbox 3389 1668 3512 1737; x_wconf 92' lang='lat' dir='ltr'><strong>ejus</strong></span> <span class='ocrx_word' id='word_1_246' title='bbox 3554 1666 3788 1723; x_wconf 84' lang='lat' dir='ltr'><strong>fraudes</strong></span> 
     </span>
    </p>
   </div>
   <div class='ocr_carea' id='block_1_33' title="bbox 507 1747 2633 1829">
    <p class='ocr_par' dir='ltr' id='par_1_33' title="bbox 507 1747 2633 1829">
     <span class='ocr_line' id='line_1_33' title="bbox 507 1747 2633 1829; baseline -0.001 -18"><span class='ocrx_word' id='word_1_247' title='bbox 507 1757 579 1811; x_wconf 88' lang='lat' dir='ltr'><strong>ab</strong></span> <span class='ocrx_word' id='word_1_248' title='bbox 596 1773 662 1812; x_wconf 89' lang='lat' dir='ltr'><strong>eo</strong></span> <span class='ocrx_word' id='word_1_249' title='bbox 690 1774 805 1811; x_wconf 90' lang='lat' dir='ltr'><strong>non</strong></span> <span class='ocrx_word' id='word_1_250' title='bbox 824 1774 883 1811; x_wconf 91' lang='lat' dir='ltr'><strong>se</strong></span> <span class='ocrx_word' id='word_1_251' title='bbox 897 1758 1367 1829; x_wconf 89' lang='lat' dir='ltr'><strong>continuit,quem</strong></span> <span class='ocrx_word' id='word_1_252' title='bbox 1386 1758 1581 1827; x_wconf 88' lang='lat' dir='ltr'><strong>utique</strong></span> <span class='ocrx_word' id='word_1_253' title='bbox 1604 1755 1704 1810; x_wconf 92' lang='lat' dir='ltr'><strong>Dei</strong></span> <span class='ocrx_word' id='word_1_254' title='bbox 1724 1755 1926 1810; x_wconf 86' lang='lat' dir='ltr'><strong>Filium</strong></span> <span class='ocrx_word' id='word_1_255' title='bbox 1948 1772 2098 1809; x_wconf 91' lang='lat' dir='ltr'><strong>vere-</strong></span> <span class='ocrx_word' id='word_1_256' title='bbox 2120 1763 2167 1823; x_wconf 81' lang='grc' dir='ltr'><strong>Β</strong></span> <span class='ocrx_word' id='word_1_257' title='bbox 2184 1762 2435 1811; x_wconf 88' lang='lat' dir='ltr'><strong>tentatus</strong></span> <span class='ocrx_word' id='word_1_258' title='bbox 2460 1747 2633 1810; x_wconf 83' lang='lat' dir='ltr'><strong>iallat.</strong></span> 
     </span>
    </p>
   </div>
   <div class='ocr_carea' id='block_1_34' title="bbox 507 1844 2104 1917">
    <p class='ocr_par' dir='ltr' id='par_1_34' title="bbox 507 1844 2104 1917">
     <span class='ocr_line' id='line_1_34' title="bbox 507 1844 2104 1917; baseline -0.001 -18"><span class='ocrx_word' id='word_1_259' title='bbox 507 1844 691 1900; x_wconf 87' lang='lat' dir='ltr'><strong>batur.</strong></span> <span class='ocrx_word' id='word_1_260' title='bbox 723 1846 848 1900; x_wconf 90' lang='lat' dir='ltr'><strong>Non</strong></span> <span class='ocrx_word' id='word_1_261' title='bbox 878 1846 1053 1916; x_wconf 85' lang='lat' dir='ltr'><strong>igitur</strong></span> <span class='ocrx_word' id='word_1_262' title='bbox 1103 1846 1245 1901; x_wconf 90' lang='lat' dir='ltr'><strong>scire</strong></span> <span class='ocrx_word' id='word_1_263' title='bbox 1282 1850 1520 1917; x_wconf 88' lang='lat' dir='ltr'><strong>poterat,</strong></span> <span class='ocrx_word' id='word_1_264' title='bbox 1560 1845 1707 1916; x_wconf 90' lang='lat' dir='ltr'><strong>quod</strong></span> <span class='ocrx_word' id='word_1_265' title='bbox 1758 1845 1939 1914; x_wconf 86' lang='lat' dir='ltr'><strong>magis</strong></span> <span class='ocrx_word' id='word_1_266' title='bbox 1982 1860 2104 1899; x_wconf 91' lang='lat' dir='ltr'><strong>esu-</strong></span> 
     </span>
    </p>
   </div>
   <div class='ocr_carea' id='block_1_35' title="bbox 508 1934 2103 2007">
    <p class='ocr_par' dir='ltr' id='par_1_35' title="bbox 508 1934 2103 2007">
     <span class='ocr_line' id='line_1_35' title="bbox 508 1934 2103 2007; baseline -0.001 -18"><span class='ocrx_word' id='word_1_267' title='bbox 508 1934 693 1989; x_wconf 90' lang='lat' dir='ltr'><strong>riebat</strong></span> <span class='ocrx_word' id='word_1_268' title='bbox 711 1935 968 1990; x_wconf 90' lang='lat' dir='ltr'><strong>Christus</strong></span> <span class='ocrx_word' id='word_1_269' title='bbox 987 1936 1049 1990; x_wconf 88' lang='lat' dir='ltr'><strong>in</strong></span> <span class='ocrx_word' id='word_1_270' title='bbox 1066 1938 1248 2007; x_wconf 86' lang='lat' dir='ltr'><strong>ﬁgura</strong></span> <span class='ocrx_word' id='word_1_271' title='bbox 1267 1936 1442 1990; x_wconf 85' lang='lat' dir='ltr'><strong>totius</strong></span> <span class='ocrx_word' id='word_1_272' title='bbox 1469 1934 1595 1989; x_wconf 66' lang='lat' dir='ltr'><strong>vita:</strong></span> <span class='ocrx_word' id='word_1_273' title='bbox 1620 1935 1857 1989; x_wconf 89' lang='lat' dir='ltr'><strong>salutem</strong></span> <span class='ocrx_word' id='word_1_274' title='bbox 1881 1934 2103 1988; x_wconf 88' lang='lat' dir='ltr'><strong>anima-</strong></span> 
     </span>
    </p>
   </div>
   <div class='ocr_carea' id='block_1_36' title="bbox 504 2024 2100 2097">
    <p class='ocr_par' dir='ltr' id='par_1_36' title="bbox 504 2024 2100 2097">
     <span class='ocr_line' id='line_1_36' title="bbox 504 2024 2100 2097; baseline -0.001 -20"><span class='ocrx_word' id='word_1_275' title='bbox 504 2040 657 2092; x_wconf 89' lang='lat' dir='ltr'><strong>rum,</strong></span> <span class='ocrx_word' id='word_1_276' title='bbox 686 2029 917 2096; x_wconf 89' lang='lat' dir='ltr'><strong>propter</strong></span> <span class='ocrx_word' id='word_1_277' title='bbox 943 2042 1083 2097; x_wconf 90' lang='lat' dir='ltr'><strong>quas</strong></span> <span class='ocrx_word' id='word_1_278' title='bbox 1100 2030 1283 2080; x_wconf 92' lang='lat' dir='ltr'><strong>totum</strong></span> <span class='ocrx_word' id='word_1_279' title='bbox 1314 2024 1535 2095; x_wconf 87' lang='lat' dir='ltr'><strong>agebat,</strong></span> <span class='ocrx_word' id='word_1_280' title='bbox 1569 2041 1736 2095; x_wconf 89' lang='lat' dir='ltr'><strong>quam</strong></span> <span class='ocrx_word' id='word_1_281' title='bbox 1766 2040 1956 2077; x_wconf 86' lang='lat' dir='ltr'><strong>rerum</strong></span> <span class='ocrx_word' id='word_1_282' title='bbox 1985 2040 2100 2076; x_wconf 90' lang='lat' dir='ltr'><strong>car-</strong></span> 
     </span>
    </p>
   </div>
   <div class='ocr_carea' id='block_1_37' title="bbox 504 2113 2100 2183">
    <p class='ocr_par' dir='ltr' id='par_1_37' title="bbox 504 2113 2100 2183">
     <span class='ocr_line' id='line_1_37' title="bbox 504 2113 2100 2183; baseline -0.001 -16"><span class='ocrx_word' id='word_1_283' title='bbox 504 2113 719 2167; x_wconf 84' lang='lat' dir='ltr'><strong>nalium</strong></span> <span class='ocrx_word' id='word_1_284' title='bbox 750 2130 923 2168; x_wconf 85' lang='lat' dir='ltr'><strong>escas.</strong></span> <span class='ocrx_word' id='word_1_285' title='bbox 949 2114 1057 2169; x_wconf 90' lang='lat' dir='ltr'><strong>Sed</strong></span> <span class='ocrx_word' id='word_1_286' title='bbox 1078 2120 1271 2169; x_wconf 90' lang='lat' dir='ltr'><strong>tamen</strong></span> <span class='ocrx_word' id='word_1_287' title='bbox 1292 2114 1478 2169; x_wconf 90' lang='lat' dir='ltr'><strong>omnia</strong></span> <span class='ocrx_word' id='word_1_288' title='bbox 1498 2113 1578 2166; x_wconf 91' lang='lat' dir='ltr'><strong>sic</strong></span> <span class='ocrx_word' id='word_1_289' title='bbox 1597 2117 1896 2183; x_wconf 88' lang='lat' dir='ltr'><strong>temperat,</strong></span> <span class='ocrx_word' id='word_1_290' title='bbox 1925 2117 2007 2177; x_wconf 88' lang='lat' dir='ltr'><strong>ut,</strong></span> <span class='ocrx_word' id='word_1_291' title='bbox 2036 2128 2100 2166; x_wconf 92' lang='lat' dir='ltr'><strong>eo</strong></span> 
     </span>
    </p>
   </div>
   <div class='ocr_carea' id='block_1_38' title="bbox 506 2199 2101 2273">
    <p class='ocr_par' dir='ltr' id='par_1_38' title="bbox 506 2199 2101 2273">
     <span class='ocr_line' id='line_1_38' title="bbox 506 2199 2101 2273; baseline -0.001 -18"><span class='ocrx_word' id='word_1_292' title='bbox 506 2201 702 2256; x_wconf 89' lang='lat' dir='ltr'><strong>ordine</strong></span> <span class='ocrx_word' id='word_1_293' title='bbox 722 2218 831 2273; x_wconf 90' lang='lat' dir='ltr'><strong>quo</strong></span> <span class='ocrx_word' id='word_1_294' title='bbox 852 2202 1097 2273; x_wconf 86' lang='lat' dir='ltr'><strong>primum</strong></span> <span class='ocrx_word' id='word_1_295' title='bbox 1127 2203 1411 2272; x_wconf 89' lang='lat' dir='ltr'><strong>dejecerat</strong></span> <span class='ocrx_word' id='word_1_296' title='bbox 1428 2199 1707 2262; x_wconf 81' lang='lat' dir='ltr'><strong>Adam,ab</strong></span> <span class='ocrx_word' id='word_1_297' title='bbox 1724 2218 1789 2255; x_wconf 92' lang='lat' dir='ltr'><strong>eo</strong></span> <span class='ocrx_word' id='word_1_298' title='bbox 1810 2200 1866 2254; x_wconf 91' lang='lat' dir='ltr'><strong>in</strong></span> <span class='ocrx_word' id='word_1_299' title='bbox 1890 2200 2101 2271; x_wconf 87' lang='lat' dir='ltr'><strong>Spiritu</strong></span> 
     </span>
    </p>
   </div>
   <div class='ocr_carea' id='block_1_39' title="bbox 504 2288 2101 2361">
    <p class='ocr_par' dir='ltr' id='par_1_39' title="bbox 504 2288 2101 2361">
     <span class='ocr_line' id='line_1_39' title="bbox 504 2288 2101 2361; baseline 0 -17"><span class='ocrx_word' id='word_1_300' title='bbox 504 2306 607 2361; x_wconf 89' lang='lat' dir='ltr'><strong>per</strong></span> <span class='ocrx_word' id='word_1_301' title='bbox 632 2306 860 2345; x_wconf 90' lang='lat' dir='ltr'><strong>carnem</strong></span> <span class='ocrx_word' id='word_1_302' title='bbox 893 2308 923 2345; x_wconf 92' lang='lat' dir='ltr'><strong>e</strong></span> <span class='ocrx_word' id='word_1_303' title='bbox 961 2291 1242 2346; x_wconf 89' lang='lat' dir='ltr'><strong>contrario</strong></span> <span class='ocrx_word' id='word_1_304' title='bbox 1273 2291 1606 2345; x_wconf 83' lang='lat' dir='ltr'><strong>vinceretur.</strong></span> <span class='ocrx_word' id='word_1_305' title='bbox 1641 2291 1689 2343; x_wconf 84' lang='lat' dir='ltr'><strong>A</strong></span> <span class='ocrx_word' id='word_1_306' title='bbox 1721 2290 1869 2359; x_wconf 79' lang='lat' dir='ltr'><strong>gula</strong></span> <span class='ocrx_word' id='word_1_307' title='bbox 1896 2288 2101 2360; x_wconf 89' lang='lat' dir='ltr'><strong>quippe</strong></span> 
     </span>
    </p>
   </div>
   <div class='ocr_carea' id='block_1_40' title="bbox 504 2377 2105 2451">
    <p class='ocr_par' dir='ltr' id='par_1_40' title="bbox 504 2377 2105 2451">
     <span class='ocr_line' id='line_1_40' title="bbox 504 2377 2105 2451; baseline -0.002 -17"><span class='ocrx_word' id='word_1_308' title='bbox 504 2378 689 2450; x_wconf 82' lang='lat' dir='ltr'><strong>coepit,</strong></span> <span class='ocrx_word' id='word_1_309' title='bbox 718 2395 820 2450; x_wconf 90' lang='lat' dir='ltr'><strong>per</strong></span> <span class='ocrx_word' id='word_1_310' title='bbox 848 2395 1016 2451; x_wconf 90' lang='lat' dir='ltr'><strong>quam</strong></span> <span class='ocrx_word' id='word_1_311' title='bbox 1046 2379 1205 2451; x_wconf 91' lang='lat' dir='ltr'><strong>prius</strong></span> <span class='ocrx_word' id='word_1_312' title='bbox 1223 2379 1391 2433; x_wconf 87' lang='lat' dir='ltr'><strong>homo</strong></span> <span class='ocrx_word' id='word_1_313' title='bbox 1412 2395 1471 2432; x_wconf 90' lang='lat' dir='ltr'><strong>se</strong></span> <span class='ocrx_word' id='word_1_314' title='bbox 1500 2384 1557 2432; x_wconf 94' lang='lat' dir='ltr'><strong>et</strong></span> <span class='ocrx_word' id='word_1_315' title='bbox 1584 2394 1778 2432; x_wconf 91' lang='lat' dir='ltr'><strong>omnes</strong></span> <span class='ocrx_word' id='word_1_316' title='bbox 1802 2377 2105 2448; x_wconf 87' lang='lat' dir='ltr'><strong>prostravit</strong></span> 
     </span>
    </p>
   </div>
   <div class='ocr_carea' id='block_1_41' title="bbox 507 2466 2102 2540">
    <p class='ocr_par' dir='ltr' id='par_1_41' title="bbox 507 2466 2102 2540">
     <span class='ocr_line' id='line_1_41' title="bbox 507 2466 2102 2540; baseline 0 -19"><span class='ocrx_word' id='word_1_317' title='bbox 507 2466 568 2521; x_wconf 90' lang='lat' dir='ltr'><strong>in</strong></span> <span class='ocrx_word' id='word_1_318' title='bbox 596 2472 833 2523; x_wconf 88' lang='lat' dir='ltr'><strong>mortem</strong></span> <span class='ocrx_word' id='word_1_319' title='bbox 859 2487 873 2534; x_wconf 88' lang='lat'><strong>;</strong></span> <span class='ocrx_word' id='word_1_320' title='bbox 897 2485 998 2540; x_wconf 91' lang='lat' dir='ltr'><strong>per</strong></span> <span class='ocrx_word' id='word_1_321' title='bbox 1022 2484 1191 2539; x_wconf 92' lang='lat' dir='ltr'><strong>quam</strong></span> <span class='ocrx_word' id='word_1_322' title='bbox 1223 2468 1370 2522; x_wconf 87' lang='lat' dir='ltr'><strong>Esau</strong></span> <span class='ocrx_word' id='word_1_323' title='bbox 1399 2466 1774 2539; x_wconf 85' lang='lat' dir='ltr'><strong>primogenita</strong></span> <span class='ocrx_word' id='word_1_324' title='bbox 1794 2466 2102 2521; x_wconf 82' lang='lat' dir='ltr'><strong>nativitatis</strong></span> 
     </span>
    </p>
   </div>
   <div class='ocr_carea' id='block_1_42' title="bbox 506 2555 2103 2628">
    <p class='ocr_par' dir='ltr' id='par_1_42' title="bbox 506 2555 2103 2628">
     <span class='ocr_line' id='line_1_42' title="bbox 506 2555 2103 2628; baseline -0.001 -17"><span class='ocrx_word' id='word_1_325' title='bbox 506 2573 621 2612; x_wconf 83' lang='lat' dir='ltr'><strong>suae</strong></span> <span class='ocrx_word' id='word_1_326' title='bbox 649 2556 930 2627; x_wconf 88' lang='lat' dir='ltr'><strong>perdidit;</strong></span> <span class='ocrx_word' id='word_1_327' title='bbox 981 2574 1083 2628; x_wconf 91' lang='lat' dir='ltr'><strong>per</strong></span> <span class='ocrx_word' id='word_1_328' title='bbox 1124 2574 1293 2628; x_wconf 89' lang='lat' dir='ltr'><strong>quam</strong></span> <span class='ocrx_word' id='word_1_329' title='bbox 1335 2555 1682 2612; x_wconf 84' lang='lat' dir='ltr'><strong>transmissis</strong></span> <span class='ocrx_word' id='word_1_330' title='bbox 1713 2572 1867 2609; x_wconf 90' lang='lat' dir='ltr'><strong>mare</strong></span> <span class='ocrx_word' id='word_1_331' title='bbox 1896 2556 2103 2610; x_wconf 77' lang='lat' dir='ltr'><strong>Judaeis</strong></span> 
     </span>
    </p>
   </div>
   <div class='ocr_carea' id='block_1_43' title="bbox 508 2645 2104 2717">
    <p class='ocr_par' dir='ltr' id='par_1_43' title="bbox 508 2645 2104 2717">
     <span class='ocr_line' id='line_1_43' title="bbox 508 2645 2104 2717; baseline 0 -18"><span class='ocrx_word' id='word_1_332' title='bbox 508 2645 901 2701; x_wconf 81' lang='lat' dir='ltr'><strong>fraudulentus</strong></span> <span class='ocrx_word' id='word_1_333' title='bbox 930 2646 1194 2701; x_wconf 88' lang='lat' dir='ltr'><strong>vitiorum</strong></span> <span class='ocrx_word' id='word_1_334' title='bbox 1233 2662 1432 2701; x_wconf 88' lang='lat' dir='ltr'><strong>suasor</strong></span> <span class='ocrx_word' id='word_1_335' title='bbox 1459 2646 1722 2711; x_wconf 88' lang='lat' dir='ltr'><strong>occurrit,</strong></span> <span class='ocrx_word' id='word_1_336' title='bbox 1757 2651 1813 2699; x_wconf 91' lang='lat' dir='ltr'><strong>et</strong></span> <span class='ocrx_word' id='word_1_337' title='bbox 1842 2662 1943 2717; x_wconf 91' lang='lat' dir='ltr'><strong>per</strong></span> <span class='ocrx_word' id='word_1_338' title='bbox 1966 2662 2104 2699; x_wconf 92' lang='lat' dir='ltr'><strong>con-</strong></span> 
     </span>
    </p>
   </div>
   <div class='ocr_carea' id='block_1_44' title="bbox 507 2733 2104 2806">
    <p class='ocr_par' dir='ltr' id='par_1_44' title="bbox 507 2733 2104 2806">
     <span class='ocr_line' id='line_1_44' title="bbox 507 2733 2104 2806; baseline -0.001 -18"><span class='ocrx_word' id='word_1_339' title='bbox 507 2734 909 2806; x_wconf 90' lang='lat' dir='ltr'><strong>cupiscentiam</strong></span> <span class='ocrx_word' id='word_1_340' title='bbox 950 2736 1072 2790; x_wconf 90' lang='lat' dir='ltr'><strong>sitis</strong></span> <span class='ocrx_word' id='word_1_341' title='bbox 1109 2741 1305 2790; x_wconf 90' lang='lat' dir='ltr'><strong>tenera</strong></span> <span class='ocrx_word' id='word_1_342' title='bbox 1352 2735 1623 2790; x_wconf 88' lang='lat' dir='ltr'><strong>virtutum</strong></span> <span class='ocrx_word' id='word_1_343' title='bbox 1674 2751 1866 2788; x_wconf 90' lang='lat' dir='ltr'><strong>eorum</strong></span> <span class='ocrx_word' id='word_1_344' title='bbox 1919 2733 2104 2787; x_wconf 90' lang='lat' dir='ltr'><strong>incre-</strong></span> 
     </span>
    </p>
   </div>
   <div class='ocr_carea' id='block_1_45' title="bbox 507 2824 2100 2895">
    <p class='ocr_par' dir='ltr' id='par_1_45' title="bbox 507 2824 2100 2895">
     <span class='ocr_line' id='line_1_45' title="bbox 507 2824 2100 2895; baseline -0.002 -17"><span class='ocrx_word' id='word_1_345' title='bbox 507 2829 701 2879; x_wconf 88' lang='lat' dir='ltr'><strong>menta</strong></span> <span class='ocrx_word' id='word_1_346' title='bbox 724 2824 1043 2895; x_wconf 88' lang='lat' dir='ltr'><strong>fregit.Dic,</strong></span> <span class='ocrx_word' id='word_1_347' title='bbox 1072 2824 1275 2895; x_wconf 85' lang='lat' dir='ltr'><strong>inquit,</strong></span> <span class='ocrx_word' id='word_1_348' title='bbox 1300 2826 1585 2893; x_wconf 76' lang='lat' dir='ltr'><strong>utiapides</strong></span> <span class='ocrx_word' id='word_1_349' title='bbox 1616 2826 1711 2877; x_wconf 80' lang='lat' dir='ltr'><strong>isti</strong></span> <span class='ocrx_word' id='word_1_350' title='bbox 1743 2839 1912 2891; x_wconf 83' lang='lat' dir='ltr'><strong>panes</strong></span> <span class='ocrx_word' id='word_1_351' title='bbox 1940 2826 2100 2890; x_wconf 80' lang='lat' dir='ltr'><strong>ﬁant.</strong></span> 
     </span>
    </p>
   </div>
   <div class='ocr_carea' id='block_1_46' title="bbox 507 2911 2104 2984">
    <p class='ocr_par' dir='ltr' id='par_1_46' title="bbox 507 2911 2104 2984">
     <span class='ocr_line' id='line_1_46' title="bbox 507 2911 2104 2984; baseline -0.002 -17"><span class='ocrx_word' id='word_1_352' title='bbox 507 2913 754 2968; x_wconf 88' lang='lat' dir='ltr'><strong>Noverat</strong></span> <span class='ocrx_word' id='word_1_353' title='bbox 773 2914 945 2984; x_wconf 90' lang='lat' dir='ltr'><strong>igitur</strong></span> <span class='ocrx_word' id='word_1_354' title='bbox 964 2930 1140 2969; x_wconf 70' lang='lat' dir='ltr'><strong>caecus</strong></span> <span class='ocrx_word' id='word_1_355' title='bbox 1161 2914 1578 2984; x_wconf 88' lang='lat' dir='ltr'><strong>Scripturarum</strong></span> <span class='ocrx_word' id='word_1_356' title='bbox 1599 2911 1898 2983; x_wconf 87' lang='lat' dir='ltr'><strong>inspector,</strong></span> <span class='ocrx_word' id='word_1_357' title='bbox 1924 2911 2104 2965; x_wconf 90' lang='lat' dir='ltr'><strong>Deum</strong></span> 
     </span>
    </p>
   </div>
   <div class='ocr_carea' id='block_1_47' title="bbox 505 2999 2102 3072">
    <p class='ocr_par' dir='ltr' id='par_1_47' title="bbox 505 2999 2102 3072">
     <span class='ocr_line' id='line_1_47' title="bbox 505 2999 2102 3072; baseline 0.001 -18"><span class='ocrx_word' id='word_1_358' title='bbox 505 3000 566 3054; x_wconf 91' lang='lat' dir='ltr'><strong>in</strong></span> <span class='ocrx_word' id='word_1_359' title='bbox 587 3001 863 3072; x_wconf 88' lang='lat' dir='ltr'><strong>principio</strong></span> <span class='ocrx_word' id='word_1_360' title='bbox 910 3002 1114 3056; x_wconf 79' lang='lat' dir='ltr'><strong>dixisse</strong></span> <span class='ocrx_word' id='word_1_361' title='bbox 1143 3004 1257 3069; x_wconf 81' lang='lat' dir='ltr'><strong>ﬂat,</strong></span> <span class='ocrx_word' id='word_1_362' title='bbox 1292 3006 1350 3055; x_wconf 92' lang='lat' dir='ltr'><strong>et</strong></span> <span class='ocrx_word' id='word_1_363' title='bbox 1377 3002 1457 3055; x_wconf 91' lang='lat' dir='ltr'><strong>sic</strong></span> <span class='ocrx_word' id='word_1_364' title='bbox 1493 3001 1684 3055; x_wconf 89' lang='lat' dir='ltr'><strong>omnia</strong></span> <span class='ocrx_word' id='word_1_365' title='bbox 1711 3018 1777 3054; x_wconf 89' lang='lat' dir='ltr'><strong>ex</strong></span> <span class='ocrx_word' id='word_1_366' title='bbox 1808 3000 1983 3053; x_wconf 87' lang='lat' dir='ltr'><strong>nihilo</strong></span> <span class='ocrx_word' id='word_1_367' title='bbox 2022 2999 2102 3055; x_wconf 86' lang='lat' dir='ltr'><strong>fe—</strong></span> 
     </span>
    </p>
   </div>
   <div class='ocr_carea' id='block_1_48' title="bbox 2255 1844 3789 1915">
    <p class='ocr_par' dir='ltr' id='par_1_48' title="bbox 2255 1844 3789 1915">
     <span class='ocr_line' id='line_1_48' title="bbox 2255 1844 3789 1915; baseline -0.001 -14"><span class='ocrx_word' id='word_1_368' title='bbox 2255 1845 2540 1915; x_wconf 80' lang='lat' dir='ltr'><strong>Scriptum</strong></span> <span class='ocrx_word' id='word_1_369' title='bbox 2569 1850 2643 1899; x_wconf 87' lang='lat' dir='ltr'><strong>est</strong></span> <span class='ocrx_word' id='word_1_370' title='bbox 2672 1847 2842 1910; x_wconf 83' lang='lat' dir='ltr'><strong>enim,</strong></span> <span class='ocrx_word' id='word_1_371' title='bbox 2866 1844 3068 1915; x_wconf 91' lang='lat' dir='ltr'><strong>inquit,</strong></span> <span class='ocrx_word' id='word_1_372' title='bbox 3100 1860 3212 1898; x_wconf 85' lang='lat' dir='ltr'><strong>non</strong></span> <span class='ocrx_word' id='word_1_373' title='bbox 3241 1846 3305 1898; x_wconf 88' lang='lat' dir='ltr'><strong>in</strong></span> <span class='ocrx_word' id='word_1_374' title='bbox 3331 1848 3441 1899; x_wconf 86' lang='lat' dir='ltr'><strong>solo</strong></span> <span class='ocrx_word' id='word_1_375' title='bbox 3470 1861 3617 1914; x_wconf 82' lang='lat' dir='ltr'><strong>pane</strong></span> <span class='ocrx_word' id='word_1_376' title='bbox 3646 1848 3789 1900; x_wconf 76' lang='lat' dir='ltr'><strong>vivit</strong></span> 
     </span>
    </p>
   </div>
   <div class='ocr_carea' id='block_1_49' title="bbox 2186 1934 3785 2002">
    <p class='ocr_par' dir='ltr' id='par_1_49' title="bbox 2186 1934 3785 2002">
     <span class='ocr_line' id='line_1_49' title="bbox 2186 1934 3785 2002; baseline 0 -13"><span class='ocrx_word' id='word_1_377' title='bbox 2186 1937 2363 2001; x_wconf 85' lang='lat' dir='ltr'><strong>homo,</strong></span> <span class='ocrx_word' id='word_1_378' title='bbox 2392 1936 2482 1988; x_wconf 84' lang='lat' dir='ltr'><strong>sed</strong></span> <span class='ocrx_word' id='word_1_379' title='bbox 2511 1938 2572 1988; x_wconf 86' lang='lat' dir='ltr'><strong>in</strong></span> <span class='ocrx_word' id='word_1_380' title='bbox 2603 1937 2761 1988; x_wconf 83' lang='lat' dir='ltr'><strong>omni</strong></span> <span class='ocrx_word' id='word_1_381' title='bbox 2799 1934 2956 1987; x_wconf 83' lang='lat' dir='ltr'><strong>verba</strong></span> <span class='ocrx_word' id='word_1_382' title='bbox 2987 1935 3131 2002; x_wconf 85' lang='lat' dir='ltr'><strong>quod</strong></span> <span class='ocrx_word' id='word_1_383' title='bbox 3166 1935 3406 2002; x_wconf 74' lang='lat' dir='ltr'><strong>procedit</strong></span> <span class='ocrx_word' id='word_1_384' title='bbox 3437 1935 3500 1988; x_wconf 85' lang='lat' dir='ltr'><strong>de</strong></span> <span class='ocrx_word' id='word_1_385' title='bbox 3544 1950 3636 1988; x_wconf 83' lang='lat' dir='ltr'><strong>ore</strong></span> <span class='ocrx_word' id='word_1_386' title='bbox 3661 1935 3785 1989; x_wconf 74' lang='lat' dir='ltr'><strong>Dei.</strong></span> 
     </span>
    </p>
   </div>
   <div class='ocr_carea' id='block_1_50' title="bbox 2186 2022 3789 2095">
    <p class='ocr_par' dir='ltr' id='par_1_50' title="bbox 2186 2022 3789 2095">
     <span class='ocr_line' id='line_1_50' title="bbox 2186 2022 3789 2095; baseline 0.001 -17"><span class='ocrx_word' id='word_1_387' title='bbox 2186 2023 2294 2079; x_wconf 81' lang='lat' dir='ltr'><strong>Ubi</strong></span> <span class='ocrx_word' id='word_1_388' title='bbox 2320 2040 2433 2077; x_wconf 88' lang='lat' dir='ltr'><strong>non</strong></span> <span class='ocrx_word' id='word_1_389' title='bbox 2465 2023 2625 2095; x_wconf 90' lang='lat' dir='ltr'><strong>quasi</strong></span> <span class='ocrx_word' id='word_1_390' title='bbox 2654 2024 2803 2076; x_wconf 89' lang='lat' dir='ltr'><strong>Deus</strong></span> <span class='ocrx_word' id='word_1_391' title='bbox 2832 2039 2933 2076; x_wconf 89' lang='lat' dir='ltr'><strong>sua</strong></span> <span class='ocrx_word' id='word_1_392' title='bbox 2964 2022 3145 2076; x_wconf 89' lang='lat' dir='ltr'><strong>utitur</strong></span> <span class='ocrx_word' id='word_1_393' title='bbox 3170 2027 3466 2093; x_wconf 87' lang='lat' dir='ltr'><strong>potestate,</strong></span> <span class='ocrx_word' id='word_1_394' title='bbox 3496 2023 3594 2077; x_wconf 90' lang='lat' dir='ltr'><strong>sed</strong></span> <span class='ocrx_word' id='word_1_395' title='bbox 3619 2025 3789 2095; x_wconf 83' lang='lat' dir='ltr'><strong>quasi</strong></span> 
     </span>
    </p>
   </div>
   <div class='ocr_carea' id='block_1_51' title="bbox 2183 2111 3787 2186">
    <p class='ocr_par' dir='ltr' id='par_1_51' title="bbox 2183 2111 3787 2186">
     <span class='ocr_line' id='line_1_51' title="bbox 2183 2111 3787 2186; baseline -0.001 -19"><span class='ocrx_word' id='word_1_396' title='bbox 2183 2113 2370 2177; x_wconf 88' lang='lat' dir='ltr'><strong>homo,</strong></span> <span class='ocrx_word' id='word_1_397' title='bbox 2402 2118 2466 2166; x_wconf 91' lang='lat' dir='ltr'><strong>ut</strong></span> <span class='ocrx_word' id='word_1_398' title='bbox 2493 2113 2658 2165; x_wconf 91' lang='lat' dir='ltr'><strong>homo</strong></span> <span class='ocrx_word' id='word_1_399' title='bbox 2686 2111 2928 2165; x_wconf 86' lang='lat' dir='ltr'><strong>disceret</strong></span> <span class='ocrx_word' id='word_1_400' title='bbox 2960 2111 3265 2165; x_wconf 88' lang='lat' dir='ltr'><strong>admodum</strong></span> <span class='ocrx_word' id='word_1_401' title='bbox 3293 2128 3550 2183; x_wconf 86' lang='lat' dir='ltr'><strong>pugnare</strong></span> <span class='ocrx_word' id='word_1_402' title='bbox 3588 2112 3787 2186; x_wconf 88' lang='lat' dir='ltr'><strong>Scrip-</strong></span> 
     </span>
    </p>
   </div>
   <div class='ocr_carea' id='block_1_52' title="bbox 2182 2199 3793 2272">
    <p class='ocr_par' dir='ltr' id='par_1_52' title="bbox 2182 2199 3793 2272">
     <span class='ocr_line' id='line_1_52' title="bbox 2182 2199 3793 2272; baseline 0.001 -16"><span class='ocrx_word' id='word_1_403' title='bbox 2182 2207 2440 2256; x_wconf 87' lang='lat' dir='ltr'><strong>turarum</strong></span> <span class='ocrx_word' id='word_1_404' title='bbox 2488 2201 2704 2271; x_wconf 89' lang='lat' dir='ltr'><strong>potitur</strong></span> <span class='ocrx_word' id='word_1_405' title='bbox 2738 2200 3091 2255; x_wconf 87' lang='lat' dir='ltr'><strong>auctoritate.</strong></span> <span class='ocrx_word' id='word_1_406' title='bbox 3123 2201 3192 2254; x_wconf 88' lang='lat' dir='ltr'><strong>Et</strong></span> <span class='ocrx_word' id='word_1_407' title='bbox 3230 2200 3392 2256; x_wconf 88' lang='lat' dir='ltr'><strong>docet</strong></span> <span class='ocrx_word' id='word_1_408' title='bbox 3423 2199 3571 2272; x_wconf 88' lang='lat' dir='ltr'><strong>quod</strong></span> <span class='ocrx_word' id='word_1_409' title='bbox 3603 2202 3793 2259; x_wconf 80' lang='lat' dir='ltr'><strong>altera</strong></span> 
     </span>
    </p>
   </div>
   <div class='ocr_carea' id='block_1_53' title="bbox 2186 2290 3789 2363">
    <p class='ocr_par' dir='ltr' id='par_1_53' title="bbox 2186 2290 3789 2363">
     <span class='ocr_line' id='line_1_53' title="bbox 2186 2290 3789 2363; baseline 0.002 -19"><span class='ocrx_word' id='word_1_410' title='bbox 2186 2307 2316 2363; x_wconf 89' lang='lat' dir='ltr'><strong>pars</strong></span> <span class='ocrx_word' id='word_1_411' title='bbox 2345 2290 2468 2344; x_wconf 87' lang='lat' dir='ltr'><strong>coeli</strong></span> <span class='ocrx_word' id='word_1_412' title='bbox 2500 2290 2593 2356; x_wconf 89' lang='lat' dir='ltr'><strong>sit,</strong></span> <span class='ocrx_word' id='word_1_413' title='bbox 2651 2294 2820 2360; x_wconf 88' lang='lat' dir='ltr'><strong>atque</strong></span> <span class='ocrx_word' id='word_1_414' title='bbox 2863 2290 3041 2344; x_wconf 85' lang='lat' dir='ltr'><strong>altera</strong></span> <span class='ocrx_word' id='word_1_415' title='bbox 3078 2293 3259 2345; x_wconf 82' lang='lat' dir='ltr'><strong>terrae.</strong></span> <span class='ocrx_word' id='word_1_416' title='bbox 3304 2290 3514 2345; x_wconf 91' lang='lat' dir='ltr'><strong>Idcirco</strong></span> <span class='ocrx_word' id='word_1_417' title='bbox 3561 2307 3677 2346; x_wconf 89' lang='lat' dir='ltr'><strong>non</strong></span> <span class='ocrx_word' id='word_1_418' title='bbox 3726 2293 3789 2348; x_wconf 89' lang='lat' dir='ltr'><strong>in</strong></span> 
     </span>
    </p>
   </div>
   <div class='ocr_carea' id='block_1_54' title="bbox 2184 2379 3792 2450">
    <p class='ocr_par' dir='ltr' id='par_1_54' title="bbox 2184 2379 3792 2450">
     <span class='ocr_line' id='line_1_54' title="bbox 2184 2379 3792 2450; baseline 0.002 -17"><span class='ocrx_word' id='word_1_419' title='bbox 2184 2380 2301 2434; x_wconf 92' lang='lat' dir='ltr'><strong>solo</strong></span> <span class='ocrx_word' id='word_1_420' title='bbox 2331 2395 2493 2450; x_wconf 88' lang='lat' dir='ltr'><strong>pane,</strong></span> <span class='ocrx_word' id='word_1_421' title='bbox 2524 2395 2625 2449; x_wconf 91' lang='lat' dir='ltr'><strong>per</strong></span> <span class='ocrx_word' id='word_1_422' title='bbox 2640 2395 2804 2449; x_wconf 92' lang='lat' dir='ltr'><strong>quem</strong></span> <span class='ocrx_word' id='word_1_423' title='bbox 2822 2395 2933 2432; x_wconf 88' lang='lat' dir='ltr'><strong>non</strong></span> <span class='ocrx_word' id='word_1_424' title='bbox 2954 2379 3062 2432; x_wconf 91' lang='lat' dir='ltr'><strong>nisi</strong></span> <span class='ocrx_word' id='word_1_425' title='bbox 3093 2379 3336 2434; x_wconf 86' lang='lat' dir='ltr'><strong>exterior</strong></span> <span class='ocrx_word' id='word_1_426' title='bbox 3363 2380 3531 2434; x_wconf 89' lang='lat' dir='ltr'><strong>homo</strong></span> <span class='ocrx_word' id='word_1_427' title='bbox 3556 2380 3617 2435; x_wconf 91' lang='lat' dir='ltr'><strong>in</strong></span> <span class='ocrx_word' id='word_1_428' title='bbox 3635 2398 3792 2436; x_wconf 88' lang='lat' dir='ltr'><strong>com-</strong></span> 
     </span>
    </p>
   </div>
   <div class='ocr_carea' id='block_1_55' title="bbox 2185 2466 3791 2542">
    <p class='ocr_par' dir='ltr' id='par_1_55' title="bbox 2185 2466 3791 2542">
     <span class='ocr_line' id='line_1_55' title="bbox 2185 2466 3791 2542; baseline 0.002 -20"><span class='ocrx_word' id='word_1_429' title='bbox 2185 2485 2355 2522; x_wconf 90' lang='lat' dir='ltr'><strong>mune</strong></span> <span class='ocrx_word' id='word_1_430' title='bbox 2384 2484 2511 2522; x_wconf 90' lang='lat' dir='ltr'><strong>cum</strong></span> <span class='ocrx_word' id='word_1_431' title='bbox 2544 2466 2838 2538; x_wconf 73' lang='lat' dir='ltr'><strong>pecoribus</strong></span> <span class='ocrx_word' id='word_1_432' title='bbox 2865 2467 3015 2533; x_wconf 85' lang='lat' dir='ltr'><strong>vivit,</strong></span> <span class='ocrx_word' id='word_1_433' title='bbox 3052 2468 3148 2522; x_wconf 91' lang='lat' dir='ltr'><strong>sed</strong></span> <span class='ocrx_word' id='word_1_434' title='bbox 3193 2468 3253 2523; x_wconf 90' lang='lat' dir='ltr'><strong>in</strong></span> <span class='ocrx_word' id='word_1_435' title='bbox 3292 2468 3447 2523; x_wconf 90' lang='lat' dir='ltr'><strong>omni</strong></span> <span class='ocrx_word' id='word_1_436' title='bbox 3474 2469 3647 2524; x_wconf 89' lang='lat' dir='ltr'><strong>verbo</strong></span> <span class='ocrx_word' id='word_1_437' title='bbox 3676 2488 3791 2542; x_wconf 84' lang='lat' dir='ltr'><strong>per</strong></span> 
     </span>
    </p>
   </div>
   <div class='ocr_carea' id='block_1_56' title="bbox 2186 2556 3792 2629">
    <p class='ocr_par' dir='ltr' id='par_1_56' title="bbox 2186 2556 3792 2629">
     <span class='ocr_line' id='line_1_56' title="bbox 2186 2556 3792 2629; baseline 0.001 -17"><span class='ocrx_word' id='word_1_438' title='bbox 2186 2557 2332 2629; x_wconf 89' lang='lat' dir='ltr'><strong>quod</strong></span> <span class='ocrx_word' id='word_1_439' title='bbox 2348 2556 2585 2611; x_wconf 91' lang='lat' dir='ltr'><strong>interius</strong></span> <span class='ocrx_word' id='word_1_440' title='bbox 2596 2556 2810 2627; x_wconf 89' lang='lat' dir='ltr'><strong>angelis</strong></span> <span class='ocrx_word' id='word_1_441' title='bbox 2821 2562 3225 2627; x_wconf 87' lang='lat' dir='ltr'><strong>coaequaretur.</strong></span> <span class='ocrx_word' id='word_1_442' title='bbox 3242 2557 3422 2612; x_wconf 90' lang='lat' dir='ltr'><strong>Omne</strong></span> <span class='ocrx_word' id='word_1_443' title='bbox 3433 2558 3642 2629; x_wconf 90' lang='lat' dir='ltr'><strong>quippe</strong></span> <span class='ocrx_word' id='word_1_444' title='bbox 3657 2576 3792 2614; x_wconf 88' lang='lat' dir='ltr'><strong>ver-</strong></span> 
     </span>
    </p>
   </div>
   <div class='ocr_carea' id='block_1_57' title="bbox 2183 2645 3795 2718">
    <p class='ocr_par' dir='ltr' id='par_1_57' title="bbox 2183 2645 3795 2718">
     <span class='ocr_line' id='line_1_57' title="bbox 2183 2645 3795 2718; baseline 0.002 -18"><span class='ocrx_word' id='word_1_445' title='bbox 2183 2645 2315 2700; x_wconf 91' lang='lat' dir='ltr'><strong>bum</strong></span> <span class='ocrx_word' id='word_1_446' title='bbox 2363 2647 2513 2701; x_wconf 90' lang='lat' dir='ltr'><strong>Deus</strong></span> <span class='ocrx_word' id='word_1_447' title='bbox 2545 2645 2789 2699; x_wconf 89' lang='lat' dir='ltr'><strong>charitas</strong></span> <span class='ocrx_word' id='word_1_448' title='bbox 2831 2645 2960 2715; x_wconf 88' lang='lat' dir='ltr'><strong>jure</strong></span> <span class='ocrx_word' id='word_1_449' title='bbox 2994 2646 3285 2717; x_wconf 87' lang='lat' dir='ltr'><strong>accipitur,</strong></span> <span class='ocrx_word' id='word_1_450' title='bbox 3319 2646 3377 2700; x_wconf 92' lang='lat' dir='ltr'><strong>in</strong></span> <span class='ocrx_word' id='word_1_451' title='bbox 3408 2663 3519 2717; x_wconf 90' lang='lat' dir='ltr'><strong>qua</strong></span> <span class='ocrx_word' id='word_1_452' title='bbox 3545 2647 3689 2718; x_wconf 83' lang='lat' dir='ltr'><strong>legis</strong></span> <span class='ocrx_word' id='word_1_453' title='bbox 3732 2656 3795 2704; x_wconf 89' lang='lat' dir='ltr'><strong>et</strong></span> 
     </span>
    </p>
   </div>
   <div class='ocr_carea' id='block_1_58' title="bbox 2184 2734 3793 2808">
    <p class='ocr_par' dir='ltr' id='par_1_58' title="bbox 2184 2734 3793 2808">
     <span class='ocr_line' id='line_1_58' title="bbox 2184 2734 3793 2808; baseline 0.002 -19"><span class='ocrx_word' id='word_1_454' title='bbox 2184 2735 2589 2807; x_wconf 85' lang='lat' dir='ltr'><strong>prophetarum</strong></span> <span class='ocrx_word' id='word_1_455' title='bbox 2622 2734 2812 2788; x_wconf 86' lang='lat' dir='ltr'><strong>omnia</strong></span> <span class='ocrx_word' id='word_1_456' title='bbox 2840 2735 3089 2805; x_wconf 90' lang='lat' dir='ltr'><strong>pendent</strong></span> <span class='ocrx_word' id='word_1_457' title='bbox 3115 2734 3302 2802; x_wconf 87' lang='lat' dir='ltr'><strong>verba,</strong></span> <span class='ocrx_word' id='word_1_458' title='bbox 3333 2735 3455 2790; x_wconf 90' lang='lat' dir='ltr'><strong>sine</strong></span> <span class='ocrx_word' id='word_1_459' title='bbox 3474 2752 3587 2808; x_wconf 89' lang='lat' dir='ltr'><strong>qua</strong></span> <span class='ocrx_word' id='word_1_460' title='bbox 3614 2753 3793 2794; x_wconf 89' lang='lat' dir='ltr'><strong>nemo</strong></span> 
     </span>
    </p>
   </div>
   <div class='ocr_carea' id='block_1_59' title="bbox 2185 2823 3790 2898">
    <p class='ocr_par' dir='ltr' id='par_1_59' title="bbox 2185 2823 3790 2898">
     <span class='ocr_line' id='line_1_59' title="bbox 2185 2823 3790 2898; baseline 0.004 -22"><span class='ocrx_word' id='word_1_461' title='bbox 2185 2823 2243 2877; x_wconf 92' lang='lat' dir='ltr'><strong>in</strong></span> <span class='ocrx_word' id='word_1_462' title='bbox 2276 2823 2389 2876; x_wconf 89' lang='lat' dir='ltr'><strong>Deo</strong></span> <span class='ocrx_word' id='word_1_463' title='bbox 2443 2840 2693 2894; x_wconf 88' lang='lat' dir='ltr'><strong>unquam</strong></span> <span class='ocrx_word' id='word_1_464' title='bbox 2739 2824 2825 2877; x_wconf 86' lang='lat' dir='ltr'><strong>vel</strong></span> <span class='ocrx_word' id='word_1_465' title='bbox 2855 2839 2983 2877; x_wconf 90' lang='lat' dir='ltr'><strong>cum</strong></span> <span class='ocrx_word' id='word_1_466' title='bbox 3029 2823 3144 2878; x_wconf 90' lang='lat' dir='ltr'><strong>Deo</strong></span> <span class='ocrx_word' id='word_1_467' title='bbox 3190 2824 3325 2878; x_wconf 89' lang='lat' dir='ltr'><strong>vivit</strong></span> <span class='ocrx_word' id='word_1_468' title='bbox 3367 2826 3533 2896; x_wconf 83' lang='lat' dir='ltr'><strong>(Rom.</strong></span> <span class='ocrx_word' id='word_1_469' title='bbox 3582 2840 3668 2892; x_wconf 86' lang='lat' dir='ltr'>III,</span> <span class='ocrx_word' id='word_1_470' title='bbox 3703 2826 3790 2898; x_wconf 89' lang='lat'><strong>9).</strong></span> 
     </span>
    </p>
   </div>
   <div class='ocr_carea' id='block_1_60' title="bbox 2186 2910 3796 2983">
    <p class='ocr_par' dir='ltr' id='par_1_60' title="bbox 2186 2910 3796 2983">
     <span class='ocr_line' id='line_1_60' title="bbox 2186 2910 3796 2983; baseline 0.002 -17"><span class='ocrx_word' id='word_1_471' title='bbox 2186 2912 2346 2976; x_wconf 90' lang='lat' dir='ltr'><strong>Quod</strong></span> <span class='ocrx_word' id='word_1_472' title='bbox 2374 2910 2515 2966; x_wconf 90' lang='lat' dir='ltr'><strong>bene</strong></span> <span class='ocrx_word' id='word_1_473' title='bbox 2562 2912 2773 2966; x_wconf 87' lang='lat' dir='ltr'><strong>Paulus</strong></span> <span class='ocrx_word' id='word_1_474' title='bbox 2801 2912 3050 2966; x_wconf 88' lang='lat' dir='ltr'><strong>insinuat</strong></span> <span class='ocrx_word' id='word_1_475' title='bbox 3077 2931 3088 2966; x_wconf 89' lang='lat'><strong>:</strong></span> <span class='ocrx_word' id='word_1_476' title='bbox 3121 2913 3187 2967; x_wconf 82' lang='lat' dir='ltr'><strong>Et</strong></span> <span class='ocrx_word' id='word_1_477' title='bbox 3233 2916 3283 2967; x_wconf 84' lang='lat' dir='ltr'><strong>si</strong></span> <span class='ocrx_word' id='word_1_478' title='bbox 3336 2915 3479 2983; x_wconf 86' lang='lat' dir='ltr'><strong>quod</strong></span> <span class='ocrx_word' id='word_1_479' title='bbox 3514 2921 3589 2969; x_wconf 87' lang='lat' dir='ltr'><strong>est</strong></span> <span class='ocrx_word' id='word_1_480' title='bbox 3620 2918 3796 2971; x_wconf 81' lang='lat' dir='ltr'><strong>aliud</strong></span> 
     </span>
    </p>
   </div>
   <div class='ocr_carea' id='block_1_61' title="bbox 2185 3001 3795 3072">
    <p class='ocr_par' dir='ltr' id='par_1_61' title="bbox 2185 3001 3795 3072">
     <span class='ocr_line' id='line_1_61' title="bbox 2185 3001 3795 3072; baseline 0.002 -17"><span class='ocrx_word' id='word_1_481' title='bbox 2185 3003 2537 3069; x_wconf 83' lang='lat' dir='ltr'><strong>mandatum,</strong></span> <span class='ocrx_word' id='word_1_482' title='bbox 2577 3007 2775 3067; x_wconf 68' lang='lat'><strong>206</strong></span> <span class='ocrx_word' id='word_1_483' title='bbox 2801 3001 3082 3072; x_wconf 86' lang='lat' dir='ltr'><strong>inquiens,</strong></span> <span class='ocrx_word' id='word_1_484' title='bbox 3109 3004 3169 3056; x_wconf 89' lang='lat' dir='ltr'><strong>in</strong></span> <span class='ocrx_word' id='word_1_485' title='bbox 3197 3002 3293 3056; x_wconf 84' lang='lat' dir='ltr'><strong>hoc</strong></span> <span class='ocrx_word' id='word_1_486' title='bbox 3319 3005 3476 3057; x_wconf 84' lang='lat' dir='ltr'><strong>verba</strong></span> <span class='ocrx_word' id='word_1_487' title='bbox 3497 3006 3795 3059; x_wconf 79' lang='lat' dir='ltr'><strong>instaura-</strong></span> 
     </span>
    </p>
   </div>
   <div class='ocr_carea' id='block_1_62' title="bbox 505 3088 3795 3161">
    <p class='ocr_par' dir='ltr' id='par_1_62' title="bbox 505 3088 3795 3161">
     <span class='ocr_line' id='line_1_62' title="bbox 505 3088 3795 3161; baseline 0.001 -18"><span class='ocrx_word' id='word_1_488' title='bbox 505 3088 666 3143; x_wconf 88' lang='lat' dir='ltr'><strong>cisse.</strong></span> <span class='ocrx_word' id='word_1_489' title='bbox 711 3090 827 3143; x_wconf 87' lang='lat' dir='ltr'><strong>Nec</strong></span> <span class='ocrx_word' id='word_1_490' title='bbox 858 3096 1049 3144; x_wconf 87' lang='lat' dir='ltr'><strong>tamen</strong></span> <span class='ocrx_word' id='word_1_491' title='bbox 1078 3091 1448 3157; x_wconf 87' lang='lat' dir='ltr'><strong>intellexerat,</strong></span> <span class='ocrx_word' id='word_1_492' title='bbox 1497 3090 1644 3161; x_wconf 91' lang='lat' dir='ltr'><strong>quod</strong></span> <span class='ocrx_word' id='word_1_493' title='bbox 1674 3088 1764 3144; x_wconf 91' lang='lat' dir='ltr'><strong>hic</strong></span> <span class='ocrx_word' id='word_1_494' title='bbox 1791 3094 1941 3143; x_wconf 89' lang='lat' dir='ltr'><strong>esset</strong></span> <span class='ocrx_word' id='word_1_495' title='bbox 1966 3089 2165 3156; x_wconf 80' lang='lat' dir='ltr'><strong>illudC</strong></span> <span class='ocrx_word' id='word_1_496' title='bbox 2187 3093 2300 3142; x_wconf 79' lang='lat' dir='ltr'><strong>tur.</strong></span> <span class='ocrx_word' id='word_1_497' title='bbox 2325 3091 2530 3157; x_wconf 74' lang='lat' dir='ltr'><strong>Diliges</strong></span> <span class='ocrx_word' id='word_1_498' title='bbox 2556 3092 2879 3159; x_wconf 69' lang='lat' dir='ltr'><strong>proximum</strong></span> <span class='ocrx_word' id='word_1_499' title='bbox 2920 3096 3081 3143; x_wconf 81' lang='lat' dir='ltr'><strong>tuum</strong></span> <span class='ocrx_word' id='word_1_500' title='bbox 3121 3095 3394 3159; x_wconf 80' lang='lat' dir='ltr'><strong>tanquam</strong></span> <span class='ocrx_word' id='word_1_501' title='bbox 3426 3094 3683 3160; x_wconf 80' lang='lat' dir='ltr'><strong>teipsum.</strong></span> <span class='ocrx_word' id='word_1_502' title='bbox 3708 3094 3795 3147; x_wconf 79' lang='lat' dir='ltr'><strong>Ac</strong></span> 
     </span>
    </p>
   </div>
   <div class='ocr_carea' id='block_1_63' title="bbox 504 3176 2104 3249">
    <p class='ocr_par' dir='ltr' id='par_1_63' title="bbox 504 3176 2104 3249">
     <span class='ocr_line' id='line_1_63' title="bbox 504 3176 2104 3249; baseline 0.001 -18"><span class='ocrx_word' id='word_1_503' title='bbox 504 3176 753 3232; x_wconf 90' lang='lat' dir='ltr'><strong>Verbum</strong></span> <span class='ocrx_word' id='word_1_504' title='bbox 774 3195 875 3249; x_wconf 91' lang='lat' dir='ltr'><strong>per</strong></span> <span class='ocrx_word' id='word_1_505' title='bbox 894 3179 1040 3249; x_wconf 90' lang='lat' dir='ltr'><strong>quod</strong></span> <span class='ocrx_word' id='word_1_506' title='bbox 1070 3180 1238 3232; x_wconf 88' lang='lat' dir='ltr'><strong>Pater</strong></span> <span class='ocrx_word' id='word_1_507' title='bbox 1256 3184 1457 3239; x_wconf 86' lang='lat' dir='ltr'><strong>cuncta</strong></span> <span class='ocrx_word' id='word_1_508' title='bbox 1479 3183 1713 3232; x_wconf 88' lang='lat' dir='ltr'><strong>crearat.</strong></span> <span class='ocrx_word' id='word_1_509' title='bbox 1734 3178 1950 3248; x_wconf 87' lang='lat' dir='ltr'><strong>Quippe</strong></span> <span class='ocrx_word' id='word_1_510' title='bbox 1972 3178 2104 3249; x_wconf 87' lang='lat' dir='ltr'><strong>quia</strong></span> 
     </span>
    </p>
   </div>
   <div class='ocr_carea' id='block_1_64' title="bbox 505 3264 2103 3338">
    <p class='ocr_par' dir='ltr' id='par_1_64' title="bbox 505 3264 2103 3338">
     <span class='ocr_line' id='line_1_64' title="bbox 505 3264 2103 3338; baseline 0.001 -19"><span class='ocrx_word' id='word_1_511' title='bbox 505 3264 646 3320; x_wconf 91' lang='lat' dir='ltr'><strong>illud</strong></span> <span class='ocrx_word' id='word_1_512' title='bbox 674 3269 790 3334; x_wconf 75' lang='lat' dir='ltr'><strong>ﬁat,</strong></span> <span class='ocrx_word' id='word_1_513' title='bbox 844 3268 992 3338; x_wconf 89' lang='lat' dir='ltr'><strong>quod</strong></span> <span class='ocrx_word' id='word_1_514' title='bbox 1045 3269 1260 3338; x_wconf 78' lang='lat' dir='ltr'><strong>Moyses</strong></span> <span class='ocrx_word' id='word_1_515' title='bbox 1305 3266 1620 3322; x_wconf 87' lang='lat' dir='ltr'><strong>carnalibus</strong></span> <span class='ocrx_word' id='word_1_516' title='bbox 1649 3267 1720 3320; x_wconf 89' lang='lat' dir='ltr'><strong>ad</strong></span> <span class='ocrx_word' id='word_1_517' title='bbox 1758 3267 2103 3321; x_wconf 87' lang='lat' dir='ltr'><strong>audiendum</strong></span> 
     </span>
    </p>
   </div>
   <div class='ocr_carea' id='block_1_65' title="bbox 505 3354 2098 3426">
    <p class='ocr_par' dir='ltr' id='par_1_65' title="bbox 505 3354 2098 3426">
     <span class='ocr_line' id='line_1_65' title="bbox 505 3354 2098 3426; baseline 0.001 -18"><span class='ocrx_word' id='word_1_518' title='bbox 505 3354 717 3420; x_wconf 90' lang='lat' dir='ltr'><strong>intulit,</strong></span> <span class='ocrx_word' id='word_1_519' title='bbox 752 3372 863 3409; x_wconf 89' lang='lat' dir='ltr'><strong>non</strong></span> <span class='ocrx_word' id='word_1_520' title='bbox 894 3372 1031 3410; x_wconf 89' lang='lat' dir='ltr'><strong>sono</strong></span> <span class='ocrx_word' id='word_1_521' title='bbox 1079 3356 1226 3410; x_wconf 90' lang='lat' dir='ltr'><strong>vocis</strong></span> <span class='ocrx_word' id='word_1_522' title='bbox 1256 3373 1291 3410; x_wconf 88' lang='lat' dir='ltr'><strong>a</strong></span> <span class='ocrx_word' id='word_1_523' title='bbox 1317 3357 1433 3411; x_wconf 91' lang='lat' dir='ltr'><strong>Deo</strong></span> <span class='ocrx_word' id='word_1_524' title='bbox 1463 3357 1630 3411; x_wconf 86' lang='lat' dir='ltr'><strong>Patre</strong></span> <span class='ocrx_word' id='word_1_525' title='bbox 1661 3356 1942 3426; x_wconf 89' lang='lat' dir='ltr'><strong>prolatum</strong></span> <span class='ocrx_word' id='word_1_526' title='bbox 1974 3356 2098 3424; x_wconf 84' lang='lat' dir='ltr'><strong>fuit,</strong></span> 
     </span>
    </p>
   </div>
   <div class='ocr_carea' id='block_1_66' title="bbox 507 3444 2102 3516">
    <p class='ocr_par' dir='ltr' id='par_1_66' title="bbox 507 3444 2102 3516">
     <span class='ocr_line' id='line_1_66' title="bbox 507 3444 2102 3516; baseline 0 -18"><span class='ocrx_word' id='word_1_527' title='bbox 507 3444 605 3498; x_wconf 90' lang='lat' dir='ltr'><strong>sed</strong></span> <span class='ocrx_word' id='word_1_528' title='bbox 636 3461 737 3515; x_wconf 92' lang='lat' dir='ltr'><strong>per</strong></span> <span class='ocrx_word' id='word_1_529' title='bbox 754 3444 890 3498; x_wconf 88' lang='lat' dir='ltr'><strong>illud</strong></span> <span class='ocrx_word' id='word_1_530' title='bbox 906 3445 1340 3516; x_wconf 89' lang='lat' dir='ltr'><strong>temporalitatis</strong></span> <span class='ocrx_word' id='word_1_531' title='bbox 1352 3445 1580 3499; x_wconf 87' lang='lat' dir='ltr'><strong>verbum</strong></span> <span class='ocrx_word' id='word_1_532' title='bbox 1602 3445 1775 3499; x_wconf 92' lang='lat' dir='ltr'><strong>voluit</strong></span> <span class='ocrx_word' id='word_1_533' title='bbox 1790 3444 2102 3516; x_wconf 84' lang='lat' dir='ltr'><strong>legentibus</strong></span> 
     </span>
    </p>
   </div>
   <div class='ocr_carea' id='block_1_67' title="bbox 504 3532 2104 3606">
    <p class='ocr_par' dir='ltr' id='par_1_67' title="bbox 504 3532 2104 3606">
     <span class='ocr_line' id='line_1_67' title="bbox 504 3532 2104 3606; baseline -0.001 -17"><span class='ocrx_word' id='word_1_534' title='bbox 504 3532 763 3600; x_wconf 90' lang='lat' dir='ltr'><strong>innuere,</strong></span> <span class='ocrx_word' id='word_1_535' title='bbox 797 3534 940 3606; x_wconf 89' lang='lat' dir='ltr'><strong>quod</strong></span> <span class='ocrx_word' id='word_1_536' title='bbox 986 3551 1087 3605; x_wconf 91' lang='lat' dir='ltr'><strong>per</strong></span> <span class='ocrx_word' id='word_1_537' title='bbox 1128 3532 1361 3588; x_wconf 90' lang='lat' dir='ltr'><strong>verbum</strong></span> <span class='ocrx_word' id='word_1_538' title='bbox 1411 3533 1518 3588; x_wconf 90' lang='lat' dir='ltr'><strong>sibi</strong></span> <span class='ocrx_word' id='word_1_539' title='bbox 1560 3539 1899 3589; x_wconf 80' lang='lat' dir='ltr'><strong>coaeternum</strong></span> <span class='ocrx_word' id='word_1_540' title='bbox 1935 3534 2104 3588; x_wconf 89' lang='lat' dir='ltr'><strong>simul</strong></span> 
     </span>
    </p>
   </div>
   <div class='ocr_carea' id='block_1_68' title="bbox 503 3623 2103 3688">
    <p class='ocr_par' dir='ltr' id='par_1_68' title="bbox 503 3623 2103 3688">
     <span class='ocr_line' id='line_1_68' title="bbox 503 3623 2103 3688; baseline -0.001 -10"><span class='ocrx_word' id='word_1_541' title='bbox 503 3623 655 3678; x_wconf 91' lang='lat' dir='ltr'><strong>Deus</strong></span> <span class='ocrx_word' id='word_1_542' title='bbox 680 3629 879 3677; x_wconf 89' lang='lat' dir='ltr'><strong>cuncta</strong></span> <span class='ocrx_word' id='word_1_543' title='bbox 908 3628 1170 3678; x_wconf 91' lang='lat' dir='ltr'><strong>creasset.</strong></span> <span class='ocrx_word' id='word_1_544' title='bbox 1206 3624 1365 3688; x_wconf 87' lang='lat' dir='ltr'><strong>Quod</strong></span> <span class='ocrx_word' id='word_1_545' title='bbox 1395 3628 1585 3678; x_wconf 89' lang='lat' dir='ltr'><strong>tamen</strong></span> <span class='ocrx_word' id='word_1_546' title='bbox 1618 3625 1811 3678; x_wconf 89' lang='lat' dir='ltr'><strong>volens</strong></span> <span class='ocrx_word' id='word_1_547' title='bbox 1840 3623 2103 3678; x_wconf 83' lang='lat' dir='ltr'><strong>formido-</strong></span> 
     </span>
    </p>
   </div>
   <div class='ocr_carea' id='block_1_69' title="bbox 502 3711 2103 3784">
    <p class='ocr_par' dir='ltr' id='par_1_69' title="bbox 502 3711 2103 3784">
     <span class='ocr_line' id='line_1_69' title="bbox 502 3711 2103 3784; baseline 0.001 -19"><span class='ocrx_word' id='word_1_548' title='bbox 502 3711 677 3766; x_wconf 91' lang='lat' dir='ltr'><strong>losius</strong></span> <span class='ocrx_word' id='word_1_549' title='bbox 705 3713 1011 3783; x_wconf 82' lang='lat' dir='ltr'><strong>explorare,</strong></span> <span class='ocrx_word' id='word_1_550' title='bbox 1046 3712 1324 3784; x_wconf 89' lang='lat' dir='ltr'><strong>persuasit</strong></span> <span class='ocrx_word' id='word_1_551' title='bbox 1368 3730 1433 3767; x_wconf 93' lang='lat' dir='ltr'><strong>eo</strong></span> <span class='ocrx_word' id='word_1_552' title='bbox 1477 3718 1671 3767; x_wconf 89' lang='lat' dir='ltr'><strong>tenore</strong></span> <span class='ocrx_word' id='word_1_553' title='bbox 1711 3713 2009 3768; x_wconf 89' lang='lat' dir='ltr'><strong>dicendum</strong></span> <span class='ocrx_word' id='word_1_554' title='bbox 2039 3719 2103 3767; x_wconf 92' lang='lat' dir='ltr'><strong>ut</strong></span> 
     </span>
    </p>
   </div>
   <div class='ocr_carea' id='block_1_70' title="bbox 502 3799 2100 3874">
    <p class='ocr_par' dir='ltr' id='par_1_70' title="bbox 502 3799 2100 3874">
     <span class='ocr_line' id='line_1_70' title="bbox 502 3799 2100 3874; baseline 0.001 -20"><span class='ocrx_word' id='word_1_555' title='bbox 502 3799 718 3872; x_wconf 90' lang='lat' dir='ltr'><strong>lapides</strong></span> <span class='ocrx_word' id='word_1_556' title='bbox 746 3816 920 3871; x_wconf 88' lang='lat' dir='ltr'><strong>panes</strong></span> <span class='ocrx_word' id='word_1_557' title='bbox 949 3802 1167 3866; x_wconf 87' lang='lat' dir='ltr'><strong>ﬁerent,</strong></span> <span class='ocrx_word' id='word_1_558' title='bbox 1201 3818 1311 3873; x_wconf 92' lang='lat' dir='ltr'><strong>quo</strong></span> <span class='ocrx_word' id='word_1_559' title='bbox 1341 3802 1613 3857; x_wconf 82' lang='lat' dir='ltr'><strong>didicerat</strong></span> <span class='ocrx_word' id='word_1_560' title='bbox 1629 3803 1876 3874; x_wconf 83' lang='lat' dir='ltr'><strong>Moysem</strong></span> <span class='ocrx_word' id='word_1_561' title='bbox 1895 3801 2100 3856; x_wconf 87' lang='lat' dir='ltr'><strong>litteris</strong></span> 
     </span>
    </p>
   </div>
   <div class='ocr_carea' id='block_1_71' title="bbox 504 3888 2101 3946">
    <p class='ocr_par' dir='ltr' id='par_1_71' title="bbox 504 3888 2101 3946">
     <span class='ocr_line' id='line_1_71' title="bbox 504 3888 2101 3946; baseline 0.001 -3"><span class='ocrx_word' id='word_1_562' title='bbox 504 3889 800 3944; x_wconf 84' lang='lat' dir='ltr'><strong>mandasse</strong></span> <span class='ocrx_word' id='word_1_563' title='bbox 820 3891 997 3945; x_wconf 90' lang='lat' dir='ltr'><strong>Deum</strong></span> <span class='ocrx_word' id='word_1_564' title='bbox 1018 3892 1277 3946; x_wconf 88' lang='lat' dir='ltr'><strong>universa</strong></span> <span class='ocrx_word' id='word_1_565' title='bbox 1302 3888 1542 3946; x_wconf 80' lang='lat' dir='ltr'><strong>creasse.</strong></span> <span class='ocrx_word' id='word_1_566' title='bbox 1567 3891 1682 3945; x_wconf 83' lang='lat' dir='ltr'><strong>Nec</strong></span> <span class='ocrx_word' id='word_1_567' title='bbox 1711 3893 1859 3945; x_wconf 89' lang='lat' dir='ltr'><strong>enim</strong></span> <span class='ocrx_word' id='word_1_568' title='bbox 1887 3890 2101 3944; x_wconf 89' lang='lat' dir='ltr'><strong>fallitur</strong></span> 
     </span>
    </p>
   </div>
   <div class='ocr_carea' id='block_1_72' title="bbox 502 3976 2098 4049">
    <p class='ocr_par' dir='ltr' id='par_1_72' title="bbox 502 3976 2098 4049">
     <span class='ocr_line' id='line_1_72' title="bbox 502 3976 2098 4049; baseline 0 -17"><span class='ocrx_word' id='word_1_569' title='bbox 502 3976 561 4032; x_wconf 93' lang='lat' dir='ltr'><strong>in</strong></span> <span class='ocrx_word' id='word_1_570' title='bbox 590 3979 696 4032; x_wconf 88' lang='lat' dir='ltr'><strong>hoc</strong></span> <span class='ocrx_word' id='word_1_571' title='bbox 735 3979 903 4048; x_wconf 91' lang='lat' dir='ltr'><strong>quod,</strong></span> <span class='ocrx_word' id='word_1_572' title='bbox 937 3979 985 4033; x_wconf 91' lang='lat' dir='ltr'><strong>si</strong></span> <span class='ocrx_word' id='word_1_573' title='bbox 1037 3979 1282 4049; x_wconf 90' lang='lat' dir='ltr'><strong>juberet,</strong></span> <span class='ocrx_word' id='word_1_574' title='bbox 1330 3980 1557 4033; x_wconf 89' lang='lat' dir='ltr'><strong>omnino</strong></span> <span class='ocrx_word' id='word_1_575' title='bbox 1602 3980 1781 4044; x_wconf 89' lang='lat' dir='ltr'><strong>ﬁeret,</strong></span> <span class='ocrx_word' id='word_1_576' title='bbox 1829 3995 1893 4031; x_wconf 91' lang='lat' dir='ltr'><strong>eo</strong></span> <span class='ocrx_word' id='word_1_577' title='bbox 1952 3978 2098 4048; x_wconf 92' lang='lat' dir='ltr'><strong>quod</strong></span> 
     </span>
    </p>
   </div>
   <div class='ocr_carea' id='block_1_73' title="bbox 503 4066 2096 4133">
    <p class='ocr_par' dir='ltr' id='par_1_73' title="bbox 503 4066 2096 4133">
     <span class='ocr_line' id='line_1_73' title="bbox 503 4066 2096 4133; baseline 0.001 -14"><span class='ocrx_word' id='word_1_578' title='bbox 503 4067 686 4120; x_wconf 91' lang='lat' dir='ltr'><strong>omnis</strong></span> <span class='ocrx_word' id='word_1_579' title='bbox 726 4073 915 4132; x_wconf 57' lang='grc' dir='ltr'><strong>ποθ</strong></span> <span class='ocrx_word' id='word_1_580' title='bbox 944 4073 1202 4123; x_wconf 87' lang='lat' dir='ltr'><strong>creatura</strong></span> <span class='ocrx_word' id='word_1_581' title='bbox 1228 4070 1452 4133; x_wconf 89' lang='lat' dir='ltr'><strong>sentiat,</strong></span> <span class='ocrx_word' id='word_1_582' title='bbox 1486 4072 1546 4121; x_wconf 91' lang='lat' dir='ltr'><strong>et</strong></span> <span class='ocrx_word' id='word_1_583' title='bbox 1572 4066 1796 4120; x_wconf 86' lang='lat' dir='ltr'><strong>obediat</strong></span> <span class='ocrx_word' id='word_1_584' title='bbox 1824 4067 2096 4133; x_wconf 85' lang='lat' dir='ltr'><strong>Creatori,</strong></span> 
     </span>
    </p>
   </div>
   <div class='ocr_carea' id='block_1_74' title="bbox 501 4152 2096 4226">
    <p class='ocr_par' dir='ltr' id='par_1_74' title="bbox 501 4152 2096 4226">
     <span class='ocr_line' id='line_1_74' title="bbox 501 4152 2096 4226; baseline 0 -16"><span class='ocrx_word' id='word_1_585' title='bbox 501 4155 599 4210; x_wconf 92' lang='lat' dir='ltr'><strong>sed</strong></span> <span class='ocrx_word' id='word_1_586' title='bbox 621 4154 752 4226; x_wconf 90' lang='lat' dir='ltr'><strong>quia</strong></span> <span class='ocrx_word' id='word_1_587' title='bbox 766 4155 963 4210; x_wconf 89' lang='lat' dir='ltr'><strong>fraude</strong></span> <span class='ocrx_word' id='word_1_588' title='bbox 984 4152 1305 4209; x_wconf 83' lang='lat' dir='ltr'><strong>calliditatis</strong></span> <span class='ocrx_word' id='word_1_589' title='bbox 1327 4155 1532 4225; x_wconf 85' lang='lat' dir='ltr'><strong>agitur,</strong></span> <span class='ocrx_word' id='word_1_590' title='bbox 1548 4156 1617 4208; x_wconf 86' lang='lat' dir='ltr'><strong>ad</strong></span> <span class='ocrx_word' id='word_1_591' title='bbox 1640 4155 1890 4209; x_wconf 88' lang='lat' dir='ltr'><strong>veritatis</strong></span> <span class='ocrx_word' id='word_1_592' title='bbox 1915 4156 2096 4210; x_wconf 90' lang='lat' dir='ltr'><strong>scien-</strong></span> 
     </span>
    </p>
   </div>
   <div class='ocr_carea' id='block_1_75' title="bbox 501 4243 2096 4314">
    <p class='ocr_par' dir='ltr' id='par_1_75' title="bbox 501 4243 2096 4314">
     <span class='ocr_line' id='line_1_75' title="bbox 501 4243 2096 4314; baseline 0.001 -17"><span class='ocrx_word' id='word_1_593' title='bbox 501 4243 639 4298; x_wconf 92' lang='lat' dir='ltr'><strong>tiam</strong></span> <span class='ocrx_word' id='word_1_594' title='bbox 664 4245 953 4314; x_wconf 88' lang='lat' dir='ltr'><strong>pervenire</strong></span> <span class='ocrx_word' id='word_1_595' title='bbox 981 4260 1083 4297; x_wconf 91' lang='lat' dir='ltr'><strong>nec</strong></span> <span class='ocrx_word' id='word_1_596' title='bbox 1124 4243 1319 4297; x_wconf 92' lang='lat' dir='ltr'><strong>debuit</strong></span> <span class='ocrx_word' id='word_1_597' title='bbox 1358 4260 1461 4297; x_wconf 90' lang='lat' dir='ltr'><strong>nec</strong></span> <span class='ocrx_word' id='word_1_598' title='bbox 1506 4249 1772 4296; x_wconf 87' lang='lat' dir='ltr'><strong>meretur.</strong></span> <span class='ocrx_word' id='word_1_599' title='bbox 1805 4244 1920 4297; x_wconf 89' lang='lat' dir='ltr'><strong>Nec</strong></span> <span class='ocrx_word' id='word_1_600' title='bbox 1947 4244 2096 4299; x_wconf 90' lang='lat' dir='ltr'><strong>enim</strong></span> 
     </span>
    </p>
   </div>
   <div class='ocr_carea' id='block_1_76' title="bbox 502 4331 2092 4403">
    <p class='ocr_par' dir='ltr' id='par_1_76' title="bbox 502 4331 2092 4403">
     <span class='ocr_line' id='line_1_76' title="bbox 502 4331 2092 4403; baseline 0 -16"><span class='ocrx_word' id='word_1_601' title='bbox 502 4334 689 4403; x_wconf 88' lang='lat' dir='ltr'><strong>majus</strong></span> <span class='ocrx_word' id='word_1_602' title='bbox 746 4339 833 4387; x_wconf 89' lang='lat' dir='ltr'><strong>est</strong></span> <span class='ocrx_word' id='word_1_603' title='bbox 882 4337 1266 4386; x_wconf 89' lang='lat' dir='ltr'><strong>transmutarc</strong></span> <span class='ocrx_word' id='word_1_604' title='bbox 1301 4337 1359 4385; x_wconf 90' lang='lat' dir='ltr'><strong>et</strong></span> <span class='ocrx_word' id='word_1_605' title='bbox 1388 4332 1608 4386; x_wconf 84' lang='lat' dir='ltr'><strong>efﬁcere</strong></span> <span class='ocrx_word' id='word_1_606' title='bbox 1638 4331 1793 4385; x_wconf 91' lang='lat' dir='ltr'><strong>aliud</strong></span> <span class='ocrx_word' id='word_1_607' title='bbox 1848 4350 1914 4385; x_wconf 87' lang='lat' dir='ltr'><strong>ex</strong></span> <span class='ocrx_word' id='word_1_608' title='bbox 1962 4333 2092 4401; x_wconf 91' lang='lat' dir='ltr'><strong>alio,</strong></span> 
     </span>
    </p>
   </div>
   <div class='ocr_carea' id='block_1_77' title="bbox 2183 3176 3794 3250">
    <p class='ocr_par' dir='ltr' id='par_1_77' title="bbox 2183 3176 3794 3250">
     <span class='ocr_line' id='line_1_77' title="bbox 2183 3176 3794 3250; baseline 0.003 -19"><span class='ocrx_word' id='word_1_609' title='bbox 2183 3177 2231 3232; x_wconf 87' lang='lat' dir='ltr'><strong>si</strong></span> <span class='ocrx_word' id='word_1_610' title='bbox 2263 3177 2492 3241; x_wconf 88' lang='lat' dir='ltr'><strong>diceret,</strong></span> <span class='ocrx_word' id='word_1_611' title='bbox 2526 3176 2630 3231; x_wconf 92' lang='lat' dir='ltr'><strong>etsi</strong></span> <span class='ocrx_word' id='word_1_612' title='bbox 2673 3182 2758 3231; x_wconf 90' lang='lat' dir='ltr'><strong>est</strong></span> <span class='ocrx_word' id='word_1_613' title='bbox 2787 3177 2943 3231; x_wconf 89' lang='lat' dir='ltr'><strong>cibus</strong></span> <span class='ocrx_word' id='word_1_614' title='bbox 2973 3178 3116 3232; x_wconf 89' lang='lat' dir='ltr'><strong>alius</strong></span> <span class='ocrx_word' id='word_1_615' title='bbox 3164 3194 3275 3249; x_wconf 91' lang='lat' dir='ltr'><strong>quo</strong></span> <span class='ocrx_word' id='word_1_616' title='bbox 3321 3183 3584 3250; x_wconf 91' lang='lat' dir='ltr'><strong>pascatur</strong></span> <span class='ocrx_word' id='word_1_617' title='bbox 3636 3180 3794 3237; x_wconf 85' lang='lat' dir='ltr'><strong>inte-</strong></span> 
     </span>
    </p>
   </div>
   <div class='ocr_carea' id='block_1_78' title="bbox 2183 3265 3796 3337">
    <p class='ocr_par' dir='ltr' id='par_1_78' title="bbox 2183 3265 3796 3337">
     <span class='ocr_line' id='line_1_78' title="bbox 2183 3265 3796 3337; baseline 0.003 -18"><span class='ocrx_word' id='word_1_618' title='bbox 2183 3266 2300 3320; x_wconf 87' lang='lat' dir='ltr'><strong>rior</strong></span> <span class='ocrx_word' id='word_1_619' title='bbox 2325 3267 2515 3333; x_wconf 88' lang='lat' dir='ltr'><strong>homo,</strong></span> <span class='ocrx_word' id='word_1_620' title='bbox 2552 3265 2759 3320; x_wconf 87' lang='lat' dir='ltr'><strong>habeat</strong></span> <span class='ocrx_word' id='word_1_621' title='bbox 2805 3266 3006 3337; x_wconf 87' lang='lat' dir='ltr'><strong>aliquis</strong></span> <span class='ocrx_word' id='word_1_622' title='bbox 3035 3267 3386 3334; x_wconf 88' lang='lat' dir='ltr'><strong>charitatem,</strong></span> <span class='ocrx_word' id='word_1_623' title='bbox 3437 3273 3495 3323; x_wconf 87' lang='lat' dir='ltr'><strong>et</strong></span> <span class='ocrx_word' id='word_1_624' title='bbox 3523 3268 3796 3325; x_wconf 88' lang='lat' dir='ltr'><strong>omnibus</strong></span> 
     </span>
    </p>
   </div>
   <div class='ocr_carea' id='block_1_79' title="bbox 2186 3354 3796 3428">
    <p class='ocr_par' dir='ltr' id='par_1_79' title="bbox 2186 3354 3796 3428">
     <span class='ocr_line' id='line_1_79' title="bbox 2186 3354 3796 3428; baseline 0.003 -19"><span class='ocrx_word' id='word_1_625' title='bbox 2186 3355 2497 3410; x_wconf 90' lang='lat' dir='ltr'><strong>abundabit</strong></span> <span class='ocrx_word' id='word_1_626' title='bbox 2524 3354 2705 3421; x_wconf 91' lang='lat' dir='ltr'><strong>bonis,</strong></span> <span class='ocrx_word' id='word_1_627' title='bbox 2758 3355 2891 3426; x_wconf 90' lang='lat' dir='ltr'><strong>quia</strong></span> <span class='ocrx_word' id='word_1_628' title='bbox 2932 3356 3138 3419; x_wconf 79' lang='lat' dir='ltr'><strong>fruitur</strong></span> <span class='ocrx_word' id='word_1_629' title='bbox 3167 3356 3261 3410; x_wconf 90' lang='lat' dir='ltr'><strong>illo</strong></span> <span class='ocrx_word' id='word_1_630' title='bbox 3308 3356 3477 3410; x_wconf 86' lang='lat' dir='ltr'><strong>verbo</strong></span> <span class='ocrx_word' id='word_1_631' title='bbox 3523 3357 3596 3410; x_wconf 90' lang='lat' dir='ltr'><strong>ad</strong></span> <span class='ocrx_word' id='word_1_632' title='bbox 3636 3359 3796 3428; x_wconf 86' lang='lat' dir='ltr'><strong>quod</strong></span> 
     </span>
    </p>
   </div>
   <div class='ocr_carea' id='block_1_80' title="bbox 2185 3445 3797 3502">
    <p class='ocr_par' dir='ltr' id='par_1_80' title="bbox 2185 3445 3797 3502">
     <span class='ocr_line' id='line_1_80' title="bbox 2185 3445 3797 3502; baseline 0.002 -4"><span class='ocrx_word' id='word_1_633' title='bbox 2185 3450 2528 3499; x_wconf 89' lang='lat' dir='ltr'><strong>concurrunt</strong></span> <span class='ocrx_word' id='word_1_634' title='bbox 2578 3445 2856 3499; x_wconf 87' lang='lat' dir='ltr'><strong>universa.</strong></span> <span class='ocrx_word' id='word_1_635' title='bbox 2900 3445 3045 3498; x_wconf 86' lang='lat' dir='ltr'><strong>Nam</strong></span> <span class='ocrx_word' id='word_1_636' title='bbox 3085 3445 3143 3499; x_wconf 93' lang='lat' dir='ltr'><strong>in</strong></span> <span class='ocrx_word' id='word_1_637' title='bbox 3183 3445 3407 3500; x_wconf 88' lang='lat' dir='ltr'><strong>Christo</strong></span> <span class='ocrx_word' id='word_1_638' title='bbox 3453 3446 3587 3501; x_wconf 90' lang='lat' dir='ltr'><strong>Jesu</strong></span> <span class='ocrx_word' id='word_1_639' title='bbox 3634 3447 3797 3502; x_wconf 89' lang='lat' dir='ltr'><strong>Deus</strong></span> 
     </span>
    </p>
   </div>
   <div class='ocr_carea' id='block_1_81' title="bbox 2187 3532 3799 3604">
    <p class='ocr_par' dir='ltr' id='par_1_81' title="bbox 2187 3532 3799 3604">
     <span class='ocr_line' id='line_1_81' title="bbox 2187 3532 3799 3604; baseline 0.002 -17"><span class='ocrx_word' id='word_1_640' title='bbox 2187 3538 2245 3588; x_wconf 92' lang='lat' dir='ltr'><strong>et</strong></span> <span class='ocrx_word' id='word_1_641' title='bbox 2272 3534 2440 3588; x_wconf 93' lang='lat' dir='ltr'><strong>homo</strong></span> <span class='ocrx_word' id='word_1_642' title='bbox 2469 3540 2594 3588; x_wconf 90' lang='lat' dir='ltr'><strong>erat</strong></span> <span class='ocrx_word' id='word_1_643' title='bbox 2618 3552 2630 3599; x_wconf 90' lang='lat'><strong>;</strong></span> <span class='ocrx_word' id='word_1_644' title='bbox 2676 3532 2927 3604; x_wconf 88' lang='lat' dir='ltr'><strong>quisquis</strong></span> <span class='ocrx_word' id='word_1_645' title='bbox 2956 3532 3051 3588; x_wconf 91' lang='lat' dir='ltr'><strong>illo</strong></span> <span class='ocrx_word' id='word_1_646' title='bbox 3081 3533 3262 3588; x_wconf 89' lang='lat' dir='ltr'><strong>utitur</strong></span> <span class='ocrx_word' id='word_1_647' title='bbox 3290 3532 3477 3601; x_wconf 88' lang='lat' dir='ltr'><strong>verbo,</strong></span> <span class='ocrx_word' id='word_1_648' title='bbox 3509 3535 3799 3591; x_wconf 84' lang='lat' dir='ltr'><strong>charitate</strong></span> 
     </span>
    </p>
   </div>
   <div class='ocr_carea' id='block_1_82' title="bbox 2184 3621 3802 3694">
    <p class='ocr_par' dir='ltr' id='par_1_82' title="bbox 2184 3621 3802 3694">
     <span class='ocr_line' id='line_1_82' title="bbox 2184 3621 3802 3694; baseline 0.002 -17"><span class='ocrx_word' id='word_1_649' title='bbox 2184 3623 2433 3694; x_wconf 85' lang='lat' dir='ltr'><strong>pascitur</strong></span> <span class='ocrx_word' id='word_1_650' title='bbox 2460 3622 2561 3676; x_wconf 90' lang='lat' dir='ltr'><strong>Dei</strong></span> <span class='ocrx_word' id='word_1_651' title='bbox 2588 3627 2644 3675; x_wconf 88' lang='lat' dir='ltr'><strong>et</strong></span> <span class='ocrx_word' id='word_1_652' title='bbox 2673 3621 2937 3690; x_wconf 89' lang='lat' dir='ltr'><strong>hominis,</strong></span> <span class='ocrx_word' id='word_1_653' title='bbox 2966 3623 3099 3692; x_wconf 88' lang='lat' dir='ltr'><strong>quia</strong></span> <span class='ocrx_word' id='word_1_654' title='bbox 3131 3639 3324 3677; x_wconf 90' lang='lat' dir='ltr'><strong>omnes</strong></span> <span class='ocrx_word' id='word_1_655' title='bbox 3354 3623 3413 3677; x_wconf 91' lang='lat' dir='ltr'><strong>in</strong></span> <span class='ocrx_word' id='word_1_656' title='bbox 3452 3623 3677 3679; x_wconf 88' lang='lat' dir='ltr'><strong>Christo</strong></span> <span class='ocrx_word' id='word_1_657' title='bbox 3700 3627 3802 3680; x_wconf 86' lang='lat' dir='ltr'><strong>di-</strong></span> 
     </span>
    </p>
   </div>
   <div class='ocr_carea' id='block_1_83' title="bbox 2183 3711 3802 3785">
    <p class='ocr_par' dir='ltr' id='par_1_83' title="bbox 2183 3711 3802 3785">
     <span class='ocr_line' id='line_1_83' title="bbox 2183 3711 3802 3785; baseline 0.001 -18"><span class='ocrx_word' id='word_1_658' title='bbox 2183 3713 2309 3782; x_wconf 89' lang='lat' dir='ltr'><strong>ligit</strong></span> <span class='ocrx_word' id='word_1_659' title='bbox 2331 3717 2716 3768; x_wconf 75' lang='lat' dir='ltr'><strong>et’veneratur</strong></span> <span class='ocrx_word' id='word_1_660' title='bbox 2736 3716 2800 3764; x_wconf 93' lang='lat' dir='ltr'><strong>ut</strong></span> <span class='ocrx_word' id='word_1_661' title='bbox 2814 3711 3066 3765; x_wconf 90' lang='lat' dir='ltr'><strong>membra</strong></span> <span class='ocrx_word' id='word_1_662' title='bbox 3091 3713 3326 3781; x_wconf 87' lang='lat' dir='ltr'><strong>Christi;</strong></span> <span class='ocrx_word' id='word_1_663' title='bbox 3363 3718 3420 3768; x_wconf 90' lang='lat' dir='ltr'><strong>et</strong></span> <span class='ocrx_word' id='word_1_664' title='bbox 3434 3714 3529 3785; x_wconf 91' lang='lat' dir='ltr'><strong>qui</strong></span> <span class='ocrx_word' id='word_1_665' title='bbox 3544 3713 3802 3768; x_wconf 85' lang='lat' dir='ltr'><strong>necdum</strong></span> 
     </span>
    </p>
   </div>
   <div class='ocr_carea' id='block_1_84' title="bbox 2183 3800 3803 3873">
    <p class='ocr_par' dir='ltr' id='par_1_84' title="bbox 2183 3800 3803 3873">
     <span class='ocr_line' id='line_1_84' title="bbox 2183 3800 3803 3873; baseline 0 -17"><span class='ocrx_word' id='word_1_666' title='bbox 2183 3807 2317 3856; x_wconf 90' lang='lat' dir='ltr'><strong>sunt</strong></span> <span class='ocrx_word' id='word_1_667' title='bbox 2345 3801 2403 3854; x_wconf 92' lang='lat' dir='ltr'><strong>in</strong></span> <span class='ocrx_word' id='word_1_668' title='bbox 2452 3800 2699 3864; x_wconf 83' lang='lat' dir='ltr'><strong>Christo,</strong></span> <span class='ocrx_word' id='word_1_669' title='bbox 2732 3805 2893 3854; x_wconf 84' lang='lat' dir='ltr'><strong>curat</strong></span> <span class='ocrx_word' id='word_1_670' title='bbox 2937 3806 3001 3854; x_wconf 91' lang='lat' dir='ltr'><strong>ut</strong></span> <span class='ocrx_word' id='word_1_671' title='bbox 3043 3801 3113 3855; x_wconf 87' lang='lat' dir='ltr'><strong>ad</strong></span> <span class='ocrx_word' id='word_1_672' title='bbox 3162 3817 3292 3855; x_wconf 91' lang='lat' dir='ltr'><strong>eum</strong></span> <span class='ocrx_word' id='word_1_673' title='bbox 3345 3801 3699 3873; x_wconf 83' lang='lat' dir='ltr'><strong>perveniant,</strong></span> <span class='ocrx_word' id='word_1_674' title='bbox 3741 3807 3803 3856; x_wconf 86' lang='lat' dir='ltr'><strong>et</strong></span> 
     </span>
    </p>
   </div>
   <div class='ocr_carea' id='block_1_85' title="bbox 2182 3889 3803 3961">
    <p class='ocr_par' dir='ltr' id='par_1_85' title="bbox 2182 3889 3803 3961">
     <span class='ocr_line' id='line_1_85' title="bbox 2182 3889 3803 3961; baseline 0.001 -17"><span class='ocrx_word' id='word_1_675' title='bbox 2182 3891 2570 3961; x_wconf 86' lang='lat' dir='ltr'><strong>compleantur</strong></span> <span class='ocrx_word' id='word_1_676' title='bbox 2617 3890 2806 3943; x_wconf 88' lang='lat' dir='ltr'><strong>omnia</strong></span> <span class='ocrx_word' id='word_1_677' title='bbox 2853 3889 3059 3944; x_wconf 89' lang='lat' dir='ltr'><strong>Christi</strong></span> <span class='ocrx_word' id='word_1_678' title='bbox 3119 3889 3397 3945; x_wconf 85' lang='lat' dir='ltr'><strong>membra.</strong></span> <span class='ocrx_word' id='word_1_679' title='bbox 3429 3889 3699 3960; x_wconf 89' lang='lat' dir='ltr'><strong>Alioquin</strong></span> <span class='ocrx_word' id='word_1_680' title='bbox 3752 3891 3803 3945; x_wconf 86' lang='lat' dir='ltr'><strong>si</strong></span> 
     </span>
    </p>
   </div>
   <div class='ocr_carea' id='block_1_86' title="bbox 2181 3977 3857 4049">
    <p class='ocr_par' dir='ltr' id='par_1_86' title="bbox 2181 3977 3857 4049">
     <span class='ocr_line' id='line_1_86' title="bbox 2181 3977 3857 4049; baseline -0.001 -17"><span class='ocrx_word' id='word_1_681' title='bbox 2181 3978 2385 4032; x_wconf 90' lang='lat' dir='ltr'><strong>habeat</strong></span> <span class='ocrx_word' id='word_1_682' title='bbox 2407 3978 2598 4033; x_wconf 89' lang='lat' dir='ltr'><strong>omnia</strong></span> <span class='ocrx_word' id='word_1_683' title='bbox 2626 3995 2815 4033; x_wconf 89' lang='lat' dir='ltr'><strong>rerum</strong></span> <span class='ocrx_word' id='word_1_684' title='bbox 2857 3977 3047 4044; x_wconf 90' lang='lat' dir='ltr'><strong>verba,</strong></span> <span class='ocrx_word' id='word_1_685' title='bbox 3094 3984 3150 4032; x_wconf 91' lang='lat' dir='ltr'><strong>et</strong></span> <span class='ocrx_word' id='word_1_686' title='bbox 3179 3978 3460 4049; x_wconf 86' lang='lat' dir='ltr'><strong>compleat</strong></span> <span class='ocrx_word' id='word_1_687' title='bbox 3488 3977 3661 4032; x_wconf 87' lang='lat' dir='ltr'><strong>etiam</strong></span> <span class='ocrx_word' id='word_1_688' title='bbox 3692 3996 3798 4034; x_wconf 86' lang='lat' dir='ltr'><strong>re-</strong></span> <span class='ocrx_word' id='word_1_689' title='bbox 3856 4028 3857 4031; x_wconf 44' lang='grc' dir='ltr'><strong>η</strong></span> 
     </span>
    </p>
   </div>
   <div class='ocr_carea' id='block_1_87' title="bbox 2183 4066 3797 4139">
    <p class='ocr_par' dir='ltr' id='par_1_87' title="bbox 2183 4066 3797 4139">
     <span class='ocr_line' id='line_1_87' title="bbox 2183 4066 3797 4139; baseline 0 -18"><span class='ocrx_word' id='word_1_690' title='bbox 2183 4067 2338 4138; x_wconf 82' lang='lat' dir='ltr'><strong>liqua</strong></span> <span class='ocrx_word' id='word_1_691' title='bbox 2393 4068 2553 4138; x_wconf 88' lang='lat' dir='ltr'><strong>quasi</strong></span> <span class='ocrx_word' id='word_1_692' title='bbox 2609 4068 2881 4122; x_wconf 87' lang='lat' dir='ltr'><strong>virtutum</strong></span> <span class='ocrx_word' id='word_1_693' title='bbox 2938 4084 3125 4139; x_wconf 85' lang='lat' dir='ltr'><strong>Opera,</strong></span> <span class='ocrx_word' id='word_1_694' title='bbox 3171 4067 3348 4121; x_wconf 88' lang='lat' dir='ltr'><strong>factus</strong></span> <span class='ocrx_word' id='word_1_695' title='bbox 3397 4072 3485 4121; x_wconf 90' lang='lat' dir='ltr'><strong>est</strong></span> <span class='ocrx_word' id='word_1_696' title='bbox 3528 4066 3797 4121; x_wconf 88' lang='lat' dir='ltr'><strong>omnium</strong></span> 
     </span>
    </p>
   </div>
   <div class='ocr_carea' id='block_1_88' title="bbox 2178 4154 3797 4223">
    <p class='ocr_par' dir='ltr' id='par_1_88' title="bbox 2178 4154 3797 4223">
     <span class='ocr_line' id='line_1_88' title="bbox 2178 4154 3797 4223; baseline 0.001 -15"><span class='ocrx_word' id='word_1_697' title='bbox 2178 4172 2328 4223; x_wconf 88' lang='lat' dir='ltr'><strong>reus,</strong></span> <span class='ocrx_word' id='word_1_698' title='bbox 2362 4155 2408 4209; x_wconf 90' lang='lat' dir='ltr'><strong>si</strong></span> <span class='ocrx_word' id='word_1_699' title='bbox 2439 4172 2550 4209; x_wconf 89' lang='lat' dir='ltr'><strong>non</strong></span> <span class='ocrx_word' id='word_1_700' title='bbox 2579 4156 2776 4210; x_wconf 87' lang='lat' dir='ltr'><strong>vixerit</strong></span> <span class='ocrx_word' id='word_1_701' title='bbox 2830 4157 2933 4210; x_wconf 90' lang='lat' dir='ltr'><strong>hoc</strong></span> <span class='ocrx_word' id='word_1_702' title='bbox 2994 4155 3148 4210; x_wconf 89' lang='lat' dir='ltr'><strong>omni</strong></span> <span class='ocrx_word' id='word_1_703' title='bbox 3194 4154 3382 4209; x_wconf 89' lang='lat' dir='ltr'><strong>verbo.</strong></span> <span class='ocrx_word' id='word_1_704' title='bbox 3439 4155 3540 4209; x_wconf 89' lang='lat' dir='ltr'><strong>Est</strong></span> <span class='ocrx_word' id='word_1_705' title='bbox 3589 4160 3797 4209; x_wconf 85' lang='lat' dir='ltr'><strong>autem</strong></span> 
     </span>
    </p>
   </div>
   <div class='ocr_carea' id='block_1_89' title="bbox 2177 4244 3792 4317">
    <p class='ocr_par' dir='ltr' id='par_1_89' title="bbox 2177 4244 3792 4317">
     <span class='ocr_line' id='line_1_89' title="bbox 2177 4244 3792 4317; baseline 0.001 -19"><span class='ocrx_word' id='word_1_706' title='bbox 2177 4245 2283 4299; x_wconf 91' lang='lat' dir='ltr'><strong>hoc</strong></span> <span class='ocrx_word' id='word_1_707' title='bbox 2328 4244 2558 4299; x_wconf 88' lang='lat' dir='ltr'><strong>verbum</strong></span> <span class='ocrx_word' id='word_1_708' title='bbox 2608 4246 2870 4316; x_wconf 88' lang='lat' dir='ltr'><strong>generale</strong></span> <span class='ocrx_word' id='word_1_709' title='bbox 2927 4245 3179 4299; x_wconf 88' lang='lat' dir='ltr'><strong>omnium</strong></span> <span class='ocrx_word' id='word_1_710' title='bbox 3227 4244 3546 4311; x_wconf 88' lang='lat' dir='ltr'><strong>verborum,</strong></span> <span class='ocrx_word' id='word_1_711' title='bbox 3572 4244 3634 4297; x_wconf 90' lang='lat' dir='ltr'><strong>in</strong></span> <span class='ocrx_word' id='word_1_712' title='bbox 3669 4261 3792 4317; x_wconf 86' lang='lat' dir='ltr'><strong>quo</strong></span> 
     </span>
    </p>
   </div>
   <div class='ocr_carea' id='block_1_90' title="bbox 2178 4332 3793 4406">
    <p class='ocr_par' dir='ltr' id='par_1_90' title="bbox 2178 4332 3793 4406">
     <span class='ocr_line' id='line_1_90' title="bbox 2178 4332 3793 4406; baseline 0.001 -18"><span class='ocrx_word' id='word_1_713' title='bbox 2178 4335 2427 4406; x_wconf 87' lang='lat' dir='ltr'><strong>pendant</strong></span> <span class='ocrx_word' id='word_1_714' title='bbox 2464 4335 2654 4389; x_wconf 90' lang='lat' dir='ltr'><strong>omnia</strong></span> <span class='ocrx_word' id='word_1_715' title='bbox 2683 4334 2867 4400; x_wconf 84' lang='lat' dir='ltr'><strong>verba,</strong></span> <span class='ocrx_word' id='word_1_716' title='bbox 2902 4352 3015 4388; x_wconf 91' lang='lat' dir='ltr'><strong>non</strong></span> <span class='ocrx_word' id='word_1_717' title='bbox 3055 4334 3486 4406; x_wconf 90' lang='lat' dir='ltr'><strong>qualiacunque,</strong></span> <span class='ocrx_word' id='word_1_718' title='bbox 3523 4332 3623 4387; x_wconf 91' lang='lat' dir='ltr'><strong>sed</strong></span> <span class='ocrx_word' id='word_1_719' title='bbox 3655 4350 3793 4405; x_wconf 73' lang='lat' dir='ltr'><strong>quae</strong></span> 
     </span>
    </p>
   </div>
   <div class='ocr_carea' id='block_1_91' title="bbox 502 4420 3791 4495">
    <p class='ocr_par' dir='ltr' id='par_1_91' title="bbox 502 4420 3791 4495">
     <span class='ocr_line' id='line_1_91' title="bbox 502 4420 3791 4495; baseline 0.001 -20"><span class='ocrx_word' id='word_1_720' title='bbox 502 4438 673 4493; x_wconf 90' lang='lat' dir='ltr'><strong>quam</strong></span> <span class='ocrx_word' id='word_1_721' title='bbox 705 4426 906 4476; x_wconf 90' lang='lat' dir='ltr'><strong>cuncta</strong></span> <span class='ocrx_word' id='word_1_722' title='bbox 931 4438 1122 4475; x_wconf 90' lang='lat' dir='ltr'><strong>creare</strong></span> <span class='ocrx_word' id='word_1_723' title='bbox 1151 4438 1215 4474; x_wconf 85' lang='lat' dir='ltr'><strong>ex</strong></span> <span class='ocrx_word' id='word_1_724' title='bbox 1254 4420 1449 4474; x_wconf 90' lang='lat' dir='ltr'><strong>nihilo.</strong></span> <span class='ocrx_word' id='word_1_725' title='bbox 1472 4420 1580 4475; x_wconf 87' lang='lat' dir='ltr'><strong>Sed</strong></span> <span class='ocrx_word' id='word_1_726' title='bbox 1596 4421 2099 4492; x_wconf 83' lang='lat' dir='ltr'><strong>refrenaturjussio</strong></span> <span class='ocrx_word' id='word_1_727' title='bbox 2122 4420 2493 4495; x_wconf 90' lang='lat' dir='ltr'><strong>Dprocedunt</strong></span> <span class='ocrx_word' id='word_1_728' title='bbox 2519 4424 2588 4478; x_wconf 87' lang='lat' dir='ltr'><strong>de</strong></span> <span class='ocrx_word' id='word_1_729' title='bbox 2619 4440 2713 4477; x_wconf 88' lang='lat' dir='ltr'><strong>ore</strong></span> <span class='ocrx_word' id='word_1_730' title='bbox 2729 4423 2849 4478; x_wconf 91' lang='lat' dir='ltr'><strong>Dei.</strong></span> <span class='ocrx_word' id='word_1_731' title='bbox 2877 4425 3156 4477; x_wconf 86' lang='lat' dir='ltr'><strong>Caeterum</strong></span> <span class='ocrx_word' id='word_1_732' title='bbox 3187 4422 3356 4477; x_wconf 89' lang='lat' dir='ltr'><strong>verba</strong></span> <span class='ocrx_word' id='word_1_733' title='bbox 3384 4422 3791 4478; x_wconf 75' lang='lat' dir='ltr'><strong>haereticorum</strong></span> 
     </span>
    </p>
   </div>
   <div class='ocr_carea' id='block_1_92' title="bbox 496 4510 2100 4582">
    <p class='ocr_par' dir='ltr' id='par_1_92' title="bbox 496 4510 2100 4582">
     <span class='ocr_line' id='line_1_92' title="bbox 496 4510 2100 4582; baseline 0.001 -18"><span class='ocrx_word' id='word_1_734' title='bbox 496 4510 747 4581; x_wconf 90' lang='lat' dir='ltr'><strong>jubentis</strong></span> <span class='ocrx_word' id='word_1_735' title='bbox 760 4512 1174 4582; x_wconf 89' lang='lat' dir='ltr'><strong>Scripturarum</strong></span> <span class='ocrx_word' id='word_1_736' title='bbox 1192 4510 1619 4579; x_wconf 89' lang='lat' dir='ltr'><strong>auctoritate,ut</strong></span> <span class='ocrx_word' id='word_1_737' title='bbox 1631 4510 1912 4565; x_wconf 90' lang='lat' dir='ltr'><strong>discerent</strong></span> <span class='ocrx_word' id='word_1_738' title='bbox 1927 4528 2100 4565; x_wconf 90' lang='lat' dir='ltr'><strong>mem-</strong></span> 
     </span>
    </p>
   </div>
   <div class='ocr_carea' id='block_1_93' title="bbox 499 4598 2097 4671">
    <p class='ocr_par' dir='ltr' id='par_1_93' title="bbox 499 4598 2097 4671">
     <span class='ocr_line' id='line_1_93' title="bbox 499 4598 2097 4671; baseline 0.001 -18"><span class='ocrx_word' id='word_1_739' title='bbox 499 4598 601 4653; x_wconf 90' lang='lat' dir='ltr'><strong>bra</strong></span> <span class='ocrx_word' id='word_1_740' title='bbox 630 4599 877 4671; x_wconf 89' lang='lat' dir='ltr'><strong>corporis</strong></span> <span class='ocrx_word' id='word_1_741' title='bbox 906 4602 1048 4671; x_wconf 89' lang='lat' dir='ltr'><strong>ejus,</strong></span> <span class='ocrx_word' id='word_1_742' title='bbox 1082 4600 1260 4670; x_wconf 88' lang='lat' dir='ltr'><strong>magis</strong></span> <span class='ocrx_word' id='word_1_743' title='bbox 1289 4599 1545 4653; x_wconf 90' lang='lat' dir='ltr'><strong>doctrina</strong></span> <span class='ocrx_word' id='word_1_744' title='bbox 1575 4598 1869 4670; x_wconf 87' lang='lat' dir='ltr'><strong>utriusque</strong></span> <span class='ocrx_word' id='word_1_745' title='bbox 1899 4601 2097 4655; x_wconf 88' lang='lat' dir='ltr'><strong>Testa-</strong></span> 
     </span>
    </p>
   </div>
   <div class='ocr_carea' id='block_1_94' title="bbox 498 4687 2098 4760">
    <p class='ocr_par' dir='ltr' id='par_1_94' title="bbox 498 4687 2098 4760">
     <span class='ocr_line' id='line_1_94' title="bbox 498 4687 2098 4760; baseline 0.001 -17"><span class='ocrx_word' id='word_1_746' title='bbox 498 4689 673 4743; x_wconf 90' lang='lat' dir='ltr'><strong>menti</strong></span> <span class='ocrx_word' id='word_1_747' title='bbox 705 4706 873 4760; x_wconf 87' lang='lat' dir='ltr'><strong>quam</strong></span> <span class='ocrx_word' id='word_1_748' title='bbox 903 4689 1185 4744; x_wconf 87' lang='lat' dir='ltr'><strong>miraculis</strong></span> <span class='ocrx_word' id='word_1_749' title='bbox 1217 4687 1441 4742; x_wconf 89' lang='lat' dir='ltr'><strong>deitatis</strong></span> <span class='ocrx_word' id='word_1_750' title='bbox 1463 4689 1587 4758; x_wconf 87' lang='lat' dir='ltr'><strong>ejus</strong></span> <span class='ocrx_word' id='word_1_751' title='bbox 1609 4705 1882 4759; x_wconf 86' lang='lat' dir='ltr'><strong>pugnare.</strong></span> <span class='ocrx_word' id='word_1_752' title='bbox 1919 4689 2098 4753; x_wconf 88' lang='lat' dir='ltr'><strong>Quem</strong></span> 
     </span>
    </p>
   </div>
   <div class='ocr_carea' id='block_1_95' title="bbox 500 4776 2094 4849">
    <p class='ocr_par' dir='ltr' id='par_1_95' title="bbox 500 4776 2094 4849">
     <span class='ocr_line' id='line_1_95' title="bbox 500 4776 2094 4849; baseline 0 -17"><span class='ocrx_word' id='word_1_753' title='bbox 500 4777 547 4832; x_wconf 92' lang='lat' dir='ltr'><strong>si</strong></span> <span class='ocrx_word' id='word_1_754' title='bbox 579 4778 825 4832; x_wconf 90' lang='lat' dir='ltr'><strong>novisset</strong></span> <span class='ocrx_word' id='word_1_755' title='bbox 840 4778 1054 4849; x_wconf 88' lang='lat' dir='ltr'><strong>primus</strong></span> <span class='ocrx_word' id='word_1_756' title='bbox 1076 4778 1244 4831; x_wconf 91' lang='lat' dir='ltr'><strong>homo</strong></span> <span class='ocrx_word' id='word_1_757' title='bbox 1265 4776 1449 4831; x_wconf 89' lang='lat' dir='ltr'><strong>divino</strong></span> <span class='ocrx_word' id='word_1_758' title='bbox 1469 4778 1858 4848; x_wconf 87' lang='lat' dir='ltr'><strong>praeceptionis</strong></span> <span class='ocrx_word' id='word_1_759' title='bbox 1869 4780 2094 4833; x_wconf 88' lang='lat' dir='ltr'><strong>oraculo</strong></span> 
     </span>
    </p>
   </div>
   <div class='ocr_carea' id='block_1_96' title="bbox 498 4866 2095 4938">
    <p class='ocr_par' dir='ltr' id='par_1_96' title="bbox 498 4866 2095 4938">
     <span class='ocr_line' id='line_1_96' title="bbox 498 4866 2095 4938; baseline 0 -17"><span class='ocrx_word' id='word_1_760' title='bbox 498 4867 579 4921; x_wconf 87' lang='lat' dir='ltr'><strong>ita</strong></span> <span class='ocrx_word' id='word_1_761' title='bbox 600 4867 1282 4938; x_wconf 86' lang='lat' dir='ltr'><strong>retundere,nequaquam</strong></span> <span class='ocrx_word' id='word_1_762' title='bbox 1301 4866 1630 4937; x_wconf 87' lang='lat' dir='ltr'><strong>impegisset</strong></span> <span class='ocrx_word' id='word_1_763' title='bbox 1648 4867 1707 4921; x_wconf 90' lang='lat' dir='ltr'><strong>in</strong></span> <span class='ocrx_word' id='word_1_764' title='bbox 1732 4868 2095 4935; x_wconf 87' lang='lat' dir='ltr'><strong>mortem,sed</strong></span> 
     </span>
    </p>
   </div>
   <div class='ocr_carea' id='block_1_97' title="bbox 498 4953 2094 5027">
    <p class='ocr_par' dir='ltr' id='par_1_97' title="bbox 498 4953 2094 5027">
     <span class='ocr_line' id='line_1_97' title="bbox 498 4953 2094 5027; baseline 0 -17"><span class='ocrx_word' id='word_1_765' title='bbox 498 4955 696 5010; x_wconf 88' lang='lat' dir='ltr'><strong>beatus</strong></span> <span class='ocrx_word' id='word_1_766' title='bbox 725 4961 852 5027; x_wconf 92' lang='lat' dir='ltr'><strong>post</strong></span> <span class='ocrx_word' id='word_1_767' title='bbox 879 4955 1233 5025; x_wconf 89' lang='lat' dir='ltr'><strong>triumphum</strong></span> <span class='ocrx_word' id='word_1_768' title='bbox 1262 4953 1596 5010; x_wconf 91' lang='lat' dir='ltr'><strong>obeditionis</strong></span> <span class='ocrx_word' id='word_1_769' title='bbox 1628 4973 1761 5019; x_wconf 71' lang='lat' dir='ltr'><strong>suae.</strong></span> <span class='ocrx_word' id='word_1_770' title='bbox 1796 4956 1853 5011; x_wconf 90' lang='lat' dir='ltr'><strong>in</strong></span> <span class='ocrx_word' id='word_1_771' title='bbox 1896 4955 2094 5010; x_wconf 90' lang='lat' dir='ltr'><strong>melius</strong></span> 
     </span>
    </p>
   </div>
   <div class='ocr_carea' id='block_1_98' title="bbox 495 5044 2093 5115">
    <p class='ocr_par' dir='ltr' id='par_1_98' title="bbox 495 5044 2093 5115">
     <span class='ocr_line' id='line_1_98' title="bbox 495 5044 2093 5115; baseline 0 -15"><span class='ocrx_word' id='word_1_772' title='bbox 495 5046 804 5100; x_wconf 88' lang='lat' dir='ltr'><strong>translatus</strong></span> <span class='ocrx_word' id='word_1_773' title='bbox 834 5044 1113 5097; x_wconf 90' lang='lat' dir='ltr'><strong>existeret.</strong></span> <span class='ocrx_word' id='word_1_774' title='bbox 1159 5044 1245 5097; x_wconf 87' lang='lat' dir='ltr'><strong>Ad</strong></span> <span class='ocrx_word' id='word_1_775' title='bbox 1276 5044 1490 5115; x_wconf 89' lang='lat' dir='ltr'><strong>lapides</strong></span> <span class='ocrx_word' id='word_1_776' title='bbox 1519 5049 1708 5100; x_wconf 86' lang='lat' dir='ltr'><strong>autem</strong></span> <span class='ocrx_word' id='word_1_777' title='bbox 1737 5045 1951 5099; x_wconf 77' lang='lat' dir='ltr'><strong>fraudis</strong></span> <span class='ocrx_word' id='word_1_778' title='bbox 1980 5061 2093 5100; x_wconf 80' lang='lat' dir='ltr'><strong>suae</strong></span> 
     </span>
    </p>
   </div>
   <div class='ocr_carea' id='block_1_99' title="bbox 498 5133 2093 5207">
    <p class='ocr_par' dir='ltr' id='par_1_99' title="bbox 498 5133 2093 5207">
     <span class='ocr_line' id='line_1_99' title="bbox 498 5133 2093 5207; baseline -0.001 -18"><span class='ocrx_word' id='word_1_779' title='bbox 498 5133 896 5207; x_wconf 86' lang='lat' dir='ltr'><strong>experientiam</strong></span> <span class='ocrx_word' id='word_1_780' title='bbox 928 5133 1217 5199; x_wconf 85' lang='lat' dir='ltr'><strong>convertit,</strong></span> <span class='ocrx_word' id='word_1_781' title='bbox 1239 5138 1303 5187; x_wconf 91' lang='lat' dir='ltr'><strong>ut</strong></span> <span class='ocrx_word' id='word_1_782' title='bbox 1331 5133 1595 5204; x_wconf 89' lang='lat' dir='ltr'><strong>probaret</strong></span> <span class='ocrx_word' id='word_1_783' title='bbox 1619 5134 1666 5189; x_wconf 91' lang='lat' dir='ltr'><strong>si</strong></span> <span class='ocrx_word' id='word_1_784' title='bbox 1697 5135 1745 5189; x_wconf 92' lang='lat' dir='ltr'><strong>is</strong></span> <span class='ocrx_word' id='word_1_785' title='bbox 1774 5139 1920 5188; x_wconf 90' lang='lat' dir='ltr'><strong>esset</strong></span> <span class='ocrx_word' id='word_1_786' title='bbox 1933 5136 2093 5204; x_wconf 91' lang='lat' dir='ltr'><strong>cujus</strong></span> 
     </span>
    </p>
   </div>
   <div class='ocr_carea' id='block_1_100' title="bbox 498 5223 2088 5295">
    <p class='ocr_par' dir='ltr' id='par_1_100' title="bbox 498 5223 2088 5295">
     <span class='ocr_line' id='line_1_100' title="bbox 498 5223 2088 5295; baseline -0.001 -18"><span class='ocrx_word' id='word_1_787' title='bbox 498 5223 734 5294; x_wconf 88' lang='lat' dir='ltr'><strong>imperio</strong></span> <span class='ocrx_word' id='word_1_788' title='bbox 778 5223 996 5293; x_wconf 90' lang='lat' dir='ltr'><strong>Moyses</strong></span> <span class='ocrx_word' id='word_1_789' title='bbox 1036 5223 1241 5293; x_wconf 91' lang='lat' dir='ltr'><strong>populo</strong></span> <span class='ocrx_word' id='word_1_790' title='bbox 1262 5239 1437 5294; x_wconf 90' lang='lat' dir='ltr'><strong>aquas</strong></span> <span class='ocrx_word' id='word_1_791' title='bbox 1457 5224 1525 5278; x_wconf 92' lang='lat' dir='ltr'><strong>de</strong></span> <span class='ocrx_word' id='word_1_792' title='bbox 1546 5229 1702 5295; x_wconf 88' lang='lat' dir='ltr'><strong>petra</strong></span> <span class='ocrx_word' id='word_1_793' title='bbox 1733 5224 2088 5294; x_wconf 79' lang='lat' dir='ltr'><strong>produxerat.</strong></span> 
     </span>
    </p>
   </div>
   <div class='ocr_carea' id='block_1_101' title="bbox 500 5310 2090 5383">
    <p class='ocr_par' dir='ltr' id='par_1_101' title="bbox 500 5310 2090 5383">
     <span class='ocr_line' id='line_1_101' title="bbox 500 5310 2090 5383; baseline -0.001 -17"><span class='ocrx_word' id='word_1_794' title='bbox 500 5310 712 5366; x_wconf 89' lang='lat' dir='ltr'><strong>Suadet</strong></span> <span class='ocrx_word' id='word_1_795' title='bbox 740 5310 915 5380; x_wconf 88' lang='lat' dir='ltr'><strong>igitur</strong></span> <span class='ocrx_word' id='word_1_796' title='bbox 941 5311 1275 5365; x_wconf 89' lang='lat' dir='ltr'><strong>conditionis</strong></span> <span class='ocrx_word' id='word_1_797' title='bbox 1295 5329 1408 5367; x_wconf 59' lang='lat' dir='ltr'><strong>suae</strong></span> <span class='ocrx_word' id='word_1_798' title='bbox 1438 5313 1681 5367; x_wconf 90' lang='lat' dir='ltr'><strong>esuriem</strong></span> <span class='ocrx_word' id='word_1_799' title='bbox 1712 5329 1857 5383; x_wconf 89' lang='lat' dir='ltr'><strong>pane</strong></span> <span class='ocrx_word' id='word_1_800' title='bbox 1874 5329 1939 5366; x_wconf 86' lang='lat' dir='ltr'><strong>ex</strong></span> <span class='ocrx_word' id='word_1_801' title='bbox 1957 5313 2090 5383; x_wconf 86' lang='lat' dir='ltr'><strong>lapi-</strong></span> 
     </span>
    </p>
   </div>
   <div class='ocr_carea' id='block_1_102' title="bbox 498 5399 2085 5472">
    <p class='ocr_par' dir='ltr' id='par_1_102' title="bbox 498 5399 2085 5472">
     <span class='ocr_line' id='line_1_102' title="bbox 498 5399 2085 5472; baseline 0.001 -19"><span class='ocrx_word' id='word_1_802' title='bbox 498 5399 664 5453; x_wconf 88' lang='lat' dir='ltr'><strong>dibus</strong></span> <span class='ocrx_word' id='word_1_803' title='bbox 685 5399 879 5454; x_wconf 78' lang='lat' dir='ltr'><strong>eﬁ&#39;ecto</strong></span> <span class='ocrx_word' id='word_1_804' title='bbox 905 5399 1193 5467; x_wconf 87' lang='lat' dir='ltr'><strong>relevaret,</strong></span> <span class='ocrx_word' id='word_1_805' title='bbox 1224 5418 1335 5455; x_wconf 92' lang='lat' dir='ltr'><strong>non</strong></span> <span class='ocrx_word' id='word_1_806' title='bbox 1357 5402 1499 5472; x_wconf 91' lang='lat' dir='ltr'><strong>quod</strong></span> <span class='ocrx_word' id='word_1_807' title='bbox 1533 5418 1678 5456; x_wconf 84' lang='lat' dir='ltr'><strong>curae</strong></span> <span class='ocrx_word' id='word_1_808' title='bbox 1707 5401 1781 5456; x_wconf 91' lang='lat' dir='ltr'><strong>sit</strong></span> <span class='ocrx_word' id='word_1_809' title='bbox 1801 5402 1851 5455; x_wconf 88' lang='lat' dir='ltr'><strong>ei</strong></span> <span class='ocrx_word' id='word_1_810' title='bbox 1872 5401 2085 5468; x_wconf 88' lang='lat' dir='ltr'><strong>salutis,</strong></span> 
     </span>
    </p>
   </div>
   <div class='ocr_carea' id='block_1_103' title="bbox 2180 4510 3793 4584">
    <p class='ocr_par' dir='ltr' id='par_1_103' title="bbox 2180 4510 3793 4584">
     <span class='ocr_line' id='line_1_103' title="bbox 2180 4510 3793 4584; baseline 0.001 -18"><span class='ocrx_word' id='word_1_811' title='bbox 2180 4518 2239 4567; x_wconf 91' lang='lat' dir='ltr'><strong>et</strong></span> <span class='ocrx_word' id='word_1_812' title='bbox 2265 4518 2559 4584; x_wconf 89' lang='lat' dir='ltr'><strong>poetarum</strong></span> <span class='ocrx_word' id='word_1_813' title='bbox 2608 4529 2670 4566; x_wconf 89' lang='lat' dir='ltr'><strong>ac</strong></span> <span class='ocrx_word' id='word_1_814' title='bbox 2711 4512 3192 4584; x_wconf 87' lang='lat' dir='ltr'><strong>philosophorum,</strong></span> <span class='ocrx_word' id='word_1_815' title='bbox 3226 4517 3383 4566; x_wconf 88' lang='lat' dir='ltr'><strong>extra</strong></span> <span class='ocrx_word' id='word_1_816' title='bbox 3408 4512 3514 4567; x_wconf 84' lang='lat' dir='ltr'><strong>hoc</strong></span> <span class='ocrx_word' id='word_1_817' title='bbox 3540 4510 3793 4567; x_wconf 79' lang='lat' dir='ltr'><strong>verbum</strong></span> 
     </span>
    </p>
   </div>
   <div class='ocr_carea' id='block_1_104' title="bbox 2180 4600 3793 4673">
    <p class='ocr_par' dir='ltr' id='par_1_104' title="bbox 2180 4600 3793 4673">
     <span class='ocr_line' id='line_1_104' title="bbox 2180 4600 3793 4673; baseline 0.001 -18"><span class='ocrx_word' id='word_1_818' title='bbox 2180 4608 2335 4671; x_wconf 88' lang='lat' dir='ltr'><strong>sunt,</strong></span> <span class='ocrx_word' id='word_1_819' title='bbox 2367 4601 2498 4673; x_wconf 88' lang='lat' dir='ltr'><strong>quia</strong></span> <span class='ocrx_word' id='word_1_820' title='bbox 2551 4617 2662 4655; x_wconf 91' lang='lat' dir='ltr'><strong>non</strong></span> <span class='ocrx_word' id='word_1_821' title='bbox 2715 4606 2846 4655; x_wconf 89' lang='lat' dir='ltr'><strong>sunt</strong></span> <span class='ocrx_word' id='word_1_822' title='bbox 2897 4601 2955 4655; x_wconf 91' lang='lat' dir='ltr'><strong>in</strong></span> <span class='ocrx_word' id='word_1_823' title='bbox 3002 4600 3296 4669; x_wconf 86' lang='lat' dir='ltr'><strong>charitate,</strong></span> <span class='ocrx_word' id='word_1_824' title='bbox 3327 4617 3511 4673; x_wconf 90' lang='lat' dir='ltr'><strong>neque</strong></span> <span class='ocrx_word' id='word_1_825' title='bbox 3552 4600 3793 4657; x_wconf 88' lang='lat' dir='ltr'><strong>Christo</strong></span> 
     </span>
    </p>
   </div>
   <div class='ocr_carea' id='block_1_105' title="bbox 2179 4689 3791 4762">
    <p class='ocr_par' dir='ltr' id='par_1_105' title="bbox 2179 4689 3791 4762">
     <span class='ocr_line' id='line_1_105' title="bbox 2179 4689 3791 4762; baseline 0 -17"><span class='ocrx_word' id='word_1_826' title='bbox 2179 4691 2462 4757; x_wconf 86' lang='lat' dir='ltr'><strong>fruuntur,</strong></span> <span class='ocrx_word' id='word_1_827' title='bbox 2513 4689 2699 4744; x_wconf 88' lang='lat' dir='ltr'><strong>Patris</strong></span> <span class='ocrx_word' id='word_1_828' title='bbox 2746 4690 3005 4744; x_wconf 91' lang='lat' dir='ltr'><strong>videlicet</strong></span> <span class='ocrx_word' id='word_1_829' title='bbox 3032 4690 3235 4756; x_wconf 82' lang='lat' dir='ltr'><strong>Verbo,</strong></span> <span class='ocrx_word' id='word_1_830' title='bbox 3287 4695 3344 4744; x_wconf 92' lang='lat' dir='ltr'><strong>et</strong></span> <span class='ocrx_word' id='word_1_831' title='bbox 3386 4690 3513 4744; x_wconf 86' lang='lat' dir='ltr'><strong>ideo</strong></span> <span class='ocrx_word' id='word_1_832' title='bbox 3552 4706 3677 4762; x_wconf 73' lang='lat' dir='ltr'><strong>qua:</strong></span> <span class='ocrx_word' id='word_1_833' title='bbox 3723 4691 3791 4745; x_wconf 89' lang='lat' dir='ltr'><strong>in</strong></span> 
     </span>
    </p>
   </div>
   <div class='ocr_carea' id='block_1_106' title="bbox 2178 4778 3792 4850">
    <p class='ocr_par' dir='ltr' id='par_1_106' title="bbox 2178 4778 3792 4850">
     <span class='ocr_line' id='line_1_106' title="bbox 2178 4778 3792 4850; baseline 0.001 -16"><span class='ocrx_word' id='word_1_834' title='bbox 2178 4779 2400 4834; x_wconf 86' lang='lat' dir='ltr'><strong>Christo</strong></span> <span class='ocrx_word' id='word_1_835' title='bbox 2427 4784 2561 4832; x_wconf 89' lang='lat' dir='ltr'><strong>sunt</strong></span> <span class='ocrx_word' id='word_1_836' title='bbox 2591 4778 2817 4833; x_wconf 89' lang='lat' dir='ltr'><strong>omnino</strong></span> <span class='ocrx_word' id='word_1_837' title='bbox 2857 4779 3093 4849; x_wconf 85' lang='lat' dir='ltr'><strong>diligere</strong></span> <span class='ocrx_word' id='word_1_838' title='bbox 3135 4783 3440 4850; x_wconf 90' lang='lat' dir='ltr'><strong>nequeunt.</strong></span> <span class='ocrx_word' id='word_1_839' title='bbox 3470 4778 3615 4833; x_wconf 89' lang='lat' dir='ltr'><strong>Huic</strong></span> <span class='ocrx_word' id='word_1_840' title='bbox 3642 4795 3792 4835; x_wconf 83' lang='lat' dir='ltr'><strong>sane</strong></span> 
     </span>
    </p>
   </div>
   <div class='ocr_carea' id='block_1_107' title="bbox 2175 4867 3791 4940">
    <p class='ocr_par' dir='ltr' id='par_1_107' title="bbox 2175 4867 3791 4940">
     <span class='ocr_line' id='line_1_107' title="bbox 2175 4867 3791 4940; baseline 0.001 -19"><span class='ocrx_word' id='word_1_841' title='bbox 2175 4868 2342 4921; x_wconf 88' lang='lat' dir='ltr'><strong>verbo</strong></span> <span class='ocrx_word' id='word_1_842' title='bbox 2371 4869 2591 4938; x_wconf 81' lang='lat' dir='ltr'><strong>Moyses</strong></span> <span class='ocrx_word' id='word_1_843' title='bbox 2628 4867 2879 4922; x_wconf 88' lang='lat' dir='ltr'><strong>intentus</strong></span> <span class='ocrx_word' id='word_1_844' title='bbox 2925 4885 3127 4940; x_wconf 87' lang='lat' dir='ltr'><strong>panem</strong></span> <span class='ocrx_word' id='word_1_845' title='bbox 3159 4868 3480 4923; x_wconf 89' lang='lat' dir='ltr'><strong>desiderare</strong></span> <span class='ocrx_word' id='word_1_846' title='bbox 3508 4884 3624 4922; x_wconf 89' lang='lat' dir='ltr'><strong>non</strong></span> <span class='ocrx_word' id='word_1_847' title='bbox 3675 4886 3791 4939; x_wconf 85' lang='lat' dir='ltr'><strong>po-</strong></span> 
     </span>
    </p>
   </div>
   <div class='ocr_carea' id='block_1_108' title="bbox 2175 4954 3787 5029">
    <p class='ocr_par' dir='ltr' id='par_1_108' title="bbox 2175 4954 3787 5029">
     <span class='ocr_line' id='line_1_108' title="bbox 2175 4954 3787 5029; baseline 0.001 -17"><span class='ocrx_word' id='word_1_848' title='bbox 2175 4957 2303 5022; x_wconf 92' lang='lat' dir='ltr'><strong>tuit,</strong></span> <span class='ocrx_word' id='word_1_849' title='bbox 2337 4954 2544 5028; x_wconf 89' lang='lat' dir='ltr'><strong>illoque</strong></span> <span class='ocrx_word' id='word_1_850' title='bbox 2573 4962 2767 5027; x_wconf 89' lang='lat' dir='ltr'><strong>pastus</strong></span> <span class='ocrx_word' id='word_1_851' title='bbox 2794 4956 2944 5012; x_wconf 85' lang='lat' dir='ltr'><strong>Elias</strong></span> <span class='ocrx_word' id='word_1_852' title='bbox 2973 4957 3179 5011; x_wconf 85' lang='lat' dir='ltr'><strong>famem</strong></span> <span class='ocrx_word' id='word_1_853' title='bbox 3209 4956 3528 5029; x_wconf 85' lang='lat' dir='ltr'><strong>prolixioris</strong></span> <span class='ocrx_word' id='word_1_854' title='bbox 3550 4955 3787 5025; x_wconf 72' lang='lat' dir='ltr'><strong>inediae,</strong></span> 
     </span>
    </p>
   </div>
   <div class='ocr_carea' id='block_1_109' title="bbox 2176 5045 3794 5118">
    <p class='ocr_par' dir='ltr' id='par_1_109' title="bbox 2176 5045 3794 5118">
     <span class='ocr_line' id='line_1_109' title="bbox 2176 5045 3794 5118; baseline 0.001 -17"><span class='ocrx_word' id='word_1_855' title='bbox 2176 5046 2403 5101; x_wconf 88' lang='lat' dir='ltr'><strong>omnino</strong></span> <span class='ocrx_word' id='word_1_856' title='bbox 2420 5063 2529 5100; x_wconf 85' lang='lat' dir='ltr'><strong>non</strong></span> <span class='ocrx_word' id='word_1_857' title='bbox 2552 5047 2747 5101; x_wconf 92' lang='lat' dir='ltr'><strong>sensit.</strong></span> <span class='ocrx_word' id='word_1_858' title='bbox 2771 5047 2897 5101; x_wconf 90' lang='lat' dir='ltr'><strong>Non</strong></span> <span class='ocrx_word' id='word_1_859' title='bbox 2924 5046 3078 5100; x_wconf 90' lang='lat' dir='ltr'><strong>enim</strong></span> <span class='ocrx_word' id='word_1_860' title='bbox 3109 5046 3203 5118; x_wconf 89' lang='lat' dir='ltr'><strong>qui</strong></span> <span class='ocrx_word' id='word_1_861' title='bbox 3224 5047 3329 5101; x_wconf 91' lang='lat' dir='ltr'><strong>hoc</strong></span> <span class='ocrx_word' id='word_1_862' title='bbox 3350 5045 3519 5100; x_wconf 88' lang='lat' dir='ltr'><strong>verbo</strong></span> <span class='ocrx_word' id='word_1_863' title='bbox 3535 5047 3794 5103; x_wconf 86' lang='lat' dir='ltr'><strong>vescitur</strong></span> 
     </span>
    </p>
   </div>
   <div class='ocr_carea' id='block_1_110' title="bbox 2175 5135 3791 5207">
    <p class='ocr_par' dir='ltr' id='par_1_110' title="bbox 2175 5135 3791 5207">
     <span class='ocr_line' id='line_1_110' title="bbox 2175 5135 3791 5207; baseline 0.002 -18"><span class='ocrx_word' id='word_1_864' title='bbox 2175 5152 2379 5207; x_wconf 89' lang='lat' dir='ltr'><strong>panem</strong></span> <span class='ocrx_word' id='word_1_865' title='bbox 2427 5141 2737 5196; x_wconf 83' lang='lat' dir='ltr'><strong>terrenum.</strong></span> <span class='ocrx_word' id='word_1_866' title='bbox 2772 5136 2986 5190; x_wconf 91' lang='lat' dir='ltr'><strong>deliciis</strong></span> <span class='ocrx_word' id='word_1_867' title='bbox 3016 5136 3347 5207; x_wconf 89' lang='lat' dir='ltr'><strong>angelorum</strong></span> <span class='ocrx_word' id='word_1_868' title='bbox 3391 5135 3652 5203; x_wconf 85' lang='lat' dir='ltr'><strong>satiatus,</strong></span> <span class='ocrx_word' id='word_1_869' title='bbox 3687 5136 3791 5192; x_wconf 91' lang='lat' dir='ltr'><strong>in-</strong></span> 
     </span>
    </p>
   </div>
   <div class='ocr_carea' id='block_1_111' title="bbox 2178 5224 3783 5297">
    <p class='ocr_par' dir='ltr' id='par_1_111' title="bbox 2178 5224 3783 5297">
     <span class='ocr_line' id='line_1_111' title="bbox 2178 5224 3783 5297; baseline 0.001 -18"><span class='ocrx_word' id='word_1_870' title='bbox 2178 5225 2370 5296; x_wconf 90' lang='lat' dir='ltr'><strong>quirit.</strong></span> <span class='ocrx_word' id='word_1_871' title='bbox 2398 5225 2504 5280; x_wconf 91' lang='lat' dir='ltr'><strong>Sed</strong></span> <span class='ocrx_word' id='word_1_872' title='bbox 2519 5231 2575 5279; x_wconf 92' lang='lat' dir='ltr'><strong>et</strong></span> <span class='ocrx_word' id='word_1_873' title='bbox 2587 5224 2776 5279; x_wconf 90' lang='lat' dir='ltr'><strong>omnia</strong></span> <span class='ocrx_word' id='word_1_874' title='bbox 2790 5225 3011 5297; x_wconf 89' lang='lat' dir='ltr'><strong>Scriptu</strong></span> <span class='ocrx_word' id='word_1_875' title='bbox 3019 5242 3209 5280; x_wconf 88' lang='lat' dir='ltr'><strong>rarum</strong></span> <span class='ocrx_word' id='word_1_876' title='bbox 3238 5229 3561 5280; x_wconf 88' lang='lat' dir='ltr'><strong>sanctarum</strong></span> <span class='ocrx_word' id='word_1_877' title='bbox 3580 5224 3783 5292; x_wconf 85' lang='lat' dir='ltr'><strong>verba,</strong></span> 
     </span>
    </p>
   </div>
   <div class='ocr_carea' id='block_1_112' title="bbox 2175 5302 3791 5386">
    <p class='ocr_par' dir='ltr' id='par_1_112' title="bbox 2175 5302 3791 5386">
     <span class='ocr_line' id='line_1_112' title="bbox 2175 5302 3791 5386; baseline 0.001 -18"><span class='ocrx_word' id='word_1_878' title='bbox 2175 5316 2555 5386; x_wconf 88' lang='lat' dir='ltr'><strong>cujuscunque</strong></span> <span class='ocrx_word' id='word_1_879' title='bbox 2601 5314 2967 5369; x_wconf 89' lang='lat' dir='ltr'><strong>enuntientur</strong></span> <span class='ocrx_word' id='word_1_880' title='bbox 3008 5314 3209 5380; x_wconf 86' lang='lat' dir='ltr'><strong>ofﬁcio,</strong></span> <span class='ocrx_word' id='word_1_881' title='bbox 3261 5315 3340 5369; x_wconf 92' lang='lat' dir='ltr'><strong>sic</strong></span> <span class='ocrx_word' id='word_1_882' title='bbox 3385 5313 3545 5385; x_wconf 87' lang='lat' dir='ltr'><strong>quasi</strong></span> <span class='ocrx_word' id='word_1_883' title='bbox 3577 5302 3791 5370; x_wconf 28' lang='lat' dir='ltr'><strong>ex&#39;ore</strong></span> 
     </span>
    </p>
   </div>
   <div class='ocr_carea' id='block_1_113' title="bbox 2173 5402 3787 5476">
    <p class='ocr_par' dir='ltr' id='par_1_113' title="bbox 2173 5402 3787 5476">
     <span class='ocr_line' id='line_1_113' title="bbox 2173 5402 3787 5476; baseline 0.002 -19"><span class='ocrx_word' id='word_1_884' title='bbox 2173 5404 2274 5458; x_wconf 87' lang='lat' dir='ltr'><strong>Dei</strong></span> <span class='ocrx_word' id='word_1_885' title='bbox 2288 5408 2605 5468; x_wconf 88' lang='lat' dir='ltr'><strong>sumantur,</strong></span> <span class='ocrx_word' id='word_1_886' title='bbox 2629 5403 2761 5474; x_wconf 89' lang='lat' dir='ltr'><strong>quia</strong></span> <span class='ocrx_word' id='word_1_887' title='bbox 2777 5420 2886 5458; x_wconf 90' lang='lat' dir='ltr'><strong>non</strong></span> <span class='ocrx_word' id='word_1_888' title='bbox 2898 5405 2947 5475; x_wconf 91' lang='lat' dir='ltr'><strong>ej</strong></span> <span class='ocrx_word' id='word_1_889' title='bbox 2958 5421 3021 5458; x_wconf 92' lang='lat' dir='ltr'><strong>us</strong></span> <span class='ocrx_word' id='word_1_890' title='bbox 3033 5410 3166 5459; x_wconf 89' lang='lat' dir='ltr'><strong>sunt</strong></span> <span class='ocrx_word' id='word_1_891' title='bbox 3187 5421 3221 5458; x_wconf 88' lang='lat' dir='ltr'><strong>a</strong></span> <span class='ocrx_word' id='word_1_892' title='bbox 3241 5421 3351 5476; x_wconf 92' lang='lat' dir='ltr'><strong>quo</strong></span> <span class='ocrx_word' id='word_1_893' title='bbox 3373 5420 3439 5457; x_wconf 87' lang='lat' dir='ltr'><strong>ex</strong></span> <span class='ocrx_word' id='word_1_894' title='bbox 3455 5402 3787 5460; x_wconf 84' lang='lat' dir='ltr'><strong>ministerio</strong></span> 
     </span>
    </p>
   </div>
   <div class='ocr_carea' id='block_1_114' title="bbox 499 5487 3782 5563">
    <p class='ocr_par' dir='ltr' id='par_1_114' title="bbox 499 5487 3782 5563">
     <span class='ocr_line' id='line_1_114' title="bbox 499 5487 3782 5563; baseline 0.002 -22"><span class='ocrx_word' id='word_1_895' title='bbox 499 5487 598 5542; x_wconf 90' lang='lat' dir='ltr'><strong>sed</strong></span> <span class='ocrx_word' id='word_1_896' title='bbox 626 5494 692 5542; x_wconf 91' lang='lat' dir='ltr'><strong>ut</strong></span> <span class='ocrx_word' id='word_1_897' title='bbox 719 5506 785 5543; x_wconf 83' lang='lat' dir='ltr'><strong>ex</strong></span> <span class='ocrx_word' id='word_1_898' title='bbox 812 5489 1121 5545; x_wconf 88' lang='lat' dir='ltr'><strong>mutatione</strong></span> <span class='ocrx_word' id='word_1_899' title='bbox 1151 5490 1401 5562; x_wconf 87' lang='lat' dir='ltr'><strong>lapidum</strong></span> <span class='ocrx_word' id='word_1_900' title='bbox 1427 5491 1485 5545; x_wconf 92' lang='lat' dir='ltr'><strong>in</strong></span> <span class='ocrx_word' id='word_1_901' title='bbox 1528 5507 1719 5562; x_wconf 88' lang='lat' dir='ltr'><strong>panes,</strong></span> <span class='ocrx_word' id='word_1_902' title='bbox 1753 5495 2086 5562; x_wconf 88' lang='lat' dir='ltr'><strong>potestatem</strong></span> <span class='ocrx_word' id='word_1_903' title='bbox 2169 5491 2354 5547; x_wconf 89' lang='lat' dir='ltr'><strong>debite</strong></span> <span class='ocrx_word' id='word_1_904' title='bbox 2379 5497 2701 5559; x_wconf 87' lang='lat' dir='ltr'><strong>narrantur,</strong></span> <span class='ocrx_word' id='word_1_905' title='bbox 2742 5493 2839 5547; x_wconf 91' lang='lat' dir='ltr'><strong>sed</strong></span> <span class='ocrx_word' id='word_1_906' title='bbox 2868 5492 2970 5548; x_wconf 91' lang='lat' dir='ltr'><strong>Dei</strong></span> <span class='ocrx_word' id='word_1_907' title='bbox 3020 5509 3083 5547; x_wconf 90' lang='lat' dir='ltr'><strong>ex</strong></span> <span class='ocrx_word' id='word_1_908' title='bbox 3113 5494 3275 5563; x_wconf 89' lang='lat' dir='ltr'><strong>cujus</strong></span> <span class='ocrx_word' id='word_1_909' title='bbox 3306 5509 3401 5548; x_wconf 91' lang='lat' dir='ltr'><strong>ore</strong></span> <span class='ocrx_word' id='word_1_910' title='bbox 3435 5492 3782 5563; x_wconf 85' lang='lat' dir='ltr'><strong>procedunt.</strong></span> 
     </span>
    </p>
   </div>
   <div class='ocr_carea' id='block_1_115' title="bbox 500 5576 3781 5653">
    <p class='ocr_par' dir='ltr' id='par_1_115' title="bbox 500 5576 3781 5653">
     <span class='ocr_line' id='line_1_115' title="bbox 500 5576 3781 5653; baseline 0.002 -21"><span class='ocrx_word' id='word_1_911' title='bbox 500 5576 724 5633; x_wconf 87' lang='lat' dir='ltr'><strong>virtutis</strong></span> <span class='ocrx_word' id='word_1_912' title='bbox 751 5585 1097 5650; x_wconf 83' lang='lat' dir='ltr'><strong>agnosceret,</strong></span> <span class='ocrx_word' id='word_1_913' title='bbox 1132 5584 1190 5634; x_wconf 89' lang='lat' dir='ltr'><strong>et</strong></span> <span class='ocrx_word' id='word_1_914' title='bbox 1229 5579 1275 5635; x_wconf 91' lang='lat' dir='ltr'><strong>si</strong></span> <span class='ocrx_word' id='word_1_915' title='bbox 1324 5584 1473 5635; x_wconf 89' lang='lat' dir='ltr'><strong>esset</strong></span> <span class='ocrx_word' id='word_1_916' title='bbox 1500 5596 1676 5652; x_wconf 89' lang='lat' dir='ltr'><strong>purus</strong></span> <span class='ocrx_word' id='word_1_917' title='bbox 1705 5580 1892 5648; x_wconf 90' lang='lat' dir='ltr'><strong>homo,</strong></span> <span class='ocrx_word' id='word_1_918' title='bbox 1926 5580 2089 5651; x_wconf 89' lang='lat' dir='ltr'><strong>panis</strong></span> <span class='ocrx_word' id='word_1_919' title='bbox 2170 5581 2329 5646; x_wconf 89' lang='lat' dir='ltr'><strong>Quod</strong></span> <span class='ocrx_word' id='word_1_920' title='bbox 2354 5581 2402 5635; x_wconf 93' lang='lat' dir='ltr'><strong>si</strong></span> <span class='ocrx_word' id='word_1_921' title='bbox 2429 5581 2720 5653; x_wconf 90' lang='lat' dir='ltr'><strong>quidpiam</strong></span> <span class='ocrx_word' id='word_1_922' title='bbox 2739 5582 2936 5638; x_wconf 89' lang='lat' dir='ltr'><strong>doctor</strong></span> <span class='ocrx_word' id='word_1_923' title='bbox 2960 5581 3112 5638; x_wconf 87' lang='lat' dir='ltr'><strong>aliud</strong></span> <span class='ocrx_word' id='word_1_924' title='bbox 3143 5580 3383 5638; x_wconf 90' lang='lat' dir='ltr'><strong>voluerit</strong></span> <span class='ocrx_word' id='word_1_925' title='bbox 3408 5581 3781 5649; x_wconf 81' lang='lat' dir='ltr'><strong>interserere,</strong></span> 
     </span>
    </p>
   </div>
  </div>
