3938 6174
111 196 192 281 193

840 231 1220 289 EXPOSITIO
1259 233 1339 289 IN
1377 230 1823 288 MATTHJEUM.
1869 264 1932 274 —
1973 235 2110 291 LIB.
2153 238 2253 306 III,
2297 239 2454 295 CAP.
2496 239 2591 295 IV.
2693 222 2704 229 ’

3247 247 3355 303 194

108 365 248 422 quam
271 351 423 422 quod
453 351 513 407 in
542 353 651 408 hoc
679 356 832 410 omni
871 356 1039 412 verbo
1069 358 1367 424 invenitur,
1403 358 1537 430 quia
1565 357 1887 428 nonApost
1927 361 2208 432 expletum
2252 364 2556 433 jejunium,
2600 364 2917 421 Hirusalem
2964 374 3243 439 repetens,
3277 372 3357 428 ibi

108 454 157 493 ex
180 456 271 494 ore
298 438 401 495 Dei
430 442 736 513 profertur,
769 461 952 517 neque
991 464 1056 500 ex
1100 449 1375 502 charitate
1406 447 1679 514 subsistit,

106 536 349 601 tanquam
370 539 949 607 venenum,tanquam
962 536 1115 591 virus
1126 538 1445 592 lethiferum
1457 555 1686 608 respua-

104 618 667 692 tur.Quandoquidem
683 640 793 678 non
808 625 1070 680 humanis
1081 627 1267 681 divina
1286 627 1680 681 ministrantur

104 706 294 775 ofﬁciis,
323 710 424 763 sed
446 711 692 779 inimica,
727 714 824 767 sed
855 714 1217 769 fraudulenta
1238 716 1527 770 diabolicis
1552 733 1679 787 sug-

102 805 356 867 geruntur
386 799 604 855 ofﬁciis.
661 803 730 856 Et
776 804 1085 858 notandum
1118 805 1265 875 quod
1297 805 1410 859 ait:
1461 807 1583 860 Non
1614 808 1678 859 in

102 889 191 940 solo
216 903 359 956 pane
387 893 524 943 vivit
552 891 729 944 homo.
782 892 859 946 Ex
888 909 998 964 quo
1036 893 1204 948 datur
1246 894 1516 948 indicium
1546 894 1679 964 quia

100 990 193 1030 non
219 976 422 1045 deitas,
452 978 551 1032 sed
569 979 737 1034 homo
758 986 1023 1047 tentatur,
1049 982 1131 1037 ita
1150 988 1214 1037 ut
1243 982 1520 1054 quomodo
1544 1000 1680 1054 pras-

101 1064 228 1131 misi,
270 1071 393 1120 tota
427 1067 545 1121 haec
591 1069 831 1124 tentatio
881 1073 1126 1126 exterius
1181 1073 1327 1127 facta
1393 1072 1673 1126 credatur.

98 1153 257 1219 Unde,
292 1155 428 1226 quia
471 1155 613 1211 inibi
639 1157 809 1212 verba
845 1160 917 1213 ad
948 1161 1187 1215 invicem
1230 1162 1563 1232 deprompta
1594 1162 1678 1215 le-

94 1248 311 1312 guntur,
349 1244 411 1299 in
468 1245 653 1316 efﬁgie
705 1247 948 1303 hominis
996 1249 1288 1305 inimicum
1318 1251 1670 1322 apparuisse,

96 1333 331 1402 quamvis
361 1333 513 1388 idem
553 1335 763 1407 ubique
805 1338 1111 1393 secundum
1141 1339 1409 1394 deitatem
1443 1339 1675 1393 visibilis

98 1420 299 1477 Christo
328 1423 617 1490 existeret,
653 1427 833 1498 magis
857 1426 1142 1498 opinabile
1167 1428 1674 1499 probatur.Tribus

96 1511 264 1583 itaque
292 1513 480 1567 modis
502 1519 759 1568 tentatur
787 1516 1044 1587 quisque,
1080 1533 1181 1587 per
1206 1534 1328 1588 quae
1359 1517 1674 1571 abstractus

101 1600 377 1657 etillectus
422 1618 831 1675 nonnunquam
868 1605 1130 1671 vincitur,
1173 1607 1548 1676 suggestione,
1581 1608 1675 1660 de-

1765 447 1838 500 sit
1858 454 2148 519 peractum
2177 453 2324 522 quod
2350 453 2419 507 de
2448 470 2749 523 congressu
2783 471 2985 527 pugnae
3006 457 3213 529 legitur
3234 460 3259 514 'I
3282 462 3361 517 Ex

1766 552 1875 605 quo
1904 538 2131 608 quidam
2162 547 2714 608 conanturasserere,
2732 550 2797 599 ut
2818 545 2962 600 hanc
2989 547 3356 620 quaestionem

1765 624 2052 696 effugiant,
2090 630 2237 699 quod
2279 636 2337 684 et
2371 631 2724 685 Hierusalem
2753 638 2811 687 et
2841 635 3020 690 omnis
3049 636 3149 690 illa
3175 638 3354 708 regio,

1762 714 1892 783 quia
1939 716 2040 770 Dei
2077 718 2332 772 notitiam
2364 719 2744 790 perdiderant,
2777 722 3060 778 desertum
3089 726 3220 795 jure
3251 743 3353 798 ap-

1760 802 2091 871 pellabatur.
2117 804 2227 859 Sed
2257 808 2509 861 nonnulli
2538 814 2725 874 ποθ
2751 811 2959 865 rectius
2986 812 3353 882 arbitrantur,

1760 896 1824 944 ut
1873 892 2107 958 aestimo,
2154 893 2395 964 primam
2444 901 2501 949 et
2549 896 2803 951 ultimam
2832 897 2890 952 in
2920 900 3142 955 deserto
3171 905 3354 957 tenta-

1761 980 1972 1033 tionem
2018 980 2188 1036 fuisse
2232 988 2538 1053 peractam,
2581 986 2825 1040 mediam
2870 1004 3003 1042 vero
3034 1006 3156 1059 qua:
3181 992 3346 1061 juxta

1760 1067 2051 1123 historiam
2080 1075 2332 1126 extrema
2350 1072 2612 1139 creditur,
2638 1080 2933 1146 postquam
2958 1093 3251 1147 regressus
3269 1085 3358 1135 est

1759 1174 1794 1211 a
1839 1158 2078 1225 deserto,
2120 1159 2177 1213 in
2220 1160 2572 1215 Hierusalem
2616 1162 2788 1218 fuisse
2816 1166 3171 1236 completam.
3208 1168 3354 1232 Quia

1758 1247 2075 1315 Matthaeus,
2109 1266 2222 1303 non
2247 1251 2555 1304 secundum
2585 1251 2835 1307 historia:
2864 1255 3348 1325 consequentiam,

1759 1338 1853 1391 sed
1897 1339 2059 1408 juxta
2094 1340 2425 1393 tentationis
2471 1340 2606 1394 Adae
2669 1341 2922 1396 ordinem
2965 1346 3354 1401 narrationem

1756 1426 1839 1480 rei
1867 1432 2038 1496 gestae
2067 1429 2442 1499 persequitur.
2472 1429 2631 1483 Unde
2660 1429 2870 1501 liquido
2908 1437 3065 1502 patet
3112 1434 3356 1489 alterum

1756 1532 1953 1570 eorum
2005 1516 2086 1570 ita
2133 1522 2199 1570 ut
2246 1533 2340 1571 res
2377 1523 2537 1587 gesta
2567 1524 2652 1572 est
2680 1519 3008 1590 explicuisse
3043 1540 3055 1589 ;
3106 1523 3350 1578 alterum

1757 1621 1887 1659 vero
1918 1609 1983 1659 ut
2010 1606 2227 1676 tropica
2255 1611 2545 1661 texeretur
2571 1608 2844 1674 doctrina,
2866 1616 3210 1666 commutato
3232 1617 3354 1667 ten-

101 1688 398 1757 lectatione,
433 1708 730 1749 consensu.
780 1694 887 1748 Sed
915 1695 1171 1749 Christus
1200 1695 1402 1749 horum
1434 1695 1490 1749 in
1521 1680 1739 1750 nulloB
1758 1694 1987 1747 tationis
2034 1694 2248 1761 ordine,
2299 1696 2574 1750 docuisse.
2617 1698 2790 1751 Porro
2824 1700 3195 1769 quorumdam
3227 1701 3352 1773 opi-

100 1778 282 1847 oessit;
326 1779 462 1851 quia
502 1797 606 1835 nec
661 1799 727 1836 ex
769 1784 1127 1854 suggestione
1171 1784 1676 1855 concupiscentiam

107 1873 275 1933 ποτ
309 1885 483 1939 quam
520 1887 633 1925 non
668 1871 927 1938 habebat,
959 1873 1204 1940 admisit,
1238 1890 1421 1944 neque
1449 1890 1678 1941 consen-

101 1973 206 2011 sum
254 1958 512 2030 praebuit,
558 1960 618 2015 in
648 1978 760 2031 quo
790 1963 945 2017 nulla
972 1946 1424 2034 concupiscentia
1446 1963 1569 2018 fuit.
1612 1965 1677 2018 In

98 2046 236 2101 nobis
248 2048 458 2119 quippe
472 2049 648 2105 fomes
662 2051 1001 2106 delectorum
1017 2053 1465 2123 concupiscentia
1478 2070 1541 2106 ex
1552 2054 1677 2123 lege

98 2136 291 2205 peccati
318 2137 587 2193 adversus
625 2140 805 2210 legem
833 2141 1041 2195 mentis
1072 2147 1368 2213 repugnat.
1414 2143 1588 2195 Porro
1616 2141 1675 2196 in

100 2222 178 2278 illo
204 2224 462 2281 diabolus
492 2227 636 2281 nihil
664 2227 863 2283 habuit
889 2230 1029 2301 legis
1057 2231 1264 2301 peccati
1297 2231 1367 2284 ad
1399 2247 1568 2302 quam
1588 2246 1677 2284 ac-

98 2314 321 2383 cederet,
369 2316 520 2371 unde
568 2317 770 2372 saltem
822 2318 879 2373 in
940 2336 1004 2373 eo
1030 2320 1506 2391 concupiscentias
1535 2320 1677 2374 exci-

100 2406 245 2457 taret.
300 2405 379 2458 At
409 2422 540 2460 vero
587 2406 645 2461 in
676 2406 837 2461 nobis
863 2409 999 2478 quia
1024 2409 1112 2463 lex
1158 2409 1372 2481 peccati
1400 2409 1567 2475 inest,
1598 2410 1678 2464 sic

102 2494 241 2562 quasi
287 2494 360 2548 ad
408 2511 571 2549 suam
602 2497 819 2551 accedit
846 2498 1046 2567 legem,
1099 2504 1155 2553 et
1196 2485 1697 2570 concupiscentiae.

98 2586 262 2636 movet
299 2588 367 2637 ut
415 2584 485 2638 ad
535 2585 965 2641 delectationem
1009 2605 1111 2642 nos
1141 2590 1446 2660 pertrahat.
1493 2589 1673 2658 Unde,

100 2671 187 2724 etsi
214 2688 326 2725 non
352 2672 509 2727 aliud
522 2674 723 2729 saltem
748 2677 1324 2747 concupiscentiarum
1344 2677 1673 2747 virus,quod

97 2757 146 2812 in
170 2759 325 2814 nobis
370 2767 475 2827 est,
516 2764 760 2834 amplius
787 2767 1155 2835 suggerendo,
1190 2766 1292 2820 Dei
1319 2771 1509 2820 tamen
1541 2783 1673 2820 mo-

96 2846 337 2903 diﬁcante
358 2850 682 2920 clementia,
701 2852 1034 2919 inﬂammat,
1057 2859 1122 2907 ut
1141 2859 1198 2908 et
1216 2870 1320 2908 nos
1340 2858 1675 2911 exerceatet

95 2938 411 2992 exercitatos
438 2939 679 2994 victores
704 2941 918 2996 reddat.
952 2943 1103 2997 Deus
1137 2949 1223 2997 est
1242 2943 1411 3009 enim,
1436 2943 1533 3013 qui
1563 2960 1674 2997 non

1758 1782 1852 1837 nio
1874 1789 1959 1837 est
1978 1784 2144 1854 quod,
2170 1784 2229 1838 in
2259 1800 2371 1838 uno
2402 1785 2710 1856 eodemque
2739 1787 2859 1841 loco
2886 1788 3067 1858 posito
3097 1805 3350 1861 corpore,

1758 1871 1874 1925 haec
1910 1872 2078 1927 variis
2124 1873 2182 1927 in
2232 1873 2366 1927 locis
2398 1874 2586 1928 animo
2625 1874 2739 1929 sint
2767 1881 3008 1931 ostensa.
3042 1878 3202 1941 Quod
3239 1894 3355 1933 non

1758 1960 1896 2015 satis
1924 1961 2221 2033 approbari
2263 1968 2465 2033 potest,
2521 1962 2617 2017 ubi
2661 1981 2783 2035 quae
2810 1971 2971 2035 gesta
2997 1972 3131 2020 sunt
3159 1968 3353 2022 omnia

1758 2051 2039 2121 corporeis
2073 2051 2334 2123 explicita
2387 2052 2643 2107 sensibus
2692 2058 3084 2108 contexuntur.
3137 2056 3207 2109 Et
3246 2071 3351 2111 nec

1757 2138 1984 2207 mirum,
2036 2140 2083 2194 si
2132 2157 2192 2195 se
2240 2141 2497 2211 permisit
2542 2141 2651 2196 huc
2703 2142 2947 2213 illucque
2975 2159 3206 2215 corpore
3239 2144 3352 2199 cir-

1758 2228 2042 2293 cumferri,
2077 2230 2125 2283 si
2154 2229 2297 2284 forte
2325 2229 2404 2283 ita
2433 2230 2861 2301 intelligendum
2883 2236 2969 2286 est
2994 2232 3225 2287 verbum
3251 2250 3346 2288 as-

1758 2318 2113 2389 sumptionis,
2139 2319 2235 2390 qui
2251 2336 2311 2374 se
2329 2319 2581 2390 permisit
2607 2336 2642 2373 a
2661 2320 2929 2375 membris
2942 2322 3194 2391 ejusdem
3223 2322 3350 2377 dia-

1762 2405 1871 2461 boli
1898 2407 2167 2477 crucifigi.
2203 2408 2311 2462 Sed
2334 2425 2399 2461 ex
2426 2409 2530 2463 hoc
2572 2408 2752 2479 magis
2788 2410 3165 2477 tremendum,
3199 2412 3350 2483 quod

1757 2512 1938 2566 neque
1965 2496 2140 2550 virtus
2201 2496 2453 2567 impleta,
2491 2513 2674 2567 neque
2702 2497 2969 2552 sanctitas
3022 2499 3349 2570 approbata,

1757 2600 1938 2655 neque
1964 2585 2117 2640 locus
2146 2585 2384 2639 Domino
2440 2585 2727 2640 dedicatus
2768 2586 3017 2640 cohibuit
3053 2587 3353 2659 impuden-

1755 2673 2041 2727 tissimum
2092 2674 2307 2728 hostem
2357 2690 2393 2727 a
2435 2690 2756 2745 congressu.
2788 2676 2907 2729 Imo
2933 2676 3350 2733 formidolosius

1754 2763 1872 2817 suis
1901 2767 2221 2817 rearmatur
2247 2762 2477 2829 viribus,
2511 2762 2645 2817 dum
2682 2762 2891 2818 crebris
2922 2764 3193 2819 virtutum
3223 2766 3347 2821 vin-

1758 2852 1904 2905 citur
1923 2852 2197 2922 insigniis.
2228 2852 2371 2906 Hinc
2401 2868 2622 2923 quoque
2647 2852 2801 2906 ducit
2821 2868 2947 2907 eum
2971 2853 3041 2906 ad
3067 2853 3269 2908 altiora
3288 2859 3347 2909 et

1756 2957 1932 3011 usque
1961 2958 2130 3013 super
2156 2941 2438 3011 fastigium
2462 2941 2660 3012 templi
2689 2946 2754 2995 ut
2782 2958 2847 2995 ex
2876 2942 2981 2996 hoc
2995 2942 3230 2997 daretur
3256 2943 3351 2998 in-

96 3027 294 3095 patitur
318 3045 426 3082 nos
451 3029 662 3083 tentari
717 3046 887 3101 supra
916 3031 971 3085 id
1001 3032 1149 3103 quod
1178 3049 1475 3103 possumus
1503 3033 1673 3087 susti-
1691 3040 1733 3099 C
1758 3030 1964 3084 dicium
1990 3031 2058 3084 ad
2077 3030 2210 3101 quid
2224 3031 2402 3085 elevet
2416 3030 3342 3116 unumquemque,quemdeorsum

96 3130 233 3169 nere.
261 3117 534 3189 Alioquin
586 3119 743 3174 nulla
779 3120 955 3174 virtus
984 3120 1264 3176 sufﬁceret
1301 3122 1371 3175 ad
1399 3122 1675 3176 reluctan-

96 3202 232 3269 dum,
269 3205 317 3259 si
356 3222 476 3260 non
506 3207 716 3262 Christi
752 3208 935 3279 gratia
980 3226 1083 3263 nos
1119 3211 1363 3280 juvaret,
1396 3227 1467 3264 ne
1496 3210 1673 3281 capti-

97 3308 352 3359 varemur,
411 3296 557 3350 mole
606 3297 790 3351 carnis
830 3298 1081 3370 oppressi
1111 3299 1168 3352 in
1216 3299 1397 3369 legem
1435 3299 1667 3370 peccati.

95 3379 348 3437 Tentatur
371 3390 562 3439 autem
592 3387 978 3458 unusquisque
1005 3404 1037 3441 a
1059 3389 1509 3459 concupiscentia
1536 3405 1666 3458 sua;

98 3470 180 3523 sed
204 3478 333 3526 tunc
350 3474 583 3543 gravius
604 3476 938 3546 exagitatur,
963 3492 1089 3531 cum
1109 3478 1344 3531 callidus
1356 3494 1672 3548 propugna—

98 3562 173 3611 tor
194 3562 450 3615 eamdem
496 3562 556 3616 in
604 3562 765 3617 nobis
804 3565 1311 3636 concupiscentiam
1353 3572 1554 3631 movet,
1613 3571 1671 3622 et

96 3645 297 3703 fraudes
326 3650 526 3722 adjicit
566 3641 630 3706 ut
661 3653 886 3707 alliciat.
922 3654 1077 3717 Quas
1103 3655 1295 3726 utique
1322 3654 1546 3710 fraudes
1576 3673 1669 3710 or-

98 3736 213 3791 dine
264 3756 373 3810 quo
422 3740 671 3811 primum
713 3747 1095 3814 prostraverat
1139 3744 1424 3799 hominem
1482 3745 1670 3799 volens

102 3832 275 3881 contra
299 3829 601 3885 Dominum
630 3831 879 3886 elimare.

169 3916 365 3971 Rursus
414 3924 715 3989 assumpsit
763 3938 888 3976 eum
918 3926 981 3977 in
1017 3928 1265 3978 sanctam
1296 3926 1593 3990 civitatem,
1625 3929 1674 3979 et

105 4008 278 4059 statuit
291 4023 417 4061 eum
437 4024 611 4077 supra
629 4012 1003 4079 pinnacutum
1028 4015 1233 4081 templi.
1259 4012 1438 4077 Quam
1450 4030 1584 4068 sane
1603 4013 1677 4067 ci-

106 4092 313 4149 vitatem
339 4112 454 4151 non
484 4098 653 4153 aliam
696 4099 1067 4171 intelligimus
1098 4117 1269 4172 quam
1298 4101 1670 4168 Hierusalem,

108 4196 213 4250 qua
237 4190 368 4239 tunc
396 4186 667 4258 temporis
688 4189 807 4243 sola
826 4189 882 4243 in
898 4194 1017 4244 toto
1040 4195 1322 4245 terrarum
1351 4190 1484 4246 orbe
1504 4208 1674 4263 prop-

108 4272 185 4322 ter
221 4274 429 4330 cultum
471 4276 724 4331 divinum
780 4283 837 4332 et
873 4279 1203 4349 religionem
1247 4280 1361 4335 veri
1388 4280 1489 4335 Dei
1520 4285 1675 4335 recte

1756 3119 2104 3191 praecipitare
2134 3119 2434 3173 desiderat.
2482 3119 2760 3173 Jactantia
2788 3119 2993 3191 quippe
3024 3136 3192 3190 super
3220 3137 3347 3174 om-

1755 3225 1885 3264 nem
1909 3208 2264 3263 altitudinem
2294 3213 2544 3262 mentem
2571 3209 2769 3274 elevat,
2795 3224 2898 3279 per
2926 3225 3096 3279 quam
3118 3209 3255 3263 dum
3283 3225 3344 3264 se

1754 3303 1957 3370 putant
2000 3298 2318 3369 quicunque
2374 3298 2446 3352 ad
2486 3297 2689 3352 altiora
2717 3296 3041 3351 sublimium
3068 3296 3344 3352 factorum

1754 3388 2118 3458 usurpatione
2140 3404 2243 3441 sua
2262 3386 2655 3453 conscendere,
2677 3386 2749 3440 ad
2775 3385 3039 3440 inferiora
3050 3388 3172 3457 jam
3200 3386 3346 3458 lapsi

1753 3478 2079 3531 truduntur.
2106 3476 2241 3540 Quis
2258 3476 2432 3546 igitur
2450 3475 2506 3529 in
2521 3491 2730 3546 genere
2750 3476 3016 3542 humano,
3031 3491 3143 3530 non
3162 3476 3344 3546 magis

1752 3582 1990 3637 praeesse
2022 3570 2080 3619 et
2107 3565 2273 3619 altior
2290 3565 2484 3630 videri,
2517 3580 2687 3635 quam
2714 3563 2942 3618 subesse
2972 3568 3027 3617 et
3055 3564 3346 3619 humiliari

1752 3654 1947 3726 cupit?
1988 3653 2223 3724 Quippe,
2258 3654 2391 3723 quia
2421 3669 2563 3724 pene
2592 3668 2787 3707 omnes
2818 3652 3044 3706 abducit
3072 3652 3259 3719 elatio,
3290 3658 3348 3707 et

1752 3743 2001 3798 universi
2030 3743 2097 3796 ad
2146 3742 2348 3798 altiora
2395 3741 2602 3795 diaboli
2637 3740 2785 3794 fastu
2814 3740 3106 3806 tolluntur,
3154 3741 3347 3795 volens

1755 3832 2024 3904 magister
2060 3834 2331 3885 virtutum
2386 3829 2634 3901 apertius
2662 3828 2941 3894 exhibere,
2981 3828 3259 3900 permittit
3285 3846 3346 3884 se

1757 3922 1971 3977 assumi
2015 3937 2186 3993 super
2226 3919 2588 3992 pinnaculum
2629 3917 2845 3988 templi,
2880 3933 3003 3988 quae
3032 3916 3193 3971 sedes
3223 3923 3347 3972 erat

1757 4012 2049 4066 doctorum
2073 4032 2087 4077 -,
2106 4008 2203 4064 ubi
2217 4008 2486 4063 nimirum
2516 4007 2752 4078 quisque
2772 4005 2987 4077 positus
3006 4021 3150 4059 vana
3164 4005 3348 4076 gloria

1755 4105 2024 4167 tentatur,
2034 4105 2092 4155 et
2110 4098 2526 4170 Scripturarum
2542 4112 2731 4152 errore
2744 4096 3073 4168 plerumque
3092 4096 3149 4149 ill
3156 4095 3342 4152 icitur.

1757 4190 1930 4244 Porro
1969 4190 2027 4243 in
2073 4188 2374 4242 Palaestina
2413 4186 2757 4242 consuetudo
2811 4190 2897 4240 est
2933 4184 3340 4254 architectum,

1758 4280 1907 4351 quod
1931 4284 1988 4333 et
2013 4278 2071 4332 in
2092 4278 2300 4349 templo
2330 4276 2643 4331 Salomonis
2660 4275 2830 4330 fuisse
2856 4275 3142 4347 probatur,
3171 4280 3236 4331 ut
3254 4276 3347 4331 de-

111 4366 274 4414 sancta
299 4363 619 4419 vocabatur.
663 4366 821 4421 Unde
852 4371 909 4422 et
935 4367 993 4420 in
1026 4370 1303 4439 passione,
1339 4369 1521 4423 multa
1543 4365 1927 4441 cor-Dsuper
1971 4384 2073 4440 per
2124 4373 2309 4422 totum
2363 4367 2531 4437 plana
2574 4364 2850 4420 habeatur
2877 4370 3044 4436 atque
3072 4364 3132 4419 in
3181 4382 3343 4437 gyro,

110 4462 227 4515 pora
252 4459 570 4509 sanctorum
599 4472 722 4526 quae
744 4455 1090 4510 dormierant
1100 4456 1389 4527 surgentia
1412 4457 1676 4512 dicuntur

114 4537 297 4594 'enisse
322 4542 383 4596 in
397 4549 650 4599 sanctam
681 4544 985 4612 civitatem,
1010 4551 1067 4600 et
1096 4546 1290 4601 multis
1322 4545 1670 4619 apparuisse.

116 4620 295 4682 Sancta
320 4632 525 4703 quippe
552 4632 871 4701 vocabatur,
906 4635 1155 4706 quandiu
1184 4635 1242 4690 in
1274 4652 1339 4690 ea
1363 4636 1589 4705 justitia
1619 4640 1676 4690 et

111 4711 354 4780 judicium
396 4722 709 4793 requievit;
751 4724 848 4778 sed
886 4724 1132 4793 demum,
1166 4724 1465 4796 iniquitate
1496 4725 1675 4796 reple-

114 4807 177 4870 1³,
215 4810 493 4866 scelestior
539 4828 711 4883 quam
750 4813 993 4869 Sodoma
1021 4815 1374 4886 praedicatur,
1408 4816 1515 4869 etsi
1546 4816 1675 4869 hac-

116 4896 255 4950 tenus
293 4898 363 4952 ab
404 4901 762 4972 Evangelista
809 4908 1004 4958 sancta
1035 4920 1100 4958 ex
1125 4904 1370 4976 antiquae
1398 4904 1551 4976 pacis
1577 4921 1674 4959 vo-

114 4981 285 5041 cabulo
335 4997 708 5062 nuncupetur.
756 4992 978 5047 Interea
1014 4993 1377 5064 quaerendum
1404 4999 1490 5049 est
1531 5011 1671 5065 quo-

118 5074 257 5129 modo
302 5079 357 5135 in
412 5079 635 5136 deserto
668 5082 955 5152 jejunasse
988 5088 1053 5137 ut
1083 5088 1401 5138 tentaretur
1432 5082 1667 5150 dicatur,

119 5174 222 5217 cum
244 5167 328 5223 hic
354 5170 411 5225 in
425 5171 651 5225 civitate
675 5176 869 5226 sancta
886 5178 1207 5244 assumptus
1231 5174 1487 5228 tentandi
1507 5190 1676 5228 causa

120 5258 497 5323 eOllgl’ediatur.
547 5261 860 5332 praesertim
915 5278 1042 5316 cum
1083 5267 1140 5317 et
1185 5263 1406 5317 Marcus
1449 5262 1678 5317 manife-

122 5339 236 5396 stius
249 5345 407 5415 dicat,
432 5351 586 5417 Quod
602 5352 980 5419 quadraginta
1010 5353 1198 5405 diebus
1226 5357 1275 5406 et
1298 5354 1677 5421 quadraginta

126 5435 335 5490 noctibus
376 5440 549 5507 fuerit
598 5442 662 5493 in
707 5440 911 5494 deserto
955 5445 1018 5494 ut
1065 5446 1374 5495 tentaretur
1400 5457 1435 5495 a
1463 5442 1677 5497 diabolo

128 5514 268 5584 (Har.
317 5539 359 5597 ι,
410 5526 527 5605 13),
562 5533 831 5586 utrumne
857 5530 920 5586 in
947 5529 1169 5587 deserto
1202 5529 1547 5603 tentabatur,
1580 5546 1672 5603 an,

1752 4461 1915 4530 juxta
1944 4458 2091 4529 quod
2120 4457 2207 4511 lex
2236 4455 2487 4528 praecipit.
2516 4454 2745 4509 cancelli
2790 4453 3239 4522 deambulatorii,
3272 4472 3345 4510 ne

1756 4551 1898 4602 torte
1927 4546 2130 4617 aliquis
2158 4546 2289 4599 inde
2318 4543 2541 4598 labatur
2568 4543 2845 4597 incautus.
2900 4543 3054 4597 Inter
3082 4559 3223 4614 quos
3251 4544 3343 4598 ni-

1756 4636 1965 4691 mirum
1992 4635 2152 4690 sedes
2168 4634 2463 4688 doctorum
2492 4649 2663 4704 super
2678 4632 2909 4703 pinnam
2936 4632 3129 4703 templi
3166 4632 3343 4704 erige-

1755 4725 1940 4793 batur,
1972 4730 2036 4779 ut
2061 4724 2265 4779 exinde
2308 4722 2467 4794 quasi
2516 4721 2575 4776 in
2623 4720 2980 4775 eminentiori
3011 4720 3227 4792 positus
3254 4722 3341 4776 lo-

1756 4831 1819 4870 co
1849 4791 2044 4869 doctor
2071 4813 2141 4867 ad
2169 4791 2439 4884 populum
2466 4811 2811 4883 loqueretur.
2847 4810 2958 4865 Sed
2985 4791 3134 4882 quod
3162 4811 3342 4882 provi-

1757 4921 1883 4959 sum
1912 4909 1999 4957 est
2027 4902 2098 4956 ad
2126 4901 2429 4956 utilitatem
2455 4899 2630 4955 totius
2650 4898 2836 4965 ofﬁcii,
2868 4899 2974 4954 hoc
3001 4916 3171 4971 quam
3194 4909 3343 4971 sepe

1759 4990 2186 5059 zonwllidus
2207 5005 2505 5061 persuasor
2522 4987 2702 5043 utitur
2715 4988 2786 5042 ad
2795 4988 3017 5042 ruinam
3038 5005 3233 5043 eorum
3244 4988 3343 5060 qui

1755 5084 1878 5138 aliis
1905 5081 2296 5154 praeferuntur.
2311 5077 2624 5133 Nonnullos
2643 5077 2872 5149 quidem
2893 5077 2952 5132 in
2981 5094 3085 5132 sua
3104 5077 3343 5133 inﬂatio-

1756 5173 1843 5227 nis
1866 5188 2004 5226 aura
2025 5171 2196 5225 etiam
2217 5171 2284 5223 ad
2299 5170 2538 5225 honores
2551 5166 2716 5238 erigit
2732 5166 3346 5223 indebitus.Nonnullos

1757 5278 1887 5317 vero
1931 5266 2082 5316 recte
2125 5259 2402 5331 praelatos,
2453 5262 2518 5312 ut
2545 5260 2827 5319 corruant,
2870 5261 2928 5310 et
2964 5273 3025 5311 se
3060 5256 3208 5311 vitiis
3236 5256 3347 5311 im-

1759 5352 2004 5417 mittant,
2050 5348 2362 5404 indefessus
2402 5348 2681 5401 hortatur.
2726 5345 2833 5410 Qui
2861 5350 3053 5400 tamen
3092 5346 3347 5416 quamvis

1758 5441 2096 5516 persuadere
2114 5437 2309 5510 possit,
2341 5436 2569 5492 omnino
2596 5434 2948 5508 praecipitare
2979 5450 3093 5490 non
3124 5440 3335 5506 potest.

1759 5531 1926 5590 Nullo
1961 5528 2137 5605 igitur
2163 5526 2299 5585 vitio
2337 5542 2433 5585 eos
2479 5525 2659 5600 magis
2688 5524 2965 5593 devastat,
2998 5540 3139 5598 quos
3164 5524 3347 5585 honor
