3938 6174
581 131 685 193 195

1326 127 1385 183 s.
1427 124 1810 201 PASCHASII
1845 123 2207 201 RADBERTI
2240 123 2547 183 ABBATIS
2584 102 3097 191 CORBEIENSIS.’

3751 129 3843 201 196

577 252 892 325 magisterii
920 251 1214 309 sublimius
1234 251 1627 322 addocendum
1642 252 1838 317 elevat,
1874 266 2042 322 quam
2074 266 2171 304 va—
2189 252 2546 336 é‘permutat
2572 250 2884 307 severitatis
2921 244 3261 306 sententiam
3286 250 3425 307 Dei:
3464 253 3838 325 Nequaquam.

579 360 665 399 ne
692 343 905 414 gloriae,
928 359 1030 415 per
1047 358 1217 413 quam
1244 341 1415 396 etiam
1443 342 1511 396 de
1532 340 1677 395 bono
1703 340 1969 395 virtutum
2003 355 2171 411 opere

586 432 814 491 inﬂatos
841 431 1046 497 reddit,
1078 431 1213 484 dum
1241 446 1353 484 non
1376 429 1497 493 Dei,
1531 428 1628 482 sed
1658 445 1819 482 suam
1860 433 2172 499 querentes

578 521 836 593 gloriam,
860 521 1056 575 inanes
1069 520 1231 574 ﬁunt.
1250 518 1409 573 Unde
1437 517 1708 587 magister
1729 518 1988 588 egregius
2003 535 2064 572 su
2073 533 2173 588 per

580 609 814 681 pinnam
838 608 1033 680 templi
1048 608 1120 661 ad
1142 606 1473 661 tentandum
1499 605 1732 676 provida
1754 604 2170 676 dispensatione

586 698 918 753 assumitur:
941 702 1006 751 ut
1023 714 1087 751 ex
1116 698 1220 750 hoc
1235 696 1483 761 doceret,
1503 711 1598 750 eos
1621 694 1717 765 qui
1738 695 1797 749 in
1824 694 2169 749 sublimitate

578 792 712 843 sunt
731 786 1038 852 constituti,
1085 785 1218 856 quid
1249 784 1429 856 magis
1461 800 1655 838 cavere
1684 789 1974 855 oporteat;
2005 785 2087 838 ita
2105 789 2170 838 ut

577 876 718 930 nihil
746 892 849 946 per
872 874 1094 929 inanem
1122 874 1364 945 gloriam
1392 873 1617 941 faciant,
1642 890 1713 928 ne
1742 872 1939 927 vitium
1978 872 2169 927 incur-

578 969 841 1034 rant,quo
861 964 1033 1017 etiam
1060 968 1117 1018 et
1143 962 1251 1034 ipsi
1274 979 1444 1035 quam
1473 979 1621 1034 saepe
1635 962 1731 1034 qui
1761 962 1884 1016 sani
1912 962 2172 1016 videntur

572 1053 815 1126 pessime
842 1052 1118 1108 laborant.
1145 1052 1303 1116 Quod
1325 1052 1467 1106 bene
1495 1068 1813 1123 praecavens
1844 1052 2125 1122 Propheta
2151 1070 2164 1107 :

572 1144 699 1198 Non
720 1144 892 1209 nobis,
917 1143 1286 1210 Domine,non
1304 1142 1480 1207 nobis,
1504 1141 1706 1212 inquit,
1730 1142 1821 1194 sed
1842 1143 2063 1194 nomini
2079 1146 2171 1195 tuo

573 1233 645 1286 da
662 1232 901 1299 gloriam
918 1231 1085 1302 (Psal.
1118 1244 1270 1299 cxm,
1294 1230 1369 1299 9).
1402 1230 1678 1285 Ceterum
1696 1229 1793 1301 qui
1812 1228 1917 1283 sibi
1933 1229 2170 1301 applau-

573 1321 733 1388 dunt,
763 1324 823 1375 et
850 1319 1065 1374 favores
1092 1319 1243 1390 vulgi
1284 1319 1512 1374 excitari
1541 1319 1599 1373 in
1628 1336 1688 1374 se
1707 1318 2171 1391 cupiunt,nonlu-

574 1426 669 1465 cra
685 1409 940 1479 cogitant
961 1408 1405 1477 animarum,sed
1428 1407 1618 1462 omnia
1631 1412 1839 1479 gerunt
1854 1407 2037 1461 laudis
2051 1422 2165 1460 suae

570 1498 774 1569 gratia,
807 1503 865 1553 et
891 1502 1165 1570 appetunt
1202 1498 1371 1553 etiam
1401 1513 1805 1568 nonnunquam
1835 1512 1958 1568 quae
1995 1512 2168 1568 supra

2253 339 2456 411 inquit,
2483 346 2653 394 morte
2666 343 3006 394 moriemini.
3038 340 3153 396 Scit
3165 343 3315 395 enim
3335 342 3495 409 Deus,
3523 344 3587 398 in
3606 359 3843 412 quacun-

2254 446 2355 498 que
2373 431 2461 484 die
2475 431 2815 484 comederitis
2835 446 2899 483 ea:
2928 433 3143 499 eo,quia
3163 433 3489 499 aperientur
3500 435 3651 487 oculi
3663 436 3839 499 vestri,

2253 523 2302 572 et
2321 522 2479 573 eritis
2494 522 2637 573 sicut
2653 520 2754 585 dii,
2777 522 3001 573 scientes
3023 521 3227 574 bonum
3241 524 3291 574 et
3312 520 3647 579 malum.Sic
3657 522 3841 594 itaque

2252 607 2505 662 diabolus
2529 624 2752 679 semper
2779 606 3196 680 Scripturarum
3234 608 3415 665 utitur
3443 610 3843 682 exemplis,non

2251 702 2315 751 ut
2342 697 2606 767 corrigat,
2630 697 2729 751 sed
2756 702 2820 751 ut
2846 697 3108 769 decipiat,
3133 697 3304 752 etiam
3324 699 3567 768 grandia
3592 699 3732 757 false
3759 717 3842 765 re-

2248 787 2646 858 promittendo.
2673 787 2815 841 Hinc
2837 787 3043 859 quippe
3065 791 3152 842 est
3172 804 3186 840 :
3211 788 3332 842 Hac
3349 791 3541 844 omnia
3562 790 3667 842 tibi
3689 789 3839 854 dabo;

2251 881 2419 948 atque
2434 876 2574 931 illud
2594 895 2605 931 :
2623 878 2660 931 Α
2666 879 2961 945 perientur
2978 879 3126 931 oculi
3143 878 3326 942 vestri,
3342 882 3392 932 et
3402 881 3558 932 eritis
3578 881 3726 935 sicut
3743 879 3841 951 dii,

2251 969 2478 1020 scientes
2508 967 2710 1020 bonum
2738 970 2787 1019 et
2807 969 3043 1020 malum.
3066 964 3228 1020 Unde
3268 965 3481 1037 liquido
3513 972 3752 1034 constat,
3785 972 3844 1023 ut

2253 1054 2385 1120 dixi,
2419 1054 2567 1125 quod
2597 1071 2792 1110 omnes
2837 1055 3155 1127 quicunque
3183 1071 3382 1110 sensus
3428 1055 3845 1128 Scripturarum

2252 1143 2323 1198 ad
2353 1160 2483 1198 suos
2512 1143 2963 1216 persuadendum
2990 1143 3188 1200 fraude
3217 1150 3452 1200 conatus
3475 1145 3667 1201 dolose
3696 1146 3843 1201 inﬂi-

2253 1238 2415 1305 gunt,
2443 1238 2497 1287 et
2527 1249 2720 1288 severa
2738 1233 2840 1288 Dei
2864 1238 3142 1305 praecepta
3160 1233 3308 1287 male
3332 1232 3670 1290 blandiendo
3701 1240 3843 1290 exte-

2251 1326 2448 1387 nuant,
2475 1327 2645 1393 atque
2672 1321 3030 1393 peccantibus
3050 1326 3114 1375 ut
3140 1321 3527 1393 permulceant
3542 1322 3600 1377 in
3631 1323 3843 1389 malum

2248 1410 2485 1481 grandia
2515 1410 3038 1482 repromittunt,i!lo
3065 1415 3317 1481 aguntur
3333 1411 3536 1482 spiritu
3561 1412 3680 1484 qui,
3700 1413 3845 1469 male

2249 1499 2689 1572 interpretando,
2720 1500 2820 1555 Dei
2840 1499 3181 1555 sententiam
3203 1500 3574 1569 extenuando,
3596 1501 3842 1573 primum

573 1604 634 1642 se
660 1592 813 1655 sunt,
869 1592 925 1641 et
975 1587 1447 1642 circumferuntur
1483 1586 1638 1641 omni
1666 1592 1830 1640 vento
1854 1585 2161 1656 jactantiae.
2192 1588 2423 1657 BAdam
2454 1589 2627 1644 morti
2659 1588 2890 1656 addixit,
2924 1594 2981 1643 et
3010 1587 3376 1643 novissimum
3405 1589 3604 1645 eadem
3633 1591 3844 1646 callidi-

571 1676 769 1748 Neque
795 1676 972 1732 videri
1004 1675 1340 1732 erubescunt
1370 1676 1515 1747 quod
1543 1675 1650 1746 ipsi
1671 1691 1784 1729 non
1807 1680 1956 1742 sunt,
1980 1690 2162 1746 neque

574 1766 644 1821 de
682 1783 742 1820 se
771 1765 1061 1838 praedicari
1090 1782 1213 1836 qua:
1242 1765 1477 1819 minime
1504 1764 1615 1819 illis
1644 1764 2162 1835 competunt.Ideo-

572 1870 680 1925 que
726 1854 796 1908 de
824 1853 1151 1909 sublimium
1198 1854 1563 1925 usurpatione
1604 1853 1878 1908 factorum
1922 1854 1993 1907 ad
2017 1852 2161 1908 infe-

565 1944 718 1999 riora
730 1943 1019 2001 labuntur.

637 2032 702 2088 Si
717 2035 895 2089 Filius
912 2036 1009 2089 Dei
1019 2050 1093 2102 es,
1113 2033 1315 2104 inquit,
1338 2036 1492 2088 mitte
1516 2038 1561 2087 te
1589 2034 1863 2100 deorsum,
1892 2032 1997 2086 hoc
2027 2047 2161 2085 sane

571 2138 673 2193 per
702 2123 893 2177 omnia
932 2122 1121 2177 volens
1150 2122 1390 2193 experiri
1435 2122 1483 2177 si
1512 2123 1687 2177 Filius
1715 2121 1818 2177 Dei
1842 2121 1934 2175 sit.
1964 2122 2161 2192 Neque

568 2211 815 2267 attendit
842 2228 943 2266 cur
969 2211 1118 2266 idem
1152 2227 1211 2265 se
1240 2212 1504 2265 deorsum
1546 2211 1749 2265 debeat
1776 2210 2018 2277 mittere,
2051 2209 2160 2264 nisi

565 2308 631 2358 ut
660 2320 790 2359 eum
818 2305 1105 2375 jactantiae
1124 2303 1358 2358 vinculis
1386 2303 1652 2368 irretiret,
1685 2309 1742 2357 et
1765 2303 1884 2374 ipse
1905 2303 2053 2374 quod
2075 2320 2162 2357 ve-

565 2398 744 2460 retur,
774 2392 820 2446 si
845 2392 1019 2447 Filius
1044 2392 1145 2447 Dei
1174 2397 1339 2459 esset,
1371 2409 1437 2447 ex
1467 2392 1577 2446 hoc
1603 2392 1804 2445 saltem
1836 2408 1937 2463 per
1974 2393 2158 2463 conje-

572 2487 790 2537 cturam
829 2486 1207 2552 cognosceret.
1240 2482 1374 2546 Qum
1421 2480 1688 2536 nimirum
1736 2498 1839 2536 vox
1886 2481 2024 2536 bene
2050 2467 2158 2537 sibi

566 2571 950 2642 congruit,qui
978 2587 1173 2626 omnes
1204 2571 1470 2625 deorsum
1501 2588 1565 2625 ex
1583 2570 1768 2625 altiori
1788 2571 1967 2641 gradu
1993 2570 2160 2625 meri-

564 2666 753 2715 torum
776 2660 1122 2732 przecipitare
1135 2660 1365 2731 satagit.
1397 2660 1541 2723 Quid
1557 2659 1705 2714 enim
1721 2665 1837 2713 tam
1867 2660 2158 2731 proprium

563 2750 843 2821 illi,quam
869 2755 936 2804 ut
962 2766 1158 2805 omnes
1187 2749 1574 2821 persuadendo
1603 2748 1673 2803 de
1696 2748 1926 2803 sublimi
1953 2749 2158 2804 mentis

562 2847 714 2899 statu
743 2844 1004 2899 deorsum
1028 2839 1339 2895 mittat?In
1365 2854 1475 2908 quo
1503 2837 1640 2891 satis
1670 2838 1975 2892 admodum
1999 2837 2158 2891 infir-

2242 1677 2376 1732 tatis
2406 1682 2547 1745 arte,
2563 1678 2722 1750 quasi
2742 1694 2807 1732 ex
2833 1677 3165 1732 auctoritate
3195 1677 3402 1745 divina,
3416 1678 3562 1733 male
3593 1683 3843 1735 tractan-

2244 1766 2314 1821 do
2346 1766 3045 1838 Scripturas,prosternere
3075 1766 3407 1839 concupivit.

2320 1855 2427 1911 Cui
2454 1859 2638 1910 Jesus:
2661 1859 2871 1911 Rursus
2901 1858 3172 1924 scriptum
3193 1862 3267 1910 est
3285 1875 3302 1909 :
3325 1857 3451 1910 Non
3483 1858 3721 1912 tentabis
3739 1859 3843 1913 Do-

2244 1950 2469 2001 minum
2501 1948 2670 2001 Deum
2703 1951 2881 2000 tuum.
2914 1945 3074 2009 Quod
3103 1960 3239 1999 sane
3268 1950 3611 2017 praeceptum
3646 1962 3844 2019 quam-

2243 2036 2433 2108 plures
2463 2035 2670 2106 duplici
2700 2035 2865 2090 corde
2893 2051 3038 2106 saepe
3075 2034 3573 2106 transgrediuntur
3602 2024 3839 2105 incauti,

2244 2131 2300 2180 et
2328 2125 2478 2179 unde
2506 2125 2687 2179 Deum
2713 2129 2990 2179 conantur
3016 2123 3272 2196 probare,
3308 2124 3620 2179 offendunt.
3644 2125 3721 2180 Et
3748 2142 3845 2181 no-

2242 2215 2480 2269 tandum
2501 2214 2650 2285 quod
2669 2217 2889 2268 tentare
2902 2212 3267 2280 dicitur,dum
3288 2213 3358 2267 de
3380 2212 3693 2285 Scripturis
3712 2232 3844 2286 per-

2243 2303 2480 2358 suadere
2519 2302 2671 2358 aliud
2700 2319 2870 2375 quam
2899 2302 3177 2374 expediat,
3195 2307 3452 2358 conatur.
3484 2302 3628 2367 Quia
3660 2304 3844 2374 profe-

2240 2399 2347 2461 cto,
2383 2393 2530 2448 sicut
2558 2391 2800 2463 Spiritus
2821 2391 2935 2446 vita
2964 2396 3050 2447 est
3070 2391 3129 2446 in
3150 2391 3454 2463 Scripturis
3473 2390 3845 2460 divinis,dum

2240 2488 2390 2538 recte
2438 2481 2852 2551 intelliguntur,
2890 2480 2971 2535 ita
3021 2480 3082 2535 in
3127 2480 3208 2535 eis
3238 2480 3334 2553 qui
3365 2497 3461 2536 eas
3490 2480 3695 2536 callide
3725 2481 3844 2536 suis

2241 2572 2525 2643 applicant
2561 2570 2863 2637 favoribus,
2896 2569 3129 2640 laqueus
3158 2568 3384 2635 erroris,
3420 2574 3478 2625 et
3504 2569 3755 2625 mutatio
3780 2587 3845 2625 ac

2239 2660 2523 2715 subversio
2548 2659 2883 2731 simplicium
2906 2658 3165 2730 protinus
3180 2657 3547 2725 invenitur.2
3563 2664 3605 2723 ι
3625 2665 3671 2727 ι
3701 2660 3852 2728 Quo-

2242 2766 2374 2804 rum
2402 2766 2601 2815 sermo,
2632 2754 2699 2803 ut
2743 2748 3043 2820 Apostolus
3088 2746 3187 2813 ait,
3241 2750 3388 2802 velut
3417 2763 3614 2802 cancer
3639 2753 3842 2819 serpit.

2241 2839 2424 2910 Digna
2442 2839 2642 2893 deinde
2668 2844 2863 2893 contra
2894 2838 3286 2908 laqueatorum
3317 2852 3515 2891 sensus
3538 2842 3596 2892 et
3623 2836 3849 2895 diaboli

562 2935 828 2988 mitatem
845 2947 1005 2986 suam
1030 2928 1191 2983 nobis
1210 2927 1579 2993 demonstrat,
1599 2925 1986 2996 malitiamque
2005 2925 2157 2980 desi-
2172 2960 2217 3021 Ο
2240 2928 2612 2999 petulantiam
2641 2927 2866 2983 Domini
2893 2926 3181 2998 responsio
3207 2925 3346 2980 satis
3375 2925 3692 2996 inﬂigitur:
3718 2929 3847 2983 Non

564 3028 722 3094 gnat,
758 3019 908 3092 quod
938 3016 1149 3072 nemini
1179 3014 1357 3086 possit
1391 3030 1611 3082 nocere,
1640 3014 1751 3069 nisi
1780 3031 1840 3069 se
1869 3016 2037 3070 homo
2065 3015 2154 3070 in-

561 3111 691 3166 felix
718 3110 875 3181 prius
902 3107 1163 3161 deorsum
1194 3104 1430 3158 miserit.

630 3200 919 3268 Scriptum
941 3202 1015 3251 est
1041 3197 1212 3259 enim,
1235 3193 1439 3264 inquit,
1459 3193 1602 3262 quod
1620 3194 1833 3261 angelis
1848 3196 1964 3247 suis
1988 3210 2157 3249 man-

563 3291 716 3345 davit
742 3290 805 3342 de
827 3292 892 3352 te,
928 3293 991 3339 ut
1015 3285 1328 3339 custodiant
1358 3288 1404 3336 te
1433 3285 1496 3336 in
1537 3284 1791 3337 omnibus
1810 3285 1914 3337 viis
1935 3286 2061 3349 tuis,
2096 3288 2155 3337 et

559 3384 760 3434 caetera
789 3393 912 3447 quae
939 3377 1273 3445 sequuntur,
1304 3372 1481 3426 donec
1508 3370 1580 3425 ad
1633 3388 1761 3426 eum
1818 3372 2001 3427 locum
2054 3372 2151 3427 ubi

555 3465 966 3524 conculcandus
984 3463 1105 3534 ipse
1119 3460 1516 3529 ostenditur,et
1533 3461 1725 3515 omnia
1741 3462 2008 3516 veneﬁcia
2027 3463 2077 3533 ej
2085 3479 2150 3518 us

554 3560 796 3630 figurate
822 3555 1030 3609 virtute
1057 3557 1379 3607 sanctorum
1408 3550 1675 3605 calcanda
1700 3551 1926 3622 penitus
1954 3552 2151 3623 praedi-

554 3646 861 3704 cantur.De
883 3660 988 3698 sua
1006 3642 1231 3714 quidem
1261 3640 1458 3698 fraude
1487 3646 1545 3695 et
1574 3640 1993 3707 conculcatione
2012 3658 2145 3696 nar-

551 3754 680 3794 rare
705 3734 928 3805 refugit,
960 3732 1119 3805 quasi
1138 3731 1371 3786 callidus
1384 3730 1800 3801 tergiversator,
1832 3730 1929 3785 sed
1959 3731 2028 3785 dc
2049 3747 2145 3785 au-

546 3828 681 3883 xilio
711 3829 904 3893 ωιθ
929 3818 1260 3893 angelorum
1290 3838 1354 3874 ac
1389 3820 1437 3873 si
1466 3819 1536 3874 ad
1564 3818 1854 3874 inﬁrmum
1883 3820 2137 3890 loquens,

546 3915 852 3973 instantius
876 3910 1239 3983 repromittit,
1270 3925 1384 3964 non
1410 3914 1475 3963 ut
1510 3910 1807 3969 conﬁrmet
1831 3910 1891 3962 in
1917 3908 2138 3977 melius,

546 4006 645 4061 sed
673 4008 740 4059 ut
763 4006 1086 4073 prosternat
1129 4000 1187 4053 in
1217 3999 1415 4069 pejus;
1464 3998 1536 4052 ad
1579 3997 1684 4053 hoc
1712 3998 1919 4070 quippe
1962 3998 2143 4053 utitur

548 4089 874 4162 Scripturis,
907 4104 1020 4142 non
1038 4092 1104 4142 ut
1129 4086 1365 4140 virtutes
1389 4084 1667 4153 instituat,
1697 4087 1795 4141 sed
1819 4092 1887 4141 ut
1917 4103 2141 4144 errores

543 4182 785 4252 ingerat.
820 4178 1000 4240 Quem
1020 4175 1260 4245 denique
1289 4174 1586 4229 imitantur
1602 4192 1796 4230 omnes
1819 4177 2138 4249 quicunque

2240 3019 2471 3072 tentabis
2487 3020 2790 3072 Dominum
2805 3018 2978 3071 Deum
2999 3015 3269 3070 tuum.Ex
3285 3031 3395 3087 quo
3416 3015 3671 3071 declarat
3691 3016 3851 3089 quod

2236 3123 2339 3162 nec
2354 3106 2662 3161 secundum
2681 3105 3090 3161 humanitatem
3105 3103 3618 3176 Dominum,neque
3639 3122 3850 3162 secun-

2237 3195 2372 3250 dum
2401 3195 2750 3250 divinitatem
2779 3195 2959 3250 Deum
2999 3193 3202 3265 aliquis
3228 3191 3430 3248 debeat
3456 3198 3708 3262 tentare,
3743 3195 3851 3251 sed

2234 3302 2402 3357 agere
2430 3285 2491 3339 in
2514 3284 2921 3339 tentationibus
2950 3282 3224 3356 quidquid
3237 3282 3496 3337 humane
3513 3284 3733 3340 mentis
3753 3285 3852 3340 in-

2232 3374 2450 3430 dustria
2473 3373 2780 3429 secundum
2810 3389 2939 3427 eum
2970 3372 3119 3426 valet
3146 3388 3332 3442 agere.
3375 3372 3457 3427 De
3490 3376 3701 3430 caetero
3734 3374 3849 3430 soli

2231 3464 2346 3519 Deo
2369 3462 2756 3536 omnipotenti,
2790 3462 2880 3516 cui
2905 3461 3095 3517 omnia
3117 3460 3407 3532 possibilia
3431 3466 3582 3529 sunt,
3614 3461 3669 3515 si
3704 3463 3855 3537 quid

2232 3552 2796 3625 superimminet,non
2809 3551 3099 3616 tentando,
3115 3551 3212 3605 sed
3231 3550 3428 3604 devote
3444 3567 3509 3605 ac
3538 3552 3855 3609 conﬁden-

2229 3648 2319 3697 ter
2346 3642 2511 3697 debet
2539 3640 2906 3696 committere.
2928 3641 3004 3694 At
3022 3656 3152 3694 vero
3175 3638 3325 3710 quod
3338 3639 3856 3705 DominumDeum

2229 3748 2393 3786 suum
2420 3748 2479 3786 se
2505 3735 2767 3798 testatur,
2788 3746 2903 3785 non
2931 3730 3077 3784 sicut
3100 3728 3392 3784 Manichmi
3410 3728 3857 3793 delirant,alius

2228 3826 2314 3876 est
2340 3822 2491 3876 Deus
2519 3819 2880 3875 tenebrarum
2906 3824 2963 3874 et
2990 3818 3132 3873 alius
3160 3817 3322 3885 lucis,
3355 3818 3452 3872 sed
3475 3834 3625 3873 unus
3658 3819 3862 3876 idem-

2226 3925 2335 3981 que
2379 3910 2529 3965 Deus
2573 3908 2938 3964 tenebrarum
2976 3913 3032 3963 et
3086 3906 3228 3962 lucis
3283 3906 3678 3977 convincitur;
3746 3911 3862 3984 qui

2224 3998 2395 4055 etiam
2427 4006 2485 4054 et
2508 4016 2678 4072 super
2706 4015 2837 4053 eum
2861 3997 2957 4069 qui
2987 4002 3073 4052 est
3100 3995 3337 4068 abyssus
3369 3996 3629 4051 omnium
3668 4004 3865 4055 tene-

2220 4087 2452 4144 brarum
2480 4088 2759 4144 dominari
2783 4086 3108 4143 testimonio
3137 4084 3312 4157 ipsius
3355 4085 3773 4144 conﬁrmatur.

2293 4178 2405 4234 Sed
2436 4195 2537 4234 cur
2566 4183 2834 4245 tentatur,
2888 4177 2933 4231 si
2973 4175 3043 4230 ab
3083 4192 3148 4230 eo
3176 4173 3385 4230 tentari
3422 4191 3537 4229 non
3582 4174 3815 4232 debuit
3838 4178 3868 4232 Ἰ

542 4243 870 4325 testimonia
888 4243 1302 4335 Scripturarum
1328 4279 1497 4333 quam
1508 4279 1655 4334 saepe
1676 4243 2134 4322 adulterandoad
2160 4243 2208 4327 D
2235 4269 2487 4324 Profecto
2508 4268 2638 4340 quia
2662 4243 2960 4322 tentatoris
2993 4264 3354 4337 praesumptio
3404 4263 3531 4319 fuit.
3566 4264 3641 4319 Et
3672 4274 3865 4339 post-

544 4376 677 4418 suos
704 4357 1002 4412 inﬂectunt
1018 4369 1237 4418 sensus,
1264 4367 1378 4407 non
1405 4368 1539 4406 sane
1559 4358 1625 4407 ut
1649 4353 1873 4407 veritati
1888 4354 2129 4426 faveant,

542 4450 642 4506 sed
669 4452 734 4503 ut
753 4442 1085 4503 temerarios
1113 4441 1415 4497 voluntatis
1445 4458 1559 4496 suae
1580 4458 1750 4497 ausus
1775 4443 2134 4514 impudenter

540 4541 817 4595 astruant.
855 4533 959 4589 Hic
995 4548 1216 4604 quoque
1259 4530 1319 4586 in
1348 4532 1504 4587 Novo
1532 4532 1891 4588 Testamento
1917 4533 2133 4605 primus

537 4626 819 4691 haeresim,
849 4622 988 4678 talia
1011 4637 1077 4676 ex
1096 4620 1288 4675 Veteri
1315 4621 1707 4692 permutando,
1739 4621 2132 4680 fraudulentus

538 4715 807 4782 condidit,
839 4718 1010 4783 atque
1049 4709 1426 4766 idololatriam
1454 4710 1707 4780 ingessit,
1739 4712 1875 4767 dum
1905 4730 1965 4767 se
1994 4714 2131 4769 ado-

537 4822 666 4862 rare
682 4801 1002 4877 persuadet,
1037 4816 1207 4871 quem
1235 4804 1293 4854 et
1320 4800 1381 4855 in
1409 4799 1723 4856 simulacris
1750 4801 1875 4857 falsi
1896 4803 2130 4858 deorum

539 4896 783 4951 cultores
812 4891 959 4946 male
979 4889 1196 4959 decepti
1229 4890 1436 4956 colunt,
1463 4889 1558 4960 qui
1580 4890 1715 4944 etin
1737 4891 1928 4946 Veteri
1939 4893 2131 4947 Testa-

536 4989 729 5041 mento
742 4982 995 5053 loquens,
1009 4978 1255 5050 priorem
1274 4978 1474 5045 Adam,
1497 4978 1599 5033 Dei
1612 4978 1984 5036 subvertenda
2006 4998 2130 5036 sen-

533 5072 791 5139 tentiam,
818 5068 974 5141 prius
989 5067 1302 5138 deceperat.
1327 5067 1459 5134 Gur,
1484 5068 1943 5139 inquit,pr.acepit
1974 5072 2121 5126 vobis

534 5165 676 5219 Deus
696 5178 763 5216 ne
782 5159 1126 5215 comederetis
1136 5173 1202 5211 ea:
1221 5158 1377 5211 omni
1397 5159 1843 5226 tignoparadisi?
1865 5160 2013 5226 (Gen.
2037 5173 2121 5227 IlI,

536 5253 614 5319 '1.)
640 5250 802 5316 Quod
830 5246 1058 5304 omnino
1075 5250 1296 5301 constat
1315 5246 1495 5300 Deum
1530 5262 1643 5301 non
1662 5247 1887 5315 dixisse,
1911 5248 2029 5318 sed,
2061 5254 2128 5305 ut

530 5347 780 5397 mentem
805 5338 1059 5404 subruat,
1074 5334 1396 5391 mentiendo
1424 5336 1686 5408 praecepti
1714 5337 1931 5409 pondus
1960 5354 2123 5411 exag.

529 5435 712 5504 gerat.
740 5430 821 5486 Ac
854 5426 1057 5496 deinde
1083 5430 1213 5499 post
1257 5424 1430 5499 dubia
1453 5425 1801 5495 infidelitatis
1828 5443 2116 5502 responsa,

2228 4375 2397 4430 quam
2426 4357 2671 4430 primum
2700 4356 2987 4411 hominem
3016 4371 3120 4410 sua
3135 4344 3460 4408 'tentatione
3478 4353 3727 4425 dejecit,
3758 4359 3870 4429 1ῇιι.

2219 4452 2371 4502 stum
2390 4447 2617 4501 omnino
2642 4446 2750 4500 fuit
2776 4451 2842 4501 ut
2863 4460 2977 4500 non
3001 4443 3183 4499 solum
3201 4447 3519 4497 tentaretur
3532 4442 3866 4516 Christus,

2214 4553 2410 4591 verum
2432 4541 2491 4591 et
2518 4535 2577 4590 in
2606 4535 2717 4590 illis
2745 4534 3067 4605 eisdemque
3086 4532 3444 4604 passionibus
3470 4522 3866 4606 tentaretur,

2213 4625 2597 4697 incorruptam
2617 4625 2721 4682 Dei
2750 4623 3057 4694 imaginem
3086 4638 3152 4676 ac
3171 4619 3602 4676 similitudinem
3632 4626 3868 4695 possi-

2213 4713 2368 4779 dens,
2407 4714 2468 4768 in
2495 4713 2697 4785 quibus
2726 4719 2784 4768 et
2809 4713 2991 4768 Adam
3019 4711 3234 4787 primus
3261 4714 3515 4766 tentatus
3547 4716 3667 4780 est,
3709 4731 3874 4772 cum

2214 4803 2396 4859 adhuc
2420 4803 2479 4857 in
2495 4803 2592 4858 illa
2612 4802 2878 4858 inviolata
2903 4801 3006 4857 Dei
3035 4801 3280 4873 imagine
3304 4798 3675 4870 perduraret,
3713 4820 3872 4875 quae

2212 4896 2344 4948 sunt
2383 4892 2802 4964 gastrimargia,
2839 4890 3165 4955 cenodoxia,
3200 4887 3479 4962 superbia.
3522 4888 3710 4945 Unde
3748 4909 3882 4951 nec

2208 4980 2268 5036 in
2298 4982 2500 5054 quibus
2512 4988 2639 5055 post
2658 4979 3177 5055 praevaricationem
3196 4977 3448 5033 mandati
3458 4976 3655 5032 Adam
3676 4981 3880 5039 dam-

2209 5077 2395 5140 natur,
2437 5079 2495 5126 et
2520 5071 2780 5143 deinceps
2810 5086 2911 5125 suo
2932 5070 2994 5125 in
3018 5068 3151 5123 vitio
3181 5067 3514 5132 devolvitur,
3547 5064 3878 5130 Christus

2209 5166 2457 5218 tentatus
2473 5167 2576 5228 est,
2598 5160 2698 5215 sed
2718 5160 2777 5214 in
2799 5158 3001 5231 quibus
3021 5162 3190 5214 antea
3205 5160 3459 5212 tentatus
3478 5158 3538 5210 et
3570 5170 3879 5230 snpem-

2207 5256 2299 5306 tus
2325 5251 2553 5323 legitur.
2578 5251 2852 5305 Tentatus
2880 5253 2966 5304 est
2992 5251 3183 5305 autem
3207 5243 3631 5318 gastrimargiae
3662 5249 3873 5324 vitio,

2204 5340 2428 5414 quando
2457 5339 2597 5410 ligni
2624 5338 2911 5395 interdicti
2938 5336 3298 5412 praesumpsit
3316 5334 3592 5391 edulium.
3631 5337 3877 5398 Ceno.

2201 5430 2367 5499 doxia
2385 5445 2534 5503 vero,
2561 5428 2784 5504 quando
2813 5429 3028 5487 dictum
3055 5431 3142 5499 est
3154 5426 3207 5485 ei
3238 5444 3249 5482 :
3283 5426 3643 5497 Aperiantur
3680 5436 3878 5505 οομιί
