3938 6174
219 195 299 254 N1
950 193 1332 251 EXPOSITIO
1372 195 1449 253 IN
1487 194 1932 253 MATTHEUM.
1975 228 2042 242 -—
2078 199 2215 256 LIB.
2258 201 2357 269 III,
2402 203 2559 261 CAP.
2610 203 2704 260 IV.
3356 212 3459 279 198

224 321 382 375 vestri.
406 318 570 373 Porro
589 314 854 388 superbia
871 317 1121 389 dejectus
1137 323 1270 374 tunc
1291 320 1522 390 exstitit,
1547 323 1773 393 quando
1794 324 1977 387 AAut
2005 325 2138 396 quid
2166 343 2417 398 agemus,
2448 344 2576 383 cum
2604 329 2724 401 ipse
2748 346 2850 402 per
2877 347 2936 386 se
2964 331 3220 388 diabolus
3250 351 3459 392 concu-

226 409 406 464 dictum
430 412 511 461 est
542 406 595 460 ei
628 424 640 458 :
684 406 859 461 Erilis
900 410 1044 461 sicut
1091 410 1192 474 dii,
1235 413 1459 465 scientes
1501 413 1705 465 bonum
1744 417 1793 466 ct
1874 413 2174 484 piscentias
2213 417 2367 470 carni
2405 417 2620 486 insitas,
2653 420 2835 474 acrius
2865 426 3053 487 τις)
3082 421 3458 495 inflammare,

222 496 499 551 malum.1n
518 494 605 549 his
625 511 758 566 ergo
780 495 959 550 tribus
983 497 1136 551 vitiis
1162 498 1332 552 etiam
1353 499 1655 555 Dominum
1675 501 1791 556 Sal-
1874 508 1929 556 et
1950 506 2097 574 quod
2120 506 2344 575 gravius
2371 512 2473 573 est,
2504 508 2664 579 quasi
2690 526 2755 563 ex
2784 510 3117 565 auctoritate
3144 512 3459 571 divinarum

221 590 439 640 vatorem
456 584 691 655 legimus
711 590 990 640 tentatum
1012 586 1203 643 fuisse.
1227 588 1638 658 Gastrimargia
1664 589 1789 661 qui-
1874 592 2309 663 Scripturarum,
2337 604 2583 650 mentem
2608 602 2671 652 ut
2702 599 2931 654 seducat
2956 602 3198 657 atrocius
3228 604 3461 660 delinire

220 674 344 741 dem,
364 690 483 728 cum
502 690 835 744 persuasum
859 682 944 729 est
963 676 1013 729 ei
1039 692 1072 728 a
1100 675 1343 743 diabolo,
1368 680 1467 733 Dic
1487 684 1548 732 ut
1581 681 1789 747 lapides
1871 697 1935 735 ac
1968 682 2232 738 seducere
2260 686 2526 755 coeperit?
2556 686 2630 740 Et
2658 689 2805 758 quod
2836 690 3017 744 adhuc
3048 691 3322 748 infelicius
3353 702 3457 765 est,

222 766 303 817 isti
322 779 475 833 panes
501 766 642 830 ﬁant
657 783 673 827 ;
709 763 1031 831 cenodoxia,
1055 765 1121 820 Si
1145 767 1321 819 Filius
1343 768 1441 821 Dei
1465 784 1535 832 es,
1562 770 1715 821 mitte
1742 774 1788 822 te

217 854 467 916 deorsum;
494 852 777 924 superbia,
802 870 931 908 cum
952 854 1250 908 ostendens
1279 854 1357 908 illi
1378 855 1568 910 omnia
1613 873 1788 927 regna

215 940 385 995 mundi
413 945 467 995 et
489 940 729 1012 gloriam
755 959 951 997 eorum
980 943 1325 1015 repromittit
1356 962 1367 996 :
1395 946 1516 999 Ilazc
1548 947 1649 999 tibi
1676 962 1788 1000 om-

216 1034 299 1084 nia
319 1031 461 1095 dabo,
479 1033 530 1083 si
550 1033 745 1085 eadem
768 1034 1087 1086 adoraocris
1110 1050 1229 1087 me:
1257 1038 1320 1088 ut
1348 1032 1558 1087 eisdem
1584 1034 1787 1105 quibus

211 1118 449 1173 nimirum
476 1118 571 1174 ille
588 1121 965 1176 tentationum
992 1121 1154 1176 lineis
1176 1121 1459 1193 appetitus
1481 1128 1585 1188 est,
1605 1129 1782 1179 tenta-

211 1214 367 1275 retur;
391 1213 445 1263 et
458 1224 561 1263 nos
581 1226 805 1281 quoque
827 1210 1300 1281 quemadmodum
1316 1216 1654 1267 tentatorem
1670 1213 1784 1267 vin-

207 1312 315 1352 cere
341 1296 668 1353 deberemus
688 1315 790 1352 suo
813 1299 1139 1370 perdoceret
1164 1302 1434 1373 exemplo.
1463 1301 1705 1372 Ideoque
1727 1306 1783 1356 et

206 1385 285 1440 ille
303 1386 493 1453 Adam,
519 1393 580 1441 et
599 1386 704 1441 iste
726 1386 904 1442 Adam
926 1387 1134 1443 dicitur
1156 1407 1167 1442 :
1200 1389 1294 1443 ille
1317 1389 1544 1460 quidem
1565 1392 1781 1460 primus

204 1474 265 1528 ad
288 1474 499 1531 ruinam
530 1476 591 1531 in
622 1482 880 1543 mortem,
906 1476 993 1531 hic
1024 1494 1154 1532 vero
1186 1478 1401 1549 primus
1432 1478 1502 1532 ad
1532 1496 1780 1533 resurre-

1864 769 1984 839 jam
2032 770 2161 824 hinc
2194 773 2475 842 colligitur
2510 775 2783 831 universis
2823 794 2944 848 qua:
2989 779 3046 833 in
3081 782 3289 835 mundo
3328 789 3461 839 sunt

1870 862 2065 910 contra
2091 875 2210 925 nos,
2244 864 2309 913 ut
2336 860 2470 925 suis,
2504 862 2684 916 utitur
2711 865 2903 918 armis.
2934 865 3078 929 Quid
3110 884 3241 938 ergo
3270 871 3461 926 anima

1869 945 2020 1000 inter
2049 947 2435 1017 hujuscemodi
2464 966 2595 1004 casu
2622 952 2840 1006 factura
2868 953 2991 1008 est?
3028 956 3171 1009 Nam
3222 959 3361 1013 nihil
3399 960 3458 1016 in

1868 1035 2078 1089 mundo
2109 1041 2195 1090 est
2232 1036 2339 1090 nisi
2380 1040 2824 1111 concupiscentia
2872 1043 3072 1111 carnis,
3108 1051 3165 1099 et
3192 1049 3458 1121 concupi-

1865 1124 2078 1178 scentia
2108 1125 2415 1193 oculorum,
2451 1132 2619 1198 atque
2666 1130 2927 1200 superbia
2963 1132 3109 1187 vitae.
3157 1134 3222 1188 In
3253 1135 3456 1206 quibus

1864 1213 2131 1267 nimirum
2157 1213 2337 1269 tribus
2362 1216 2654 1271 sententiis
2683 1219 2984 1289 Apostolus
3006 1223 3063 1290 (Ι
3081 1224 3241 1277 Joan.
3276 1237 3336 1290 II,
3368 1224 3457 1295 16)

1863 1302 2125 1356 universa
2153 1304 2528 1358 tentationum
2546 1322 2757 1374 genera
2781 1310 3221 1379 comprehendit.
3245 1312 3314 1367 Et
3330 1313 3456 1368 ideo

1862 1389 2135 1445 Dominus
2166 1392 2280 1446 hzec
2324 1393 2513 1448 omnia
2542 1394 2598 1448 in
2636 1412 2695 1448 se
2725 1396 2845 1450 sine
2874 1398 3203 1470 contagione
3242 1403 3455 1472 peccati

1863 1479 2132 1533 vincenda
2160 1482 2422 1553 suscepit,
2454 1487 2519 1536 ut
2544 1483 2703 1537 miles
2732 1485 2990 1553 disceret,
3022 1488 3156 1558 quid
3185 1506 3299 1543 una
3327 1507 3457 1546 cum

204 1563 420 1618 ctionem
449 1570 509 1619 et
537 1565 728 1619 vitam.
754 1567 821 1620 Et
841 1566 888 1620 si
910 1566 1043 1621 velis
1062 1566 1251 1621 omnia
1271 1573 1329 1632 2
1346 1574 1381 1632 1
1400 1574 1459 1633 2
1479 1568 1779 1639 diligenter
1802 1639 1840 1644 _
1859 1569 2043 1639 gratia
2074 1570 2173 1624 Dei
2198 1571 2414 1641 jugiter
2440 1578 2651 1642 ageret,
2684 1590 2806 1644 qum
2838 1575 3099 1631 vitiorum
3132 1578 3371 1633 recidiva
3395 1580 3456 1634 in

201 1652 513 1725 perspicere,
541 1653 810 1719 invenies,
834 1655 978 1710 sicut
1007 1656 1143 1710 dicit
1164 1657 1482 1728 Apostolus,
1508 1657 1567 1710 in
1596 1658 1779 1728 primo
1801 1639 1848 1699 Β
1870 1675 1928 1711 se
1955 1639 2255 1729 profligare
2275 1639 2593 1716 debuisset.

200 1739 415 1796 formam
441 1742 624 1798 futuri
653 1760 795 1810 esse,
829 1749 1032 1814 praeter
1053 1745 1200 1815 quod
1224 1745 1317 1799 ille
1348 1745 1418 1799 ad
1448 1746 1672 1800 ruinam
1699 1747 1780 1800 di-

199 1828 383 1902 lapsus,
416 1831 510 1885 hic
537 1848 667 1887 vero
701 1833 760 1887 in
790 1833 1220 1889 similitudinem
1246 1834 1430 1889 carnis
1451 1835 1662 1907 peccati
1683 1852 1777 1889 ve-

199 1918 339 1974 niens
365 1920 561 1975 omnia
587 1921 646 1974 in
672 1921 872 1976 melius
891 1939 993 1994 per
1014 1923 1239 1977 easdem
1270 1923 1445 1978 lineas
1474 1924 1773 1995 reparavit.

200 2007 335 2063 Unde
361 2014 416 2063 et
442 2009 507 2063 in
541 2009 752 2065 eisdem
782 2028 909 2066 eum
938 2011 1086 2066 vitiis
1116 2012 1369 2068 diabolus
1400 2018 1621 2067 tantum
1650 2018 1777 2068 ten-

200 2102 287 2163 tat,
301 2097 353 2151 in
366 2097 576 2170 quibus
598 2103 657 2153 et
674 2098 830 2155 illum
854 2100 1102 2171 primum
1129 2101 1450 2173 deceperat;
1476 2101 1777 2172 conjiciens

199 2184 328 2240 hunc
354 2204 582 2259 quoque
606 2188 938 2260 simpliciter
965 2190 1117 2244 velut
1143 2190 1445 2257 hominem,
1478 2192 1538 2245 in
1561 2191 1777 2246 caeteris

196 2274 548 2343 illudendum,
569 2276 619 2331 si
639 2294 769 2333 eum
790 2278 848 2332 in
874 2278 985 2333 illis
1005 2279 1206 2349 quibus
1225 2279 1469 2351 priorem
1493 2282 1778 2351 dejecerat

196 2363 373 2420 elisum
415 2366 713 2422 sensisset.
745 2366 891 2421 Nam
941 2368 1091 2438 quod
1130 2369 1308 2424 Lucas
1344 2370 1493 2424 hunc
1520 2370 1775 2425 ordinem

193 2454 512 2522 transcribit,
542 2472 655 2510 non
677 2473 743 2511 ex
758 2456 1060 2528 imperitia,
1075 2458 1171 2511 sed
1194 2475 1295 2529 pro
1313 2458 1581 2530 mysterio
1596 2464 1779 2514 trans-

196 2543 426 2598 mutavit.
454 2544 760 2615 Siquidem
787 2545 845 2599 in
875 2546 1128 2617 utrisque
1156 2546 1366 2601 factum
1400 2553 1486 2602 est
1512 2554 1574 2602 ut
1607 2554 1663 2602 et
1689 2566 1777 2603 ve-

194 2631 311 2685 ritas
330 2633 409 2687 rei
426 2639 612 2704 gestaa
628 2641 916 2706 appareat,
930 2640 1099 2706 atque
1120 2636 1255 2689 ordo
1268 2636 1595 2691 tentationis
1610 2637 1771 2704 Adae;

192 2718 369 2775 deinde
397 2730 461 2777 ut
500 2723 805 2778 moraliter
833 2724 904 2778 ad
934 2725 1224 2795 prmsentis
1252 2725 1521 2796 temporis
1558 2726 1777 2796 reliqua

193 2810 616 2867 oonformentur.
653 2812 789 2867 Hinc
835 2818 920 2868 est
965 2813 1231 2868 nimirum
1263 2814 1411 2886 quod
1449 2815 1625 2870 Lucas
1655 2832 1775 2870 me-

194 2897 322 2954 diam
336 2901 492 2972 ponit
518 2901 837 2969 avaritiam,
856 2902 1112 2957 ultimam
1127 2920 1255 2958 vero
1273 2902 1592 2974 superbiam
1610 2923 1622 2972 ;
1642 2904 1775 2975 quia

192 2987 343 3043 etiam
385 3007 573 3062 usque
614 2990 675 3045 in
716 2992 886 3045 ﬁnem
924 2992 1049 3046 vitae
1097 3004 1220 3063 post
1268 3009 1461 3047 omnes
1499 2961 1834 3048 virtutumc

191 3078 484 3151 triumphos
511 3079 712 3137 saevire
741 3098 851 3135 non
878 3087 1075 3135 cessat.
1126 3083 1271 3136 Nam
1308 3081 1365 3136 in
1395 3099 1460 3136 eo
1491 3082 1638 3154 quod
1668 3083 1766 3151 ait,

190 3166 306 3237 quia
329 3168 388 3222 in
415 3174 708 3223 momento
731 3170 1037 3224 ostenderit
1065 3169 1115 3224 ei
1144 3170 1333 3225 omnia
1357 3188 1531 3240 regna
1549 3171 1763 3239 mundi,

188 3258 353 3325 passio
380 3258 746 3329 philargyrim
774 3258 1167 3313 convenienter
1196 3259 1484 3330 accipitur.
1520 3261 1590 3314 Et
1615 3260 1673 3314 in
1703 3277 1768 3315 eo

189 3345 319 3414 quod
341 3346 496 3414 dixit,
515 3346 582 3401 Si
603 3346 780 3401 Filius
800 3348 895 3402 Dei
916 3365 994 3415 es,
1022 3347 1181 3401 mitte
1202 3352 1257 3401 te
1277 3348 1561 3413 deorsum,
1577 3366 1771 3421 super-

188 3431 279 3488 biae
305 3436 595 3506 persuasio
619 3437 783 3507 juxta
820 3437 969 3492 hunc
1003 3437 1186 3492 locum
1220 3443 1369 3492 recte
1410 3438 1765 3509 intelligitur.

189 3520 335 3593 Ergo,
350 3526 481 3596 quia
500 3526 642 3580 dum
651 3526 1048 3596 gastrimargia
1066 3544 1195 3581 eum
1216 3544 1484 3598 superare
1496 3527 1763 3598 nequivit,

190 3612 357 3668 omisit
382 3614 697 3679 libidinem,
714 3620 770 3669 et
783 3631 905 3685 qua:
930 3615 999 3669 de
1016 3617 1151 3687 gula
1169 3622 1494 3682 nascuntur,
1511 3622 1568 3669 et
1587 3622 1769 3670 trans-

190 3701 343 3756 currit
379 3703 449 3757 ad
486 3703 921 3774 pbilargyriam,
967 3720 1136 3774 quam
1181 3721 1283 3776 pro
1327 3710 1481 3759 certo
1508 3704 1766 3759 radicem

189 3791 418 3845 omnium
436 3793 723 3846 malorum
744 3798 990 3847 noverat.
1012 3793 1134 3857 Quo
1156 3793 1348 3864 utique
1372 3794 1518 3847 illico
1539 3810 1768 3864 supera-

192 3883 287 3950 tus,
302 3881 517 3936 nullum
551 3881 607 3934 ei
627 3881 820 3935 vitium
839 3898 904 3935 ex
930 3882 1018 3936 his
1038 3899 1161 3954 quae
1184 3882 1563 3954 sequebantur
1588 3883 1761 3947 illam,

188 3982 339 4024 ausus
367 3976 455 4025 est
479 3970 743 4042 ingerere
766 3990 779 4038 ;
812 3971 912 4026 sed
932 3971 1003 4026 ad
1022 3978 1329 4027 extremam
1346 3971 1620 4044 superbiae
1644 3989 1768 4044 pas-

104 4108 111 4115 .
190 4056 384 4112 sionem
429 4059 723 4127 transiliit,
765 4076 877 4131 qua
911 4066 1143 4115 noverat
1189 4061 1462 4133 perfectos
1520 4077 1771 4134 quosque

189 4161 332 4215 posse
376 4148 613 4220 pulsari.
662 4149 728 4204 In
767 4149 969 4220 quibus
1013 4149 1193 4204 tribus
1239 4151 1431 4205 omnia
1468 4150 1601 4204 vitia
1635 4150 1772 4205 sibi-

190 4241 292 4288 met
332 4236 608 4292 fmderata
647 4243 940 4309 perempta
979 4239 1187 4309 jacent.
1221 4240 1380 4294 Unde
1409 4244 1467 4294 et
1492 4239 1767 4308 diabolus,

190 4323 363 4380 videns
389 4344 491 4396 per
513 4326 770 4398 singulos
796 4327 1122 4382 tentationis
1150 4345 1264 4383 suae
1288 4329 1499 4399 gradus
1527 4345 1587 4382 se
1611 4345 1773 4401 supe-

189 4414 304 4479 rari,
330 4421 503 4486 auget
524 4416 772 4482 fraudes,
805 4416 960 4471 acuit
977 4417 1223 4488 ingenia.
1247 4418 1318 4472 Et
1334 4418 1517 4489 primo
1538 4418 1771 4490 apponit

188 4501 374 4557 esuriei
402 4504 642 4575 lapides,
678 4510 742 4558 ut
769 4505 1075 4576 potentiam
1106 4506 1375 4577 exploret,
1398 4511 1456 4560 et
1483 4506 1771 4561 continen-

188 4588 310 4645 tiam
335 4590 595 4664 frangat;
617 4594 861 4648 secundo
886 4594 1058 4649 etiam
1078 4611 1143 4649 ex
1164 4594 1363 4650 divinis
1390 4595 1613 4661 litteris,
1638 4612 1772 4667 qua-

187 4678 311 4735 siex
349 4682 693 4737 auctoritate
737 4683 925 4738 divina
964 4684 1325 4755 persuadens,
1356 4689 1422 4739 ut
1459 4685 1773 4740 demulceat

189 4765 402 4840 laqueos
422 4776 610 4843 parat.
623 4772 812 4828 Tertio
832 4790 980 4840 vero,
1004 4790 1068 4827 ac
1095 4773 1143 4828 si
1162 4773 1221 4827 in
1247 4790 1307 4828 se
1327 4774 1522 4841 victus,
1545 4774 1771 4829 univer-

190 4873 245 4912 sa
267 4858 533 4915 vitiorum
562 4861 871 4929 molimina,
904 4869 961 4916 et
1002 4880 1162 4917 arma
1200 4863 1461 4934 potentiae
1491 4880 1604 4919 suae
1634 4864 1771 4919 artis

191 4961 363 5003 coram
391 4950 576 5005 oculis
601 4950 795 5022 ponit;
830 4957 1105 5023 quatenus
1134 4952 1194 5006 in
1224 4969 1308 5021 eo,
1343 4951 1392 5007 si
1413 4952 1548 5024 quid
1577 4953 1771 5009 deesse

190 5038 353 5106 possit
379 5039 544 5107 mali,
584 5056 741 5094 mens
771 5039 1281 5096 blandimentorum
1310 5041 1526 5112 laqueis
1554 5042 1777 5097 irretita

192 5128 325 5181 male
368 5146 547 5182 suasa
588 5146 774 5184 rerum
822 5126 1148 5185 deliciarum
1193 5130 1453 5202 cupidine
1496 5130 1769 5203 capiatur.

194 5212 287 5270 Ubi
314 5216 683 5290 cogitandum
708 5219 839 5292 quid
883 5237 985 5275 nos
1012 5220 1203 5275 miseri
1231 5220 1433 5275 facturi
1459 5236 1673 5288 sumus,
1716 5220 1775 5275 in

194 5305 384 5373 quibus
432 5308 592 5362 inest
618 5311 766 5364 virus
804 5309 1282 5383 concupiscentiae,
1336 5314 1390 5363 et
1437 5310 1649 5381 peccati
1690 5309 1778 5364 lex

195 5394 452 5452 membris
480 5396 744 5454 omnibus
777 5398 1099 5454 dominatur
1130 5416 1144 5455 :
1184 5399 1267 5454 ita
1296 5402 1361 5452 ut
1392 5398 1779 5471 unusquisque

197 5487 437 5542 tentetur
452 5502 489 5542 ι
511 5487 961 5561 concupiscentia
986 5505 1093 5544 sua
1118 5489 1431 5545 abstractus
1450 5492 1508 5544 et
1533 5487 1773 5544 illectus.

1931 1748 1996 1801 In
2016 1754 2263 1802 montem
2281 1752 2610 1821 autemjeum
2624 1752 2996 1823 assumpsisse
3007 1753 3131 1809 ideo
3147 1755 3369 1823 dicitur,
3391 1762 3457 1813 ut

1860 1853 1929 1891 ex
1950 1853 2015 1890 eo
2043 1836 2162 1890 loco
2184 1854 2344 1891 mons
2363 1839 2495 1909 Tyri
2517 1839 2845 1894 vulneratus
2866 1858 2899 1895 a
2923 1848 3113 1897 monte
3138 1844 3259 1912 Dei,
3285 1862 3455 1918 super

1861 1941 2025 1995 quem
2058 1926 2240 1979 omnis
2270 1943 2469 1980 avarus
2496 1928 2749 1998 erigitur,
2773 1930 3083 1985 evidentius
3112 1933 3450 2003 signaretur.

1858 2010 1985 2067 Non
2004 2013 2150 2084 quod
2173 2015 2201 2068 J
2207 2032 2333 2069 esus
2353 2016 2552 2088 spiritu
2572 2016 2849 2087 superbiae
2870 2018 3099 2075 inﬂatus
3121 2038 3185 2076 eo
3205 2039 3314 2093 quo
3334 2023 3453 2094 ipse

1860 2102 2088 2169 corruit,
2122 2103 2196 2157 sit
2234 2104 2432 2172 elatus,
2466 2105 2563 2159 sed
2611 2122 2781 2177 super
2826 2108 3131 2178 quemlibet
3170 2116 3452 2167 terrarum

1859 2196 2107 2245 montem
2136 2193 2459 2260 assumitur,
2493 2199 2557 2247 ut
2586 2200 2996 2250 monstraretur
3032 2198 3297 2268 apertius,
3340 2217 3451 2272 quo

1858 2278 1977 2351 ipse
1990 2281 2373 2335 transvehitur
2388 2282 2483 2353 qui
2507 2282 2757 2337 avaritiae
2774 2284 3001 2339 aestibus
3028 2286 3277 2342 inflatur.
3293 2288 3450 2343 Alio-

1862 2369 1999 2440 quin
2020 2370 2210 2424 omnia
2238 2387 2411 2440 regna
2434 2371 2629 2425 mundi
2655 2376 2711 2426 et
2737 2372 2975 2443 gloriam
2998 2391 3192 2429 eorum
3222 2377 3454 2433 minime

1860 2456 2191 2528 locupletius
2222 2459 2547 2530 possidebit,
2578 2460 2687 2513 nisi
2716 2460 2887 2515 fuerit
2913 2479 3084 2535 supra
3116 2464 3453 2522 fundamen-

1858 2549 1980 2598 tum
2001 2544 2275 2616 superbim
2294 2548 2758 2618 transplantatus.
2772 2549 2914 2603 Nam
2932 2567 3058 2605 vere
3077 2552 3320 2609 humiles
3338 2571 3452 2611 nou

1859 2633 1968 2687 nisi
2008 2634 2065 2687 in
2110 2635 2347 2689 Domino
2393 2636 2725 2706 gloriantur.
2775 2637 2979 2692 Omnia
3030 2644 3222 2695 autem
3276 2659 3452 2713 regna

1858 2723 2053 2778 mundi
2083 2723 2132 2777 ei
2162 2724 2368 2777 dicitur
2387 2725 2717 2790 ostendisse,
2741 2726 2999 2781 videlicet
3021 2729 3210 2783 omnia
3237 2747 3361 2801 quae
3389 2732 3449 2787 in

1858 2812 2068 2867 mundo
2084 2819 2317 2884 possunt
2332 2830 2451 2867 esse
2464 2813 2932 2886 concupiscibilia,
2953 2816 3010 2870 in
3031 2817 3232 2887 quibus
3252 2820 3448 2875 mundi

1858 2906 2140 2955 amatores
2180 2907 2439 2972 regnant.
2473 2903 2576 2956 Vel
2617 2908 2766 2957 certe
2806 2903 3133 2975 simpliciter
3169 2907 3449 2979 accipien-

1859 2989 2011 3055 dum,
2048 2995 2111 3044 ut
2139 2990 2366 3061 quidam
2395 2991 2605 3057 volunt,
2637 2992 2785 3062 quod
2811 2992 2906 3046 illo
2934 2999 3268 3064 suggerente
3296 3000 3449 3053 totus

1856 3078 2097 3133 mundus
2122 3079 2181 3133 in
2230 3085 2514 3135 momento
2563 3080 2715 3134 visus
2743 3080 2813 3135 ab
2847 3098 2911 3135 eo
2961 3081 3196 3137 dicatur.
3249 3085 3317 3139 Et
3344 3101 3448 3140 nec

1854 3168 2081 3233 mirum,
2112 3186 2238 3223 cum
2264 3174 2321 3222 et
2350 3169 2550 3223 eximio
2580 3170 2695 3225 viro
2724 3170 3044 3237 Benedicto,
3069 3189 3239 3243 quam
3261 3172 3446 3228 subito

1852 3256 1911 3311 in
1937 3258 2173 3329 sphaera,
2191 3264 2492 3329 antequam
2522 3258 2699 3313 exiret
2717 3276 2747 3313 e
2768 3276 3018 3332 corpore,
3038 3260 3243 3317 dicitur
3261 3268 3446 3319 osten-

1850 3363 1976 3413 sus;
2031 3341 2240 3418 qua'nto
2270 3348 2451 3418 magis
2479 3346 2549 3401 ab
2595 3348 2715 3419 ipso
2756 3349 2992 3403 Domino
3024 3350 3248 3407 Christo
3276 3352 3446 3409 simul

1850 3436 2035 3506 potuit
2060 3436 2119 3490 in
2146 3441 2429 3491 momento
2451 3436 2644 3497 videri,
2671 3437 2767 3507 qui
2794 3438 2963 3491 simul
2984 3456 3205 3511 semper
3227 3442 3445 3513 conspi-

1849 3524 1926 3578 cit
1950 3525 2244 3580 universa?
2273 3526 2340 3580 Et
2361 3524 2503 3579 bene
2529 3524 2587 3579 in
2617 3532 2921 3591 momento,
2941 3528 3104 3597 juxta
3125 3530 3273 3600 quod
3298 3531 3445 3586 alius

1850 3614 2192 3682 evangelista
2218 3618 2429 3680 narrat,
2471 3612 2603 3684 quia
2631 3630 2796 3668 omne
2826 3615 3098 3686 quidquid
3145 3617 3205 3671 in
3236 3620 3446 3675 mundo

1850 3706 1952 3767 est,
1989 3701 2152 3756 breve
2182 3719 2247 3755 ac
2283 3707 2739 3757 momentaneum
2777 3719 2899 3756 esse
2931 3704 3299 3761 convincitur.
3335 3709 3445 3763 Sed

1848 3790 2089 3861 gloriam
2118 3791 2321 3845 horum
2353 3808 2463 3862 quo
2489 3790 2712 3845 visionis
2733 3791 2892 3845 oculo
2915 3792 3170 3847 Salvator
3190 3794 3447 3867 inspexe-

1848 3878 1943 3946 rit,
1984 3896 2098 3933 non
2147 3879 2386 3934 absurde
2424 3880 2712 3952 quaeritur,
2756 3896 2826 3933 ne
2866 3879 3028 3947 forte,
3072 3882 3220 3951 quod
3259 3883 3442 3939 absit!

1849 3967 2005 4022 illam
2028 3968 2489 4039 concupiscentiae
2510 3969 2668 4023 oculo
2689 3968 2926 4025 intuitus
2946 3969 3315 4041 intelligatur,
3337 3989 3448 4044 quo

1853 4074 1975 4124 nos,
1991 4058 2292 4129 depravata
2326 4057 2531 4111 mentis
2560 4064 2807 4130 aspectu,
2832 4058 3092 4129 quaelibet
3110 4062 3449 4134 concupisci-

1854 4143 1990 4200 bilia
2014 4146 2543 4218 circumplectimur.
2577 4147 2685 4201 Sed
2715 4146 2761 4201 si
2789 4146 2847 4200 in
2878 4153 3067 4203 mente
3094 4148 3201 4204 fuit
3228 4150 3337 4205 ista
3363 4166 3450 4207 re-

1856 4251 1983 4289 rum
2008 4234 2272 4303 ostensio,
2298 4251 2363 4289 eo
2390 4234 2659 4289 nimirum
2685 4242 2912 4307 aspectu
2940 4238 3100 4307 juxta
3125 4239 3449 4295 humanita-

1855 4328 1971 4378 tem
2001 4325 2123 4391 tuit,
2159 4342 2269 4396 quo
2294 4324 2494 4378 medici
2522 4324 2705 4379 solent
2732 4325 3051 4396 conspicere
3076 4329 3267 4383 omnia
3303 4346 3450 4385 mor-

1854 4413 2052 4471 borum
2083 4431 2294 4486 genera
2321 4414 2439 4468 sine
2468 4414 2583 4468 ullo
2624 4413 2865 4469 laesionis
2895 4416 3143 4482 vulnere,
3173 4424 3238 4472 ut
3265 4424 3322 4473 et
3349 4436 3450 4491 per

1850 4505 1955 4559 hoc
1997 4502 2067 4558 ab
2097 4504 2184 4558 his
2225 4520 2356 4559 suos
2387 4502 2599 4558 mederi
2636 4503 2853 4575 possint
2882 4510 3139 4575 aegrotos,
3176 4513 3362 4575 214
3393 4513 3451 4565 et

1853 4593 2021 4648 saluti
2051 4610 2244 4648 eorum
2266 4592 2362 4664 qui
2393 4592 2643 4647 nondum
2662 4593 2910 4664 corrupti
2935 4600 3087 4661 sunt,
3107 4597 3449 4653 consulendo

1853 4682 2175 4752 diligentius
2205 4681 2512 4754 providere.
2547 4680 2706 4745 Quod
2735 4686 2924 4735 autem
2952 4683 3067 4736 ait:
3099 4686 3220 4738 H.220
3257 4689 3451 4741 omnia

1856 4775 1958 4827 tibi
1986 4773 2139 4837 dabo,
2172 4788 2236 4825 ex
2265 4769 2588 4842 arrogantia
2613 4769 2918 4826 descendit.
2942 4773 3067 4826 Non
3099 4772 3249 4843 quod
3278 4774 3336 4829 in
3365 4779 3449 4831 to-

1852 4868 1975 4917 tum
2004 4860 2277 4915 mundum
2320 4859 2525 4915 habeat
2553 4864 2907 4931 potestatem,
2941 4865 3005 4915 ut
3047 4861 3222 4933 possit
3262 4865 3453 4921 omnia

1854 4967 2029 5022 regna
2056 4950 2250 5004 mundi
2274 4950 2427 5017 dare,
2462 4948 2558 5003 sed
2590 4954 2652 5003 ut
2671 4949 2815 5004 male
2844 4950 3183 5021 persuadeat
3205 4968 3263 5006 se
3292 4954 3450 5025 prius

1856 5041 2109 5106 adorare,
2140 5045 2196 5093 et
2218 5055 2319 5110 per
2360 5038 2465 5091 hoc
2490 5043 2621 5092 ante
2650 5043 2896 5103 corruat,
2925 5039 3019 5110 qui
3056 5040 3127 5093 ad
3156 5041 3451 5099 avaritiam

1859 5129 2179 5185 divitiarum
2208 5127 2396 5181 venire
2424 5126 2667 5181 festinat.
2699 5128 2842 5182 Nam
2865 5133 2921 5182 et
2943 5129 3244 5199 Apostolus
3262 5133 3450 5187 avari-

1857 5218 1996 5273 tiam
2040 5216 2365 5272 servitutem
2417 5215 2693 5271 idolorum
2742 5222 3030 5288 nuncupat
3075 5218 3202 5286 (σοι.
3245 5234 3331 5289 III,
3375 5224 3446 5296 5),

1860 5307 1992 5379 quia
2020 5305 2255 5378 quilibet
2292 5322 2494 5360 avarus
2522 5305 2669 5360 infra
2695 5305 2865 5378 pedes
2906 5306 3115 5363 diaboli
3144 5310 3290 5364 male
3316 5328 3448 5384 per.

1860 5413 2057 5453 suasus
2083 5411 2284 5450 curvus
2308 5396 2479 5466 jacet.

1927 5487 2217 5557 Respondit
2243 5490 2429 5540 autem
2463 5487 2514 5540 ei
2543 5485 2728 5541 dicens
2764 5504 2781 5543 :
2824 5484 2959 5543 Vade
2987 5490 3150 5557 retro,
3183 5489 3443 5579 Satanas.
