3938 6174
526 247 630 305 199

1297 241 1354 296 S.
1393 236 1772 296 PASCHASII
1809 232 2170 289 RADBERTI
2206 231 2510 289 ABBATIS
2550 232 3040 290 CORBEIENSIS.

3643 241 3730 300 200

528 375 854 444 Congruum
898 386 1030 441 ergo
1069 367 1403 423 temeritatis
1432 383 1545 421 suae
1589 364 1794 418 exitum
1846 359 2402 424 sententiaAnerari,
2430 361 2596 430 juxta
2643 359 2791 430 quod
2841 360 3081 432 expedit,
3113 377 3222 416 non
3259 368 3475 434 propter
3500 366 3730 437 seipsum,

529 461 908 534 responsionis
949 458 1156 514 Christi
1205 456 1433 528 accepit,
1465 471 1588 509 cum
1629 459 1684 506 et
1729 451 1940 505 fraudis
1981 467 2114 516 suae,

530 569 640 623 qua
662 555 857 604 contra
888 547 1240 611 moliebatur,
1275 546 1332 598 in
1364 546 1568 598 Satana
1601 541 1745 595 illico
1769 540 2119 610 reperculsus

528 642 754 695 nomine
785 639 1013 704 audivit,
1048 643 1214 706 atque
1263 639 1568 687 retrorsum
1601 630 1754 684 abire
1787 631 1915 699 jure
1944 629 2118 682 victus

527 729 858 802 promeruit.
899 728 1220 780 Retrorsum
1253 727 1444 776 autem
1486 721 1585 784 ire,
1619 737 1730 773 non
1769 719 1916 772 sicut
1953 718 2118 771 Petro

527 819 738 873 dictum
766 822 878 871 est:
915 817 1045 869 Vade
1065 817 1183 881 post
1210 829 1293 864 me
1317 811 1528 876 (Matth.
1546 823 1655 873 xv1,
1677 806 1785 874 ‘23),
1811 808 1907 877 qui
1935 807 2119 860 adhuc

526 906 838 962 contrarius
867 921 926 957 es
947 900 1216 955 voluntati
1242 916 1398 961 meai,
1422 905 1486 951 ut
1515 915 1640 950 mea
1660 897 1913 967 sequaris
1937 912 2117 949 exem-

527 998 648 1068 pla:
674 997 789 1058 sed,
815 993 950 1046 vade
972 996 1142 1052 retro,
1163 988 1427 1042 caecitatis
1450 994 1558 1040 tua:
1581 985 1851 1056 pravitate
1871 985 1929 1038 in
1950 984 2116 1056 abys-

520 1102 643 1139 sum
675 1083 980 1145 demersus,
1006 1095 1116 1149 qua
1143 1094 1433 1148 nunquam
1464 1082 1518 1130 te
1539 1075 1723 1128 valeas
1749 1075 2041 1144 explicare,
2061 1080 2118 1127 et

523 1173 582 1227 in
595 1178 760 1226 antea
777 1188 898 1240 quae
915 1169 1054 1223 lucis
1067 1177 1200 1221 sunt
1215 1171 1495 1236 appetere,
1513 1164 1606 1234 qui
1629 1165 1808 1218 lucem
1826 1162 2113 1216 obfuscare

522 1262 637 1316 tuis
666 1259 957 1314 fraudibus
984 1256 1202 1312 conaris
1233 1255 1412 1308 modis
1441 1252 1720 1307 omnibus.

593 1352 879 1418 Scriptum
907 1352 980 1401 est
1010 1349 1179 1411 enim,
1201 1344 1402 1414 inquit,
1423 1345 1722 1396 Dominum
1751 1343 1921 1395 Deum
1953 1347 2114 1394 tuum

523 1440 802 1494 adorabis.
832 1435 940 1490 Ubi
969 1435 1258 1488 evidenter
1298 1431 1543 1486 ostendit
1571 1431 1718 1502 quod
1751 1430 1918 1483 homo
1949 1429 2114 1482 Chri-

523 1540 645 1588 stus
675 1538 739 1586 ut
768 1532 916 1584 Deus
956 1546 1021 1582 ac
1052 1527 1324 1582 Dominus
1352 1526 1427 1579 sit
1467 1523 1805 1588 adorandus,
1838 1528 2114 1594 quatenus

522 1620 835 1694 postposita
859 1616 1011 1672 omni
1039 1617 1296 1670 humanae
1318 1613 1610 1686 potestatis
1630 1613 1827 1683 gloria,
1853 1619 1909 1666 et
1927 1611 2114 1666 saeculi

2201 449 2297 503 sed
2325 456 2553 519 propter
2580 449 2780 515 Deum,
2808 455 2873 503 ut
2899 451 3047 504 Deus
3073 451 3130 505 in
3160 451 3239 505 eis
3267 460 3563 520 veneratur,
3591 472 3622 510 a
3644 473 3734 527 quo

2199 538 2542 593 venerabiles
2585 545 2641 592 et
2686 539 2791 610 ipsi
2833 540 2963 593 facti
3014 541 3329 596 creduntur.
3361 542 3603 613 Alioquin
3644 561 3737 600 non

2201 634 2333 682 sunt
2368 627 2638 682 adorandi
2685 645 2932 698 prorsus,
2966 629 3023 683 in
3055 636 3321 701 quantum
3352 648 3458 686 non
3493 639 3612 686 sunt
3643 635 3740 688 veri

2201 717 2294 771 dii.
2328 717 2642 771 Adhibendi
2672 717 2897 788 quidem
2927 724 3060 773 sunt
3095 719 3153 772 in
3183 719 3464 790 precibus;
3492 727 3740 776 verumta-

2199 823 2329 860 men
2359 823 2471 860 non
2511 812 2642 860 sunt
2687 807 2924 873 colendi,
2953 813 3014 861 ut
3043 814 3101 862 et
3140 809 3246 880 ipsi
3275 809 3428 880 quasi
3465 810 3600 864 Deus
3625 811 3741 864 ado-

2198 902 2413 949 rentur.
2446 896 2597 950 Facti
2624 896 2773 950 enim
2804 903 2934 950 sunt
2962 897 3300 952 venerabiles
3330 903 3547 970 propter
3570 899 3743 953 Deum.

2201 984 2541 1055 Simpliciter
2568 985 2626 1039 in
2653 985 2732 1039 eis
2753 986 3026 1042 Dominus
3055 987 3337 1057 diligatur,
3363 993 3577 1058 propter
3599 1003 3742 1058 quem

2198 1080 2254 1126 et
2284 1073 2387 1144 ipsi
2417 1074 2604 1128 dilecti
2625 1092 2658 1128 a
2679 1075 2837 1130 nobis
2867 1076 3220 1131 devotissime
3240 1083 3582 1131 venerantur.
3599 1077 3745 1130 Caete-

2195 1179 2322 1216 rum
2353 1165 2399 1216 si
2431 1163 2554 1234 quis
2581 1164 2651 1218 ab
2682 1165 2785 1218 hac
2825 1167 3019 1236 regula
3059 1166 3340 1220 catholicae
3368 1166 3494 1220 ﬁdei
3531 1165 3747 1236 qualibet

2198 1258 2357 1322 parte
2401 1253 2772 1320 succubuerit,
2805 1252 3020 1308 scilicet
3065 1261 3165 1310 aut
3196 1255 3500 1327 spernendo
3536 1258 3743 1318 sanctos,

2198 1358 2267 1395 ne
2297 1341 2543 1396 debitam
2573 1343 2653 1396 eis
2682 1344 3099 1398 venerationem
3131 1345 3452 1416 impendat;
3483 1350 3577 1397 aut
3601 1348 3747 1409 certe,

2195 1448 2320 1484 cum
2355 1448 2465 1485 non
2495 1432 2610 1485 sint
2633 1433 2780 1502 quod
2814 1434 2962 1488 Deus
2983 1438 3085 1499 est,
3110 1433 3215 1487 sibi
3243 1451 3336 1488 eos
3362 1434 3414 1487 in
3441 1433 3608 1487 Deum
3627 1449 3747 1502 prae-

2195 1519 2423 1574 ferendo
2465 1521 2786 1586 constituat,
2828 1523 3056 1576 omnino
3087 1540 3121 1576 a
3167 1523 3435 1593 religione
3470 1538 3601 1576 verae
3640 1519 3746 1574 ﬁdei

2197 1609 2433 1662 nimium
2456 1615 2753 1664 extraneus
2778 1610 3078 1665 aberrabit.
3100 1613 3244 1666 Nam
3267 1617 3323 1666 et
3345 1610 3628 1682 Apostolus
3652 1624 3750 1662 mo-

523 1710 828 1766 ambitione
857 1707 1067 1762 calcata
1096 1705 1274 1759 solum
1316 1705 1494 1758 Deum
1525 1719 1589 1756 ac
1619 1700 1916 1755 Dominum
1947 1701 2112 1754 Chri-
2133 1695 2176 1754 Β
2195 1705 2291 1751 net
2319 1715 2420 1752 nos
2451 1715 2550 1770 per
2576 1700 2906 1754 charitatem
2943 1701 3179 1756 invicem
3210 1701 3432 1766 servire,
3477 1697 3747 1754 secundum

524 1806 676 1854 stum
705 1795 1006 1852 instantius
1026 1793 1262 1848 adorare
1281 1792 1602 1846 debeamus.
1627 1790 1770 1854 Quia
1798 1790 1979 1843 omnis
2007 1807 2112 1843 saa-

523 1889 635 1944 culi
663 1889 843 1942 honor
870 1903 978 1940 non
1009 1885 1078 1938 ad
1108 1885 1284 1938 Deum
1327 1882 1556 1946 relatus,
1589 1881 1878 1950 negotium
1907 1878 2113 1932 diaboli

523 1995 646 2032 esse
675 1976 1039 2032 convincitur.
1064 1973 1172 2027 Sed
1197 1971 1290 2026 ubi
1321 1972 1424 2024 hoc
1443 1971 1711 2040 scriptum
1733 1968 1808 2022 sit
1835 1967 1983 2038 quod
2013 1968 2111 2036 ait,

522 2069 823 2121 Dominum
861 2065 1035 2118 Deum
1067 2067 1224 2114 tuum
1255 2061 1531 2122 adorabis,
1565 2057 1775 2111 cunctis
1805 2055 2117 2125 legentibus

520 2154 716 2225 liquet,
751 2151 897 2223 quod
928 2151 986 2204 in
1018 2148 1416 2202 Pentateucho.
1442 2147 1518 2200 Ex
1547 2163 1656 2216 quo
1681 2145 1823 2197 bene
1849 2144 1996 2197 Deus
2022 2143 2114 2197 ille

519 2260 693 2297 manu
722 2241 878 2294 fortis
923 2244 1118 2292 contra
1161 2237 1467 2289 immanem
1514 2234 1730 2286 hostem
1763 2238 2116 2302 pugnaturus

520 2332 798 2402 signatur,
831 2327 927 2398 qui
971 2327 1218 2396 quinque
1258 2324 1469 2395 lapides
1497 2322 1756 2375 videlicet
1785 2327 1842 2374 et
1869 2321 2116 2392 quinque

519 2419 691 2473 libros
720 2418 857 2488 legis
888 2416 1086 2470 divinae
1121 2414 1176 2467 in
1219 2429 1352 2484 pera
1382 2411 1647 2482 pastorali
1679 2427 1974 2481 reponens,
2003 2426 2114 2463 uno

521 2525 735 2572 eorum,
771 2524 834 2559 ex
855 2502 1294 2560 Deuteronomio
1310 2501 1519 2554 scilicet
1548 2517 1648 2570 per
1677 2516 1843 2569 quem
1867 2515 2007 2552 nova
2028 2500 2114 2552 lex

519 2599 798 2667 ﬁguratur
831 2593 1215 2648 adversarium
1247 2589 1624 2661 repercuissit,
1643 2588 1920 2658 nobisque
1941 2589 2118 2642 omni-

518 2685 623 2740 bus
659 2686 753 2739 illo
782 2688 1073 2755 perempto
1103 2679 1392 2734 victoriam
1422 2677 1726 2750 reportavit
1760 2697 1771 2730 :
1815 2679 2115 2731 Dominum

516 2777 690 2829 Deum
708 2770 1094 2841 tuum,inquit,
1118 2770 1390 2833 adorabis,
1407 2771 1454 2820 et
1478 2769 1570 2820 illi
1588 2768 1695 2819 soli
1713 2767 1910 2818 servies
1933 2766 2108 2832 (Deut.

514 2878 588 2930 vI,
624 2862 730 2931 13).
765 2863 843 2916 Ac
873 2860 919 2914 si
948 2859 1200 2912 dicatur:
1233 2859 1357 2911 Non
1388 2861 1450 2909 tu
1478 2855 1654 2925 igitur
1681 2854 1999 2907 adorandus
2029 2871 2108 2920 es,

517 2957 582 3004 ut
623 2952 743 3020 jam
774 2949 982 3003 multos
1021 2947 1159 3000 falso
1201 2945 1406 2999 erroris
1445 2944 1644 3013 laqueo
1675 2942 1972 3012 decepisti;
2015 2941 2113 2995 sed

2193 1788 2348 1841 illam
2406 1805 2740 1843 communen
2805 1790 3131 1844 servitutem
3198 1788 3505 1845 dilectionis
3567 1785 3746 1842 Christi

2201 1877 2338 1947 (Gal.
2368 1894 2424 1941 v,
2458 1876 2564 1944 13).
2600 1878 2706 1932 Sed
2739 1883 2795 1932 et
2823 1879 2941 1950 ipse
2966 1879 3117 1943 alibi,
3143 1884 3210 1933 ut
3237 1878 3381 1933 servi
3411 1876 3637 1932 dominis
3654 1873 3749 1929 suis

2197 1982 2308 2019 non
2335 1965 2403 2019 ad
2435 1967 2658 2020 oculum
2686 1967 2966 2038 placentes
2995 1969 3108 2022 sint
3135 1974 3345 2033 monet,
3379 1966 3473 2021 sed
3500 1965 3643 2020 velut
3665 1962 3753 2018 Do-

2197 2056 2349 2110 mino
2381 2056 2685 2110 servientes
2727 2058 2936 2126 (Ephes.
2965 2073 3036 2124 vr,
3071 2058 3144 2126 6).
3179 2059 3248 2113 Et
3278 2062 3343 2113 ut
3367 2057 3557 2111 beatus
3582 2053 3752 2109 Petrus

2197 2144 2483 2214 apostolus
2527 2145 2622 2208 ait,
2658 2161 2770 2199 non
2810 2150 3032 2200 tantum
3073 2145 3237 2199 bonis
3275 2151 3334 2199 et
3375 2143 3644 2207 modestis,
3673 2139 3754 2194 sed

2197 2233 2368 2287 etiam
2395 2233 2634 2304 dyscolis
2654 2234 2805 2288 omni
2831 2235 3036 2289 timore
3055 2235 3282 2289 Domini
3306 2234 3510 2288 servire
3532 2228 3757 2287 convenit

2201 2322 2252 2383 (Ι
2272 2324 2414 2375 Pelr.
2442 2336 2500 2385 II,
2540 2319 2644 2388 18),
2680 2328 2744 2376 ut
2770 2339 2869 2393 per
2886 2323 3076 2376 omnia
3094 2325 3210 2378 Deo
3231 2324 3430 2378 devota
3453 2323 3510 2376 in
3533 2319 3756 2376 omnibus

2198 2416 2258 2476 π
2274 2419 2307 2474 Ι
2323 2410 2717 2476 “Christiana
2739 2411 2953 2482 religio,
2977 2418 3145 2482 atque
3165 2407 3760 2482 irrecomprehensibilis

2198 2499 2610 2570 comprobetur.
2637 2501 2830 2555 Infelix
2862 2517 3083 2571 quoque
3104 2501 3346 2556 nimium
3377 2501 3615 2555 humana
3639 2511 3761 2550 mor-

2199 2587 2404 2651 talitas,
2441 2604 2562 2658 quae
2592 2589 2764 2642 tantis
2791 2587 3114 2643 obfuscatur
3143 2590 3408 2644 vitiorum
3446 2585 3690 2652 tenebris,
3718 2588 3766 2637 et

2197 2692 2232 2729 a
2258 2681 2372 2729 tam
2401 2676 2720 2747 mquissima
2758 2677 2862 2748 pia:
2908 2677 3193 2748 religionis
3223 2679 3422 2749 regula
3464 2677 3614 2731 devio
3654 2688 3766 2744 gra-

2195 2764 2352 2818 diens
2372 2765 2592 2831 itinere,
2625 2765 2754 2819 hinc
2782 2766 2912 2820 inde
2942 2767 3182 2838 peccatis
3211 2767 3584 2839 intercipitur.
3613 2764 3690 2818 Ita
3713 2765 3768 2815 ut

2195 2859 2252 2907 et
2279 2853 2338 2907 hi
2369 2854 2463 2924 qui
2496 2861 2761 2924 praesunt,
2788 2857 3083 2927 tyrannica
3106 2873 3218 2910 non
3250 2862 3513 2912 metuant
3536 2855 3585 2907 vi
3613 2851 3770 2920 exagi-

2194 2945 2316 2994 tare
2345 2940 2624 3011 subjectos
2649 2961 2661 3009 ;
2699 2960 2878 3014 neque
2908 2945 2965 2998 hi
2995 2945 3091 3016 qui
3122 2945 3358 3001 subesse
3379 2948 3642 3016 coguntur
3660 2954 3769 2994 con-

516 3038 816 3092 Dominum
849 3036 1060 3089 scilicet
1086 3034 1310 3096 Filium,
1344 3038 1400 3086 et
1438 3033 1615 3085 Deum
1655 3031 1900 3097 Patrem,
1926 3047 1990 3084 ac
2018 3027 2170 3086 so-C
2192 3029 2403 3084 ditione
2434 3047 2554 3095 sua,
2579 3031 2698 3086 sine
2726 3032 2930 3087 timore
2949 3034 3157 3105 poenali
3186 3052 3395 3106 parere
3416 3033 3625 3106 possint
3649 3045 3770 3102 prae-

515 3126 634 3180 lum
666 3125 935 3195 Spiritum
962 3128 1238 3186 sanctum,
1267 3121 1363 3192 qui
1384 3126 1469 3174 est
1498 3120 1646 3174 Deus
1675 3135 1840 3184 unus,
1867 3120 1995 3189 jure
2019 3136 2113 3190 po-

512 3215 626 3268 tius
654 3213 931 3278 adorabis,
966 3217 1021 3264 et
1063 3210 1168 3280 ipsi
1218 3210 1321 3263 soli
1365 3207 1615 3280 quolibet
1658 3213 1818 3277 pacto
1848 3208 2111 3278 deceptus

515 3304 740 3358 servies.
779 3302 856 3355 Ex
896 3317 1005 3370 quo
1034 3298 1244 3369 liquido
1277 3297 1560 3368 colligitur
1589 3297 1755 3366 quod,
1791 3297 1921 3361 velit
1949 3297 2106 3362 nolit,

515 3393 664 3447 idem
695 3392 815 3461 ejus
861 3389 1210 3459 obtemperat
1235 3386 1424 3456 jussis,
1459 3391 1516 3439 et
1545 3385 1718 3438 servit
1745 3384 1875 3438 licet
1903 3386 2110 3440 invitus

513 3483 841 3552 imperatus.
859 3479 1033 3547 Cujus
1048 3476 1314 3529 nimirum
1331 3481 1390 3539 2
1405 3480 1441 3539 Ι
1461 3481 1522 3539 5
1533 3479 1724 3527 coacto
1742 3473 2110 3543 malignitatis

513 3588 628 3626 suae
681 3568 906 3624 servitio
958 3567 1107 3620 Deus
1157 3566 1310 3636 justo
1359 3563 1540 3616 utitur
1589 3562 1992 3625 moderamine,
2047 3567 2111 3616 ut

512 3659 702 3716 omnia
730 3658 974 3712 serviant
996 3655 1164 3710 unius
1189 3653 1289 3708 Dei
1321 3651 1562 3722 scriptis,
1595 3657 1650 3704 et
1677 3649 1819 3704 nihil
1851 3651 2101 3722 effugiat,

512 3751 684 3805 etiam
715 3747 863 3819 quod
897 3745 1121 3800 sibimet
1151 3742 1295 3796 male
1323 3741 1542 3813 deperit
1569 3739 1915 3794 dominantis
1933 3741 2108 3812 impe-

509 3840 612 3895 rio.
645 3841 925 3909 Namque,
956 3835 1013 3889 in
1045 3851 1108 3888 eo
1137 3832 1283 3904 quod
1315 3831 1411 3897 ait,
1451 3833 1542 3884 illi
1572 3833 1676 3884 soli
1704 3834 1919 3895 servies,
1958 3836 2107 3884 recte

505 3931 604 3986 illa
631 3929 803 3984 solius
839 3925 940 3980 Dei
969 3924 1206 3978 servitus
1238 3920 1587 3992 exprimitur,
1621 3936 1743 3989 quae
1773 3918 1910 3972 nulli
1941 3919 2103 3972 alteri

509 4036 678 4090 quam
705 4018 820 4071 Deo
853 4015 956 4068 soli
1001 4012 1255 4076 debetur,
1299 4026 1468 4079 quam
1518 4007 1695 4062 (Ξτωεί
1740 4009 1967 4076 λατρείαν
2006 4022 2103 4060 vo-

2193 3118 2340 3172 latis.
2398 3119 2648 3183 Quorum
2689 3122 2913 3193 utrique
2968 3123 3103 3178 dum
3151 3125 3336 3179 Deum
3381 3123 3624 3178 medium
3666 3133 3765 3174 non

2195 3207 2512 3274 attendunt,
2543 3225 2645 3263 sua
2676 3227 2894 3265 morum
2926 3211 3287 3284 improbitate
3317 3230 3351 3268 a
3381 3230 3513 3268 vera
3539 3210 3661 3265 ﬁdei
3684 3209 3767 3278 ju-

2193 3296 2350 3350 stitia
2377 3297 2619 3352 deviant.
2650 3299 2795 3353 Vera
2822 3317 3064 3372 namque
3087 3302 3314 3372 justitia
3339 3308 3444 3368 est,
3467 3317 3567 3356 sua
3590 3299 3768 3368 cuique

2187 3386 2316 3456 jure
2363 3393 2427 3441 ut
2471 3388 2630 3443 decet
2674 3389 2983 3444 honestatis
3023 3390 3225 3457 oﬂicio,
3273 3391 3389 3445 sive
3437 3387 3682 3444 molestia
3723 3388 3770 3438 et

2193 3490 2413 3530 morum
2444 3476 2800 3546 improbitate
2844 3479 3078 3533 deferre.
3113 3479 3295 3545 Unde,
3329 3480 3377 3533 si
3403 3479 3473 3533 ad
3512 3475 3770 3532 diabolum

2193 3564 2417 3628 dicitur,
2436 3566 2737 3620 Dominum
2761 3569 2933 3620 Deum
2965 3573 3124 3621 tuum
3155 3569 3437 3634 adorabis,
3464 3584 3575 3622 non
3603 3582 3666 3620 ex
3693 3578 3771 3616 su-

2189 3654 2406 3724 perﬂuo
2437 3661 2523 3708 est
2569 3655 2716 3725 quod
2761 3655 3088 3725 imperatur.
3123 3657 3275 3711 Bene
3317 3658 3495 3728 igitur
3539 3653 3768 3710 Christus

2188 3749 2420 3797 noverat
2447 3743 2606 3797 illum
2635 3745 2738 3797 hoc
2769 3761 2869 3798 suo
2902 3745 3211 3798 devotionis
3242 3747 3430 3800 ofﬁcio
3459 3761 3571 3800 non
3591 3741 3771 3812 imple-

2188 3836 2377 3885 turum
2406 3851 2418 3899 ;
2469 3833 2567 3886 sed
2599 3849 2663 3886 ex
2691 3832 2881 3887 debita
2909 3834 3368 3905 reciprocationis
3395 3833 3670 3889 sententia
3695 3829 3770 3882 lo-

2188 3921 2399 3991 quitur,
2425 3927 2486 3974 ut
2514 3938 2579 3974 ex
2609 3922 2888 3976 contrario
2920 3939 3089 3993 quam
3117 3923 3211 3976 ille
3237 3924 3578 3978 moliebatur
3601 3925 3768 3976 osten-

2187 4009 2346 4064 deret
2369 4009 2639 4081 scriptum
2667 4012 2801 4082 quid
2832 4011 2950 4082 ipse
2979 4012 3157 4083 magis
3182 4014 3312 4082 jure
3344 4013 3568 4078 debeat,
3596 4009 3684 4082 qui
3711 4004 3771 4061 ab

506 4112 668 4173 cant;
719 4104 867 4158 unde
911 4107 968 4155 et
1007 4098 1326 4154 idololatria
1354 4102 1728 4168 nuncupatur,
1763 4095 1898 4149 dum
1929 4095 2100 4150 solius
2183 4099 2336 4153 omni
2366 4098 2590 4170 pietatis
2634 4101 2857 4170 negotio
2885 4117 2985 4155 suo
3027 4101 3317 4172 pravitatis
3345 4103 3484 4156 vitio
3523 4106 3607 4156 est
3647 4096 3765 4152 effe-

505 4194 605 4250 Dei
631 4194 812 4247 cultus
842 4189 1062 4243 diabolo
1088 4204 1187 4258 per
1208 4185 1506 4240 simulacra
1527 4187 1777 4240 offertur.
1805 4186 1978 4239 Porro
2004 4185 2100 4238 illa
2180 4194 2356 4242 ratus.
2381 4189 2506 4244 Non
2527 4189 2674 4243 enim
2705 4190 2976 4259 injustam
3000 4197 3086 4244 est
3105 4190 3305 4262 cuique
3330 4192 3614 4263 imperare
3634 4183 3765 4258 quod

505 4282 880 4351 servitusquaa
895 4293 1248 4332 communem
1265 4274 1541 4344 signiﬁcat
1552 4274 2099 4338 servitutemﬁoulsia
2181 4277 2262 4331 illi
2286 4279 2503 4348 justum
2535 4283 2620 4332 est
2649 4278 2929 4333 exhibere.
2951 4277 3023 4332 Et
3042 4279 3168 4333 ideo
3191 4279 3322 4334 licet
3343 4279 3572 4352 proprio
3593 4289 3767 4348 super-

503 4372 565 4427 in
607 4371 800 4425 eadem
843 4369 1036 4438 lingua
1062 4363 1470 4436 signiﬁcantius
1507 4363 1840 4434 appellatur.
1875 4363 1952 4415 Ex
1991 4364 2284 4442 quonia:
2322 4365 2454 4420 vitio
2483 4366 2556 4420 sit
2583 4366 2676 4420 ille
2704 4367 2986 4438 deceptus,
3015 4372 3206 4421 tamen
3236 4385 3338 4439 per
3377 4370 3486 4424 hoc
3514 4366 3658 4440 quod
3690 4362 3766 4417 di-

501 4467 654 4516 recto
675 4458 1008 4528 intelligitur
1031 4455 1179 4526 quod
1197 4453 1458 4508 similiter
1475 4459 1532 4506 et
1551 4452 1619 4506 de
1641 4451 1737 4505 illa
1763 4451 2089 4505 adoratione

500 4550 719 4616 dixerit,
752 4551 1050 4603 [laminam
1072 4547 1242 4600 Deum
1265 4543 1546 4606 adorabis;
1576 4559 1698 4613 qua:
1724 4541 1826 4595 soli
1853 4541 2089 4596 Domino

503 4641 757 4695 debetur.
791 4637 934 4701 Quia
960 4635 1205 4708 profecto
1236 4632 1339 4687 etsi
1364 4631 1601 4701 legimus
1632 4631 1888 4685 homines
1913 4635 1970 4685 et
1998 4647 2094 4685 an-

501 4731 657 4802 gelos
687 4746 721 4782 a
747 4726 955 4782 sanctis
995 4723 1256 4778 Patribus
1299 4721 1579 4785 adoratos,
1625 4737 1737 4774 non
1779 4726 1971 4774 tamen
1999 4720 2096 4774 illa

503 4818 828 4874 adoratione
857 4819 1055 4887 putare
1085 4812 1368 4871 debemus.
1394 4828 1503 4882 qua
1531 4809 1758 4864 unicum
1777 4815 1834 4863 et
1853 4810 2098 4879 singula-

503 4926 623 4964 rem
646 4909 826 4963 Deum
850 4907 978 4975 jure
1007 4901 1273 4972 competit
1292 4898 1718 4954 adorare.Unde
1739 4913 2096 4969 summopere

501 4996 808 5054 cavendum
839 4999 942 5060 est,
975 5010 1044 5046 ne
1073 4996 1171 5045 aut
1199 4991 1307 5044 ista
1348 4989 1406 5043 in
1445 4989 1611 5043 corde
1657 4987 1962 5053 minuatur,
1997 4991 2096 5041 aut

503 5093 652 5143 certe
681 5102 781 5156 per
808 5084 965 5138 illam
1010 5081 1157 5135 circa
1200 5080 1380 5134 Deum
1424 5077 1758 5132 immutetur
1798 5075 2096 5129 servientis

499 5182 557 5231 et
583 5173 870 5229 adorantis
893 5168 1111 5225 devotio
1137 5187 1149 5236 ;
1183 5168 1262 5221 ita
1283 5173 1447 5220 tenus
1467 5172 1532 5221 ut
1551 5166 1647 5220 illa
1668 5163 1980 5219 communis
2000 5179 2097 5217 an-

496 5265 753 5336 gelorum
773 5259 1174 5329 hominumque
1195 5255 1478 5310 servitutis
1494 5255 1777 5309 veneratio
1795 5253 2094 5325 plusquam

497 5352 756 5424 expediat
796 5346 1246 5404 transcendatur.
1282 5343 1390 5398 Sed
1435 5360 1595 5397 orare
1638 5343 1816 5397 Deum
1865 5346 2094 5412 propter

499 5443 746 5513 seipsum
775 5444 839 5494 ut
866 5438 1042 5492 Deum
1073 5434 1208 5488 satis
1239 5433 1415 5499 decet,
1450 5436 1507 5486 et
1533 5431 1728 5487 serviri
1764 5431 1845 5484 illi
1875 5446 1908 5484 a
1935 5445 2092 5484 erea-

499 5538 629 5590 tura
651 5535 716 5587 ut
748 5525 1000 5586 Creatori
1032 5543 1044 5582 :
1091 5521 1353 5594 angelum
1377 5537 1506 5577 vero
1536 5525 1636 5575 aut
1663 5520 1949 5575 hominem
1995 5534 2092 5574 ve-

2183 4459 2335 4509 ctum
2385 4460 2489 4521 est,
2539 4456 2838 4509 Dominum
2885 4457 3057 4510 Deum
3097 4463 3256 4510 tuum
3304 4459 3587 4523 adorabis,
3624 4453 3767 4526 patet

2175 4543 2338 4597 illum
2375 4543 2616 4598 creantis
2645 4543 2892 4599 dominio
2927 4544 3230 4615 subjacere.
3267 4547 3376 4600 Sed
3410 4543 3763 4617 quaerendum

2175 4637 2367 4686 utrum
2396 4649 2461 4685 ex
2480 4633 2812 4686 auctoritate
2835 4633 3270 4704 Scripturarum,
3293 4652 3418 4706 quae
3448 4631 3761 4688 hominibus

2177 4738 2278 4791 per
2308 4721 2558 4791 Moysem
2592 4722 2940 4776 solummodo
2968 4722 3112 4777 datae
3151 4729 3284 4777 sunt
3309 4725 3370 4778 in
3401 4722 3768 4778 eruditionem

2177 4815 2233 4863 et
2261 4809 2571 4864 doctrinam
2602 4817 2751 4864 recte
2781 4811 3018 4876 vivendi,
3053 4811 3351 4866 debuerint
3381 4817 3584 4867 contra
3609 4811 3763 4868 hunc,

2178 4915 2242 4952 ac
2266 4897 2313 4951 si
2341 4905 2528 4952 essent
2570 4904 2685 4954 tam
2729 4900 2811 4954 illi
2852 4917 3020 4970 quam
3049 4900 3280 4971 reliquis
3310 4900 3606 4972 spiritibus
3636 4914 3770 4970 pra:-

2175 4991 2353 5058 cepta,
2385 4987 2520 5041 talia
2546 4989 2800 5060 proferri.
2830 4989 3097 5060 Nunquid
3131 4990 3202 5043 ad
3243 5006 3373 5044 eum
3401 4987 3769 5044 erudiendum

2174 5075 2443 5148 scriptum
2470 5084 2591 5131 erat
2615 5097 2625 5131 :
2652 5079 2773 5132 Non
2804 5081 3036 5132 lentabis
3058 5079 3360 5133 Dominum
3383 5081 3565 5133 Deum
3594 5083 3767 5140 tuum,

2175 5171 2246 5231 et,
2282 5167 2581 5220 Dominum
2619 5167 2790 5220 Deum
2830 5172 2990 5221 tuum
3019 5169 3295 5233 adorabis,
3329 5173 3376 5221 et
3404 5170 3503 5222 illi
3530 5169 3636 5221 soli
3663 5179 3770 5218 ser-

2176 5257 2321 5308 vies?
2348 5256 2658 5326 praesertim
2687 5273 2814 5309 cum
2847 5272 2949 5326 per
2977 5257 3245 5328 Moysem,
3277 5273 3390 5310 non
3420 5254 3656 5328 illi,;sed
3683 5269 3773 5326 po-

2173 5343 2307 5414 pulo
2335 5344 2701 5398 institutionis
2729 5345 2984 5398 doctrina
3001 5345 3302 5400 tribuatur.
3328 5345 3398 5400 Et
3419 5345 3554 5399 ideo
3576 5342 3771 5416 proba-

2173 5431 2339 5487 bilius
2367 5433 2603 5500 videtur,
2649 5451 2759 5488 non
2787 5441 2852 5489 ut
2880 5434 3214 5507 suspicatur,
3241 5433 3464 5488 diabolo
3497 5450 3567 5488 ex
3587 5437 3771 5488 aucto-

2172 5521 2340 5578 ritate
2370 5522 2559 5579 clivina
2588 5529 2874 5581 ostensum
2906 5541 3026 5580 esse
3056 5525 3362 5580 Dominum
3399 5523 3647 5579 adorare
3675 5521 3770 5577 de-
