3938 6174
289 225 378 283 201
1042 226 1419 285 EXPOSITIO
1459 228 1537 284 IN
1574 226 2023 283 MATTH/EUM.
2069 258 2133 271 —
2173 230 2307 285 LIB.
2348 233 2449 301 III,
2493 235 2649 291 CAP.
2693 239 2783 294 IV.
3442 248 3549 308 202

286 353 612 408 humilitatis
640 352 878 407 formam
909 369 1214 437 assumere,
1238 359 1302 407 ut
1330 369 1390 407 se
1418 353 1566 406 viam
1590 351 1938 412 redeunti-A
1957 367 2194 425 agonem
2224 355 2311 409 sui
2341 357 2623 415 Creatoris
2669 378 2771 434 per
2813 372 3158 439 assumptum
3185 369 3423 428 formam
3450 374 3549 429 ho-

287 441 489 534 busnad
513 442 756 513 patriam
778 434 1157 534 przestrueret,
1188 447 1387 534 contra
1403 441 1645 534 sagittas
1678 441 1875 534 adver-
1944 434 2124 534 'rninis
2143 450 2340 499 contra
2350 445 2569 502 hostem
2583 449 2815 507 humani
2833 434 3058 524 generis
3073 456 3170 512 diu
3188 462 3383 530 procul
3401 462 3549 534 aspi-

288 527 415 580 sarii
444 527 702 599 clypeum
738 531 1141 621 praeceptorum
1187 527 1419 621 opponit
1451 526 1877 621 :quatenusdi-
1957 531 2186 587 cientes.
2221 534 2279 617 Si
2311 534 2461 590 enim
2482 554 2604 605 nos,
2627 545 2691 594 ut
2719 540 2801 596 ait
2816 544 3118 615 Apostolus
3148 526 3209 621 (ί
3215 549 3336 603 Cor.
3368 563 3445 617 IV,
3466 526 3544 619 il),

286 622 437 709 scan-t
465 633 752 686 sequaces,
808 617 942 709 quid
992 622 1056 709 et
1100 616 1209 687 ipsi
1237 616 1295 670 in
1325 616 1442 671 suis
1469 614 1876 709 tentaticnibus
1957 612 2338 690 spectaculum
2365 624 2494 680 facti
2549 644 2744 684 sumus
2788 608 2998 689 mundo
3053 640 3110 689 et
3150 608 3365 708 angelis
3402 608 3546 709 ejus,

285 705 586 797 prudenter
613 710 803 777 agant.
834 704 983 759 Nam
1013 706 1060 760 si
1086 711 1424 797 praeceptum
1469 704 1694 797 Domini
1739 704 1871 758 luci-
1956 710 2135 790 multo
2157 712 2335 783 magis
2355 731 2485 769 eum
2500 718 2893 775 venerabiliter
2911 704 3543 797 intuebanturagonem,

284 794 411 849 dum
468 801 666 850 contra
719 799 1186 850 testamentorum
1247 795 1481 849 nebulas
1519 792 1870 858 adhibeatur,
1956 797 2015 851 in
2045 815 2154 870 quo
2174 801 2323 857 Deus
2345 802 2513 860 homo
2544 806 2750 862 virtute
2766 826 2869 864 sua
2895 828 2996 882 pro
3034 814 3293 869 omnibus
3312 792 3548 872 dimica;

284 890 455 939 restat
480 884 744 939 continuo
774 890 840 939 ut
865 885 1048 939 omnis
1087 883 1448 939 tenebrarum
1484 883 1684 973 caligo,
1705 888 1770 937 ut
1791 882 1875 936 fu-
1956 886 2069 941 bat.
2095 889 2159 943 In
2178 889 2274 945 illo
2296 893 2502 965 quippe
2532 900 2589 949 et
2624 913 2727 951 nos
2759 898 3011 968 vicimus,
3045 902 3178 973 quia
3205 903 3265 957 in
3292 904 3389 960 illo
3420 922 3546 961 era-

283 990 418 1040 mus,
444 974 820 1045 dispergatur.
852 975 1013 1029 Unde
1056 975 1200 1029 sicut
1237 974 1449 1029 dictum
1476 972 1581 1028 sibi
1618 973 1874 1027 Salvator
1955 994 2079 1032 mus
2105 985 2162 1034 et
2186 997 2287 1035 nos
2307 999 2408 1053 pro
2428 984 2629 1054 quibus
2644 1003 2760 1057 ipse
2779 988 2957 1044 factus
2978 972 3067 1045 est
3090 992 3277 1047 homo.
3312 994 3550 1051 Stabant

280 1063 491 1129 τθεοιίῒν
511 1064 721 1154 λῗοηγίη
749 1068 860 1119 δοιο
886 1080 1031 1154 Pan?
1059 1066 1195 1154 υίυίζ
1224 1065 1401 1154 Imm-0”
1442 1067 1508 1117 ut
1555 1062 1872 1117 illustretur
1953 1072 2142 1122 autem
2164 1071 2348 1141 angeli
2368 1088 2402 1125 a
2434 1072 2600 1144 longe
2619 1075 2767 1130 inter
2792 1094 2876 1144 ea,
2910 1095 2981 1133 ne
3008 1079 3152 1135 forte
3181 1083 3340 1152 quasi
3354 1084 3548 1154 praesi-

281 1152 568 1224 praeceptis
595 1153 797 1207 divinis
828 1153 1137 1208 secundum
1176 1153 1605 1217 humanitatem,
1640 1169 1705 1206 ex
1762 1169 1871 1224 quo
1955 1156 2046 1211 dio
2078 1174 2272 1213 eorum
2305 1160 2499 1215 vicisse
2524 1162 2829 1233 videretur,
2862 1172 2961 1221 aut
2985 1173 3136 1223 certe
3175 1152 3380 1225 auxilio
3405 1172 3549 1228 indi-

279 1259 403 1296 suos
457 1242 717 1297 instituat
765 1242 1084 1297 bellatores.
1118 1244 1205 1298 Ita
1232 1248 1288 1296 et
1322 1261 1333 1295 :
1365 1245 1488 1297 Non
1516 1243 1748 1296 tentabis
1772 1243 1869 1296 Do-
1950 1245 2158 1315 guisse.
2190 1248 2265 1302 At
2292 1265 2421 1303 vero
2452 1255 2518 1304 ut
2563 1268 2629 1305 ex
2657 1252 2863 1307 virtute
2891 1258 3293 1314 monomachia:
3340 1260 3548 1317 Christi

279 1334 501 1386 minam.
521 1334 694 1386 Deum
725 1338 907 1399 tuum,
942 1340 1051 1398 ιιι
1075 1337 1123 1397 θ
1157 1339 1327 1402 atque
1355 1333 1657 1386 Dominum
1695 1332 1867 1384 Deum
1950 1330 2127 1385 hostis
2180 1332 2273 1386 ille
2322 1333 2498 1389 victus
2553 1336 2838 1403 abscessit,
2889 1341 3159 1395 exercitus
3217 1345 3546 1413 angelorum

281 1426 437 1473 tuum
467 1423 747 1487 adorabis,
780 1428 828 1475 et
860 1425 952 1476 illi
974 1424 1079 1475 soli
1105 1425 1321 1486 servies,
1354 1437 1465 1474 non
1494 1420 1735 1480 diabolo,
1769 1419 1866 1474 sed
1951 1421 2109 1490 quasi
2125 1428 2357 1492 paratus
2376 1423 2446 1477 ad
2471 1423 2797 1496 obsequium
2828 1429 2995 1498 regis,
3021 1430 3114 1499 qui
3136 1433 3327 1501 procul
3341 1433 3545 1488 trium-

275 1508 376 1563 sibi
397 1516 739 1581 pmceptum
772 1510 1039 1575 insinuat,
1065 1510 1439 1581 quatenushis
1456 1510 1693 1563 fascibus
1714 1526 1870 1563 man-
1949 1510 2122 1579 phum
2148 1510 2298 1565 illius
2329 1512 2493 1584 longe
2523 1514 2619 1568 diu
2658 1517 3162 1587 contemplabatur,
3197 1521 3431 1577 devotus
3460 1540 3547 1578 ac-

274 1599 553 1665 datorum,
586 1600 915 1670 laqueorum
958 1599 1218 1653 tenebras
1247 1600 1501 1670 repellat,
1536 1604 1593 1653 et
1628 1598 1929 1684 repulsis“
1950 1600 2135 1665 cessit,
2164 1606 2221 1655 et
2246 1601 2575 1657 ministrans
2599 1603 2998 1660 famulabatur.
3031 1608 3226 1676 Porro,
3263 1612 3411 1682 quod
3442 1630 3547 1684 pu-

272 1688 492 1743 eminus
520 1689 731 1743 eisdem
762 1689 834 1743 ad
865 1688 1101 1743 nihilum
1134 1694 1448 1744 evanescat.
1884 1673 1931 1731 B
1950 1694 2105 1758 gnat,
2130 1694 2335 1745 nostra;
2356 1692 2725 1747 humanitatis
2754 1696 3030 1766 susceptio
3049 1704 3172 1752 erat
3190 1673 3387 1770 {quod
3416 1673 3545 1757 vero

340 1779 499 1832 Tunc
519 1782 747 1846 reliquit
767 1796 892 1833 eum
909 1780 1177 1833 diabolus.
1204 1780 1267 1832 Et
1304 1795 1413 1832 ecce
1432 1781 1618 1847 angeli
1648 1794 1870 1832 accessc-
1951 1776 2048 1831 isti
2067 1778 2413 1847 ministrant,
2446 1781 2753 1836 divinitatis
2773 1783 2831 1839 in
2851 1800 2916 1837 eo
2931 1785 3222 1857 privilegia
3243 1789 3547 1859 praedican-

269 1872 422 1935 runt,
448 1872 500 1922 et
530 1868 933 1921 ministrabant
953 1870 1019 1921 ei.
1052 1867 1303 1938 Reliquit
1344 1883 1473 1922 eum
1506 1883 1868 1921 consumma-
1949 1867 2133 1921 tur.In
2154 1872 2393 1940 utroque
2411 1876 2602 1925 tamen
2629 1888 2775 1926 unus
2799 1873 3053 1929 Christus
3076 1881 3135 1931 et
3161 1877 3545 1936 doctrinarum

269 1962 323 2010 ta
347 1956 695 2012 tentatione.
729 1955 859 2011 Non
889 1956 1048 2028 quasi
1078 1973 1274 2010 rursus
1302 1973 1431 2011 eum
1465 1960 1599 2010 ‘non
1636 1973 1867 2027 aggres-
1951 1957 2205 2027 exempla
2230 1957 2287 2011 in
2310 1975 2375 2013 eo
2394 1960 2615 2030 plenius
2642 1963 3127 2019 commendantur.
3156 1966 3301 2030 Quia
3319 1967 3465 2024 sicut
3483 1970 3543 2025 in

268 2062 447 2111 sums,
502 2047 601 2101 sed
656 2051 721 2101 ut
778 2046 974 2101 beatus
1020 2046 1374 2116 Evangelista
1418 2046 1639 2100 Marcus
1668 2046 1765 2113 ait,
1794 2046 1861 2100 ad
1947 2044 2052 2099 hoc
2082 2062 2259 2117 agone
2290 2048 2493 2102 militia
2518 2050 2694 2105 totius
2718 2051 3007 2122 religionis
3033 2059 3238 2111 nostra:
3252 2058 3543 2127 praestrui-

267 2142 508 2207 tempus,
539 2136 899 2207 postmodum
926 2142 1119 2190 contra
1158 2152 1308 2201 eum,
1340 2152 1441 2207 per
1479 2142 1741 2202 mortem,
1772 2136 1865 2190 Ju-
1946 2138 2059 2200 tur,
2090 2134 2171 2188 ita
2193 2140 2250 2189 et
2273 2136 2331 2190 in
2356 2136 2621 2208 obsequio
2649 2142 2978 2211 angelorum
3006 2146 3387 2201 remuneratio
3428 2164 3543 2203 ser-

266 2224 515 2279 daeorum
527 2225 669 2279 odiis
685 2225 1035 2311 apertissime
1050 2225 1503 2296 impugnaturus.
1523 2225 1752 2296 Expleta
1769 2241 1865 2279 au-
1945 2222 2137 2278 vitutis
2164 2230 2370 2280 nostra:
2395 2226 2587 2281 futura
2612 2229 2911 2299 gloriosior
2929 2232 3211 2288 edocetur.
3237 2235 3381 2299 Quia
3414 2241 3544 2308 post

265 2319 367 2368 tem
388 2315 712 2369 tentatione
742 2314 1004 2381 diximus,
1032 2331 1144 2368 non
1177 2314 1337 2386 quasi
1385 2314 1687 2385 expleverit
1715 2313 1863 2384 quod
1943 2312 2279 2384 triumphos,
2303 2331 2406 2385 per
2430 2316 2536 2371 hoc
2562 2323 2783 2373 aeternae
2806 2319 2952 2387 vita,
2980 2320 3274 2377 beatorum
3303 2340 3434 2378 vera
3448 2325 3543 2380 de-

265 2409 499 2458 conatus
525 2408 628 2471 est,
663 2409 728 2458 ut
755 2404 1059 2474 dejiceret;
1118 2403 1238 2471 sed,
1267 2404 1487 2475 expleta
1510 2408 1705 2458 contra
1732 2420 1861 2458 eum
1945 2400 2202 2471 signatur
2230 2404 2477 2472 refectio,
2520 2405 2618 2461 ubi
2675 2424 2789 2462 non
2846 2410 3013 2464 modo
3058 2412 3263 2483 angeli,
3299 2430 3542 2484 quorum

262 2495 408 2547 omni
440 2499 570 2547 arte
588 2494 861 2559 tentandi,
882 2495 1001 2564 jam
1022 2493 1259 2547 ulterius
1281 2493 1415 2564 quid
1434 2498 1627 2564 ageret
1650 2509 1761 2546 non
1782 2492 1863 2546 in-
1944 2490 2189 2546 Charitas
2214 2493 2375 2547 ardet
2402 2493 2697 2562 indefessa,
2731 2497 2833 2552 sed
2879 2499 3050 2554 etiam
3095 2501 3217 2571 ipse
3267 2502 3540 2558 Dominus

263 2581 513 2647 veniens,
543 2581 862 2653 dereliquit.
904 2584 1049 2637 Nam
1101 2584 1372 2654 cujusque
1422 2583 1559 2636 artis
1617 2582 1861 2637 ofﬁcium
1943 2596 2044 2650 per
2073 2596 2132 2634 se
2153 2581 2431 2636 transiens
2461 2583 2883 2641 ministraturus
2923 2589 3132 2643 sanctis
3175 2590 3297 2644 luce
3334 2592 3540 2647 clarius

261 2676 387 2726 tunc
406 2672 693 2743 expletur,
714 2688 841 2725 cum
871 2671 1141 2742 quidquid
1169 2687 1261 2725 ars
1288 2670 1411 2742 ipsa
1433 2671 1595 2741 juxta
1626 2670 1862 2724 faculta-
1943 2668 2298 2738 praedicatur.
2331 2671 2401 2725 Et
2426 2671 2551 2726 ideo
2591 2674 2687 2744 qui
2716 2675 2837 2741 vult
2864 2692 2991 2730 cum
3030 2693 3096 2731 eo
3136 2679 3280 2732 tanti
3310 2679 3539 2734 honoris

261 2763 367 2814 tem
394 2761 624 2831 negotii
654 2760 965 2827 dictaverit,
990 2761 1061 2814 ad
1082 2760 1466 2832 peragendum
1486 2759 1658 2814 fuerit
1675 2759 1862 2830 exple-
1944 2756 2213 2828 obsequio
2244 2760 2601 2830 postmodum
2632 2763 2885 2829 refoveri,
2920 2780 3148 2819 necesse
3171 2772 3260 2821 est
3283 2768 3459 2839 prius,
3478 2768 3539 2823 in

260 2856 395 2919 tum,
430 2850 666 2905 etiamsi
694 2867 807 2905 non
835 2849 1088 2905 obtineat
1123 2849 1303 2920 opifex
1335 2849 1474 2902 artis
1503 2849 1650 2919 quod
1682 2848 1862 2903 inten-
1943 2846 2147 2901 militia
2165 2849 2399 2919 positus,
2431 2848 2627 2917 discat,
2660 2852 2783 2920 ejus
2799 2851 3080 2921 adjutorio
3100 2854 3540 2927 fultus,agonem

260 2941 351 2995 dit.
388 2942 471 2996 Ut
501 2946 639 3012 puta
660 2944 868 3005 orator,
889 2945 989 2994 aut
1014 2938 1218 3010 aliquis
1238 2938 1603 3002 medicorum,
1634 2954 1746 2992 non
1774 2954 1859 2991 so-
1880 3004 1916 3014 Α
1943 2952 2108 2989 suum
2138 2937 2208 2990 ad
2236 2938 2405 2991 ﬁnem
2433 2954 2611 3009 usque
2642 2940 2981 3010 perducere;
3009 2943 3142 3014 quia
3168 2961 3281 2999 non
3311 2961 3541 3001 corona-

256 3030 366 3084 lum
389 3004 623 3102 quoties
639 3029 938 3101 persuadet
955 3028 1064 3094 hic,
1107 3004 1207 3082 aut
1234 3027 1328 3081 ille
1350 3032 1527 3093 curat,
1552 3026 1681 3081 finis
1710 3004 1917 3081 com-C
1946 3023 2113 3090 bitur,
2144 3025 2253 3079 nisi
2284 3026 2381 3097 qui
2412 3004 2662 3098 legitime
2686 3004 3001 3085 certaverit.

256 3119 442 3189 pletur
477 3118 687 3186 ofﬁcii;
719 3118 815 3173 sed
843 3123 978 3172 tunc
1015 3121 1164 3171 recte
1210 3116 1546 3187 praedicatur
1586 3116 1855 3186 expletus,
2015 3114 2153 3168 Cum
2180 3118 2368 3168 autem
2395 3118 2635 3171 audisset
2662 3120 2815 3172 Jesus
2840 3121 2986 3188 quod
3008 3122 3246 3176 Joannes
3296 3128 3537 3183 traditus

254 3209 353 3263 etsi
367 3208 628 3264 conditio
649 3224 837 3262 rerum
863 3223 927 3260 ac
941 3222 1309 3278 personarum
1329 3222 1442 3260 non
1472 3204 1734 3258 admittat
1763 3220 1858 3258 ex-
1941 3207 2091 3268 esset,
2125 3208 2341 3259 recessit
2385 3207 2450 3259 in
2491 3206 2797 3274 Galilaeam,
2820 3214 2867 3261 et
2900 3212 3093 3264 relicta
3126 3214 3343 3268 civitate
3358 3216 3539 3271 Naza-

257 3299 423 3368 plere,
451 3315 587 3352 cum
612 3296 884 3369 quidquid
914 3313 1007 3350 ars
1038 3296 1161 3367 ipsa
1185 3294 1421 3348 valuerit
1447 3293 1746 3364 diligenter
1762 3310 1857 3347 ne-
1940 3293 2233 3358 reth,venit
2249 3297 2297 3347 et
2318 3294 2588 3348 habitavit
2608 3298 2671 3349 in
2685 3296 3078 3365 Cap/tamenim
3094 3304 3539 3369 maritimam,in

250 3388 416 3456 gotiis
450 3394 515 3441 et
542 3386 795 3458 personis
824 3386 995 3440 fuerit
1036 3384 1389 3439 attributum.
1439 3383 1597 3447 Quod
1626 3384 1855 3437 tandem
1937 3381 2141 3446 ﬁnibus
2192 3382 2441 3437 Zabulon
2475 3389 2522 3437 et
2559 3384 2933 3452 Nephthatim.
2974 3386 3142 3443 Terra
3179 3391 3447 3458 Zabulon,
3486 3398 3537 3447 et

252 3476 516 3532 diabolus
538 3476 597 3530 in
627 3494 688 3531 se
716 3492 948 3530 cernens
977 3474 1115 3528 artis
1160 3490 1274 3528 suae
1299 3472 1560 3544 peritiam
1590 3488 1854 3527 consum-
1939 3473 2090 3522 terra
2110 3469 2479 3538 Nephlhalim,
2500 3475 2591 3526 via
2613 3476 2791 3528 maris
2806 3480 2960 3530 trans
2981 3478 3280 3533 Jardanem
3301 3479 3537 3536 Galitza

248 3572 491 3631 mutam,
527 3566 794 3620 continuo
824 3580 955 3618 eum
986 3563 1191 3617 dicitur
1216 3560 1528 3633 reliquisse,
1561 3562 1692 3633 quia
1707 3562 1858 3616 ultra
1938 3561 2209 3625 gentium,
2229 3564 2286 3613 et
2315 3559 2548 3630 reliqua.
2571 3562 2716 3615 Nam
2737 3568 2791 3617 et
2814 3564 3057 3619 Joannes
3086 3566 3260 3621 refert
3278 3570 3427 3639 quod
3447 3571 3536 3625 Je-

251 3656 385 3725 quid
412 3661 627 3725 ageret
655 3653 878 3725 penitus
913 3669 1026 3707 non
1077 3651 1336 3707 habebat.
1366 3653 1511 3705 Nam
1538 3655 1858 3705 tentaverat
1940 3662 2056 3713 sus,
2080 3663 2205 3701 cum
2219 3647 2505 3718 discipulis
2526 3650 2641 3704 suis
2670 3650 2937 3706 invitatus
2954 3653 3261 3725 adnuptias
3289 3658 3349 3711 in
3379 3659 3534 3713 Cana

248 3759 375 3798 eum
405 3744 667 3816 primum
690 3758 790 3815 per
815 3742 962 3813 gulae
991 3740 1518 3812 concupiscentiam,
1546 3756 1667 3811 quae
1696 3741 1856 3794 radix
1941 3736 2201 3800 Galilaeae,
2240 3736 2464 3806 signum
2502 3738 2697 3793 fecerit
2716 3740 2972 3807 Deitatis,
2997 3758 3173 3812 aquas
3203 3752 3531 3802 convertens

247 3834 511 3888 omnium
543 3832 821 3886 malorum
847 3836 966 3899 est;
999 3830 1199 3884 deinde
1229 3846 1330 3901 per
1359 3846 1561 3883 vanam
1590 3830 1849 3900 gloriam,
1935 3825 1994 3878 in
2014 3825 2206 3879 vinum
2239 3843 2250 3877 :
2283 3826 2392 3879 Hoc
2431 3828 2578 3893 fecit,
2612 3828 2815 3899 inquit,
2844 3832 3194 3900 principium
3239 3837 3530 3902 signorum

248 3938 368 3991 qua
401 3920 642 3976 habitus
664 3926 749 3975 est
771 3919 1159 3991 superborum.
1184 3920 1347 3974 Teste
1362 3919 1537 3989 igitur
1564 3918 1848 3990 Apostolo,
1934 3915 2086 3967 Jesus
2109 3916 2171 3967 in
2189 3914 2340 3968 Cana
2354 3914 2604 3983 Galileeae,
2619 3922 2669 3971 et
2684 3919 3061 3985 manifestavit
3070 3924 3311 3989 gloriam
3342 3939 3523 3992 suam,

245 4010 481 4067 initium
497 4011 687 4065 omnis
706 4010 919 4081 peccati
932 4008 1196 4081 superbia
1208 4008 1664 4079 probatur,cujus
1683 4009 1853 4063 nimi-

247 4116 371 4155 mm
402 4102 509 4155 illa
538 4100 754 4170 species
768 4099 885 4154 fore
906 4116 1017 4153 non
1046 4097 1431 4152 indubitanter
1451 4097 1744 4152 manifeste
1765 4114 1853 4152 co-

241 4191 563 4259 gnoscitur.
585 4190 763 4253 Unde,
785 4188 831 4242 si
848 4188 1004 4243 radix
1020 4187 1271 4242 omnium
1292 4188 1570 4241 malorum
1590 4186 1852 4258 concupi-

243 4280 481 4346 scentia,
509 4279 805 4333 etinitium
822 4278 1004 4331 omnis
1023 4277 1235 4349 peccati
1250 4275 1532 4348 superbia,
1551 4281 1701 4330 recte
1717 4292 1849 4346 ergo

240 4370 490 4423 tentatio
508 4368 733 4439 expleta
745 4367 967 4433 dicitur,
997 4367 1087 4421 cui
1108 4366 1359 4421 omnium
1390 4366 1665 4419 malorum
1695 4365 1851 4435 origo

241 4464 298 4511 et
324 4458 554 4529 peccati
582 4457 807 4511 initium
846 4457 1070 4529 penitus
1099 4460 1397 4527 superatur
1428 4471 1492 4509 ac
1521 4454 1848 4509 conteritur.

236 4547 384 4602 Nam
405 4566 520 4603 nec
538 4547 805 4613 mundus,
831 4547 927 4617 qui
956 4546 1017 4601 in
1045 4546 1291 4615 maligno
1314 4544 1530 4616 positus
1551 4561 1586 4599 a
1613 4543 1850 4598 Domino

235 4638 676 4702 condemnatur,
699 4637 810 4690 alia
841 4640 1313 4690 tentamentorum
1334 4633 1503 4688 habet
1518 4650 1688 4705 quam
1726 4649 1848 4704 quae

233 4724 313 4780 illi
342 4726 644 4799 opposuit,
668 4726 854 4780 carnis
892 4724 1151 4779 videlicet
1168 4723 1693 4801 concupiscentiam,
1724 4739 1846 4793 quae

232 4821 317 4869 est
341 4817 401 4871 in
434 4815 713 4871 membris
741 4814 966 4881 nostris,
1012 4818 1070 4868 et
1122 4812 1626 4884 concupiscentiam
1656 4812 1846 4867 oculo-

228 4921 381 4972 tum,
418 4923 554 4977 quae
584 4922 809 4977 semper
854 4903 1096 4959 exterius
1152 4908 1475 4973 generatur,
1523 4919 1625 4957 nec
1652 4918 1766 4957 non
1790 4906 1847 4957 et

230 4994 569 5065 superbiam
598 4995 745 5060 vitai,
780 5010 903 5066 quae
930 4999 1047 5047 tam
1101 4992 1338 5047 interius
1387 5008 1554 5063 quam
1599 4991 1843 5046 exterius

227 5083 345 5138 suis
375 5083 629 5138 fastibus
658 5084 935 5138 coalescit.
968 5084 1101 5137 Jure
1154 5082 1327 5152 igitur
1381 5080 1600 5151 expleta
1639 5080 1844 5135 dicitur

232 5176 504 5239 lentatio,
539 5173 675 5227 dum
716 5172 993 5228 universis
1022 5176 1502 5226 tentamentorum
1542 5169 1841 5241 generibus

229 5259 669 5334 Scripturarum
718 5262 1051 5319 auctoritate
1099 5260 1357 5333 repulsis,
1389 5259 1565 5314 victus
1611 5259 1867 5323 tandem,

226 5349 407 5406 hostis
472 5351 784 5407 succubuit.
845 5353 915 5407 Et
946 5371 957 5405 :
1012 5352 1157 5418 Ecce,
1190 5349 1390 5421 inquit,
1425 5351 1625 5417 Angeli
1651 5355 1710 5415 π
1725 5355 1839 5415 IS

1937 4008 1985 4056 et
2011 4003 2369 4058 crediderunt
2426 4006 2491 4058 in
2537 4021 2662 4059 eum
2718 4007 2979 4075 discipuli
3005 4012 3120 4077 ejus
3140 4012 3301 4077 (Joan
3332 4029 3386 4079 ιι,
3419 4012 3523 4085 ll).

1937 4092 2046 4147 Sed
2070 4108 2187 4160 cur,
2219 4109 2348 4147 cum
2376 4093 2628 4148 audisset
2653 4094 2926 4150 Joannem
2954 4097 3229 4154 traditum
3261 4101 3320 4155 in
3338 4118 3526 4157 carce-

1934 4198 2075 4248 rem,
2108 4182 2398 4237 secesserit
2423 4182 2481 4237 in
2521 4183 2833 4254 Galilaeam,
2861 4186 3124 4257 perfacile
3150 4193 3522 4262 cognoscitur,

1935 4276 2127 4336 2|!)
2166 4271 2214 4325 si
2252 4272 2336 4326 rei
2366 4273 2570 4326 veritas
2598 4273 2816 4328 intente
2864 4278 3250 4348 perpenditur.
3283 4281 3527 4337 Joannes

1934 4360 2083 4414 enim
2121 4378 2234 4416 non
2260 4361 2369 4416 nisi
2412 4368 2643 4433 propter
2678 4364 3042 4435 Evangelium
3072 4369 3253 4437 regni,
3286 4377 3343 4424 et
3364 4372 3527 4442 justi-

1932 4450 2071 4504 tiam
2086 4467 2208 4521 quze
2238 4456 2324 4505 est
2343 4468 2409 4505 ex
2438 4452 2933 4524 Evangelio,quam
2962 4456 3524 4526 praedicabat,discri-

1931 4556 2060 4594 men
2090 4540 2288 4595 mortis
2332 4540 2588 4595 incurrit.
2615 4542 2871 4597 Christus
2898 4560 3045 4610 vero,
3079 4545 3174 4616 qui
3195 4548 3437 4618 amplius
3468 4556 3526 4603 et

1930 4628 2227 4700 perfectius
2255 4634 2378 4683 erat
2402 4630 2653 4684 veritatis
2676 4631 2957 4701 justitiam
2977 4634 3400 4704 praedicaturus,
3430 4654 3525 4693 ne-

1930 4736 2081 4774 cesse
2109 4718 2307 4774 habuit
2333 4719 2405 4773 ad
2431 4724 2654 4790 tempus
2682 4725 2747 4774 ut
2774 4721 3058 4777 secederet
3078 4723 3135 4777 in
3183 4725 3472 4782 Galilaeam
3504 4746 3515 4781 :

1929 4826 2018 4875 ne,
2035 4814 2337 4879 antequam
2368 4808 2581 4863 veniret
2608 4815 2834 4881 tempus
2854 4811 3150 4883 passionis,
3173 4814 3351 4869 Judaei
3380 4833 3524 4871 sem-

1926 4916 2027 4970 per
2054 4898 2399 4952 infidelitatis
2429 4898 2614 4965 amici,
2650 4899 2952 4957 homicidio
2965 4902 3273 4973 jungerent
3292 4904 3523 4961 homici-

1908 4988 2101 5054 ‘dium,
2126 4991 2183 5041 et
2210 4986 2551 5059 martyribus
2583 4987 2836 5059 fugiendi
2853 4990 2924 5044 ad
2955 4990 3150 5045 horam
3182 4992 3239 5046 in
3264 4997 3520 5065 tempore

1924 5076 2196 5149 passionis
2208 5076 2509 5147 sullugium
2540 5093 2641 5147 per
2655 5078 2759 5132 hoc
2786 5078 3075 5149 signanter
3086 5081 3407 5151 denegaret.
3418 5084 3518 5139 Se-

1924 5167 2093 5222 cessit
2121 5165 2311 5221 autem
2342 5166 2413 5220 ad
2440 5171 2681 5237 tempus,
2705 5172 2769 5221 ut
2794 5168 2912 5222 suis
2941 5169 3518 5242 daretursequacibus

1924 5259 1982 5313 in
2009 5255 2397 5329 persecutione
2424 5256 2576 5310 locus
2631 5256 2904 5328 fugiendi,
2931 5259 3094 5329 juxta
3127 5256 3267 5315 illud
3300 5262 3403 5318 :Si
3430 5281 3517 5319 vos

1918 5350 2189 5416 persecuti
2215 5347 2432 5413 fuerint
2453 5348 2515 5398 in
2536 5362 2709 5399 unam
2729 5349 3024 5414 civitatem,
3051 5351 3225 5418 fugite
3254 5354 3317 5405 in
3337 5356 3516 5409 aliam

222 5447 601 5510 accesserunt,
628 5447 675 5496 et
702 5444 1101 5496 ministrabant
1123 5443 1191 5495 ei.
1222 5440 1594 5495 Accesserunt
1621 5438 1834 5510 utique,
1924 5437 2138 5505 (Matth.
2171 5450 2225 5501 x,
2261 5434 2373 5503 ‘23).
2424 5434 2550 5488 Non
2585 5433 2813 5505 quidem
2841 5453 3011 5492 causa
3057 5439 3296 5507 timoris,
3330 5443 3428 5496 sed
3455 5448 3519 5498 ut

224 5544 338 5586 non
373 5530 554 5603 quasi
580 5538 715 5586 tunc
742 5531 989 5603 primum
1036 5530 1174 5585 illud
1204 5528 1496 5597 adeuntes,
1543 5528 1641 5583 sed
1669 5527 1839 5583 veluti
1923 5529 2238 5597 exemplum
2267 5523 2427 5577 ﬁeret
2455 5527 2511 5577 et
2541 5522 2797 5581 doctrina
2819 5525 3194 5582 credentibus.
3220 5528 3390 5584 Porro
3421 5547 3519 5585 an-

528 5630 789 5693 PATROL.
820 5629 1003 5693 CXX.
3240 5628 3278 5683 '1
