3938 6174
465 235 571 297 203

1235 245 1292 299 S.
1333 243 1710 299 PASCHASII
1749 240 2115 298 RADBERTI
2152 239 2455 294 ABBATIS
2492 233 2983 299 CORBEIENSIS.

3596 234 3689 293 204

466 372 696 438 tequam
726 368 834 421 iret
862 368 921 421 in
942 368 1251 430 Galilaeam,
1274 369 1546 423 nonnulla
1575 369 1645 423 ab
1675 369 1888 422 Joanne
1915 366 2060 421 facta
2077 368 2123 427 A
2142 365 2447 437 primordio
2461 362 2767 435 prophetia)
2789 376 2980 415 versus
3011 362 3159 421 sunt,
3186 358 3545 428 praetermisit;
3566 359 3693 415 sicut

466 454 922 529 interponuntur,
957 474 1081 529 quae
1100 458 1193 512 isti
1222 458 1317 513 alii
1342 458 1768 531 prmtermisere,
1801 457 1949 511 unde
1972 456 2061 509 in-

467 545 743 616 telligitur
782 546 999 618 aliquos
1027 547 1198 602 tuisse
1228 548 1347 602 dies
1374 547 1734 618 interpositos
1753 546 1954 618 quibus
1967 545 2064 599 illa

466 640 628 706 gesta
647 636 761 690 sint
780 652 903 707 qua:
926 636 996 690 ab
1012 652 1078 690 eo
1098 636 1530 691 intersemntur.
1554 637 1700 691 Nam
1719 635 1948 690 traditio
1978 651 2063 689 ec-

467 724 779 779 clesiastica
797 730 953 782 tenet
973 732 1315 796 (quanquam
1337 724 1593 780 nonnulli
1614 726 1917 780 Dominum
1932 723 2065 796 bap-

408 856 412 863 .
465 814 703 869 tizatum
732 829 832 869 vm
864 812 1103 869 Kalend.
1134 814 1431 870 Januarias
1462 814 1723 881 dixerint,
1757 820 1821 868 ut
1863 830 1928 868 eo
1973 813 2063 867 die

465 904 791 958 crederetur
816 908 1045 958 renatus
1066 920 1176 975 quo
1199 909 1367 959 natus
1391 924 1403 971 ;
1437 908 1586 969 ct,ut
1602 903 1699 957 alii
1721 907 2058 968 asseverant,

466 1007 531 1046 ac
573 992 622 1046 si
676 992 797 1063 ipsa
838 992 930 1047 die
961 993 1311 1048 circumcisio
1342 993 1609 1064 spiritalis
1663 992 1735 1046 sit
1766 991 2061 1058 celebrata,

465 1096 575 1152 quo
586 1079 772 1135 fuerat
781 1081 1022 1136 carnalis
1033 1082 1356 1152 adimpleta)
1366 1082 1537 1152 ,quod
1558 1095 1657 1136 vm
1675 1081 1827 1147 Idus,
1837 1081 2062 1152 quando

463 1186 613 1225 nunc
639 1169 973 1237 celebratur,
1008 1169 1288 1242 baptismo
1319 1171 1642 1241 perfunctus
1671 1170 1742 1225 sit
1771 1189 1783 1238 ;
1808 1175 1865 1224 et
1909 1169 2059 1238 inde,

462 1259 614 1330 quod
633 1259 785 1314 idem
798 1260 1043 1315 Joannes
1058 1259 1559 1330 praemisit,ductus
1573 1265 1660 1313 est
1676 1259 1735 1313 in
1753 1259 2034 1313 desertum
2044 1298 2057 1312 .

462 1348 600 1403 Post
626 1349 789 1419 cujus
817 1347 1190 1420 expletionem
1228 1349 1517 1419 temporis,
1560 1348 1863 1420 aliquantis
1882 1348 2059 1403 inter-

462 1437 661 1509 positis
691 1436 909 1502 diebus,
935 1438 1056 1507 jam
1103 1437 1319 1491 Joanne
1348 1438 1407 1491 in
1433 1454 1655 1492 carcere
1686 1443 1924 1502 retruso,
1969 1454 2061 1492 se“

464 1526 633 1581 cessit
656 1526 715 1580 in
745 1526 1054 1592 Galilzeam,
1083 1530 1142 1580 et
1195 1526 1397 1582 deinde
1443 1527 1672 1582 veniens
1700 1526 1974 1581 habitavit
2000 1526 2059 1581 in

465 1615 862 1687 Capharnaum
904 1615 1264 1670 maritimam.
1297 1615 1403 1670 Ubi
1432 1632 1560 1671 cum
1608 1616 1865 1688 coepisset
1893 1615 2061 1671 mira-

2145 461 2203 509 et
2228 455 2284 508 in
2314 453 2519 519 medio,
2544 452 2691 523 quod
2712 450 2799 504 via
2829 449 3000 502 maris
3018 448 3076 502 in
3105 447 3399 501 novissimo
3427 458 3698 518 aggravata

2145 544 2235 610 sit,
2258 542 2575 613 dereliquit.
2602 540 2745 604 Quia
2762 538 3030 592 nimirum
3062 537 3200 591 illuc
3219 537 3480 609 pertinuit
3503 553 3561 590 ex
3583 554 3697 608 pro-

2143 633 2336 704 phetia
2355 633 2526 687 etiam
2544 629 2748 701 juxtim
2770 628 3018 682 historiae
3033 625 3393 681 fundamenta
3408 627 3599 696 jacere;
3620 627 3699 682 hic

2144 739 2274 776 vero
2296 727 2520 776 tantum
2575 719 2882 782 insinuare,
2916 717 3064 788 quod
3116 732 3183 770 ex
3231 716 3355 786 ipsa
3376 714 3598 769 historia
3618 715 3706 770 ad-

2145 816 2343 866 ventus
2372 810 2600 865 Domini
2630 813 2686 862 et
2731 807 2955 862 initium
3007 804 3413 877 praedicationis
3452 804 3566 874 ejus
3598 805 3705 860 luce

2146 901 2351 955 clarius
2401 903 2701 954 reseretur.
2761 895 3026 967 Populus,
3059 894 3260 963 inquit,
3289 892 3383 964 qui
3413 892 3709 947 ambulabat

2145 990 2206 1044 in
2234 989 2482 1044 tenebris
2510 987 2765 1041 videlicet
2795 991 2850 1039 et
2885 983 3125 1053 caligine
3155 982 3377 1047 erroris,
3408 988 3464 1036 et
3484 982 3706 1037 caecitate

2145 1078 2497 1151 ignorantiae,
2529 1077 2669 1131 vidit
2687 1076 2869 1130 lucem
2894 1072 3249 1145 praedicantis
3274 1070 3498 1126 Christi.
3520 1071 3587 1125 Et
3609 1087 3708 1126 non

2145 1185 2536 1241 quamcunque
2589 1168 2788 1230 lucem,
2841 1164 2938 1219 sed
2977 1178 3242 1233 magnam
3291 1160 3444 1215 illam
3499 1158 3704 1226 scilicet,

2144 1276 2267 1330 quae
2283 1258 2364 1312 ait
2377 1258 2435 1312 in
2456 1255 2755 1326 Evangelio
2777 1272 2789 1307 :
2808 1253 2916 1321 Ego
2946 1269 3072 1306 sum
3094 1255 3193 1306 tua:
3212 1249 3431 1304 mundi.
3464 1248 3531 1303 Et
3557 1263 3707 1318 quam

2144 1347 2387 1401 discreta
2413 1346 2514 1400 Dei
2538 1344 2875 1417 praedicatur
2899 1341 3215 1407 clementia,
3232 1344 3298 1395 ut
3315 1339 3373 1393 hi
3392 1337 3711 1410 primumre-

2142 1436 2462 1491 levarentur
2489 1452 2523 1489 a
2545 1435 2683 1505 jugo
2715 1432 3000 1487 servitutis
3044 1429 3276 1503 peccati,
3325 1428 3418 1499 qui
3464 1427 3708 1499 primum,

2141 1525 2286 1580 sicut
2314 1524 2529 1579 Hebraei
2547 1524 2799 1588 tradunt,
2850 1520 3161 1593 captivitati
3191 1518 3263 1573 ab
3300 1518 3542 1589 Assyriis
3576 1516 3712 1572 ducti

2141 1620 2274 1669 sunt
2300 1615 2359 1669 in
2384 1619 2597 1669 terram
2624 1612 2887 1667 hostilem
2902 1628 2968 1665 ex
2986 1610 3140 1665 omni
3157 1609 3365 1681 populo
3393 1608 3712 1663 Iudaeorum.

466 1685 604 1759 culis
640 1704 1064 1763 coruscantibus
1106 1705 1468 1775 Evangelium
1508 1685 1830 1776 praedicare,
1877 1705 2063 1759 adhuc
2080 1685 2127 1746 B
2143 1704 2343 1759 Postea
2362 1721 2486 1758 vero
2502 1707 2741 1767 nonﬁz
2757 1708 2792 1767 Ι
2809 1701 2987 1755 solum
3002 1700 3125 1754 duae
3139 1698 3324 1753 tribus
3335 1698 3433 1752 sed
3444 1703 3501 1752 et
3510 1695 3719 1766 reliquae

464 1794 710 1849 Joannes
766 1795 826 1849 in
882 1811 1102 1849 carcere
1147 1794 1382 1849 audiens
1429 1811 1599 1866 opera
1644 1794 1872 1861 Christi,
1907 1794 2064 1849 misit
2145 1810 2267 1864 quae
2298 1792 2629 1847 habitabant
2646 1796 2803 1845 trans
2821 1789 3130 1845 Jordanem
3166 1787 3427 1858 atquein
3458 1785 3716 1851 Samaria,

464 1883 605 1939 duos
634 1883 704 1938 de
733 1883 1019 1954 discipulis
1046 1884 1182 1949 suis,
1200 1883 1404 1955 quibus
1422 1876 1754 1955 responsum
1785 1888 1888 1950 est,
1915 1884 2063 1954 quod

457 1973 580 2044 jam
600 1973 837 2029 virtutes
865 1978 1319 2046 operarentur,et
1341 1974 1703 2044 Evangelium
1720 1973 2061 2046 pauperibus

460 2058 881 2135 praedicaretur.
910 2063 1045 2128 Quae
1069 2060 1338 2118 nimirum
1367 2063 1687 2134 praedicatio
1711 2080 1745 2117 a
1773 2058 2060 2117 catholicis

462 2152 672 2208 Christi
702 2152 1022 2207 doctoribus
1052 2152 1320 2207 Kalendis
1347 2151 1763 2206 Maiistraditur
1774 2152 2054 2206 inchoata.

462 2241 542 2297 Ex
571 2258 681 2312 quo
736 2241 950 2313 liquido
1002 2245 1240 2306 constat,
1291 2257 1423 2307 non,
1456 2246 1522 2295 ut
1574 2240 1804 2311 quidam
1840 2242 2052 2307 volunt,

462 2336 592 2402 post
623 2346 855 2397 annum,
885 2328 979 2385 sed
1004 2329 1062 2383 in
1107 2346 1222 2384 uno
1270 2329 1597 2400 eodemque,
1630 2335 1688 2385 et
1713 2329 2056 2401 baptizatum

461 2424 520 2474 et
533 2419 839 2491 jejunasse,
873 2435 937 2473 ac
964 2418 1167 2473 deinde
1195 2418 1378 2490 spatio
1404 2417 1737 2489 interposito
1757 2418 2059 2490 praedicare

462 2507 722 2580 cmpisse.
748 2508 931 2580 Coepit
954 2511 1144 2562 autem
1170 2508 1199 2562 J
1204 2523 1332 2562 esus
1361 2507 1559 2561 exinde
1590 2513 1884 2579 postquam
1904 2509 2058 2563 venit

461 2597 877 2670 Capharnaum,
908 2596 1212 2668 praedicare
1243 2596 1391 2667 quod
1423 2597 1953 2669 apprOpinquaverit
1982 2599 2057 2653 E-

459 2687 778 2757 vangelium
809 2686 987 2757 regni,
1020 2691 1086 2739 ut
1113 2685 1516 2756 adimpleretur
1530 2687 1679 2757 quod
1699 2686 1913 2741 dictum
1932 2692 2055 2742 erat

458 2791 560 2847 per
578 2775 783 2831 Isaiam
804 2773 1135 2846 prophetam
1166 2773 1444 2828 dicentem
1467 2789 1480 2828 :
1519 2775 1689 2828 Terra
1712 2776 1978 2839 Zabulon,
2004 2778 2051 2827 et

461 2869 614 2918 terra
624 2864 999 2933 Nephthalim,
1024 2866 1117 2917 via
1135 2866 1311 2917 maris
1330 2868 1488 2916 trans
1501 2864 1800 2916 Jordanem
1822 2863 2054 2918 Galam:

2145 1883 2323 1937 ductae
2350 1888 2484 1936 sunt
2505 1882 2563 1935 in
2589 1880 2988 1952 captivitatem.
3038 1879 3108 1933 Et
3134 1878 3242 1931 hoc
3288 1880 3376 1931 est
3413 1875 3558 1947 quod
3588 1873 3722 1929 Scri-

2144 1977 2314 2042 ptura
2340 1958 2669 2029 nunc'dicit,
2688 1975 2753 2024 ut
2767 1968 3006 2041 populus
3033 1967 3130 2038 qui
3157 1966 3317 2038 prior
3336 1966 3535 2020 ductu
3565 1967 3648 2017 est
3670 1961 3721 2016 in

2142 2060 2544 2131 captivitatem,
2578 2064 2635 2114 et
2686 2059 2745 2113 in
2800 2056 3048 2112 tenebris
3092 2055 3365 2111 vitiorum
3392 2052 3721 2117 versabatur,

2140 2149 2279 2221 ipse,
2301 2150 2606 2205 miserante
2619 2150 2754 2213 Deo,
2777 2148 2931 2219 prior
2944 2147 3125 2201 lucem
3154 2144 3522 2217 prvedicantis
3540 2140 3724 2196 viderit

2140 2239 2471 2306 Salvatoris;
2504 2256 2569 2294 ac
2580 2238 2780 2293 deinde
2810 2236 3243 2291 disseminatum
3272 2236 3350 2289 sit
3379 2231 3725 2303 Evangelium

2139 2329 2335 2384 salutis
2362 2329 2420 2383 in
2441 2329 2730 2383 universas
2757 2331 2973 2397 gentes.
2997 2325 3156 2381 Unde
3185 2330 3249 2379 et
3276 2324 3536 2395 sequitur
3562 2340 3575 2376 :

2210 2420 2620 2485 Habitantibus,
2639 2417 2842 2488 inquit,
2873 2419 2935 2470 in
2967 2416 3201 2469 tenebris
3220 2421 3274 2469 et
3305 2415 3517 2468 umbra
3547 2409 3724 2465 mortis

2140 2512 2242 2564 tua:
2270 2513 2394 2563 orta
2424 2513 2499 2563 est
2528 2512 2621 2562 eis.
2655 2509 2811 2562 Inter
2848 2509 3087 2559 mortem
3143 2509 3342 2558 autem
3397 2507 3456 2557 et
3480 2498 3727 2556 umbram

2137 2597 2333 2652 mortis
2361 2598 2465 2652 hoc
2500 2612 2620 2651 esse
2649 2599 3008 2667 putaverunt,
3039 2593 3187 2664 quod
3243 2609 3403 2647 mors
3432 2605 3628 2647 eorum
3654 2591 3731 2642 est

2134 2687 2230 2758 qui
2262 2703 2391 2741 cum
2415 2685 2674 2757 operibus
2705 2684 2900 2738 mortis
2928 2683 2986 2737 in
3010 2682 3231 2737 inferno
3253 2687 3443 2738 morte
3472 2679 3732 2751 sepeliun-

2133 2781 2229 2829 tur
2241 2774 2462 2830 devicti.
2479 2774 2689 2829 Umbra
2704 2790 2833 2827 vero
2846 2772 3043 2827 mortis
3073 2787 3300 2838 eorum,
3333 2771 3436 2844 qui
3463 2785 3589 2825 cum
3609 2782 3730 2840 pec-

2135 2869 2285 2927 cant,
2301 2863 2542 2919 necdum
2562 2868 2753 2918 tamen
2773 2862 2842 2916 de
2863 2861 2974 2915 vita
2994 2860 3104 2915 ista
3122 2858 3728 2932 penitusexpellunmr;

457 2956 728 3022 gentium.
763 2955 1318 3021 Populuszzoqui
1343 2952 1554 3004 sedebat
1573 2953 1637 3004 in
1659 2952 1892 3005 tenebris
1914 2952 2054 3004 vidit
2136 2953 2234 3007 sed
2264 2952 2448 3007 divino
2479 2956 2872 3024 exspectantur
2893 2950 3126 3021 judicio,
3156 2955 3225 3004 ut
3265 2950 3329 3004 in
3379 2949 3584 3003 melius
3607 2961 3733 3000 con-

460 3046 639 3098 lucem
660 3042 1336 3109 magnam,habitantibus
1356 3042 1417 3093 in
1431 3042 1650 3107 regione
1670 3055 1766 3092 um
1776 3041 1883 3093 bra
1901 3056 2053 3093 mor-
2069 3042 2118 3104 C
2134 3047 2444 3096 vertantur.
2472 3042 2651 3108 Unde,
2683 3040 2730 3095 si
2759 3039 3054 3106 voluerint,
3087 3043 3334 3111 possunt
3374 3054 3546 3109 agere
3573 3033 3737 3107 poeni-

459 3133 528 3185 tis
553 3135 653 3186 lue:
663 3135 871 3184 ortaest
893 3132 968 3183 eis
991 3130 1120 3195 (Isa.
1137 3142 1216 3193 Ix,
1240 3125 1288 3195 1,
1312 3125 1392 3198 2).
1418 3127 1577 3182 Unde
1606 3132 1663 3181 et
1686 3127 2055 3199 Septuaginta
2134 3131 2391 3195 tentiam,
2413 3135 2469 3185 et
2500 3131 2569 3185 ad
2596 3146 2787 3185 veram
2810 3130 3013 3196 lucem,
3033 3133 3097 3182 ut
3117 3127 3388 3199 deinceps
3405 3143 3518 3181 non
3542 3125 3657 3180 sint
3680 3122 3735 3177 in

455 3219 694 3275 hocloco
706 3218 898 3273 dixere
930 3236 942 3271 :
976 3219 1343 3287 Hocprimum
1359 3218 1491 3281 bibe,
1520 3219 1772 3270 velociter
1780 3217 1883 3283 fac.
1909 3216 2055 3281 Quia
2135 3218 2401 3285 tenebris,
2423 3220 2649 3274 Domini
2667 3220 3013 3289 suffragante
3035 3218 3242 3288 gratia,
3258 3215 3602 3289 quantocius
3613 3229 3735 3285 per-

452 3313 609 3364 terra
620 3307 868 3363 Zabulon
893 3312 951 3361 et
969 3310 1124 3361 terra
1135 3304 1522 3377 Nepththalim
1541 3304 1725 3376 prima
1739 3305 1945 3360 Christi
1965 3306 2049 3360 vi-
2135 3306 2339 3361 venire.
2365 3306 2451 3361 Ad
2472 3307 2575 3361 hoc
2607 3307 2757 3361 enim
2794 3307 3134 3374 relaxantur,
3166 3311 3236 3360 ut
3265 3322 3388 3360 non
3418 3303 3739 3376 perveniant

456 3398 590 3453 dere
609 3396 901 3462 miracula,
934 3400 999 3452 ut
1052 3396 1247 3467 primae
1277 3393 1534 3448 biberent
1577 3393 1706 3447 ﬁdei
1738 3393 2045 3465 potionem,
2131 3397 2198 3451 ad
2249 3412 2407 3452 veras
2446 3395 2727 3461 tenebras,
2778 3412 2901 3467 quae
2937 3395 3069 3449 alibi
3106 3396 3423 3451 exteriores
3448 3398 3736 3456 vocantur,

457 3503 579 3559 quae
605 3487 801 3559 primae
828 3485 1086 3540 viderant
1116 3483 1391 3538 miracula
1405 3482 1706 3537 Dominum
1728 3484 2045 3539 facientem.
2131 3486 2229 3540 sed
2244 3486 2314 3540 de
2332 3484 2694 3540 interioribus
2732 3485 2946 3556 peccati
2960 3484 3209 3539 tenebris
3241 3485 3488 3557 egressi,
3507 3484 3622 3538 sint
3649 3483 3738 3535 lux

451 3576 634 3644 Unde,
661 3577 825 3647 juxta
852 3574 1212 3640 Hebraicum,
1243 3573 1541 3627 Matthmus
1595 3589 1807 3644 ponens
1842 3573 1946 3628 hoc
1972 3580 2054 3629 te-
2133 3575 2190 3629 in
2221 3576 2492 3643 Domino;
2536 3576 2740 3646 quippe
2770 3574 2902 3646 quia
2940 3573 3186 3628 tenebrae
3228 3581 3607 3646 peccatorum
3635 3587 3742 3627 non

453 3665 804 3732 stimonium,
856 3663 1039 3736 primo
1086 3666 1359 3734 tempore,
1418 3660 1621 3733 inquit,
1673 3662 1932 3717 alleviata
1968 3668 2055 3718 est
2135 3665 2287 3719 aliud
2305 3682 2505 3736 corpus
2528 3681 2699 3735 quam
2736 3668 2974 3718 mortem
3000 3669 3341 3734 perpetuam
3373 3664 3588 3718 habere
3625 3676 3743 3733 pro-

451 3753 858 3810 terraZabulon
870 3751 1480 3824 etterraNepththalim
1494 3767 1662 3805 onere
1674 3757 2049 3822 peccatorum,
2134 3753 2358 3808 bantur.
2383 3755 2452 3808 Et
2479 3754 2604 3808 ideo
2630 3754 2913 3807 interdum
2944 3752 3156 3807 umbrae
3181 3759 3471 3809 vocantur
3500 3751 3700 3808 mortis
3728 3768 3741 3803 :

454 3845 588 3918 quia
615 3845 675 3899 in
703 3842 1028 3915 regionibus
1047 3842 1250 3897 harum
1280 3841 1520 3896 duarum
1539 3840 1788 3895 tribuum
1803 3841 2050 3911 primum
2133 3859 2256 3913 quae
2303 3842 2447 3895 sicut
2472 3841 2684 3896 umbrae
2721 3858 3011 3913 nunquam
3031 3842 3177 3896 ﬁunt
3215 3842 3347 3897 sine
3376 3858 3640 3915 corpore,
3668 3839 3746 3894 ita

452 3935 709 3990 Salvator
724 3933 1084 4004 Evangelium
1099 3929 1604 4003 praedicavitUnde
1623 3934 1679 3983 et
1701 3929 1759 3983 in
1773 3929 1998 3983 Psalmo
2029 3948 2041 3983 :
2129 3947 2234 3985 nec
2262 3937 2489 4003 peccata
2512 3932 2634 3986 sine
2662 3938 2862 3987 morte.
2883 3932 3042 3986 Unde
3060 3932 3344 4003 scriptum
3368 3938 3463 3987 est
3496 3950 3509 3986 :
3542 3934 3749 3988 Anima

452 4024 753 4078 Benedicite
815 4023 921 4076 Deo
967 4022 1222 4083 Domino,
1265 4021 1329 4072 de
1382 4019 1629 4085 fontibus
1660 4018 1833 4072 Israel
1882 4018 2041 4090 (Psal.
2129 4036 2247 4089 quae
2292 4024 2612 4089 peccaverit,
2642 4024 2761 4090 ipsa
2812 4024 3084 4076 morietur
3112 4021 3333 4088 (Ezech.
3379 4024 3566 4090 xvm).
3608 4020 3749 4084 Qua-

452 4124 621 4178 van,
653 4109 764 4179 ‘28).
801 4109 886 4163 Ibi
914 4107 1228 4178 Benjamin,
1265 4106 1714 4160 adolescentulus
1769 4106 2042 4175 videlicet,
2128 4114 2359 4181 propter
2378 4110 2473 4181 qui
2494 4110 2612 4165 vult
2630 4110 2874 4181 effugere
2895 4115 3153 4177 mortem,
3168 4127 3413 4167 necesse
3425 4117 3521 4168 est
3533 4110 3749 4167 nullam

453 4204 510 4254 et
528 4199 736 4253 Paulus
765 4196 1053 4268 apostolus
1082 4196 1142 4249 in
1170 4194 1377 4249 mentis
1405 4210 1656 4248 excessu.
1677 4195 1755 4248 Ex
1770 4211 1881 4264 quo
1912 4195 2045 4250 alibi
2128 4199 2187 4253 in
2217 4216 2277 4254 se
2305 4199 2527 4264 habeat,
2560 4200 2619 4254 in
2648 4205 2923 4271 quantum
2957 4200 3041 4255 fas
3069 4205 3171 4266 est,
3213 4201 3496 4257 umbram
3526 4199 3747 4256 mortis.

450 4288 557 4343 ait:
581 4289 713 4382 Sine
730 4290 908 4382 mente
938 4287 1242 4382 excedirnus
1283 4285 1389 4382 Deo
1413 4284 1499 4382 (.11.
1515 4284 1638 4382 (lor.
1660 4299 1715 4350 v,
1744 4281 1849 4382 13).
1874 4284 2250 4382 .Prin-DQua
2279 4305 2344 4342 ex
2391 4304 2563 4343 causa
2607 4288 2828 4344 desinat
2871 4305 3121 4360 peccare,
3150 4293 3210 4343 et
3250 4294 3423 4346 totus
3458 4290 3753 4347 adhaereat

448 4377 599 4449 cipes
624 4374 871 4430 Zabulon
900 4378 955 4429 et
974 4372 1254 4445 principes
1294 4371 1679 4443 Nephthalim,
1712 4372 1844 4443 quia
1872 4372 1931 4427 in
1959 4371 2108 4429 his"
2128 4377 2263 4445 Deo,
2282 4383 2347 4432 ut
2365 4378 2546 4433 sitlux
2563 4378 2621 4432 in
2654 4378 2789 4433 Deo.
2812 4378 2956 4443 Quia
2994 4379 3239 4450 profecto
3262 4380 3314 4434 si
3346 4381 3472 4436 luci
3501 4381 3749 4436 inhaese-

446 4464 706 4522 tribubus
732 4464 889 4520 fuere
911 4461 1098 4528 viculi,
1130 4478 1197 4516 ex
1236 4460 1438 4533 quibus
1495 4461 1673 4516 sancti
1698 4462 1866 4517 duces
1893 4463 2043 4534 Apo-
2126 4467 2219 4533 rit,
2248 4468 2417 4522 nullis
2435 4466 2745 4522 obvolvitur
2762 4467 3009 4523 tenebris
3032 4473 3401 4540 peccatorum
3427 4491 3443 4537 ;
3474 4470 3633 4527 sicut
3650 4482 3753 4525 nec

447 4555 577 4611 stoli
605 4554 887 4610 exstitere.
920 4553 991 4608 Et
1034 4551 1094 4606 in
1145 4550 1449 4606 novissimo
1489 4557 1792 4621 aggravata
1845 4557 1931 4607 est
1959 4553 2045 4607 via
2124 4556 2221 4610 ubi
2241 4556 2333 4610 lux
2353 4557 2463 4611 ista
2488 4557 2719 4611 visibilis
2738 4563 2843 4625 est,
2871 4558 3024 4612 locus
3046 4557 3287 4629 quilibet
3313 4559 3648 4615 offuscatur
3665 4574 3752 4613 ca-

446 4645 621 4701 maris
665 4649 824 4699 trans
868 4642 1170 4697 Iordanem
1222 4639 1464 4695 Galileae
1491 4640 1768 4711 gentium.
1810 4640 2042 4699 Galilaea
2120 4644 2315 4716 ligine,
2333 4646 2431 4700 sed
2456 4646 2721 4701 omniain
2753 4646 2955 4702 melius
2973 4647 3304 4703 collustrata
3325 4646 3750 4705 clarescuntin

444 4750 689 4806 namque
716 4731 968 4805 gentium
996 4731 1123 4786 ideo
1152 4728 1375 4797 dicitur,
1409 4729 1543 4802 quia
1569 4729 1692 4786 duae
1718 4730 1889 4786 fuisse
1917 4749 2042 4804 pro-
2121 4735 2325 4800 lucem,
2362 4739 2418 4789 et
2444 4735 2847 4806 pulchritudini
2875 4736 3090 4792 decoris
3108 4737 3300 4792 omnia
3320 4739 3750 4794 reformantur.

442 4824 672 4880 bantur.
703 4823 955 4889 Quarum
986 4836 1101 4875 una
1127 4820 1364 4874 conﬁnis
1393 4835 1458 4873 ac
1503 4819 1686 4875 vicina
1714 4826 1802 4875 est
1828 4822 2036 4894 Tyriis,
2192 4825 2404 4878 Eminde
2441 4829 2626 4879 autem
2656 4829 2819 4895 coepit
2848 4828 3003 4881 Jesus
3047 4829 3361 4896 praedicare
3425 4834 3482 4883 et
3525 4831 3748 4884 dicere:

444 4931 569 4988 quae
588 4930 738 4970 nunc
764 4912 857 4970 hic
878 4910 1133 4984 gentium
1162 4914 1415 4980 vocatur,
1445 4908 1540 4964 ubi
1568 4914 1626 4964 et
1655 4911 1917 4966 Salomon
1963 4913 2041 4966 vi-
2122 4915 2505 4968 Paenitentiam
2524 4918 3171 4985 agite,appropinquavit
3195 4919 3353 4971 enim
3371 4934 3637 4988 regnum
3658 4932 3756 4973 οω-

441 5003 851 5076 ginticivitates
879 4999 1108 5055 donavit
1125 4997 1343 5071 Hyram
1370 4998 1489 5069 regi
1508 4998 1639 5071 'IVri
1667 4999 1726 5053 in
1756 5006 1906 5055 sorte
1931 5001 2038 5056 tri—
2122 5005 2325 5056 lorum.
2355 5000 2564 5059 Eadem
2601 5003 2775 5074 igitur
2792 5004 2986 5075 judex,
3028 5019 3198 5076 quam
3229 5004 3381 5060 bene
3413 5005 3750 5071 confestim,

438 5092 546 5168 bus
572 5091 955 5167 Nephthalim.
982 5089 1177 5144 Altera
1203 5087 1407 5144 dicitur
1435 5088 1581 5142 circa
1602 5087 1953 5145 Tiberiadem
1984 5096 2041 5146 et
2122 5108 2243 5163 quae
2273 5097 2331 5146 et
2356 5109 2536 5164 praeco
2563 5094 2812 5148 veritatis
2838 5093 3122 5166 praedicat,
3157 5100 3221 5149 ut
3241 5096 3610 5152 ostendatur
3637 5111 3755 5151 non

441 5190 705 5255 stagnum
726 5182 1026 5247 Genassar,
1042 5179 1101 5235 in
1127 5176 1279 5233 tribu
1299 5177 1682 5234 Zabulon.Sed
1702 5178 1762 5234 in
1783 5180 2037 5252 utrisque
2121 5181 2263 5236 alius
2284 5199 2452 5253 quam
2475 5182 2569 5255 qui
2592 5183 2649 5238 in
2662 5200 2792 5238 voce
2811 5183 2988 5255 ipsius
3015 5184 3243 5239 Joannis
3270 5184 3511 5241 dudum
3545 5201 3757 5242 sonue-

438 5274 741 5330 Dominum
785 5274 1193 5326 commoratum
1223 5286 1362 5336 esse,
1413 5267 1667 5323 vicinitas
1707 5271 2034 5325 earumdem
2116 5277 2224 5325 rat.
2250 5273 2576 5327 Undeidem
2597 5273 3142 5346 etJoannesinquit:
3166 5276 3405 5343 Egovorr
3429 5279 3757 5353 clamantis

438 5362 731 5420 civitatum
750 5359 1078 5434 probat.Hic
1091 5364 1301 5423 tamen,
1331 5364 1561 5431 propter
1576 5359 1815 5428 ﬁguram
1834 5377 2028 5415 eorum
2112 5363 2177 5415 in
2205 5364 2410 5417 deserto
2438 5362 2612 5434 (Joan.
2645 5381 2680 5429 ι,
2709 5362 2823 5434 23).
2855 5365 2924 5418 Et
2965 5365 3099 5435 quid
3135 5370 3222 5419 est
3270 5364 3482 5420 dicere
3514 5385 3618 5436 ego
3648 5382 3759 5422 vox

439 5452 537 5527 qui
564 5450 799 5506 vocandi
827 5453 988 5504 erant
1017 5464 1081 5503 ex
1112 5447 1391 5519 gentibus,
1419 5451 1569 5503 recte
1597 5445 1695 5501 illa
1732 5465 1855 5519 quae
1885 5466 2026 5520 gen-
2108 5454 2425 5519 clamantis,
2459 5452 2566 5507 nisi
2601 5477 2613 5509 :
2646 5454 2761 5524 Ego
2791 5470 2917 5508 sum
2942 5471 3046 5508 vox
3086 5454 3235 5510 illius
3265 5454 3372 5525 qui
3405 5455 3476 5512 in
3510 5474 3613 5514 me
3645 5457 3762 5513 cla-

436 5542 581 5601 tium
608 5543 694 5600 est
710 5541 1076 5599 memoratur.
1110 5536 1257 5595 Nam
1280 5540 1337 5592 et
1365 5534 1708 5606 evangelista
1731 5552 1798 5592 ea
1825 5552 1948 5609 qua:
1965 5537 2027 5596 in
2108 5545 2228 5597 mat
2256 5541 2551 5600 Christus?
2606 5544 2769 5613 Quia,
2799 5544 2906 5601 etsi
2934 5544 3057 5620 ipse
3114 5543 3366 5602 exterius
3398 5562 3521 5620 per
3551 5562 3759 5606 vocem
