3938 6174
279 275 374 333 205

1044 274 1427 333 EXPOSITIO
1466 278 1545 333 IN
1582 272 2028 332 MA'I'I‘IIIEUM.
2065 302 2129 315 --
2159 273 2297 330 LIB.
2338 274 2440 342 III,
2475 275 2614 331 CAP
2653 277 2748 332 IV.

3435 278 3539 337 206

280 401 477 465 sonuit,
510 401 665 455 intus
692 404 881 455 tamen
907 400 1138 456 verbum
1166 402 1420 457 Christus
1460 403 1709 457 clamans
1733 400 1857 456 fuit.
1881 401 1930 460 A
1947 398 2071 454 fuit.
2105 399 2218 454 Lex
2242 416 2375 471 ergo
2402 406 2460 455 et
2487 402 2773 474 prophetae
2801 418 2980 475 usque
3020 404 3091 457 ad
3137 405 3409 460 Joannem
3434 425 3446 474 ;
3480 406 3540 460 in

280 490 444 561 Cujus
475 488 744 544 nimirum
786 490 1078 545 clamantis
1105 497 1294 559 222
1322 507 1426 547 vox
1467 493 1709 547 Joannes
1736 492 1865 561 jure

280 579 545 651 accipitur
575 597 587 633 :
624 579 1076 651 quandoquidem
1109 596 1385 651 organum
1418 581 1658 652 Spiritus
1687 581 1866 635 sancti

280 669 388 723 fore
415 674 782 735 monstratur,
816 686 918 741 per
942 671 1102 740 cujus
1139 670 1565 742 inspirationem
1594 670 1863 738 Verbum,

280 758 501 830 quodin
528 758 801 830 principio
822 764 944 814 erat
972 760 1121 831 apud
1141 761 1341 828 Deum,
1369 777 1500 815 voce
1529 760 1707 832 ipsius
1737 760 1871 815 tide-

278 847 416 902 libus
445 852 751 905 reseratur.
793 848 920 903 Non
950 848 1099 903 enim
1122 866 1155 902 a
1178 866 1238 904 se
1269 849 1574 921 quidquam
1603 851 1864 917 Joannes,

282 936 371 991 sed
401 936 590 991 omnia
608 936 763 991 intus
791 937 1237 1008 illeloquebatur
1256 939 1352 1010 qui
1380 955 1510 993 eum
1540 939 1611 993 ad
1640 939 1870 1009 loquen-

283 1026 406 1081 dum
427 1026 707 1080 movebat.
740 1026 952 1081 Idcirco
975 1044 1085 1081 non
1114 1027 1572 1083 inconvenienter
1589 1044 1777 1082 vocem
1805 1043 1865 1082 se

281 1115 448 1187 ipsius
468 1120 840 1187 protestetur;
862 1116 1158 1172 clamantis
1179 1122 1366 1172 autem
1391 1134 1450 1171 se
1470 1134 1659 1172 vocem
1682 1117 1866 1190 potius

284 1222 445 1276 quam
474 1206 757 1276 loquentis
784 1206 1011 1269 fatetur,
1039 1213 1101 1261 ut
1140 1207 1197 1260 in
1225 1224 1290 1261 eo
1320 1208 1595 1279 sapientia
1623 1208 1717 1261 illa
1751 1208 1866 1260 cla-

283 1310 431 1348 mare
446 1293 814 1364 intelligatur,
846 1295 917 1348 de
944 1312 1056 1365 qua
1084 1295 1141 1349 in
1172 1295 1467 1350 Salomone
1492 1296 1697 1350 dicitur
1726 1315 1740 1350 :
1773 1293 1870 1349 Sa-

1946 489 2160 544 Joanne
2188 506 2320 545 vero
2357 506 2518 545 voces
2556 492 2806 547 omnium
2856 499 3333 562 consummantur,
3372 499 3542 567 atque

1948 578 2210 650 deinceps
2237 595 2367 634 voce
2382 587 2647 635 evacuata
2670 582 2852 636 solum
2878 582 3127 637 Verbum
3159 583 3307 655 quod
3338 600 3545 639 sonue-

1951 672 2042 721 rat
2068 667 2222 722 intus
2251 667 2322 721 ab
2366 669 2592 724 exordio
2638 670 2778 741 legis
2815 676 2873 726 et
2900 672 3324 745 prophetarum,
3357 689 3459 745 per
3484 689 3545 728 se

1951 756 2072 810 sine
2098 755 2386 839 dubietate
2401 762 2550 813 recte
2572 760 2896 830 percipitur.
2912 761 2971 816 Si
2988 768 3178 818 autem
3201 762 3398 817 eadem
3420 761 3546 817 Sal-

1950 850 2110 899 vator
2136 846 2406 917 praedicat
2422 864 2545 919 quae
2574 853 2631 902 et
2657 849 2900 903 Joannes
2928 850 2989 904 in
3017 850 3217 922 spiritu
3238 851 3546 923 prophetiae

1950 939 2081 989 ante
2095 935 2443 1006 praedixerat,
2469 938 2717 992 ostendit
2743 938 2991 1010 seipsum
3021 955 3160 1007 esse,
3186 941 3347 1007 cuius
3362 940 3456 994 ille
3485 956 3547 994 se

1951 1040 2142 1079 vocem
2172 1024 2474 1093 fatebatur,
2494 1032 2551 1081 et
2582 1044 2750 1098 quem
2780 1028 2962 1082 omnis
2983 1028 3120 1083 ordo
3148 1028 3290 1100 legis
3321 1045 3385 1083 ac
3413 1044 3546 1101 pro-

1948 1114 2246 1185 phetarum
2267 1131 2499 1169 currens
2517 1131 2695 1187 usque
2715 1117 2785 1170 ad
2812 1118 3104 1185 Joannem,
3125 1118 3258 1171 olim
3287 1134 3321 1172 a
3345 1119 3547 1173 saeculo

1949 1209 2252 1258 venturum
2272 1203 2589 1259 nuntiabat.
2608 1208 3014 1274 Paenitentiam,
3032 1207 3234 1278 inquit,
3255 1210 3420 1275 agite,
3444 1223 3545 1277 ap-

1946 1296 2343 1363 propinquavit
2356 1298 2502 1348 enim
2522 1311 2755 1363 regnum
2771 1300 3050 1351 calorum.
3065 1297 3320 1366 Regnum
3344 1296 3550 1367 quippe

280 1387 487 1454 pientia
536 1385 678 1451 foris
719 1387 990 1449 clamitat,
1034 1387 1095 1438 in
1138 1388 1337 1454 plateis
1364 1387 1459 1439 dat
1495 1403 1671 1439 vocem
1709 1402 1870 1438 suam
1953 1383 2220 1437 caelorum
2249 1384 2354 1437 hoc
2382 1384 2501 1439 loco
2545 1383 2906 1455 Evangelium
2937 1392 3087 1439 recte
3124 1385 3411 1458 accipitur,
3451 1389 3551 1439 aut

285 1474 455 1540 (Prov.
490 1489 527 1536 1,
567 1470 677 1540 20).
714 1473 778 1527 In
806 1473 1040 1527 summis
1076 1474 1416 1545 excelsisque
1444 1474 1744 1529 verticibus
1775 1490 1871 1528 su-
1954 1476 2103 1525 certe
2123 1472 2242 1543 ipse
2260 1472 2411 1527 salus
2433 1473 2626 1528 mundi
2656 1474 2931 1539 Christus,
2958 1474 3055 1546 qui
3083 1474 3300 1546 pridem
3331 1474 3496 1544 longe
3517 1490 3553 1527 a

281 1578 378 1634 per
399 1562 536 1627 vias,
566 1562 625 1615 in
659 1562 857 1616 mediis
894 1563 1109 1617 semitis
1138 1568 1294 1617 stans
1326 1564 1489 1634 juxta
1516 1570 1706 1635 portas
1736 1563 1871 1617 civi-
1953 1561 2340 1632 peccatoribus
2377 1562 2719 1631 minabatur,
2766 1581 2917 1618 nunc
2943 1580 3073 1618 vero
3111 1580 3213 1635 per
3236 1562 3554 1617 reconcilia-

280 1651 427 1716 tatis,
457 1656 524 1705 ut
541 1650 747 1721 ubique
772 1651 1053 1718 audiatur,
1088 1657 1146 1706 et
1172 1653 1359 1707 nullus
1389 1653 1773 1724 insipientium
1804 1652 1873 1707 de
1953 1650 2166 1705 tionem
2196 1668 2392 1706 eorum
2433 1653 2529 1723 qui
2565 1653 2834 1708 credituri
2866 1658 3029 1707 erant
3073 1652 3553 1725 appropinquasse

281 1740 597 1812 ignorantia
620 1746 931 1795 excusetur.
956 1742 1019 1796 In
1042 1741 1177 1813 ipsis
1203 1742 1430 1813 quidem
1448 1742 1660 1797 foribus
1684 1742 1868 1813 loqui—
1890 1746 1933 1809 Β
1958 1739 2182 1794 dicitur.
2211 1741 2332 1804 Quo
2353 1742 2504 1795 enim
2534 1743 2655 1797 ﬁeri
2686 1742 3055 1815 propinquius
3083 1742 3279 1813 generi
3306 1742 3554 1797 humano

282 1835 373 1885 tur
400 1830 588 1884 dicens
621 1849 632 1883 :
667 1830 712 1885 Ο
742 1830 864 1895 viri,
898 1831 970 1885 ad
1010 1848 1103 1886 vos
1132 1831 1376 1898 clamito,
1424 1836 1481 1886 et
1518 1849 1620 1886 vox
1644 1849 1772 1887 mea
1803 1832 1875 1887 ad
1956 1836 2162 1901 posset,
2198 1847 2368 1901 quam
2422 1832 2569 1901 quod
2618 1832 2721 1886 hoc
2758 1849 2880 1887 esse
2920 1832 3185 1902 dignatus
3215 1836 3300 1886 est
3343 1831 3555 1904 absque

284 1920 423 1974 filios
442 1919 755 1975 hominum.
788 1920 922 1984 Quae
950 1921 1218 1975 nimirum
1250 1937 1348 1975 vox
1375 1922 1619 1977 Joannes
1650 1927 1790 1989 erat,
1818 1921 1875 1976 in
1956 1924 2202 1990 peccato,
2245 1920 2394 1990 quod
2439 1937 2541 1974 nos
2597 1920 2703 1992 ipsi
2745 1921 3014 1976 eramus?
3074 1922 3319 1986 Verbum,
3371 1919 3558 1991 inquit

285 2026 389 2081 quo
420 2008 708 2080 Sapientia
736 2009 838 2064 Dei
870 2010 1053 2065 Patris
1082 2011 1395 2077 clamitans,
1422 2011 1643 2067 dicebat
1667 2031 1679 2065 :
1704 2013 1877 2066 Pani-

285 2101 511 2153 tentiam
529 2102 690 2166 agite,
699 2102 1163 2170 appropinquavit
1178 2104 1326 2167 enim
1340 2117 1576 2168 regnum
1598 2104 1874 2155 calorum.

286 2188 367 2254 Et,
382 2193 445 2242 ut
466 2187 719 2259 apertius
737 2188 1067 2243 claresceret
1083 2190 1231 2261 quod
1252 2189 1371 2261 ipse
1388 2195 1535 2244 esset
1551 2190 1647 2261 qui
1665 2190 1879 2244 dudum

284 2295 380 2350 per
409 2295 541 2332 eum
573 2277 871 2343 clamabat,
893 2277 1088 2332 debuit
1106 2279 1300 2333 eadem
1321 2284 1378 2334 et
1406 2279 1525 2350 ipse
1550 2279 1607 2333 in
1640 2280 1881 2351 primor-

284 2367 371 2421 dio
401 2365 818 2438 praedicationis
846 2383 960 2422 suae
996 2372 1267 2434 retexere,
1301 2384 1424 2440 quae
1454 2368 1573 2440 ipse
1602 2382 1881 2440 praecona—

282 2463 369 2510 tus
388 2455 572 2509 ofﬁcio
602 2455 920 2523 nuntiarat;
949 2461 1226 2527 quatenus
1244 2457 1362 2529 ipse
1389 2474 1521 2512 voce
1550 2458 1754 2512 clarius
1779 2474 1881 2529 per

283 2563 338 2600 se
368 2545 668 2599 nitesceret
695 2561 761 2598 ex
791 2561 975 2616 opere,
1011 2546 1108 2617 qui
1131 2546 1288 2617 prius
1316 2563 1418 2618 per
1458 2548 1734 2602 Joannem
1773 2548 1880 2601 cla-

285 2635 471 2689 mabat
518 2635 577 2689 in
614 2651 762 2689 voce.
803 2632 893 2701 Et,
937 2635 984 2690 si
1024 2636 1325 2707 diligenter
1366 2637 1733 2704 attendimus,
1768 2654 1881 2692 non

287 2725 462 2779 solum
490 2724 551 2778 in
582 2741 647 2778 eo
676 2723 954 2790 Christus,
986 2741 1180 2779 verum
1212 2726 1381 2781 etiam
1411 2726 1469 2781 in
1501 2726 1759 2781 omnibus
1786 2727 1881 2798 qui

289 2813 496 2886 aliquid
528 2812 597 2867 ab
625 2813 787 2868 initio
809 2813 1073 2869 divinitus
1100 2815 1359 2887 inspirati
1390 2816 1597 2883 dixere,
1630 2816 1753 2888 ipsa
1780 2817 1882 2871 Dei

290 2903 581 2975 Sapientia
606 2903 818 2957 clamor
855 2903 979 2957 fuit.
1024 2904 1133 2959 Sed
1173 2910 1366 2959 tamen
1402 2907 1663 2973 Joannes,
1709 2922 1883 2977 quan-

290 3010 455 3064 quam
486 2992 628 3047 etin
659 2991 783 3046 aliis
822 2992 1076 3048 Christus
1121 2994 1461 3061 clamaverit,
1497 3013 1561 3049 ex
1592 2995 1881 3067 privilegio

1960 2008 2331 2079 Evangelista,
2365 2025 2492 2063 caro
2534 2011 2746 2077 factum
2776 2015 2870 2077 est,
2904 2015 2951 2064 et
2982 2011 3252 2064 habitavit
3299 2012 3361 2063 in
3401 2011 3555 2064 nobis

1963 2097 2141 2168 (Joan.
2174 2112 2214 2165 Ι,
2244 2099 2346 2158 tiu.
2381 2099 2499 2153 Hoc
2529 2104 2633 2165 est,
2666 2100 2815 2171 quod
2841 2116 2943 2154 nos
2971 2098 3078 2171 ipsi
3119 2115 3346 2155 eramus
3376 2098 3557 2153 factus

1960 2191 2066 2253 est,
2109 2191 2164 2241 et
2211 2186 2486 2241 habitavit
2521 2187 2833 2243 nobiscum.
2873 2189 3132 2260 Regnum
3172 2193 3363 2243 autem
3394 2188 3559 2242 coelo-

1961 2291 2088 2329 rum
2108 2276 2238 2345 jure
2267 2275 2393 2330 ideo
2412 2277 2749 2348 appellatur,
2766 2277 2899 2349 quia
2917 2278 3037 2350 ipse
3057 2284 3143 2333 est
3157 2278 3297 2332 illud
3320 2293 3559 2349 regnum

1962 2381 2063 2436 per
2085 2364 2232 2436 quod
2263 2370 2321 2420 et
2348 2366 2405 2419 in
2433 2383 2543 2437 quo
2572 2367 2750 2421 sancti
2780 2384 2975 2423 omnes
3013 2368 3072 2422 in
3120 2367 3438 2422 caelestibus
3468 2383 3561 2439 pe-

1961 2454 2212 2531 renniter
2230 2456 2542 2525 regnaturi,
2569 2458 2691 2527 jam
2715 2457 2805 2511 hic
2831 2474 2933 2529 per
2959 2457 3128 2512 ﬁdem
3159 2457 3407 2530 quotidie
3437 2457 3560 2529 ejus

1963 2559 2194 2615 corpore
2215 2543 2573 2613 colliguntur.

2033 2635 2342 2688 Ambulans
2361 2638 2548 2688 autem
2575 2637 2729 2689 Jesus
2766 2652 2914 2689 secus
2960 2652 3118 2690 mare
3148 2636 3382 2693 ϐαιίιω
3420 2637 3562 2691 vidit

1963 2723 2097 2776 duos
2112 2723 2334 2790 fratres,
2344 2721 2623 2777 Simonem
2639 2727 2976 2792 quivocatur
2989 2727 3258 2792 Petrus,et
3275 2726 3559 2780 Andream

1963 2813 2201 2880 fratrem
2222 2816 2356 2880 ejus,
2383 2814 2656 2867 mittentes
2678 2818 2788 2867 rete
2806 2816 2868 2867 in
2888 2816 3058 2867 mari.
3083 2815 3263 2868 Erant
3281 2819 3467 2868 autem
3477 2814 3565 2884 pi-

1963 2906 2214 2955 scatores.
2244 2902 2313 2955 Et
2333 2904 2413 2955 ait
2436 2904 2551 2955 illis
2574 2920 2590 2953 :
2631 2902 2807 2956 Venite
2831 2906 2950 2971 post
2966 2918 3067 2968 me,
3082 2903 3291 2971 faciam
3320 2918 3409 2956 vos
3438 2903 3564 2970 ﬁeri

1962 2993 2255 3059 piscatores
2284 2992 2598 3045 hominum.
2636 2991 2754 3045 Hoc
2792 2990 2998 3063 quippe
3026 2991 3185 3045 valde
3214 2991 3561 3046 contrarium

285 3082 635 3148 meritorum,
659 3081 1060 3153 proprietatem
1080 3084 1228 3138 vocis
1260 3085 1411 3139 solus
1432 3084 1710 3152 obtinuit;
1741 3102 1880 3155 qua-
1903 3068 1948 3133 Ο
1965 3079 2113 3134 inter
2135 3080 2503 3151 evangelistas
2528 3096 2728 3135 sonare
2774 3080 3013 3135 videtur.
3054 3080 3198 3145 Quia
3238 3081 3388 3153 quod
3424 3081 3566 3135 Mat-

282 3175 445 3225 tenus
473 3187 576 3242 per
603 3187 733 3225 eum
763 3188 1008 3241 praesens
1039 3171 1267 3226 verbum
1282 3178 1699 3243 agnosceretur,
1734 3174 1883 3245 quod

283 3260 445 3331 longe
491 3259 591 3315 diu
626 3260 722 3313 alii
751 3260 1104 3319 nuntiarunt.
1148 3263 1305 3316 Inter
1349 3279 1541 3317 vocem
1581 3264 1786 3335 quippe
1829 3268 1886 3317 et

283 3350 511 3404 verbum
544 3349 685 3402 nihil
713 3349 961 3404 medium
990 3367 1112 3405 esse
1142 3356 1345 3423 potest,
1390 3354 1486 3407 sed
1535 3354 1885 3408 continuo'ut

285 3456 380 3493 vox
417 3438 692 3504 sonuerit,
724 3439 955 3493 verbum
986 3457 1230 3511 praesens
1259 3442 1593 3513 percipitur.
1629 3444 1720 3498 Sic
1751 3461 1885 3515 quo-

284 3546 387 3600 que
412 3530 565 3583 inter
589 3529 863 3589 Joannem
895 3536 951 3583 et
971 3529 1257 3585 Christum
1280 3532 1468 3586 nullus
1489 3533 1632 3588 alius
1662 3533 1883 3588 medius

283 3618 578 3689 recipitur;
631 3617 731 3672 sed
758 3633 887 3672 mox
916 3625 980 3676 ut
1006 3621 1248 3675 Joannes
1287 3638 1508 3677 carcere
1550 3623 1879 3691 retruditur,

283 3694 540 3763 Christus
569 3708 629 3761 in
654 3709 866 3763 mundo
886 3709 1186 3764 virtutibus
1204 3712 1556 3782 praedicatur.
1583 3713 1699 3767 Vox
1730 3729 1882 3784 ergo,

280 3804 345 3853 ut
371 3798 543 3869 cmpit
573 3797 862 3865 desistere,
908 3798 1154 3854 Verbum
1185 3802 1332 3872 quod
1362 3808 1483 3856 erat
1520 3802 1888 3857 substantiale

282 3886 545 3942 omnibus
571 3886 644 3941 ad
672 3886 1104 3959 intelligentiam
1132 3890 1252 3944 sine
1281 3892 1519 3963 strepitu
1547 3892 1695 3946 vocis
1735 3892 1888 3947 intus

282 3975 340 4029 in
367 3975 564 4029 animo
593 3991 849 4042 manens,
880 3977 1047 4047 caepit
1075 3978 1399 4052 clarescere,
1441 3983 1498 4033 et
1524 3981 1888 4052 semetipsum

282 4079 383 4134 per
410 4079 473 4118 se
502 4061 725 4134 plenius
762 4064 1081 4135 explanare.
1133 4050 1376 4121 Joannes
1410 4068 1637 4139 quidem
1668 4050 1887 4141 expleto

284 4153 433 4207 vocis
449 4151 638 4206 ofﬁcio
653 4151 823 4206 desiit
839 4152 899 4207 in
919 4154 1128 4209 mundo
1141 4156 1379 4211 ulterius
1393 4158 1576 4211 audiri
1597 4177 1608 4211 :
1632 4159 1889 4213 Christus

280 4257 413 4296 vero
446 4240 720 4309 Verbum,
745 4241 1092 4313 singulorum
1113 4244 1171 4299 in
1193 4247 1357 4301 corde
1386 4230 1723 4319 perceptus:
1735 4253 1890 4302 tena-

282 4332 403 4386 cius
449 4348 802 4403 permanere.
835 4333 904 4387 Et
926 4333 1053 4388 ideo
1080 4334 1326 4405 primum
1358 4353 1470 4391 non
1500 4338 1653 4391 aliud
1696 4337 1889 4392 debuit

279 4421 469 4477 audiri
527 4437 595 4475 ex
642 4420 844 4487 Verbo,
905 4439 1074 4493 quam
1130 4425 1276 4495 quod
1326 4426 1506 4481 ofﬁcio
1548 4427 1696 4481 vocis
1732 4427 1888 4497 prius

282 4509 685 4563 enuntiaverat
710 4525 889 4580 prwco
912 4529 924 4577 ;
949 4517 1013 4565 ut
1045 4516 1227 4566 totum
1254 4514 1521 4569 nimirum
1553 4515 1893 4585 refragraret

280 4599 341 4653 in
368 4603 568 4665 223
596 4598 780 4665 verbo,
815 4600 1084 4672 quidquid
1112 4602 1416 4657 formatum
1454 4605 1681 4659 auditus
1724 4621 1891 4676 expe-

279 4688 494 4743 rientia
520 4687 665 4742 ﬁdes
705 4695 1037 4761 conceperat
1082 4709 1149 4746 ex
1190 4709 1340 4747 voce.
1373 4695 1519 4747 Nam
1553 4700 1611 4748 et
1647 4696 1891 4749 Joannes

278 4778 530 4850 ﬁguram
560 4776 700 4848 legis
726 4783 782 4832 et
802 4780 1204 4851 prophetarum
1224 4783 1423 4848 tenuit,
1443 4783 1644 4855 quibus
1672 4799 1892 4838 cessan-

276 4866 455 4934 tibus,
469 4872 882 4938 consequenter
898 4868 1108 4924 Christi
1124 4872 1483 4942 Evangelium
1498 4873 1886 4928 annuntiatur.

282 4957 372 5023 Et,
404 4957 455 5011 si
484 4955 815 5027 diligentius
854 4958 1179 5030 inspexeris,
1214 4961 1487 5034 percipies
1526 4963 1676 5035 quod
1705 4962 1889 5017 omnis

280 5044 586 5118 Scriptura
610 5045 832 5101 Veteris
859 5048 1203 5104 Testamenti
1243 5067 1356 5105 non
1389 5051 1542 5105 aliud
1583 5068 1752 5122 quam
1786 5067 1891 5106 vox

280 5135 589 5190 clamantis
639 5134 763 5189 fuit.
841 5137 1119 5193 Undidom
1190 5140 1507 5213 quicunque
1568 5141 1887 5213 Scripturas

280 5232 535 5289 sanctas,
573 5228 675 5278 aut
701 5230 851 5279 certe
900 5227 1154 5283 doctores
1194 5246 1387 5285 earum
1439 5230 1894 5303 obtemperanter

283 5329 400 5368 non
430 5314 696 5379 intendit,
712 5315 939 5370 omnino
960 5334 1071 5373 non
1088 5335 1200 5386 eos,
1225 5320 1320 5374 sed
1336 5321 1671 5375 clamantem
1704 5323 1759 5375 in
1791 5322 1890 5389 eis,

284 5400 634 5458 insolescens
662 5403 915 5460 moribus
934 5409 1260 5463 contemnit.
1296 5410 1547 5473 Quorum
1576 5412 1815 5480 ﬁguram
1837 5428 1895 5467 se

294 5499 521 5561 gestare
560 5493 807 5549 Joannes
838 5495 1049 5551 sciens:
1078 5497 1189 5566 Ego
1218 5515 1319 5553 rex
1343 5503 1660 5566 clamantis,
1692 5500 1892 5572 inquit,

292 5582 429 5651 quia
444 5583 863 5656 quodammodo
892 5584 1032 5657 legis
1060 5592 1117 5642 et
1144 5587 1544 5659 prophetarum
1573 5587 1897 5661 adimpletio

1964 3169 2143 3223 thzeus
2169 3174 2366 3223 narrat
2394 3169 2542 3241 quod
2562 3170 2779 3224 venerit
2801 3175 2856 3224 et
2873 3169 3211 3224 habitaverit
3228 3170 3288 3224 in
3318 3170 3563 3241 Caphar-

1965 3274 2137 3313 naum
2187 3259 2500 3323 maritima;
2546 3264 2603 3313 et
2656 3265 2854 3331 postea
2893 3259 3181 3330 discipulis
3218 3259 3565 3331 piscantibus

1967 3364 2062 3401 eos
2081 3348 2149 3401 de
2172 3348 2299 3402 navi
2317 3365 2540 3403 vocasse
2554 3353 2618 3402 ut
2638 3354 3009 3419 sequerentur
3029 3365 3186 3416 eum;
3210 3349 3374 3420 longe
3400 3349 3566 3403 aliter

1965 3437 2209 3491 Joannes
2238 3438 2515 3504 edisserit,
2544 3438 2690 3509 quod
2707 3444 2835 3509 post
2861 3443 3048 3506 224
3072 3438 3209 3493 illud
3229 3439 3563 3494 miraculum

1966 3526 2035 3580 de
2065 3542 2215 3597 aqua
2247 3528 2307 3580 in
2356 3527 2548 3581 vinum
2595 3543 2877 3593 conversa,
2916 3527 3275 3582 descenderit
3312 3530 3474 3583 Jesus
3501 3529 3561 3583 in

1968 3614 2382 3684 Capharnaum,
2419 3631 2484 3668 ac
2516 3620 2698 3668 mater
2723 3616 2845 3686 ejus
2875 3623 2932 3669 et
2968 3615 3170 3669 fratres
3195 3621 3365 3687 atque
3404 3616 3567 3670 disci-

1968 3704 2123 3774 puli;
2157 3707 2357 3773 ibique,
2390 3703 2593 3773 inquit,
2626 3709 2957 3758 manserunt
3005 3720 3117 3759 non
3152 3708 3346 3758 multis
3375 3707 3563 3759 diebus

1971 3796 2149 3865 (Joan.
2182 3807 2243 3859 II,
2273 3792 2345 3857 2).
2381 3793 2489 3847 Sed
2517 3791 2792 3846 incertum
2840 3809 2974 3847 sane
3014 3792 3249 3860 videtur,
3298 3798 3566 3848 utrumne

1970 3882 2052 3935 illi
2072 3882 2192 3953 jam
2230 3881 2584 3935 adhaeserant
2612 3881 2812 3935 Petrus
2842 3885 2899 3935 et
2939 3881 3211 3948 Andreas,
3254 3886 3425 3952 atque
3462 3881 3565 3937 filii

1970 3970 2216 4025 Zebedazi
2262 3971 2400 4039 duo;
2443 3976 2508 4027 ut
2548 3986 2643 4042 per
2688 3970 3144 4043 capitulationem
3175 3971 3266 4026 hic
3302 3971 3568 4043 loquatur

1972 4061 2344 4132 Evangelista,
2371 4060 2530 4132 quasi
2559 4044 2681 4129 hoc,
2715 4060 3041 4133 priusquam
3071 4060 3142 4115 ad
3172 4062 3567 4137 Capharnaum

1970 4152 2336 4205 descenderet
2361 4150 2432 4204 ad
2461 4150 2851 4217 habitandum,
2884 4150 3132 4222 quolibet
3161 4157 3325 4225 pacto
3354 4151 3565 4207 factum

1970 4239 2155 4294 fuerit.
2186 4241 2273 4294 An
2305 4239 2384 4293 sic
2408 4239 2759 4294 descendisse
2779 4256 2907 4294 cum
2928 4256 2992 4295 eo
3022 4241 3280 4313 discipuli
3311 4243 3432 4313 ejus
3456 4243 3565 4297 Ca-

1972 4329 2285 4401 pharnaum
2312 4329 2590 4395 dicantur,
2625 4328 2903 4399 quomodo
2934 4332 2990 4383 et
3037 4329 3096 4383 in
3134 4330 3287 4385 Cana
3327 4331 3568 4387 Galilaeze

1968 4421 2087 4490 jam
2098 4418 2356 4490 discipuli
2370 4418 2555 4472 vocari
2575 4418 2646 4471 ad
2669 4417 2893 4488 nuptias
2904 4434 3032 4471 cum
3054 4436 3120 4472 eo
3139 4420 3425 4489 leguntur.
3440 4422 3569 4477 Non

1974 4510 2121 4582 quod
2132 4515 2265 4563 tunc
2279 4509 2398 4579 jam
2423 4506 2683 4578 discipuli
2701 4506 2930 4572 fuerint,
2948 4507 3169 4577 quando
3184 4514 3412 4580 propter
3428 4510 3568 4565 illud

1973 4598 2304 4653 miraculum
2327 4597 2385 4651 in
2414 4613 2542 4651 eum
2572 4596 2873 4651 credidisse
2898 4596 3181 4663 dicuntur,
3197 4599 3343 4668 quod
3357 4600 3567 4655 factum

1973 4694 2089 4755 est;
2124 4688 2222 4741 sed
2253 4686 2511 4758 discipuli
2536 4685 2844 4740 secundum
2870 4684 2929 4739 id
2950 4688 3375 4760 vocanturquod
3393 4689 3569 4744 futuri

1973 4778 2303 4833 erant.Nam
2316 4781 2373 4830 et
2387 4782 2691 4847 antequam
2712 4774 2769 4828 in
2791 4774 2946 4830 Cana
2955 4775 3196 4831 Galilzeaa
3209 4777 3466 4834 Christus
3476 4779 3569 4834 de-

1972 4864 2899 4934 veniret,diciturAndreasPetrum
2912 4864 2981 4919 ad
2994 4882 3121 4919 eum
3135 4867 3367 4921 fratrem
3378 4884 3541 4923 suum
3552 4909 3566 4937 ,

1971 4958 2186 5013 Joanne
2206 4959 2369 5020 teste,
2394 4954 2688 5009 adduxisse
2708 4973 2720 5022 ;
2746 4959 2803 5008 et
2820 4970 2946 5008 cum
2963 4971 3028 5008 eo
3053 4954 3329 5026 siquidem
3351 4974 3462 5012 uno
3476 4958 3568 5013 die

1972 5045 2262 5101 mansisse.
2280 5045 2404 5099 Non
2421 5043 2646 5115 quidem
2667 5048 2728 5097 ut
2739 5044 2859 5114 jam
2876 5043 2925 5097 ei
2941 5060 3043 5115 per
3054 5044 3186 5099 disci
3193 5046 3449 5116 pulatum
3462 5047 3571 5103 hae—

1973 5140 2181 5201 rerent,
2200 5134 2296 5189 sed
2315 5138 2381 5188 ut
2398 5149 2496 5205 per
2513 5132 2913 5203 experientiam
2929 5138 3099 5188 tanta:
3116 5133 3424 5191 dulcedinis
3444 5137 3569 5192 vitae

1974 5226 2241 5298 pabulum
2263 5241 2297 5277 a
2323 5221 2628 5294 primordio
2650 5222 2867 5276 avidius
2881 5223 3268 5293 degustarent.
3292 5225 3569 5282 Undidem

1977 5331 2106 5368 reor
2134 5313 2458 5369 Matthzeum
2508 5311 2613 5365 hoc
2648 5327 2747 5383 per
2784 5312 3307 5382 recapitulationem
3339 5315 3568 5384 dixisse,

1976 5402 2288 5478 praesertim
2309 5418 2436 5456 cum
2466 5417 2579 5456 non
2598 5401 2999 5473 interposuerit
3028 5419 3184 5457 more
3208 5404 3392 5472 solito,
3420 5412 3571 5472 tunc,

1979 5499 2078 5550 aut
2104 5493 2317 5557 deinde,
2360 5491 2447 5545 vel
2487 5496 2638 5546 certe
2678 5495 2818 5561 post,
2863 5507 2963 5545 seu
3001 5492 3211 5563 aliquid
3249 5493 3575 5564 hujusmodi

1979 5580 2415 5641 continuationis
2447 5580 2651 5650 gratia,
2712 5578 2809 5634 sed
2866 5579 3211 5651 simpliciter,
3269 5585 3577 5639 Ambulans
