3938 6174
450 228 555 287 207

1211 228 1267 282 S.
1311 227 1688 282 PASCHASII
1726 224 2085 281 RADBERTI
2125 220 2429 277 ABBATIS
2468 220 2955 276 CORBEIENSIS.

3588 218 3679 277 208

450 360 633 408 autem
645 357 814 422 juxta
839 369 990 407 mare
1005 353 1255 408 Galita'a'.
1279 353 1678 407 Verumtamen
1693 352 1823 422 quid
1842 352 2040 404 horum
2061 351 2105 409 A
2129 347 2304 401 sentis
2335 346 2458 400 vita)
2491 346 2747 416 negotia;
2794 346 2891 399 sed
2924 361 3046 398 mox
3078 344 3211 398 dum
3242 343 3420 410 infert,
3452 344 3585 415 quod
3610 345 3679 398 illi

450 443 807 515 potissimum
858 443 1136 507 credatur,
1184 441 1324 495 nihil
1368 442 1495 495 ﬁdei
1548 447 1634 494 est
1686 440 2042 500 discriminis.

2126 437 2391 491 continuo
2421 435 2627 489 relictis
2656 434 2871 488 retibus
2899 433 3075 488 secuti
3101 439 3233 487 sunt
3252 433 3681 504 eum,perfectam

450 532 586 587 dum
616 532 798 586 modis
827 531 1084 586 omnibus
1132 531 1212 584 ita
1249 547 1339 584 res
1379 535 1538 600 gesta
1570 530 1849 595 credatur,
1901 529 2047 583 sicut
2128 542 2322 580 eorum
2378 525 2629 578 insinuat
2675 523 3069 577 obedientiam.
3128 522 3410 587 Quatenus
3455 538 3548 594 per
3594 522 3684 577 hoc

449 622 814 693 Evangelium
842 626 1055 675 narrat.
1077 622 1229 675 Mare
1251 624 1440 673 autem
1457 619 1701 674 Galilaaze
1720 624 1950 691 propter
1962 619 2045 672 vi-
2127 614 2347 669 discant
2372 613 2488 666 veri
2516 612 2722 667 Christi
2751 612 3079 676 imitatores,
3099 628 3202 666 sua
3220 610 3473 682 quaelibet
3497 609 3684 682 imper-

447 711 735 766 cinitatem
793 711 1045 781 ejusdem
1074 708 1312 762 civitatis
1348 709 1661 779 expressius
1708 710 2042 780 appellatur,

449 801 596 856 sicut
622 801 727 854 hoc
756 799 1015 869 idemque
1044 814 1200 851 mare
1228 796 1361 851 alibi
1405 804 1637 869 propter
1672 799 2041 852 circumstan-

446 890 555 945 tias
584 895 883 952 terrarum,
910 886 1101 941 multis
1142 891 1375 940 vocatur
1402 886 1756 955 nominibus;
1786 887 2042 941 videlicet

444 978 599 1032 lacus
620 975 984 1041 Genesareth,
1022 979 1121 1029 aut
1151 980 1434 1045 stagnum,
1468 992 1568 1029 seu
1591 975 1922 1041 Tiberiadis,
1956 976 2038 1029 vel

442 1066 597 1120 lacus
626 1065 966 1120 Salinarum.
1024 1065 1185 1129 Vidit,
1226 1064 1429 1134 inquit,
1464 1066 1598 1118 duos
1627 1066 1849 1130 fratres,
1890 1065 2038 1135 quod

440 1154 577 1209 satis
592 1153 1145 1226 dispensative,sicut
1158 1153 1217 1207 in
1226 1153 1419 1208 Veteri
1434 1154 1792 1208 Testamento
1806 1154 2038 1225 Moysen

439 1249 497 1298 et
523 1244 713 1298 Aaron
741 1244 958 1317 vocavit
983 1243 1054 1297 ad
1083 1242 1437 1297 liberandum
1458 1258 1559 1313 per
1578 1243 1741 1313 signa
1777 1243 1907 1297 ﬁdei
1936 1259 2037 1314 po-

436 1333 635 1404 pulum
655 1349 721 1387 ex
736 1333 1008 1404 IEgypto:
1031 1332 1112 1386 ita
1130 1333 1361 1387 Petrum
1383 1336 1440 1386 et
1458 1332 1743 1387 Andream
1773 1332 2039 1387 conduxit

437 1439 541 1493 per
575 1423 839 1492 gratiam,
878 1427 945 1476 ut
971 1427 1403 1493 transponerent
1445 1421 1710 1493 piscando
1758 1422 1975 1475 animas
2005 1438 2036 1475 e

436 1511 650 1566 mundo
670 1512 740 1565 ad
761 1511 1072 1566 Jerusalem
1096 1511 1395 1565 caalestem.
1430 1511 1679 1574 Quorum
1709 1511 2034 1565 fraternitas

2125 703 2271 758 fecta
2321 703 2659 773 relinquere,
2712 706 2769 755 et
2799 701 2974 755 vicino
3004 701 3334 756 obedientiae
3361 700 3494 771 pede
3518 715 3685 753 vocem

2119 796 2371 867 jubentis
2399 796 2580 867 sequi,
2614 802 2783 865 atque
2811 795 3015 849 sectari
3038 812 3165 850 eum
3193 795 3288 866 qui
3314 795 3421 847 ait:
3445 793 3559 848 Non
3577 794 3688 846 veni

2122 888 2301 954 facere
2328 890 2669 940 voluntatem
2692 902 2890 951 meam,
2919 887 3009 939 sed
3041 889 3156 953 ejus
3184 887 3284 952 qui
3314 885 3464 936 misit
3487 898 3582 945 me,
3604 883 3691 935 Pa-

2122 979 2225 1029 tris
2254 976 2437 1046 (Joan.
2486 992 2556 1041 VI,
2611 974 2686 1044 8).
2724 975 2792 1028 Et
2839 974 3056 1029 vocavit
3093 990 3205 1039 eos,
3254 972 3452 1043 inquit.
3498 970 3691 1024 Vocare

2120 1070 2311 1119 autem
2342 1064 2443 1119 Dei
2471 1080 2583 1117 non
2614 1080 2841 1134 semper
2868 1063 2927 1117 in
2967 1062 3272 1134 Scripturis
3295 1066 3482 1127 226
3509 1058 3692 1113 divinis

2120 1154 2430 1207 secundum
2453 1152 2779 1207 electionem
2799 1152 2996 1223 gratiae
3027 1157 3131 1206 est.
3156 1152 3353 1222 Neque
3370 1165 3482 1204 una
3498 1147 3692 1203 vocatio

2119 1242 2390 1297 omnium.
2424 1242 2532 1297 Sed
2572 1247 2763 1295 tamen
2794 1257 3129 1312 quacunque
3165 1239 3454 1294 vocatione
3479 1237 3695 1308 quisque

2117 1337 2344 1386 vocatus
2372 1347 2406 1385 a
2433 1332 2568 1398 Deo,
2610 1346 2836 1385 necesse
2887 1334 2973 1384 est
3019 1330 3079 1384 in
3122 1329 3321 1384 eadem
3363 1328 3691 1398 permaneat.

2116 1420 2379 1491 Alioquin
2396 1420 2575 1490 magis
2592 1419 2786 1473 obesse
2804 1418 3072 1481 creditur,
3087 1434 3151 1472 eo
3172 1416 3324 1489 quod
3344 1432 3405 1470 se
3420 1414 3697 1484 indignum

2117 1525 2219 1563 sua
2260 1509 2550 1569 vocatione
2593 1508 2803 1573 fecerit,
2858 1508 2994 1562 dum
3032 1507 3283 1579 cmperit,
3327 1506 3479 1561 velut
3519 1504 3694 1573 Judas,

434 1600 620 1655 carnis
635 1599 801 1655 debet
819 1599 979 1654 nobis
1001 1600 1290 1654 insinuare
1312 1600 1460 1671 quod
1483 1616 1678 1654 omnes
1699 1600 1795 1671 qui
1817 1606 1950 1654 sunt
1974 1600 2031 1654 in
2060 1668 2085 1671 ξ
2115 1603 2456 1669 apostatare.
2475 1599 2619 1652 Nam
2642 1602 2698 1651 et
2719 1598 2745 1651 J
2753 1596 2892 1651 udas
2915 1601 3144 1651 vocatus
3166 1602 3251 1651 est
3268 1594 3571 1667 apostolus,
3597 1608 3700 1646 non

435 1688 681 1755 Christo,
732 1689 1042 1743 secundum
1070 1688 1554 1759 regenerationem
1591 1688 1735 1753 vitae,
1775 1689 2032 1759 germani
2059 1668 2423 1742 Bsecundum
2480 1686 3030 1758 prazdestinationem
3078 1686 3224 1752 vitae,
3273 1685 3371 1739 sed
3410 1681 3700 1738 secundum

432 1776 678 1831 debeant
696 1794 817 1831 esse
836 1794 937 1848 per
964 1777 1152 1844 ﬁdem,
1190 1783 1247 1831 et
1264 1777 1468 1835 fratres
1488 1782 1717 1832 nomine
1736 1778 2028 1849 appellari.

432 1866 511 1920 Ex
541 1882 651 1937 quo
675 1871 939 1938 patenter
965 1885 977 1920 :
1016 1868 1158 1921 Vidit
1184 1868 1319 1921 duos
1338 1869 1561 1934 fratres,
1613 1867 1816 1938 inquit,
1848 1868 2032 1923 Simo-

428 1970 576 2022 nem,
609 1960 708 2025 qui
736 1961 961 2010 vocatur
988 1958 1197 2021 Petrus,
1232 1956 1601 2011 etAndream.
1627 1957 1751 2010 Non
1764 1957 1912 2027 quod
1942 1956 2032 2011 hic

427 2043 677 2114 primum
695 2049 927 2099 vocatus
945 2045 1019 2098 sit
1034 2044 1254 2107 Petrus,
1273 2044 1371 2099 sed
1399 2050 1614 2116 postea,
1641 2046 1864 2116 quando
1895 2063 2027 2100 con-

426 2132 609 2188 fessus
626 2140 712 2188 est
730 2140 919 2200 225
940 2134 1226 2188 Christum
1247 2134 1452 2188 Filium
1476 2135 1577 2188 Dei
1599 2134 1705 2187 vivi
1733 2152 1747 2200 ;
1774 2141 1914 2199 tum,
1946 2135 2028 2188 in-

427 2238 617 2294 quam,
642 2222 855 2276 dictum
877 2226 964 2276 est
983 2223 1035 2277 ei
1056 2240 1066 2275 :
1090 2224 1232 2291 Quia
1255 2229 1315 2276 tu
1345 2240 1395 2276 es
1414 2225 1626 2289 Petrus,
1641 2229 1688 2277 et
1704 2240 1868 2292 super
1883 2225 2027 2277 hanc

419 2316 642 2380 petram
674 2313 947 2379 aediﬁcabo
977 2312 1274 2366 Ecclesium
1303 2328 1482 2365 meam
1509 2313 1729 2380 (Matth.
1764 2329 1872 2378 xv1,
1912 2313 2018 2381 18).

424 2400 599 2455 Porro
619 2401 709 2455 hic
728 2418 830 2472 per
854 2400 1311 2471 anticipationem
1339 2400 1410 2455 ab
1439 2401 1795 2472 Evangelista
1815 2407 1901 2456 est
1919 2402 2026 2456 uti-

424 2504 534 2560 que
552 2490 885 2560 appellatus,
904 2489 1217 2560 praasertim
1246 2506 1370 2544 cum
1402 2505 1467 2544 eo
1494 2494 1767 2561 tempore,
1800 2492 2023 2561 quando

422 2576 529 2631 hoc
554 2577 820 2649 scriptum
840 2582 925 2632 est
946 2578 1327 2649 Evangelium,
1347 2579 1467 2648 jam
1499 2579 1549 2633 ei
1572 2596 1604 2632 a
1627 2585 1787 2650 petra
1801 2581 1905 2635 hoc
1934 2582 2022 2635 in-

422 2664 606 2720 ditum
622 2672 744 2721 erat
757 2683 980 2721 nomen.
998 2668 1329 2739 Quanquam
1344 2673 1400 2722 et
1418 2668 1533 2733 alii,
1557 2669 1775 2739 pridem
1796 2671 2020 2740 quando

421 2754 676 2809 Andreas
704 2755 864 2809 illum
889 2756 1121 2810 adduxit
1147 2756 1219 2809 ad
1249 2757 1459 2820 Jesum,
1495 2757 1600 2811 hoc
1630 2758 1857 2812 nomine
1883 2776 2025 2813 nun-

420 2848 690 2913 cupatum
710 2860 837 2898 eum
853 2848 1174 2898 asseverent
1187 2851 1487 2915 antequam
1502 2844 1611 2900 iret
1630 2847 1658 2900 J
1664 2862 1792 2899 esus
1818 2847 1877 2900 in
1908 2847 2022 2901 Ga-

304 2985 314 2996 ,
418 2929 642 2998 lilaaam,
677 2932 812 2986 dum
840 2932 1046 2986 dicitur
1082 2932 1135 2986 ei
1170 2950 1184 2986 :
1223 2933 1300 2986 Tu
1331 2936 1604 2987 vocaberis
1645 2935 1845 3003 Uephas
1878 2938 2023 3004 quod

2113 1775 2253 1830 illud
2278 1777 2426 1847 quod
2470 1779 2639 1830 multi
2665 1778 2847 1829 vocati
2875 1774 3159 1842 dicuntur,
3188 1777 3364 1844 pauci
3392 1788 3514 1827 vero
3542 1772 3700 1825 electi.

2116 1865 2313 1920 Plures
2359 1865 2566 1919 etenim
2590 1869 2876 1930 vocantur,
2905 1863 3002 1918 sed
3032 1863 3197 1935 pauci
3225 1863 3532 1933 eliguntur.
3574 1858 3704 1923 Quia

2112 1970 2519 2026 nonnunquam
2566 1954 2737 2008 etiam
2777 1954 2836 2007 hi
2879 1953 2949 2007 ad
2997 1953 3164 2007 ﬁdem
3201 1952 3456 2018 veniunt,
3504 1948 3597 2021 qui
3639 1947 3704 2001 ad

2113 2044 2415 2097 electorum
2462 2060 2764 2097 numerum
2793 2059 2903 2098 non
2934 2042 3305 2113 pertingunt;
3353 2046 3429 2108 et,
3475 2039 3601 2093 licet
3626 2036 3707 2091 hic

2109 2147 2211 2202 per
2240 2131 2645 2186 confessionem
2674 2131 2930 2185 ﬁdelibus
2956 2132 3071 2185 sint
3090 2130 3346 2196 admisti,
3381 2132 3608 2201 propter
3629 2126 3706 2179 vi-

2108 2224 2225 2274 tam
2254 2221 2552 2291 reprobam
2577 2221 2635 2274 in
2665 2227 2817 2275 sorte
2849 2220 3102 2274 ﬁdelium
3139 2220 3438 2276 numerari
3467 2234 3578 2273 non
3606 2232 3710 2270 me-

2105 2316 2323 2365 rentur.
2376 2312 2527 2375 Quos
2554 2327 2684 2365 vero
2726 2310 3002 2382 prmscivit
3027 2317 3085 2364 et
3121 2307 3548 2381 praedestinavit
3593 2322 3712 2361 con-
3783 2311 3786 2314 ’

2104 2399 2314 2454 formes
2360 2400 2483 2454 fieri
2530 2400 2765 2470 imagini
2810 2400 2936 2453 Filii
2971 2398 3077 2466 sui,
3125 2400 3231 2453 hos
3285 2403 3346 2453 et
3386 2396 3618 2452 vocavit.
3649 2394 3714 2448 Et

2108 2506 2470 2561 quoscunque
2502 2489 2675 2559 igitur
2697 2490 2860 2559 juxta
2895 2488 3249 2543 vocationem
3301 2488 3451 2543 hanc
3482 2483 3704 2548 vocavit,

2108 2578 2211 2631 hos
2258 2584 2315 2632 et
2353 2577 2702 2648 justiﬁcavit.
2745 2577 3028 2632 Praescivit
3072 2582 3269 2631 autem
3307 2594 3407 2632 eos
3450 2575 3710 2648 primum,

2104 2666 2307 2720 deinde
2327 2667 2760 2737 praedestinavit.
2788 2668 2855 2720 Et
2883 2683 3023 2738 quos
3051 2667 3504 2738 praedestinavit,
3535 2665 3635 2718 hos
3662 2666 3713 2715 et

2107 2757 2323 2809 vocavit
2345 2758 2506 2827 juxta
2537 2757 2867 2810 electionem
2896 2756 3114 2827 gratiae.
3146 2757 3315 2811 Unde
3343 2762 3404 2810 et
3428 2752 3717 2827 justificati

2104 2849 2302 2913 postea
2331 2843 2785 2914 magniﬁcantur,
2818 2850 2881 2898 ut
2908 2844 3149 2915 praesciti
3176 2850 3372 2914 erant,
3415 2845 3565 2898 dono
3593 2857 3716 2914 per-

2104 2933 2523 3000 severantiae,et
2551 2933 2752 2988 deinde
2772 2933 2842 2988 ob
2878 2934 2983 2988 hoc
3000 2934 3056 2987 in
3075 2940 3424 3005 perpetuum
3454 2947 3719 2988 coronan-

418 3021 827 3090 interpretatur
853 3024 1046 3076 Petrus
1074 3022 1259 3092 (Joan.
1296 3036 1335 3085 I,
1368 3020 1479 3090 42).
1532 3022 1638 3077 Sed
1675 3023 1896 3077 videtur
1928 3024 2080 3090 hicC
2102 3026 2215 3076 tur.
2246 3022 2423 3076 Nemo
2456 3022 2630 3093 igitur
2658 3040 2693 3077 a
2718 3024 3008 3078 vocatione
3039 3040 3143 3078 sua
3182 3028 3345 3078 retro
3390 3022 3714 3095 respiciens,

417 3125 520 3181 per
541 3109 693 3164 aliud
719 3110 1075 3165 obscuritatis
1093 3109 1429 3165 vocabulum
1447 3112 1608 3182 quasi
1627 3129 1693 3167 ex
1711 3114 2016 3184 repromis-

417 3197 574 3253 sione
602 3199 908 3270 signiﬁcari
930 3200 1079 3272 quod
1105 3199 1360 3255 futurum
1381 3206 1535 3268 erat;
1557 3201 1807 3255 nondum
1828 3208 2016 3257 tamen

418 3304 549 3343 eum
570 3288 753 3344 adhuc
769 3295 982 3361 aperte,
1000 3289 1147 3344 sicut
1162 3294 1358 3361 postea
1374 3307 1474 3361 per
1495 3291 1663 3345 ﬁdem
1686 3292 1894 3345 meruit
1918 3293 2021 3347 hoc

416 3378 646 3433 nomine
687 3378 1021 3450 nuncupari.
1061 3378 1231 3433 Aliud
1272 3385 1355 3433 est
1399 3379 1551 3433 enim
1595 3382 1924 3451 promittere
1954 3398 2020 3436 ex

416 3468 768 3540 praescientia
779 3468 926 3540 quod
943 3468 1197 3523 futurum
1219 3474 1323 3536 est,
1346 3469 1497 3523 aliud
1522 3486 1651 3524 vero
1670 3471 1904 3542 implere
1918 3489 2020 3542 per

415 3558 659 3629 gratiam
716 3558 867 3630 quod
922 3558 1241 3629 praescitum
1293 3563 1397 3613 est.
1459 3560 1528 3614 Et
1572 3559 1713 3614 bene
1765 3561 2016 3632 primum

419 3647 678 3703 Christus
709 3665 774 3702 ex
790 3646 1049 3702 omnibus
1071 3647 1376 3715 Simonem,
1409 3648 1505 3719 qui
1533 3654 1763 3704 vocatur
1791 3651 2011 3720 Petrus,

418 3742 477 3793 et
491 3739 795 3805 Andream,
819 3737 889 3792 ad
911 3737 1280 3809 discipulatus
1306 3738 1393 3793 sui
1408 3739 1652 3809 gratiam
1676 3757 1899 3795 vocasse
1929 3742 2013 3796 di-

418 3829 583 3884 citur.
605 3828 795 3884 Simon
810 3828 1016 3899 quippe
1041 3830 1287 3882 obediens
1313 3828 1736 3900 interpretatur,
1762 3831 2018 3885 Andreas

417 3934 548 3972 vero
587 3920 751 3985 fortis
792 3919 878 3972 vel
912 3920 1099 3971 virilis
1129 3917 1354 3972 dicitur.
1387 3916 1468 3972 Ex
1500 3935 1609 3988 quo
1638 3918 1833 3989 liquet,
1868 3920 2016 3990 quod

2100 3120 2266 3185 aptus
2296 3120 2384 3169 est
2410 3131 2585 3185 regno
2617 3114 2718 3169 Dei
2751 3133 2762 3168 :
2798 3132 2965 3170 nemo
3006 3115 3065 3169 in
3116 3132 3184 3169 ea
3217 3116 3483 3187 segniter
3511 3114 3718 3179 vivens,

2101 3210 2289 3275 potest
2315 3222 2443 3260 cum
2467 3204 2648 3259 fructu
2676 3205 3148 3260 remunerationis
3182 3220 3583 3277 perseverare,
3616 3200 3720 3257 nisi

2102 3310 2296 3348 rursus
2316 3294 2479 3349 bonis
2500 3295 2883 3351 reinsumatur
2901 3295 3185 3367 operibus.
3209 3296 3495 3369 Alioquin
3515 3310 3633 3350 non
3656 3292 3724 3347 de

2101 3381 2207 3435 hac
2236 3399 2347 3453 qua
2372 3390 2640 3438 vocantur
2667 3384 2848 3450 electi,
2891 3383 2988 3438 sed
3032 3383 3101 3438 de
3138 3383 3237 3437 illa
3279 3384 3526 3439 omnino
3569 3397 3725 3436 voca-

2099 3471 2257 3526 tione
2285 3488 2399 3543 qua
2422 3478 2650 3528 vocatus
2699 3478 2786 3528 est
2812 3472 3006 3539 Judas,
3051 3479 3109 3526 et
3147 3474 3324 3527 multi
3356 3472 3621 3545 quotidie
3644 3486 3729 3524 ve-

2099 3560 2280 3627 niunt,
2315 3578 2380 3615 ex
2408 3561 2612 3632 quibus
2640 3561 3041 3633 quamplurimi
3066 3578 3179 3617 non
3195 3570 3561 3634 permanent
3584 3581 3597 3628 ;
3632 3559 3728 3615 sed

2101 3651 2261 3722 pauci
2327 3652 2521 3722 utique
2577 3652 2884 3722 eliguntur.
2934 3650 3105 3706 Pauci
3153 3651 3397 3722 quidem
3460 3653 3728 3707 dinume-

2096 3745 2295 3794 rantur
2341 3746 2398 3795 et
2455 3741 2757 3811 eliguntur,
2808 3741 3262 3812 multiplicantur
3306 3759 3450 3798 vero
3495 3740 3731 3814 plurimi

2100 3845 2270 3899 super
2288 3845 2538 3896 arenam,
2561 3837 2617 3885 et
2637 3830 2785 3885 foras
2812 3831 3134 3897 mittuntur,
3149 3831 3285 3902 quia
3318 3848 3392 3886 ex
3416 3831 3728 3886 maledicto

2099 3922 2249 3980 sunt,
2287 3923 2345 3972 et
2383 3918 2607 3990 reprobi
2649 3920 3047 3975 decernuntur.
3084 3922 3510 3989 Multiplicabo,
3544 3919 3735 3991 inquit

2096 4006 2246 4061 Deus
2271 4006 2340 4060 ad
2362 4007 2975 4078 mulierem,conceptus
3009 4013 3127 4063 tuos
3157 4014 3207 4063 et
3226 4025 3536 4065 aerumnas
3575 4010 3728 4079 (Gen.

421 4098 509 4147 est
555 4099 621 4147 ut
672 4093 919 4164 primum
968 4092 1237 4146 virtutem
1287 4092 1617 4148 obedientia:
1660 4095 1892 4163 excolat,
1951 4114 2016 4151 ac
2098 4110 2182 4161 III,
2220 4095 2333 4165 16);
2366 4097 2760 4169 multiplicatio
2801 4103 2998 4152 autem
3023 4095 3141 4152 haec
3169 4114 3236 4152 ex
3266 4100 3597 4155 maledicto
3628 4103 3733 4154 est.

421 4181 624 4237 deinde
652 4180 801 4235 idem
831 4180 1068 4236 viriliter
1093 4181 1164 4234 ad
1213 4181 1382 4235 ﬁnem
1408 4198 1586 4252 usque
1626 4184 1785 4238 tortis
1808 4185 2018 4241 viribus
2100 4186 2363 4257 Alioquin
2390 4187 2438 4242 si
2476 4205 2588 4242 non
2614 4193 2762 4242 esset
2792 4204 2858 4241 ex
2884 4187 3200 4255 maledicto,
3234 4204 3360 4243 non
3401 4206 3590 4262 super
3616 4204 3739 4243 areo

420 4270 707 4344 perduret.
723 4268 1142 4336 Quianimirum
1163 4269 1283 4324 sine
1301 4269 1620 4325 obedientia
1645 4273 1833 4328 nullus
1850 4274 2019 4345 digne
2102 4291 2235 4329 nam
2280 4276 2635 4348 multiplicati
2683 4283 2871 4332 essent
2927 4278 3023 4348 qui
3067 4283 3368 4346 vocantur,
3427 4279 3540 4335 sed
3592 4279 3745 4334 sicut

422 4361 494 4416 ad
524 4360 669 4414 hanc
698 4358 907 4414 Christi
951 4358 1215 4413 militiam
1263 4359 1411 4412 valet
1452 4360 1745 4429 accedere;
1796 4362 1911 4430 ubi,
1966 4364 2014 4419 si
2031 4353 2080 4413 D
2098 4366 2272 4421 stellae
2296 4366 2420 4421 caeli
2441 4367 2950 4429 dinumerarentur,
2970 4372 3026 4421 et
3046 4366 3252 4438 singuli
3272 4369 3598 4424 vocatione
3622 4385 3739 4440 qua

422 4450 569 4506 desit
620 4448 796 4504 virilis
845 4448 1067 4503 animus
1121 4452 1180 4502 et
1233 4447 1580 4504 fortitudinis
1610 4450 1807 4515 virtus,
1848 4469 2015 4509 nemo
2097 4455 2276 4509 vocati
2315 4461 2503 4510 essent
2549 4456 2853 4511 Dominum
2882 4456 2996 4510 vita
3025 4471 3090 4509 ac
3128 4455 3393 4511 moribus
3435 4457 3748 4514 collauda-

420 4555 603 4611 usque
633 4538 704 4592 ad
728 4543 969 4592 mortem
1013 4536 1193 4592 crucis
1242 4554 1481 4608 agonem
1510 4544 1695 4610 potest
1739 4540 1903 4600 ferre.
1948 4545 2018 4599 Et
2098 4550 2242 4598 rent.
2277 4545 2398 4610 Qua
2427 4545 2692 4599 nimirum
2722 4545 3010 4599 vocatione
3031 4545 3142 4600 duo
3161 4544 3256 4600 isti
3286 4562 3403 4617 pro
3426 4553 3598 4604 certo
3620 4547 3745 4602 afﬁ-

420 4628 548 4684 ideo
580 4627 722 4682 bene
751 4626 940 4682 divina
974 4626 1327 4698 providentia
1369 4627 1508 4683 duos
1545 4628 1682 4685 istos
1717 4648 2016 4701 germanos
2097 4633 2342 4688 ciuntur.
2376 4634 2445 4689 Et
2472 4634 2597 4688 ideo
2627 4652 2695 4688 ex
2722 4635 2869 4689 dono
2907 4633 3343 4707 perseverantiae
3401 4642 3627 4709 postea
3654 4652 3747 4692 co-

422 4718 578 4792 prius
606 4717 823 4772 vocavit
844 4717 914 4771 ad
948 4717 1134 4771 ﬁdem.
1159 4716 1303 4781 Quia
1331 4734 1613 4788 germanae
1636 4719 1743 4774 sibi
1781 4728 1913 4777 sunt
1941 4723 2018 4776 vi-
2096 4728 2390 4778 ronantur.
2451 4723 2569 4777 Hoc
2605 4740 2738 4795 ergo
2782 4728 3081 4796 propterea
3127 4723 3400 4789 dixerim,
3448 4732 3524 4782 ut
3562 4742 3749 4783 unus-

421 4808 613 4863 cissim
641 4806 767 4861 dua:
795 4806 917 4860 istae
939 4806 1193 4873 virtutes,
1226 4823 1328 4878 per
1374 4823 1513 4878 quas
1542 4808 1779 4881 quisque
1806 4811 2014 4866 Christi
2098 4811 2334 4884 quisque
2381 4818 2709 4868 consuescat
2746 4814 2910 4884 juxta
2950 4813 3296 4869 vocationem
3338 4816 3746 4889 proprietatis

421 4913 659 4970 agonem
692 4895 912 4951 videtur
940 4895 1190 4950 excolere
1234 4900 1292 4950 et
1321 4897 1645 4969 adimplere.
1693 4900 1839 4955 Nam
1884 4901 2016 4973 quia
2097 4917 2227 4968 suae,
2253 4907 2309 4956 et
2342 4919 2514 4973 opera
2543 4904 2803 4974 prosequi
2830 4902 3183 4958 meritorum.
3216 4903 3373 4968 Quia
3428 4912 3495 4960 et
3527 4907 3595 4962 hi
3642 4904 3747 4978 qui

420 4985 636 5058 primus
654 4984 824 5040 homo
842 4984 1170 5041 inobediens
1182 4984 1362 5041 fuitin
1381 4988 2014 5061 paradiso,consequens
2096 4997 2365 5047 vocantur
2392 4993 2701 5047 secundum
2731 4993 3062 5048 electionem
3091 4993 3314 5063 gratiae,
3336 5010 3475 5050 non
3508 4996 3747 5068 absque

418 5081 545 5134 erat
565 5079 631 5130 ut
650 5074 807 5149 prius
851 5074 1063 5141 Simon,
1097 5076 1245 5146 quod
1268 5081 1356 5129 est
1382 5078 1645 5144 obediens,
1679 5095 1874 5135 rursus
1904 5080 2013 5135 iter
2093 5080 2310 5135 fervore
2350 5082 2500 5148 ﬁdei,
2530 5099 2653 5153 qua:
2689 5099 2790 5154 per
2833 5082 3191 5138 dilectionem
3218 5090 3538 5154 operatur,
3573 5086 3749 5157 digni

419 5170 671 5221 sumeret
706 5164 765 5218 in
794 5180 1131 5234 regressum.
1166 5165 1327 5230 Quod
1353 5167 1489 5221 satis
1532 5167 1797 5223 continuo
1825 5186 2011 5225 sermo

417 5253 657 5322 divinus,
686 5271 855 5328 quam
892 5254 1158 5310 obediens
1199 5255 1324 5326 quis
1362 5272 1485 5310 esse
1532 5256 1749 5324 debeat,
1778 5276 1880 5331 per
1906 5260 2011 5316 hoc

418 5345 735 5416 exemplum
785 5343 1028 5403 latenter
1076 5344 1344 5410 insinuat,
1387 5345 1577 5402 dicens
1616 5366 1627 5402 :
1681 5350 1822 5403 Vidit
1876 5351 2009 5404 duos

421 4006 674 4077 quisquis
686 4006 757 4059 ad
773 4004 981 4059 Christi
993 4005 1345 4075 disciplinam
1361 4005 1493 4059 velit
1504 4007 1765 4073 transire,
1790 4024 2016 4063 necesse

2092 5279 2192 5333 pro
2204 5264 2473 5334 temporis
2490 5263 2713 5333 ignavia
2728 5268 2786 5317 et
2794 5264 3055 5319 vitiorum
3069 5264 3285 5319 meritis
3291 5266 3748 5335 ,repelluntur.

2093 5357 2275 5418 πων
2307 5353 2384 5407 Ex
2408 5370 2517 5425 quo
2543 5352 2717 5407 instat
2730 5358 2794 5407 ut
2813 5354 3100 5425 apostolus
3120 5370 3292 5425 opera
3314 5354 3451 5408 veri
3473 5356 3750 5428 apostoli

415 5435 623 5504 fratres
635 5437 776 5488 retia
794 5437 1069 5489 mittentes
1089 5437 1153 5487 in
1168 5450 1340 5488 mare.
1365 5435 1510 5506 Ergo
1530 5436 1590 5491 in
1611 5437 1716 5492 hoc
1734 5439 1883 5511 quod
1902 5439 2001 5507 ait,
2090 5440 2312 5508 habeat,
2338 5447 2393 5496 et
2415 5448 2632 5515 martyr
2651 5442 2928 5498 charitate
2952 5443 3218 5516 martyris
3246 5441 3586 5515 fulciatur;
3624 5448 3756 5520 epi-

413 5527 559 5587 retia
576 5527 868 5595 mittentes,
900 5521 1158 5599 designat
1175 5540 1270 5608 eos
1296 5524 1543 5609 intexitos
1570 5526 1742 5584 fuisse
1759 5527 1830 5585 ad
1858 5545 2005 5602 prm-
2086 5546 2285 5604 scopus
2316 5547 2443 5588 vero
2472 5537 2572 5588 aut
2597 5532 2908 5607 presbyter,
2941 5537 2999 5591 et
3025 5532 3228 5591 deinde
3254 5533 3466 5590 caeteri
3501 5535 3751 5594 Christi

2093 5172 2473 5239 inveniuntur,
2504 5190 2684 5243 neque
2716 5172 2774 5226 hi
2808 5174 2904 5244 qui
2925 5190 3039 5229 non
3070 5174 3208 5229 satis
3243 5174 3590 5243 eliguntur,
3626 5176 3751 5231 nisi
3851 5169 3868 5187 ”
