3938 6174
304 258 411 322 209

1065 259 1446 321 EXPOSITIO
1486 260 1565 316 IN
1602 258 2048 315 MATTHIEUM.
2093 290 2158 302 -
2197 263 2337 319 LIB.
2380 265 2480 333 III,
2525 266 2683 321 CAP.
2728 268 2822 323 IV.

3486 270 3593 330 210

302 385 570 451 ministri,
593 386 803 457 singuli
833 402 935 457 per
963 385 1212 457 singulos
1251 384 1460 456 gradus
1492 383 1752 456 operibus
1777 382 1978 444 ﬁdeiA
2069 388 2138 441 At
2185 390 2278 443 itii
2326 394 2586 445 continuo
2618 394 2825 447 relictis
2853 395 3060 447 retibus
3086 398 3256 449 secuti
3281 401 3413 451 sunt
3440 412 3590 453 eum.

303 474 658 530 vocationem
678 492 839 529 suam
866 476 1142 547 expleant.
1190 476 1384 546 Neque
1413 475 1681 529 metiatur
1717 491 1777 528 se
1806 473 1911 527 ali-

307 564 431 637 quis
460 581 660 619 eorum
707 564 778 619 ad
821 581 950 619 eum
985 565 1079 636 qui
1118 564 1267 619 infra
1297 569 1398 630 est,
1436 565 1533 618 sed
1562 563 1912 618 vocationem

308 671 468 709 suam
497 654 733 709 devotus
760 654 1037 720 intendat,
1079 671 1151 708 ne
1180 658 1280 709 aut
1308 654 1572 724 indignus
1599 670 1664 707 ex
1697 669 1764 707 ea
1788 668 1912 706 cor-

308 750 455 810 ruat,
509 748 610 798 aut
651 749 801 799 certe
845 749 1076 816 torpens
1129 744 1277 798 vitiis
1331 743 1525 797 morbo
1562 741 1818 813 ignavius
1855 741 1914 796 in

311 839 553 889 mortem
582 833 890 905 lethargico
919 834 1191 905 s0piatur.
1217 833 1494 889 Caeterum
1521 832 1677 903 virgo
1720 832 1915 903 quaeli-

311 922 424 987 bet,
458 922 571 977 nisi
599 940 771 995 opera
802 922 1137 995 virginitatis
1170 922 1447 989 habuerit,
1491 927 1548 977 et
1590 922 1775 987 vidua,
1818 937 1916 976 seu

314 1011 577 1084 quaelibet
595 1013 862 1084 conjugio
883 1013 1115 1078 sociata,
1134 1012 1182 1066 si
1211 1028 1325 1067 non
1353 1029 1412 1067 se
1440 1012 1762 1067 ornaverint
1790 1028 1917 1083 ope-

312 1100 467 1157 ribus
497 1102 810 1157 vocationis
839 1118 971 1169 suae,
1004 1101 1249 1173 profecto
1279 1102 1349 1155 ad
1377 1102 1493 1156 ima
1512 1102 1741 1173 dilapsa:
1770 1102 1919 1155 inter

312 1191 497 1246 fatuas
515 1192 888 1263 repelluntur.
908 1191 978 1246 Ni
998 1191 1141 1246 forte
1163 1191 1492 1263 quantocius
1513 1190 1912 1262 evigilaverint,

312 1284 369 1335 et
386 1281 555 1352 juxta
593 1280 730 1335 illud
758 1280 1124 1353 Apocalypsis
1155 1281 1237 1345 (η,
1270 1279 1320 1347 3)
1352 1280 1579 1335 videant
1603 1280 1752 1335 unde
1780 1279 1921 1334 ceci-

310 1369 517 1435 derint,
549 1370 851 1441 prioraquc
873 1386 1059 1440 Opera,
1089 1369 1342 1423 videlicet
1381 1386 1447 1423 ea
1477 1386 1598 1440 qum
1629 1369 1784 1440 prius
1826 1369 1919 1423 de-

308 1457 553 1514 buerant
564 1475 887 1530 agere,cum
898 1460 1284 1513 additamenta
1296 1459 1637 1530 poenitentiae
1650 1458 1918 1512 divinitus

1995 475 2183 531 Secuti
2221 484 2356 533 sunt
2399 485 2588 534 autem
2633 497 2763 536 eum
2805 498 2919 537 non
2946 483 3129 537 solum
3177 500 3397 540 morum
3424 486 3593 541 affec-

1992 565 2166 633 tione,
2200 572 2257 621 et
2294 568 2608 624 imitatione
2638 570 2922 638 doctrinae,
2954 589 3147 627 verum
3186 574 3357 628 etiam
3386 575 3594 646 pedum

1994 654 2215 712 incessu
2243 663 2299 711 et
2320 658 2639 713 obedientia
2665 660 2971 716 charitatis.
2997 663 3175 719 Datur
3192 663 3398 736 quippe
3427 664 3488 719 in
3515 664 3597 720 eis

1994 743 2177 800 forma
2200 753 2525 803 cunctorum
2557 750 2924 819 credentium,
2959 756 3041 819 ut,
3073 753 3122 807 si
3162 753 3287 825 quis
3312 753 3445 808 velit
3472 770 3595 809 esse

1998 834 2207 888 Christi
2235 835 2557 907 discipulus.
2590 839 2875 893 renuntiet
2905 840 3163 896 omnibus
3183 859 3306 913 quae
3324 843 3595 914 possidet,

1998 923 2181 978 adhuc
2208 929 2264 978 et
2297 926 2578 997 relinquat
2608 929 2993 1000 semetipsum,
3026 930 3228 985 deinde
3264 932 3428 986 tollat
3464 949 3595 988 cru-

1999 1028 2120 1067 cem
2149 1029 2328 1079 suam,
2364 1019 2421 1068 et
2444 1020 2713 1087 sequatur
2740 1034 2888 1071 eum.
2932 1018 3076 1083 Quia
3103 1019 3349 1090 profecto
3381 1021 3478 1092 qui
3506 1022 3595 1077 di-

1999 1100 2077 1155 cit
2103 1100 2234 1155 sein
2249 1101 2471 1156 Christo
2494 1119 2740 1171 manere,
2758 1105 2942 1173 debet,
2967 1107 3245 1178 sicutipse
3265 1107 3592 1178 ambulavit,

2000 1193 2059 1243 et
2106 1188 2227 1260 ipse
2271 1188 2581 1244 ambulare.
2619 1191 2729 1246 Sed
2762 1193 3041 1262 quomodo
3070 1194 3271 1250 Petrus
3303 1196 3599 1268 reliquerit

2001 1294 2220 1341 navem.
2238 1295 2359 1350 quae
2386 1285 2580 1351 postea
2599 1280 2776 1351 ipsius
2805 1281 3048 1336 Simonis
3076 1284 3409 1355 appellatur,
3426 1291 3597 1358 atque

2001 1368 2061 1422 in
2090 1368 2397 1438 piscatione
2426 1385 2621 1424 rursus
2650 1369 2720 1423 ab
2750 1387 2815 1424 eo
2851 1371 3174 1438 resumitur,
3208 1378 3359 1428 recte
3400 1376 3597 1447 quaeri-

2000 1461 2094 1511 tur
2135 1474 2147 1509 :
2194 1456 2301 1511 nisi
2340 1458 2620 1529 perfacilis
2645 1464 2791 1514 esset
2814 1476 3029 1528 sensus,
3060 1462 3209 1532 quod
3242 1463 3362 1533 jam
3388 1480 3501 1519 non
3530 1482 3598 1520 ex

310 1554 587 1619 reparata:
598 1549 1163 1620 suppleverint.Unde
1180 1565 1345 1602 nemo
1361 1548 1465 1602 sibi
1476 1548 1915 1619 applaudat,non
1999 1546 2447 1618 concupiscentia
2464 1548 2825 1619 proprietatis
2836 1551 2895 1621 ej
2904 1566 2968 1604 us
2997 1549 3267 1606 hactenus
3286 1552 3595 1622 dicebatur,

310 1638 686 1700 clericus,non
703 1639 1028 1704 monachus,
1053 1655 1166 1692 non
1179 1638 1412 1709 quilibet
1424 1644 1649 1692 vocatus
1665 1642 1910 1703 sanctus;
1931 1657 1980 1718 B
2000 1639 2063 1688 ut
2090 1635 2206 1688 suis
2235 1652 2357 1689 eam
2391 1635 2585 1691 usibus
2601 1644 2930 1705 resumeret,
2954 1639 3052 1693 sed
3068 1640 3249 1710 magis
3268 1640 3598 1697 obedientice

311 1727 461 1798 quia,
486 1727 597 1782 nisi
626 1744 798 1799 opera
823 1728 1126 1783 vocationis
1155 1744 1268 1782 suae
1289 1727 1916 1793 habuerint,omnesaut
1998 1723 2199 1791 ofﬁcio,
2246 1733 2305 1779 et
2340 1726 2622 1781 societatis
2651 1728 2783 1797 jure
2807 1746 2819 1795 ;
2854 1734 3131 1798 quatenus
3156 1746 3256 1801 per
3279 1730 3384 1785 hoc
3410 1748 3598 1787 sacra-

311 1815 459 1872 inter
485 1821 773 1888 apostatas
804 1822 900 1872 aut
928 1823 1079 1872 certe
1119 1819 1269 1871 inter
1301 1818 1621 1889 hypocritas
1667 1817 1914 1870 sortiun-

310 1910 427 1960 tur.
450 1907 516 1961 In
546 1906 670 1961 istis
698 1907 902 1979 quippe
932 1906 1168 1972 duobus,
1202 1923 1341 1978 quos
1374 1906 1617 1978 primum
1658 1906 1914 1960 Christus

310 1995 379 2049 ad
406 1995 580 2050 fidem
612 2001 787 2063 vocat,
829 1997 1013 2067 ﬁgura
1054 1997 1307 2051 omnium
1341 2013 1544 2050 eorum
1583 2001 1670 2050 est
1698 1995 1812 2067 qui,
1845 1995 1914 2049 de

308 2085 691 2156 profunditate
720 2102 909 2140 rerum
939 2086 1247 2140 carnalium
1277 2084 1420 2139 retia
1451 2085 1758 2151 mittentes,
1781 2102 1915 2156 quo-

307 2174 444 2229 tidie
470 2179 823 2228 revocantur.
844 2174 1009 2228 Retia
1029 2173 1203 2244 igitur
1226 2190 1329 2227 sua
1351 2173 1641 2227 mittentes
1658 2172 1713 2227 in
1735 2189 1908 2240 mare,

308 2262 473 2317 simul
504 2279 703 2317 omnes
747 2263 861 2317 suis
896 2267 1239 2333 occupantur
1274 2261 1534 2332 negotiis,
1568 2260 1704 2315 dum
1733 2277 1909 2316 unus-

307 2352 546 2424 quisque
601 2368 867 2423 sagenam
934 2351 1532 2423 concupiscentiarum,
1591 2356 1717 2421 post
1774 2366 1916 2405 vana

306 2441 489 2496 saeculi
519 2442 696 2505 lucra,
718 2442 869 2496 velut
888 2440 1083 2496 avidus
1113 2441 1355 2511 piscator
1374 2441 1582 2494 laxant.
1601 2440 1780 2494 Nemo
1795 2441 1915 2511 jam

304 2530 514 2603 absque
535 2530 725 2586 saeculi
745 2536 961 2603 quaestu
979 2531 1244 2585 immunis
1258 2537 1315 2584 et
1335 2529 1914 2607 concupiscentiarum

306 2620 519 2675 retibus
547 2621 764 2675 alienus
808 2620 959 2674 vivit.
995 2620 1273 2675 Undidem
1304 2619 1471 2673 simul
1520 2619 1631 2672 duo
1678 2618 1913 2673 forSitan

308 2710 717 2770 adsciscuntur.
744 2709 891 2781 quod
913 2726 1077 2764 omne
1103 2726 1281 2780 genus
1299 2709 1609 2763 humanum
1638 2708 1827 2761 anima
1854 2713 1912 2762 et

1996 1818 2250 1867 mentum
2296 1814 2469 1868 divini
2517 1816 2702 1886 operis
2748 1817 3047 1888 mysticum
3099 1822 3402 1875 texeretur.
3444 1819 3601 1877 Nihil

1997 1902 2144 1956 enim
2164 1902 2498 1973 possidetur,
2523 1905 2672 1973 quod
2694 1921 2823 1959 cum
2850 1908 3301 1977 concupiscentia
3320 1915 3377 1964 et
3405 1918 3599 1966 amore

1997 1992 2180 2046 carnis
2212 2009 2324 2046 non
2353 1998 2628 2049 servatur.
2679 1994 2836 2049 Unde
2880 1995 3031 2049 idem
3065 1996 3394 2069 relinquens
3440 2006 3601 2055 extra

1998 2081 2284 2136 Christum
2306 2082 2596 2154 quidpiam
2612 2098 2821 2150 amare,
2843 2090 2943 2139 aut
2959 2085 3220 2157 deinceps
3239 2087 3451 2159 aliquid
3472 2105 3600 2144 con-

1996 2171 2281 2242 cupiscere
2309 2170 2461 2226 intra
2487 2173 2780 2239 mundum,
2836 2174 3182 2244 gloriebatur
3219 2177 3410 2232 dicens
3442 2197 3457 2235 :
3489 2180 3597 2234 Nos

1993 2263 2326 2329 reliquimus
2349 2265 2559 2329 omnia,
2582 2267 2631 2315 et
2657 2266 2831 2317 secuti
2856 2280 3050 2318 sumus
3067 2269 3140 2331 te;
3174 2267 3312 2334 quid
3339 2282 3465 2336 ergo
3493 2271 3600 2322 erit

1998 2350 2185 2404 nobis?
2221 2351 2429 2415 (Matth.
2464 2365 2578 2411 Xlx,
2617 2350 2734 2423 27.)
2774 2352 2873 2407 ille
2913 2354 3119 2425 quippe
3149 2360 3299 2409 recte
3326 2356 3597 2429 relinquit

1997 2437 2187 2492 omnia
2216 2438 2311 2509 qui
2340 2455 2442 2492 nec
2462 2455 2522 2494 se
2551 2439 2655 2494 sibi
2686 2447 2954 2501 reservat.
2987 2443 3085 2497 sed
3125 2448 3182 2498 et
3212 2444 3459 2516 seipsum
3496 2463 3599 2518 pro

1997 2527 2204 2581 Christi
2225 2543 2415 2582 amore
2436 2529 2902 2601 superimpendit.
2924 2532 3192 2604 Sequitur
3220 2540 3410 2590 autem
3427 2536 3596 2608 quod,

1995 2616 2125 2671 inde
2150 2617 2455 2687 procedens
2485 2635 2499 2671 :

2077 2707 2371 2760 Viditatios
2387 2708 2521 2761 duos
2534 2708 2764 2775 fratres,
2786 2710 3051 2763 Iacobum
3082 2711 3336 2778 Zebedzi,
3355 2717 3405 2767 et
3431 2716 3598 2769 Joan-

307 2815 471 2854 came
516 2799 819 2867 subsistat;
856 2800 935 2853 ita
974 2804 1039 2853 ut
1066 2799 1273 2865 anima,
1304 2798 1476 2851 virilis
1522 2797 1722 2869 portio,
1756 2798 1910 2868 prior
1991 2810 2115 2849 nem
2134 2796 2373 2861 fratrem
2403 2800 2670 2866 ejus,cum
2687 2799 2928 2851 Zebcdaeo
2936 2804 3097 2868 patre
3125 2815 3317 2855 eorum
3349 2805 3599 2870 reﬁcien-

306 2905 613 2960 agnoscens
645 2890 841 2955 Deum,
867 2905 1092 2943 carnem
1123 2888 1227 2943 sibi
1253 2887 1606 2942 obedientem
1640 2887 1910 2959 perducat
1991 2890 2063 2938 tes
2087 2888 2230 2938 retia
2257 2902 2377 2939 sua.
2412 2884 2593 2940 Etiam
2622 2902 2687 2939 ex
2709 2886 2913 2941 horum
2934 2887 3206 2943 electione
3226 2889 3481 2947 futurum
3499 2908 3596 2947 eo-

304 2978 373 3032 ad
423 2979 735 3043 Christum,
778 2984 835 3032 et
876 2978 1043 3033 simul
1086 2983 1395 3050 sequantur
1419 2993 1708 3048 quousque
1730 2993 1906 3032 unus-
1922 2978 1966 3039 C
1985 2989 2113 3028 rum
2134 2973 2299 3029 ofﬁcii
2329 2990 2470 3046 opus
2491 2974 2766 3046 proditur,
2799 2980 2857 3029 et
2883 2981 3005 3030 tota
3022 2977 3324 3049 integritas
3350 2981 3592 3052 quadra-

309 3068 543 3140 quisque
573 3085 677 3123 sua
697 3067 987 3122 vocatione
1011 3068 1216 3138 dignus
1241 3066 1577 3122 inveniatur.
1990 3067 2132 3117 turze
2150 3067 2341 3130 πων
2361 3069 2683 3118 sanctorum
2714 3065 3147 3136 praedicatorum
3192 3072 3438 3139 quatuor
3472 3070 3597 3126 istis
3674 3136 3681 3155 ι

385 3159 581 3225 Venite,
615 3157 819 3229 inquit,
850 3162 969 3226 post
1002 3173 1108 3222 me,
1142 3158 1350 3225 faciam
1380 3172 1469 3209 vos
1494 3158 1790 3225 piscatores
1816 3156 1906 3210 ho-

306 3251 546 3302 minum.
578 3248 754 3302 Porro
782 3247 995 3301 vocatio
1038 3247 1154 3301 haec
1188 3245 1598 3317 quodammodo
1626 3245 1905 3316 generalis

304 3336 543 3403 videtur,
596 3336 730 3390 dum
788 3335 1039 3407 qualibet
1086 3335 1321 3407 quisque
1362 3334 1650 3388 vocatione
1675 3339 1904 3388 vocatus

304 3426 483 3480 adhuc
536 3425 881 3497 provehitur,
939 3430 1001 3479 ut
1030 3424 1221 3478 venire
1259 3440 1358 3495 per
1404 3440 1533 3478 eum
1564 3423 1658 3494 qui
1704 3429 1790 3478 est
1818 3424 1907 3480 via

302 3520 426 3586 post
453 3531 584 3569 eum
615 3514 861 3569 festinet.
896 3513 1040 3578 Quia
1070 3512 1321 3584 qualibet
1359 3519 1586 3567 vocatus
1615 3513 1904 3567 occasione

299 3603 472 3658 instat
494 3604 565 3657 ad
606 3603 893 3657 Christum
925 3603 1128 3669 veniat,
1163 3602 1284 3657 sine
1314 3618 1423 3673 qu.)
1453 3618 1618 3656 nemo
1650 3602 1904 3673 pervenit

299 3693 367 3747 ad
392 3693 662 3765 patriam.
682 3692 895 3756 Quibus
914 3697 1102 3746 tamen
1130 3692 1262 3746 dum
1284 3691 1547 3762 generale
1576 3691 1745 3745 datur
1763 3708 1901 3763 prae-

300 3789 543 3854 ceptum,
576 3782 818 3854 speciale
863 3781 1212 3853 promittitur
1248 3781 1457 3835 donum
1487 3800 1498 3834 :
1536 3782 1757 3835 Faciam
1787 3797 1895 3847 vos,

298 3871 497 3943 inquit,
528 3875 825 3941 piscatores
840 3873 1149 3925 hominum.
1184 3871 1523 3925 Immutatur
1543 3871 1694 3925 enim
1720 3870 1901 3925 inten-

298 3960 463 4015 tionis
489 3961 800 4032 negotium,
835 3977 946 4014 non
978 3959 1300 4032 piscationis
1319 3959 1583 4014 officium.
1608 3960 1901 4014 Mutantur

299 4050 436 4105 retia
465 4051 527 4104 in
549 4050 884 4117 doctrinam,
903 4049 1179 4121 cupiditas
1199 4049 1257 4103 in
1278 4065 1529 4104 amorem
1558 4033 1896 4104 animarum.

300 4146 485 4205 ποις
545 4139 637 4193 Fit
682 4155 837 4193 mare
886 4140 1172 4204 saeculum,
1215 4138 1372 4193 navis
1401 4136 1667 4205 Ecclesia,
1699 4138 1894 4209 pisces,

294 4228 422 4283 boni
454 4228 705 4299 malique
734 4228 991 4283 homines
1016 4228 1112 4300 qui
1141 4228 1199 4281 in
1238 4228 1438 4282 smculo
1468 4226 1727 4282 ﬂuctibus
1758 4245 1897 4299 qua-

1989 3151 2357 3224 piscatoribus
2384 3153 2708 3225 pleniSsime
2728 3154 3073 3226 designatur.
3092 3157 3161 3211 Et
3181 3163 3387 3229 praeter
3404 3175 3596 3216 rerum

1988 3241 2176 3306 ﬁdem,
2201 3242 2332 3313 quia
2362 3248 2418 3297 et
2445 3243 2515 3297 de
2535 3242 2658 3298 istis
2678 3244 2760 3298 ita
2784 3250 3011 3315 gestum
3037 3250 3141 3314 est,
3159 3246 3479 3304 futurorum
3495 3266 3598 3321 per

1987 3331 2211 3385 eosdem
2237 3332 2718 3403 Evangelistarum
2746 3350 3015 3390 numerus
3042 3337 3595 3408 praesignatur.Quo-

1987 3437 2113 3475 rum
2150 3421 2388 3476 artiﬁcio
2420 3422 2687 3477 doctrinae
2721 3424 2791 3477 ad
2830 3424 3023 3480 lumen
3049 3426 3290 3482 caelestis
3322 3427 3468 3495 vitae,
3493 3446 3595 3501 per

1987 3515 2229 3582 quatuor
2240 3511 2669 3581 Evangeliorum
2688 3512 3028 3582 rudimenta,
3049 3521 3376 3572 renatorum
3391 3518 3594 3575 animae

1984 3615 2018 3652 a
2044 3599 2242 3653 mundi
2272 3598 2535 3654 fluctibus
2565 3600 2955 3656 extrahuntur.
2989 3603 3228 3658 Provida
3249 3622 3472 3677 quoque
3490 3605 3594 3663 Dei

1983 3688 2327 3759 dispensatio
2353 3690 2501 3744 hunc
2524 3690 2604 3744 ita
2621 3690 2882 3761 praevidit
2912 3697 3122 3747 sanctae
3159 3695 3467 3750 vocationis
3496 3714 3588 3751 or-

1981 3778 2190 3845 dinem,
2245 3787 2521 3849 quatenus
2573 3795 2673 3850 per
2723 3796 2817 3834 eos
2868 3782 3255 3852 praeﬁguraret
3281 3783 3341 3837 in
3376 3785 3582 3856 specie,

1982 3868 2130 3941 quod
2150 3868 2403 3922 futurum
2424 3873 2546 3922 erat
2570 3869 2629 3922 in
2654 3884 2880 3938 genere.
2914 3869 3167 3935 Quatuor
3209 3871 3387 3942 igitur
3413 3872 3591 3945 pisca-

1980 3964 2133 4013 tores
2162 3959 2220 4012 in
2241 3957 2550 4029 primordio
2574 3957 2780 4012 idcirco
2798 3959 2928 4029 jure
2961 3959 3229 4014 dicuntur
3257 3961 3436 4030 electi,
3455 3963 3588 4035 quia

1983 4056 2225 4120 quatuor
2248 4048 2317 4102 de
2351 4047 2488 4102 caelo
2526 4047 2705 4102 initiis
2730 4048 2988 4116 linteum,
3020 4049 3080 4103 in
3117 4066 3227 4121 quo
3266 4057 3430 4108 erant
3455 4053 3586 4109 uni-

1983 4154 2142 4193 versa
2165 4137 2387 4209 reptilia
2412 4141 2470 4191 et
2490 4137 2892 4210 quadrupedia.
2918 4137 3283 4209 submissum,
3300 4146 3421 4197 rete
3443 4158 3584 4214 qua-

1980 4232 2110 4282 tuor
2131 4227 2559 4298 Evangeliorum
2584 4227 3176 4299 praesignabat,coram
3204 4231 3588 4301 praedicatori-

298 4318 537 4373 tiuntur.
576 4318 658 4372 De
688 4334 798 4390 quo
824 4318 1094 4372 nimirum
1117 4318 1261 4373 mari
1290 4317 1465 4371 David
1486 4334 1694 4372 canens
1716 4318 1853 4372 dicit
1880 4338 1958 4390 ευ
1981 4316 2085 4371 bus
2110 4316 2317 4371 sanctis
2345 4317 2414 4371 de
2444 4316 2583 4371 coelo
2612 4317 2901 4387 signanter
2933 4318 3305 4374 inferendum.
3352 4321 3424 4376 Et
3456 4321 3583 4378 ideo

293 4410 398 4463 Hoc
417 4425 574 4463 mare
590 4423 861 4476 magnum
886 4414 935 4462 et
954 4412 1256 4477 spatiosum
1284 4410 1541 4461 manibus
1559 4426 1573 4461 :
1591 4409 1712 4462 illic
1734 4410 1900 4478 repti-
1912 4375 1961 4440 L
1983 4412 2224 4479 quatuor
2242 4406 2583 4477 colliguntur
2600 4406 2723 4471 viri,
2737 4407 2797 4461 in
2818 4424 3058 4478 quorum
3073 4425 3308 4463 numero
3332 4410 3583 4483 reliquus

296 4499 390 4563 lia,
414 4514 658 4567 quorum
690 4514 799 4551 non
825 4503 901 4551 est
934 4513 1203 4551 numerus
1251 4498 1419 4567 (Psat.
1469 4511 1583 4562 CIII,
1616 4496 1728 4567 26).
1765 4498 1899 4562 Quae

293 4585 537 4655 profecto
566 4585 791 4656 reptilia
819 4583 877 4639 in
906 4585 1078 4639 linteo
1106 4601 1294 4639 coram
1337 4584 1501 4639 beato
1537 4586 1722 4651 Petro,
1760 4604 1899 4659 qua-

293 4677 417 4727 tuor
443 4672 622 4727 initiis
646 4671 924 4727 submissa
952 4673 1265 4727 otl‘eruntur
1287 4675 1422 4737 (Act.
1443 4691 1494 4741 x,
1512 4674 1621 4741 11)..
1638 4674 1899 4730 Offerun-

292 4767 381 4817 tur
433 4768 647 4830 autem,
703 4768 769 4817 ut
813 4764 1013 4817 Petrus
1058 4763 1445 4817 indifferenter
1473 4762 1652 4817 discat
1703 4780 1896 4818 omnes

295 4853 584 4907 extrahere
606 4858 850 4924 quatuor
872 4852 1299 4922 Evangeliorum
1343 4852 1534 4917 initiis,
1570 4869 1605 4906 a
1634 4853 1896 4907 ﬂuctibus

293 4941 454 5012 hujus
501 4942 694 4996 saeculi
740 4946 796 4996 et
838 4941 897 4995 in
936 4958 1138 5013 corpus
1177 4958 1357 4996 suum-
1390 4942 1597 4996 mundo
1647 4948 1893 4997 mortuos

293 5032 571 5101 trajicere.
608 5031 675 5085 Et
704 5030 976 5085 nimirum
1007 5031 1076 5085 de
1105 5031 1239 5084 ccelo
1268 5031 1392 5085 ideo
1421 5030 1788 5099 submittitur,
1832 5038 1896 5086 ut

292 5119 565 5191 intelligat
590 5136 656 5174 ex
682 5120 870 5191 gratia
894 5119 996 5174 Dei
1024 5120 1240 5175 caelitus
1265 5119 1371 5174 sibi
1396 5122 1894 5192 concessum,quod

301 5209 404 5263 erit
444 5209 631 5281 operis
680 5226 745 5263 ex
796 5209 998 5269 ofﬁcio.
1048 5210 1208 5265 Unde
1245 5215 1302 5263 et
1328 5210 1618 5280 signanter
1645 5210 1887 5264 dicitur:

294 5298 507 5352 Faciam
547 5314 635 5352 vos
663 5300 789 5366 ﬁeri
836 5301 1126 5367 piscatores
1174 5301 1485 5353 hominum.
1534 5300 1796 5371 Alioquin
1832 5300 1891 5355 in

297 5402 528 5442 vacuum
572 5386 794 5442 laborat
822 5388 1025 5459 aliquis
1066 5389 1379 5455 doctorum,
1413 5388 1460 5443 si
1490 5405 1603 5443 non
1639 5389 1817 5445 factus
1860 5407 1894 5444 a

298 5474 405 5531 Deo
432 5476 608 5531 fuerit
632 5482 699 5532 ut
709 5477 966 5549 proﬁciat
982 5495 991 5530 :
1010 5478 1141 5549 quia
1159 5495 1339 5549 neque
1358 5478 1454 5550 qui
1474 5479 1694 5550 plantat
1712 5496 1893 5551 neque

300 5566 388 5635 qui
405 5566 557 5638 rigat
569 5571 658 5624 est
681 5567 894 5639 aliquid
900 5567 1019 5637 ,sed
1041 5567 1137 5640 qui
1151 5568 1565 5625 incrementum
1581 5569 1699 5638 dat,
1720 5570 1888 5625 Deus.

1983 4496 2119 4551 ordo
2140 4495 2431 4549 doctorum
2459 4495 2818 4566 ﬁguraretur,
2844 4501 3120 4567 quatenus
3142 4503 3384 4568 quatuor
3413 4499 3582 4555 initia

1982 4583 2148 4639 unius
2185 4584 2319 4638 retis
2347 4583 2526 4638 sancti
2553 4582 2842 4655 Evangelii
2873 4585 2947 4640 ad
2974 4586 3340 4657 depiscandas
3357 4593 3573 4660 gentes,

1978 4689 2079 4745 per
2109 4672 2367 4728 universa
2408 4673 2669 4745 quadrati
2706 4674 2903 4729 mundi
2933 4676 3131 4743 maria,
3164 4682 3407 4748 quatuor
3432 4678 3580 4752 ipso-

1978 4780 2103 4817 rum
2120 4762 2378 4817 manibus
2399 4764 2471 4817 ad
2485 4763 2643 4818 littus
2668 4778 2846 4835 usque
2870 4764 3117 4835 paradisi
3137 4765 3442 4821 salubriter
3467 4773 3580 4823 tra-

1978 4853 2226 4907 heretur.
2260 4852 2548 4924 Multiplex
2575 4869 2708 4924 ergo
2733 4858 2791 4907 et
2818 4853 3040 4909 subtilis
3078 4855 3181 4909 Dei
3209 4856 3573 4929 dispensatio,

1978 4958 2100 5013 quae
2139 4940 2424 5012 sapienter
2460 4947 2661 4997 cuncta
2697 4942 2777 4997 ita
2801 4942 3048 5016 disponit
3078 4950 3143 5000 ut
3166 4950 3223 5000 et
3250 4947 3455 5002 veritas
3492 4964 3578 5003 re-

1976 5047 2102 5086 rum
2133 5031 2552 5086 demonstretur
2588 5049 2653 5086 ex
2682 5032 2884 5099 relatu,
2926 5038 2984 5088 et
3024 5034 3265 5107 mystica
3298 5036 3580 5093 doctrina-

1976 5137 2104 5175 rum
2134 5125 2485 5175 sacramenta
2505 5120 2713 5193 passim
2755 5137 2923 5193 Opere
2964 5124 3374 5195 compleantur.
3413 5124 3577 5191 Quod

1979 5209 2276 5280 conspicue
2304 5210 2483 5264 sancti
2503 5210 2757 5264 doctores
2778 5211 2836 5265 in
2858 5211 3072 5283 Spiritu
3102 5218 3296 5269 sancto
3324 5215 3577 5272 conside-

1974 5304 2182 5364 rantes,
2214 5298 2311 5366 sic,
2363 5298 2696 5354 mirabiliter
2733 5299 2988 5361 dicendo.
3039 5301 3263 5376 singula
3304 5301 3578 5359 submini-

1975 5395 2177 5457 strant,
2199 5394 2258 5443 ut
2280 5393 2337 5443 et
2355 5389 2438 5443 rei
2466 5388 2670 5444 veritas
2697 5389 2757 5444 in
2785 5407 3042 5447 sermone
3071 5398 3338 5465 patescat,
3363 5395 3422 5443 et
3449 5407 3579 5460 pro-

1976 5479 2239 5534 fundiora
2263 5495 2496 5551 quaeque
2530 5479 2684 5534 intus
2712 5480 2955 5536 latenter
2982 5483 3040 5536 in
3069 5483 3295 5556 negotio
3319 5477 3579 5545 resplen-

1976 5569 2165 5624 deant.
2200 5568 2361 5625 Unde
2381 5568 2497 5624 bini
2534 5586 2599 5624 ac
2632 5568 2747 5623 bini
2772 5576 3016 5641 quatuor
3042 5571 3137 5629 isti
3168 5566 3475 5640 eliguntur,
3521 5564 3584 5617 in
