3938 6174
345 263 450 324 211

1113 263 1171 319 s.
1212 263 1594 322 PASCHASII
1634 238 2017 325 RADBERTIi
2035 269 2340 329 ABBATIS
2377 262 2870 322 CORBEIENSIS.

3528 261 3632 321 212

348 404 590 463 quorum
620 403 860 444 numero
881 392 1209 445 cunctorum
1223 389 1360 444 ordo
1376 387 1803 460 praedicatorum
1818 390 1956 445 allu-
1970 395 2024 454 Α
2040 394 2162 459 Qua
2183 394 2252 448 de
2280 407 2449 448 causa
2490 391 2797 463 quadratus
2825 386 3073 441 virorum
3099 387 3215 441 iste
3243 402 3534 452 numerus,
3560 392 3635 443 te-

348 482 521 537 ditur.
557 481 705 536 Sane
743 480 877 552 quia
904 479 1168 549 charitas,
1198 480 1319 533 sine
1350 495 1460 550 qua
1488 495 1589 532 nec
1617 480 1953 551 martyrium

351 570 566 643 aliquid
609 574 986 641 computatur,
1023 586 1150 623 cum
1191 569 1264 623 sit
1305 568 1551 639 gemina,
1606 585 1719 622 non
1766 569 1953 624 minus

353 679 526 734 quam
552 661 702 716 inter
727 660 867 714 duos
895 657 1116 729 uspiam
1136 675 1170 711 a
1190 674 1469 728 quoquam
1490 656 1683 712 haberi
1705 658 1956 713 concedi-

351 757 465 807 tur.
496 751 621 816 Qua
648 750 717 804 de
745 765 932 814 causa,
965 764 1076 801 non
1105 748 1287 801 solum
1321 746 1634 813 duodecim,
1666 764 1861 801 verum
1900 752 1958 800 et

354 840 716 913 septuaginta
753 842 948 910 postea
975 836 1313 901 transmissi,
1357 835 1474 890 bini
1514 841 1571 889 et
1598 835 1716 890 bini
1747 835 1958 907 pariter

357 930 664 1004 praedicata
694 926 1126 993 consociantur;
1161 930 1440 996 quatenus
1485 925 1586 979 Dei
1624 931 1681 980 et
1717 924 1955 997 proximi

359 1020 692 1075 charitatem
741 1033 807 1071 ex
847 1015 1020 1071 veteri
1049 1021 1107 1069 et
1135 1031 1277 1069 novo
1326 1014 1741 1086 Scripturarum
1781 1014 1952 1082 fonte,

359 1114 478 1164 tam
509 1108 567 1161 in
590 1122 781 1161 eorum
800 1104 1061 1160 cordibus
1082 1104 1178 1176 qui
1207 1104 1277 1158 de
1294 1102 1555 1174 gentibus
1579 1104 1955 1172 crediderunt,

361 1214 530 1269 quam
553 1200 610 1250 et
635 1195 695 1250 in
724 1211 919 1250 eorum
949 1194 1045 1265 qui
1070 1193 1140 1247 de
1169 1192 1374 1247 Judaeis
1389 1193 1447 1246 in
1477 1192 1697 1247 Christo
1718 1197 1852 1247 sunt
1876 1210 1960 1247 re-

361 1285 501 1349 nati,
530 1284 761 1339 uberius
791 1282 1188 1349 diﬂ'underent,
1221 1287 1279 1336 et
1305 1287 1560 1337 terrenos
1580 1299 1830 1354 quosque
1856 1298 1960 1337 cce-

360 1375 594 1430 lestibus
619 1390 720 1445 per
740 1372 985 1443 gratiam
1013 1370 1309 1426 sociarent.
1341 1370 1703 1435 Quadrantur
1723 1371 1871 1425 enim
1901 1371 1959 1424 hi

360 1471 587 1520 tantum
616 1479 681 1516 ex
711 1460 1009 1532 mysterio:
1034 1461 1454 1531 conjunguntur
1477 1476 1604 1514 vero
1632 1466 1689 1514 et
1707 1460 1804 1515 alii
1832 1476 1961 1515 cum

362 1554 488 1608 istis
509 1569 576 1606 ex
605 1549 785 1605 officio
811 1569 821 1603 :
851 1555 1128 1621 quatenus
1156 1549 1214 1603 in
1237 1549 1340 1604 Dei
1379 1549 1723 1621 agricultura
1752 1549 1960 1620 singuli

363 1643 601 1716 geminae
630 1642 920 1697 charitatis
943 1642 1082 1714 jugo
1102 1640 1403 1697 consociati
1432 1660 1624 1697 semen
1649 1643 1962 1697 dilectionis

2034 490 2332 556 tragonum
2380 480 2559 536 sancti
2598 476 2881 549 Evangelii
2918 475 3058 530 bene
3086 476 3413 530 consolidat
3452 475 3638 531 funda-

2036 580 2311 638 mentum,
2346 578 2413 627 ut
2460 570 2508 626 si
2539 569 2634 641 qui
2675 568 2851 621 velint
2875 583 2976 637 per
3021 565 3221 619 orbem
3249 566 3481 619 trahere
3508 566 3640 620 retia

2036 668 2469 735 praeceptorum,
2498 664 2739 731 quatuor
2765 656 2889 711 istis
2913 656 3165 726 polleant
3195 654 3502 710 virtutibus
3531 654 3641 709 sine

2039 752 2241 824 quibus
2254 767 2416 805 nemo
2429 767 2481 803 m
2493 764 2664 803 anum
2678 747 2906 800 mittens
2930 745 2986 799 in
3005 752 3264 799 aratrum
3295 744 3369 798 ad
3388 760 3643 799 coronam

2041 848 2219 908 231
2278 839 2519 894 victoriae
2567 854 2817 909 unquam
2857 836 3065 908 poterit
3112 833 3440 907 pervenire.
3472 833 3558 900 Et,
3588 837 3647 887 ut

2038 931 2297 986 ostendat
2310 945 2479 1000 quam
2501 928 2823 998 frequentes
2852 927 2965 980 sint
2993 925 3051 979 in
3080 923 3369 993 doctrina,
3384 940 3513 977 mox
3528 921 3647 977 bea-

2038 1026 2131 1075 tus
2161 1018 2513 1089 Evangelista
2541 1016 2834 1086 subjungit
2862 1015 3052 1069 dicens
3084 1032 3096 1067 :

2114 1110 2393 1163 Cz'rcuibat
2421 1111 2609 1161 autem
2628 1108 2779 1159 Jcsus
2812 1110 2979 1159 totam
3010 1105 3331 1168 Galilaeam,
3373 1104 3563 1156 docens
3594 1105 3649 1156 in

2040 1200 2330 1269 synagogis
2354 1213 2564 1262 eorum,
2589 1200 2636 1249 ct
2662 1195 2970 1264 praedicans
2994 1194 3375 1261 Evangelz’um
3391 1191 3651 1260 regni.Ex

2043 1286 2376 1360 quoliquido
2394 1284 2657 1356 perdocet
2678 1300 2846 1354 quam
2876 1283 3133 1337 sedulum
3166 1287 3437 1353 oporteat
3466 1281 3646 1334 decto-

2041 1395 2162 1432 rem
2192 1393 2314 1431 esse
2340 1375 2399 1428 in
2431 1374 2676 1427 docendo
2701 1392 2713 1439 ;
2738 1373 2869 1443 quia
2890 1371 3118 1425 omnino
3143 1370 3383 1442 pigritia
3401 1369 3655 1440 praedica-

2042 1465 2257 1520 toribus
2283 1481 2393 1518 non
2415 1462 2636 1534 expedit
2659 1482 2669 1515 :
2700 1461 2794 1515 sed
2809 1465 2877 1515 ut
2895 1461 3249 1515 circumeant
3278 1476 3395 1513 non
3421 1464 3651 1530 partem,

2043 1553 2139 1609 sed
2169 1559 2368 1618 totam,
2405 1551 2493 1606 cui
2532 1566 2769 1623 praeesse
2812 1554 3138 1614 cernuntur,
3171 1547 3425 1619 plebem.
3469 1548 3654 1617 Neque

2043 1648 2502 1715 praeoccupentur
2520 1640 2761 1710 negotiis
2785 1638 2991 1704 saeculi,
3016 1639 3112 1691 sed
3146 1638 3398 1690 doceant
3428 1652 3657 1708 praesen-

366 1733 468 1791 Dei
484 1739 542 1788 et
558 1732 797 1804 proximi
820 1731 1028 1803 ubique
1055 1749 1157 1803 per
1169 1733 1404 1804 populos
1425 1738 1613 1787 aratro
1633 1731 1785 1787 verbi
1804 1717 2021 1786 uber-B
2046 1734 2189 1788 tium
2216 1731 2609 1785 mandatorum
2639 1728 2953 1782 doctrinam
2976 1727 3101 1781 vitae
3127 1727 3327 1781 activae
3356 1726 3652 1796 subjectos,

365 1823 472 1879 tim
498 1826 769 1888 sererent,
798 1825 855 1876 et
883 1820 1216 1892 quadratam
1246 1827 1649 1893 praeceptorum
1680 1821 1781 1875 Dei
1808 1838 1968 1891 sege-

365 1929 499 1967 nam
527 1911 851 1983 praesignati
878 1916 1069 1977 230
1096 1928 1289 1965 omnes
1319 1927 1433 1965 una
1458 1911 1517 1965 in
1558 1910 1679 1965 istis
1715 1911 1784 1965 ad
1814 1911 1970 1964 littus

367 2000 616 2057 trahant.
650 1995 904 2066 Quatuor
932 1999 1122 2071 itaque
1150 2000 1243 2054 isti
1280 2005 1503 2054 tantum
1549 2000 1855 2072 piscatores
1894 2000 1971 2053 1e-

365 2094 598 2161 guntur,
632 2093 696 2143 ut
720 2105 753 2142 a
786 2094 1029 2160 quatuor
1046 2088 1241 2142 mundi
1259 2088 1513 2160 partibus
1536 2089 1823 2143 trahentes
1852 2093 1971 2141 rete

368 2179 765 2233 mandatorum
788 2192 854 2232 ex
884 2176 1245 2232 tenebrarum
1264 2177 1526 2232 ﬂuctibus
1548 2178 1619 2231 ad
1638 2178 1971 2247 lucem,quae

369 2267 627 2322 Christus
645 2271 749 2333 est,
771 2265 1059 2320 universos
1078 2266 1136 2319 in
1164 2283 1339 2321 unum
1370 2266 1972 2338 transponerent.Hinc

371 2373 507 2411 sane
526 2355 683 2410 mirae
712 2353 1148 2426 dispensationis
1180 2360 1474 2410 mutantur
1492 2373 1683 2411 rerum
1699 2372 1971 2410 commer-

371 2446 458 2501 cia
485 2464 496 2498 :
531 2449 596 2499 ut
626 2443 721 2516 qui
746 2443 925 2515 pisces
960 2448 1091 2499 ante
1121 2443 1190 2498 de
1220 2445 1333 2500 vita
1360 2445 1694 2500 claudebant
1722 2446 1781 2499 in
1824 2461 1970 2499 mor-

370 2541 508 2602 tem,
533 2551 682 2589 nunc
706 2534 776 2589 de
802 2538 1000 2601 morte,
1032 2535 1398 2590 mortiﬁcatos
1426 2542 1618 2591 tamen
1648 2552 1833 2601 carne,
1874 2552 1974 2606 per

334 2690 341 2696 ,
371 2641 547 2696 aquas
576 2640 772 2678 rursus
802 2623 1073 2677 reducant
1100 2624 1171 2678 ad
1203 2625 1394 2679 vitam.
1440 2626 1584 2690 Quia
1617 2626 1887 2680 nimirum
1917 2630 1972 2679 et

369 2714 497 2785 ipsi,
529 2713 639 2768 nisi
665 2712 821 2784 prius
850 2713 1059 2767 mortui
1092 2712 1276 2768 forent
1307 2715 1537 2782 mundo,
1571 2731 1684 2769 non
1714 2719 1975 2786 poterant

370 2802 689 2874 relinquere
726 2819 849 2873 quae
888 2801 1268 2869 sectabantur,
1300 2809 1355 2857 et
1383 2802 1709 2858 Zebedaeum
1755 2809 1973 2875 patrem

371 2891 651 2946 deserere.
675 2890 972 2946 Zebedzeus
992 2892 1199 2964 quippe
1214 2894 1487 2961 fugitivus
1514 2892 1874 2964 interpretari
1895 2891 1976 2944 di-

2050 1827 2107 1877 et
2142 1820 2447 1893 praedicent
2481 1820 2550 1873 de
2593 1818 2793 1872 tuturis
2822 1817 2949 1871 vita:
2978 1817 3437 1887 contemplativa;
3488 1814 3659 1886 perfe-

2051 1912 2183 1978 ctis;
2223 1916 2499 1981 quatenus
2523 1907 3030 1980 impraesentiarum
3050 1906 3109 1959 lii
3132 1906 3476 1959 erudiantur
3495 1902 3659 1957 mori-

2051 1998 2174 2059 bus,
2198 1999 2255 2052 hi
2285 2014 2414 2051 vero
2442 2013 2539 2069 spe
2561 1996 2967 2050 conﬁrmentur
2998 1994 3322 2049 futurorum
3360 1992 3659 2063 majoribus

2051 2087 2417 2143 documentis.
2446 2085 2588 2151 Quia
2616 2102 2798 2157 neque
2829 2083 3228 2155 contemplatio
3248 2083 3377 2137 sine
3407 2081 3658 2154 operibus

2054 2178 2243 2232 activae
2272 2177 2395 2230 vita:
2424 2193 2458 2229 a
2484 2192 2655 2246 puero
2680 2174 3090 2239 conscenditur,
3126 2190 3315 2245 neque
3335 2172 3517 2226 activa
3548 2169 3660 2224 sine

2054 2284 2152 2338 spe
2172 2265 2577 2337 promissorum
2605 2264 2706 2318 Dei
2743 2262 3043 2334 perfectius
3084 2267 3541 2317 consummatur.
3593 2259 3656 2312 Et

2050 2357 2175 2410 ideo
2220 2355 2469 2409 fortassis
2515 2353 2838 2407 circumisse
2885 2353 3047 2407 Jesus
3090 2351 3304 2406 dicitur
3350 2351 3555 2405 docens
3587 2365 3647 2401 ac

2054 2443 2379 2517 praedicans,
2400 2441 2530 2514 quia
2559 2448 2826 2513 utrasque
2855 2441 2997 2495 vitas
3025 2447 3315 2512 appetere,
3337 2457 3452 2494 non
3483 2439 3660 2492 minus

2056 2534 2308 2605 exemplo
2333 2549 2502 2604 quam
2530 2549 2660 2586 voce
2683 2530 3037 2585 credentibus
3059 2530 3385 2596 reserabat;
3410 2546 3480 2583 ne
3498 2526 3660 2598 siqui-

2055 2623 2183 2677 dem
2215 2622 2407 2694 paucis
2455 2622 2767 2693 proﬁceret,
2820 2637 3014 2674 verum
3066 2624 3123 2674 et
3172 2620 3297 2674 sine
3346 2617 3658 2688 acceptione

2055 2728 2425 2785 personarum
2455 2711 2781 2765 affluentem
2811 2710 3116 2763 vocationis
3135 2726 3250 2763 suae
3280 2708 3527 2780 gratiam
3552 2720 3659 2759 om-

2056 2801 2220 2858 nibus
2267 2800 2619 2855 abundanter
2645 2799 2986 2854 infunderet.
3032 2798 3283 2854 Docebat
3324 2802 3516 2851 autem
3553 2808 3657 2847 non

2060 2891 2469 2962 qualiacunque
2492 2889 2809 2943 fabularum
2830 2893 3109 2960 portenta,
3138 2887 3236 2942 sed
3262 2902 3493 2942 summa
3512 2900 3573 2938 ac
3587 2880 3658 2935 di-

371 2980 534 3034 citur.
569 2981 678 3034 Per
696 2997 863 3051 quem
882 2998 1018 3035 sane
1046 2981 1095 3035 is
1118 2986 1269 3036 recte
1296 2982 1587 3054 accipitur,
1616 2982 1732 3053 qui.
1755 2981 1871 3036 suis
1900 2985 2034 3054 te-n
2066 2980 2207 3045 vina,
2235 2997 2305 3033 ne
2326 2978 2441 3033 suis
2456 2978 2595 3031 falsa
2616 2977 2975 3048 antiquorum
2990 2977 3277 3031 videretur
3306 2974 3656 3031 introducere

371 3067 560 3122 nebris
589 3085 623 3121 a
646 3042 769 3122 luce
796 3069 1046 3123 veritatis
1065 3042 1489 3142 eﬂ‘ugatus,jam
1511 3042 1771 3142 deinceps
1792 3071 1972 3124 lucem
1993 3042 2036 3101 Ο
2059 3042 2349 3139 ﬁgmenta.
2382 3068 2541 3122 Unde
2560 3072 2618 3120 et
2631 3042 2939 3137 signanter,
2958 3067 3104 3137 quod
3120 3066 3487 3138 Evangelium
3508 3058 3657 3131 regni

373 3156 530 3211 illam
553 3156 906 3227 conspicuam
938 3160 1268 3229 majestatis,
1297 3167 1358 3215 ut
1376 3161 1667 3232 resipiscat
1694 3159 1972 3215 tandema
2055 3159 2283 3212 doceret
2323 3156 2472 3210 illico
2526 3154 2888 3209 subinfertur.
2944 3155 3125 3226 Regni
3183 3156 3393 3227 quippe
3459 3152 3656 3205 dicitur

375 3245 559 3313 malis,
581 3245 736 3298 adire
764 3262 875 3300 non
901 3247 1124 3317 poterit.
1146 3250 1194 3302 A
1224 3265 1333 3321 quo
1364 3249 1605 3321 Spiritus
1644 3248 1863 3303 divinus
1885 3264 1973 3301 vo-

376 3335 498 3389 lens
527 3334 730 3388 animze
758 3336 1026 3407 cujusque
1055 3338 1200 3393 male
1224 3339 1428 3410 genitae
1469 3343 1534 3394 ut
1572 3338 1813 3410 refugiat
1839 3354 1970 3392 sua-

377 3425 530 3489 dere,
564 3422 717 3477 canit
737 3423 795 3478 in
820 3425 1079 3479 Psalmo:
1112 3425 1282 3495 Audi,
1315 3431 1455 3496 ﬁlia,
1489 3434 1538 3482 ct
1572 3430 1725 3481 vide:
1760 3429 1976 3481 inclina

378 3530 575 3568 aurem
595 3517 769 3578 tuam,
795 3518 841 3567 et
865 3516 1175 3569 obliviscere
1194 3520 1462 3585 populum
1493 3522 1654 3571 tuum
1682 3521 1731 3570 et
1750 3518 1977 3570 domum

373 3604 556 3673 patris
586 3603 671 3655 tui
701 3600 860 3669 (Psal.
893 3616 1042 3667 XLIV,
1082 3601 1181 3671 ll).
1235 3604 1413 3668 Quem
1452 3605 1720 3659 nimirum
1760 3611 1978 3676 patrem

379 3689 618 3746 Jacobus
640 3693 698 3744 et
715 3690 978 3758 Joannes,
1015 3691 1294 3763 simulque
1322 3693 1465 3747 retia
1504 3693 1979 3765 concupiscentia-

380 3798 528 3849 rum,
547 3797 668 3853 quae
694 3781 838 3835 male
857 3773 1105 3852 quotidie
1125 3782 1295 3836 variis
1311 3781 1638 3837 reficiebant
1665 3782 1977 3849 desideriis,

375 3870 780 3942 relinquentes,
811 3870 941 3925 facti
978 3876 1112 3926 sunt
1140 3871 1240 3925 ﬁlii
1269 3870 1520 3938 tonitrui,
1548 3872 1641 3944 qui
1668 3879 1829 3927 erant
1856 3874 1983 3925 hac-

379 3966 546 4016 tenus
573 3978 689 4016 una
729 3977 853 4015 cum
896 3966 1054 4032 patre
1083 3962 1227 4015 servi
1253 3960 1614 4031 fugacissimi.
1641 3963 1800 4017 Unde
1835 3978 1983 4015 unus

381 4066 577 4104 eorum
595 4049 830 4104 Jacobus
847 4051 977 4120 jure
996 4055 1384 4119 supplantator
1413 4050 1835 4122 interpretatur,
1850 4050 1983 4122 quia

380 4137 652 4193 virtutum
697 4138 932 4210 pedibus
967 4139 1229 4193 vitiorum
1278 4140 1507 4211 laqueos
1566 4140 1875 4205 attriverat,
1927 4144 1984 4193 et

381 4228 839 4299 supplantaverat
853 4234 1048 4283 contra
1068 4246 1235 4300 quem
1248 4229 1534 4284 luctantur
1554 4247 1748 4284 omnes
1771 4231 1864 4300 qui
1887 4247 1982 4284 vo-

381 4317 509 4371 lunt
527 4316 725 4371 mortis
753 4321 1034 4372 tormenta
1066 4306 1318 4383 evadere,
1353 4325 1411 4372 et
1446 4318 1618 4372 vitam
1649 4318 1778 4372 fidei
1806 4318 1985 4389 operi-

2055 3246 2442 3317 Evangelium,
2467 3246 2600 3317 quia
2627 3262 2758 3300 suos
2789 3262 2928 3316 quas
2964 3246 3130 3299 modo
3152 3263 3248 3317 spe
3274 3248 3399 3317 jam
3427 3255 3653 3313 regnare

2058 3336 2328 3404 concedit,
2354 3336 2412 3390 in
2441 3335 2630 3390 futuro
2646 3336 2815 3390 simul
2839 3353 2998 3407 reges
3027 3339 3085 3390 et
3104 3353 3344 3407 regnum
3372 3329 3652 3388 Deorebus

2058 3426 2277 3498 adeptis
2304 3426 2467 3493 facit;
2488 3426 2621 3481 dum
2654 3426 2924 3497 quidquid
2954 3443 3052 3498 spe
3080 3426 3254 3480 venia;
3270 3442 3424 3480 nunc
3441 3414 3663 3477 credenJ

2058 3517 2208 3573 tibus
2238 3516 2599 3588 repromittit,
2632 3514 2957 3570 muneribus
2983 3515 3179 3585 gratiae
3208 3513 3554 3587 adimplebit.

2132 3608 2196 3662 Et
2212 3622 2440 3672 sanans,
2462 3605 2664 3677 inquit,
2690 3622 2903 3659 ommm
2933 3608 3257 3672 languorem
3289 3610 3337 3660 et
3360 3602 3656 3671 inﬁrmita-

2065 3702 2168 3750 tem
2208 3699 2269 3751 z‘n
2302 3699 2520 3765 populo.
2555 3696 2620 3749 In
2645 3694 2847 3766 quibus
2874 3693 3144 3749 nimirum
3173 3692 3395 3748 duobus
3427 3686 3654 3746 nomini-

2061 3785 2185 3851 bus,
2208 3784 2546 3855 generaliter
2568 3784 2818 3838 omnium
2842 3783 3164 3837 morborum
3185 3800 3397 3854 genere
3421 3792 3657 3850 compre-

2063 3874 2276 3928 hendit.
2299 3873 2442 3937 Quia
2470 3873 2618 3944 quod
2648 3873 2737 3927 hic
2757 3889 2982 3926 omnem
3011 3873 3341 3943 languorem
3364 3878 3422 3927 et
3440 3864 3659 3925 inﬁrmi-

2064 3968 2239 4017 tatem
2268 3961 2425 4027 dixit,
2446 3962 2610 4033 plane
2625 3969 2818 4033 postea
2846 3979 2945 4032 per
2978 3968 3166 4033 partes
3188 3964 3502 4034 specierum
3520 3953 3657 4025 sigil-

2066 4054 2221 4108 latim
2236 4052 2440 4107 divisit.
2478 4053 2762 4124 Siquidem
2781 4069 2893 4107 non
2914 4052 3095 4105 solum
3126 4052 3374 4123 plurima
3399 4050 3515 4105 suis
3534 4043 3656 4101 locis

2062 4144 2384 4208 restituens,
2409 4160 2603 4209 verum
2633 4141 2801 4195 etiam
2832 4142 2939 4207 hic,
2965 4141 3013 4195 si
3043 4158 3154 4212 qua
3185 4158 3299 4195 non
3320 4148 3449 4197 sunt
3471 4139 3536 4193 de
3569 4133 3657 4188 mi-

2065 4233 2268 4287 raculis
2308 4232 2611 4288 Salvatoris
2646 4231 2851 4284 litteris
2886 4231 3298 4296 commendata,
3343 4228 3649 4296 intelligere

2065 4320 2238 4386 dedit,
2294 4325 2351 4375 et
2394 4321 2503 4375 fide
2548 4320 2803 4391 permisit
2847 4319 3098 4373 credere.
3155 4321 3311 4375 Inter
3342 4321 3657 4388 languorem

381 4405 487 4461 bus
515 4406 958 4479 apprehendere-
993 4408 1125 4473 Quae
1150 4415 1215 4463 ut
1234 4408 1467 4480 possint,
1488 4407 1645 4479 prius
1674 4408 1773 4462 Dei
1804 4405 2257 4478 gratiaDautem
2287 4417 2345 4464 et
2362 4410 2766 4474 inﬁrmitatem,
2787 4409 2891 4463 hoc
2912 4409 2969 4464 in
2988 4410 3110 4464 loco
3132 4408 3361 4479 quidam
3380 4410 3459 4462 ita
3476 4402 3658 4460 distin-

383 4495 554 4550 veluti
583 4495 829 4550 fraterno
859 4496 1115 4552 solantur
1141 4498 1365 4552 auxilio.
1388 4496 1546 4552 Unde
1568 4496 1717 4550 idem
1740 4496 1979 4549 etJoan-

381 4600 482 4640 nes
520 4585 656 4639 satis
688 4590 816 4656 apte
842 4587 938 4640 1102'
968 4586 1233 4654 gratiain
1256 4587 1457 4641 Latina
1475 4586 1543 4641 de
1574 4585 1766 4641 Graeco
1796 4590 1976 4639 sonat.

383 4674 529 4738 Quia
556 4674 825 4729 nimirum
855 4675 1091 4746 quilibet
1116 4676 1508 4747 supplantator
1534 4675 1799 4731 vitiorum
1832 4677 1980 4748 posi-

384 4768 474 4818 tus
507 4762 567 4818 in
600 4780 797 4835 agone,
829 4781 942 4819 non
973 4765 1079 4819 nisi
1108 4783 1208 4838 per
1234 4766 1477 4837 gratiam
1505 4765 1653 4820 valet
1688 4766 1847 4837 quasi
1879 4768 1985 4821 fra-

381 4860 546 4910 terna
590 4871 655 4908 ex
707 4853 825 4907 acie
854 4854 1073 4908 hostem
1118 4854 1457 4910 subvertere.
1492 4854 1560 4910 Et
1597 4854 1722 4910 ideo
1770 4855 1985 4910 actibus

382 4944 589 5000 nostris
612 4942 710 4997 illa
738 4961 966 4998 necesse
994 4949 1079 4998 est
1114 4944 1384 4998 irremota
1412 4944 1616 5016 ubique
1641 4962 1828 5000 comes
1854 4962 1984 5015 ger-

382 5033 672 5088 manitatis
701 5032 969 5104 obsequia
996 5033 1463 5090 comitctur.Hinc
1490 5051 1711 5106 quoque
1736 5035 1974 5089 Paulus:

2059 4506 2259 4572 guunt,
2277 4499 2526 4553 dicentes
2552 4499 2879 4568 languorem
2900 4498 3181 4569 pertinere
3197 4499 3266 4552 ad
3295 4498 3561 4560 animam,
3582 4491 3656 4543 in-

2063 4590 2387 4644 ﬁrmitatem
2441 4604 2565 4641 vero
2605 4588 2930 4658 corporibus
2976 4587 3236 4658 deputari
3279 4587 3499 4641 debere.
3554 4579 3654 4637 Seu

2065 4681 2391 4751 languorem
2421 4677 2490 4730 ad
2526 4693 2591 4729 ea
2622 4693 2744 4747 quae
2773 4676 3046 4743 diabolus,
3098 4682 3377 4749 potestate
3422 4675 3650 4743 accepta,

2066 4770 2407 4840 ingesserat;
2464 4765 2853 4820 infirmitatem
2899 4772 3087 4832 23a
3138 4767 3411 4823 duntaxat
3453 4764 3522 4818 ad
3550 4762 3654 4814 haec

2069 4876 2191 4930 quae
2222 4862 2425 4911 natura
2463 4872 2672 4922 rerum,
2714 4872 2815 4928 per
2848 4855 3344 4927 intemperantiam
3374 4854 3518 4910 male
3541 4863 3654 4904 sau-

2068 4948 2231 5013 ciata,
2259 4946 2485 5000 sibimet
2509 4950 2880 5000 contraxerat.

2137 5039 2203 5093 Ει
2235 5038 2370 5090 abiit
2393 5038 2577 5104 opinio
2597 5039 2711 5103 ejus
2737 5039 2801 5089 in
2832 5040 3000 5089 totam
3030 5033 3279 5103 Syriam.
3318 5037 3489 5090 Fama
3520 5024 3653 5084 scili-

381 5123 507 5178 Non
520 5140 632 5191 ego,
662 5121 863 5194 inquit,
895 5139 1088 5192 operor
1116 5124 1284 5188 illud,
1304 5124 1394 5177 sed
1421 5126 1609 5191 gratia
1641 5125 1740 5178 Dei
1770 5140 1981 5178 mecum
2064 5132 2170 5194 cet,
2204 5142 2374 5197 quam
2402 5124 2579 5179 Judaei
2615 5124 2878 5178 caecitatis
2902 5141 3018 5179 suae
3048 5124 3413 5179 obfuscabant
3438 5116 3647 5177 invidia,

385 5211 439 5277 (Ι
465 5211 586 5266 Cor.
613 5226 705 5277 xv,
731 5209 844 5284 10).
879 5208 1043 5277 Quia,
1070 5211 1216 5267 sicut
1250 5211 1492 5282 profecto
1523 5211 1697 5267 virtus
1726 5214 1986 5268 obedien-
2065 5220 2260 5287 gentes
2282 5214 2488 5270 sensim
2520 5213 2854 5279 illustrabat,
2890 5220 2946 5267 et
2977 5231 3201 5268 omnem
3236 5215 3409 5286 Syriae
3448 5205 3653 5284 provin-

382 5300 493 5364 tiae,
531 5317 654 5371 quas
701 5318 800 5373 per
836 5302 1069 5356 Petrum
1110 5301 1459 5373 exprimitur,
1496 5302 1615 5357 sine
1657 5303 1987 5359 fortitudine
2068 5305 2230 5371 ciam,
2259 5320 2381 5374 quae
2426 5319 2461 5356 a
2503 5302 2731 5356 Galilaea
2758 5319 2869 5356 non
2900 5304 3139 5358 multum
3169 5304 3331 5375 longe
3366 5302 3535 5365 abest,
3557 5294 3651 5346 vir-

384 5394 484 5443 aut
512 5389 717 5443 mentis
743 5390 1028 5457 virilitate,
1065 5408 1185 5462 quae
1233 5407 1332 5461 per
1378 5390 1665 5446 Andream
1710 5393 1984 5463 signatur,

382 5474 761 5534 censummari
792 5481 1015 5551 nequit;
1041 5482 1121 5535 ita
1140 5498 1274 5535 sane
1305 5486 1361 5535 et
1389 5480 1523 5535 vitia
1552 5498 1678 5535 cum
1706 5484 1989 5554 pestisau‘

382 5574 536 5625 ctore
564 5576 853 5643 nequeunt
873 5571 1131 5627 certatim
1155 5571 1363 5643 absque
1382 5570 1482 5626 Dei
1500 5572 1688 5641 gratia
1708 5574 1982 5644 superari.

2071 5401 2258 5448 tutum
2281 5392 2544 5447 odoribus
2572 5393 2947 5462 respergcbat.
2985 5392 3059 5446 Et
3084 5394 3208 5448 ideo
3236 5393 3365 5447 hinc
3389 5391 3513 5446 inde
3534 5384 3650 5439 olfe-

2073 5484 2271 5539 rebant
2296 5481 2345 5537 ei
2367 5499 2561 5536 omnes
2593 5482 2736 5535 male
2756 5482 3045 5537 habentes.
3061 5484 3254 5537 Talem
3286 5482 3485 5555 quippe
3505 5477 3646 5530 decc-

2070 5575 2163 5629 bat
2188 5590 2310 5629 esse
2334 5572 2667 5643 magistrum
2711 5573 3056 5645 pontificum,
3089 5577 3154 5629 ut
3199 5578 3256 5626 et
3284 5560 3646 5628 testimonium
