3938 6174
268 300 369 359 213

1057 299 1437 358 EXPOSITlO
1475 300 1554 356 IN
1590 276 2035 354 MATI‘HEUM.
2080 327 2141 340 -
2182 302 2320 358 LIB.
2362 304 2463 373 ΠΙ,
2505 304 2662 360 CAP.
2704 304 2771 358 v.

3431 306 3540 366 214

263 423 442 481 laudis
465 423 710 495 egregia
736 424 909 479 etiam
943 422 1013 479 ab
1032 424 1120 480 his
1146 424 1242 496 qui
1270 424 1404 481 foris
1443 429 1576 481 sunt
1603 422 1854 479 haberet.
1874 419 2039 484 Atici
2066 423 2251 482 forent
2269 446 2283 496 ;
2301 428 2400 483 sed
2419 429 2573 500 quia,
2591 429 2726 485 dum
2752 428 2986 486 callidus
3006 429 3187 487 hostis
3222 432 3323 488 illa
3333 433 3419 489 vel
3436 433 3539 490 illa

265 513 406 579 Quia
422 518 562 569 tunc
590 518 723 568 ante
744 513 1064 585 quempiam
1092 515 1448 570 sacerdotum
1501 513 1859 569 inﬁrmitates

261 619 479 659 morum
510 602 741 659 liberius
783 603 1129 669 deferuntur,
1169 610 1223 659 et
1253 604 1579 676 panduntur
1608 604 1855 668 vulnera,

262 710 390 749 cum
416 693 571 748 fama
596 693 743 759 vitae,
775 699 833 749 et
879 694 1094 749 curatio
1130 694 1371 749 salubris
1390 695 1449 748 in
1482 694 1688 765 populo
1712 709 1857 763 prae-

261 782 498 838 dicatur.
520 782 683 854 Syria
690 798 935 855 namque
949 786 1261 838 sublimitas
1274 783 1860 855 interpretatur.Tunc

260 877 413 927 recte
432 872 705 929 virtutum
725 872 877 928 fama
896 873 1115 944 Syriam
1134 889 1312 945 usque
1333 873 1705 945 pertenditur,
1728 889 1856 928 cum

259 962 382 1017 vita
406 962 741 1017 meritorum
759 961 1008 1039 quotidie
1023 979 1124 1034 per
1151 963 1498 1018 incrementa
1517 962 1648 1017 boni
1671 962 1857 1034 operis

261 1052 562 1108 sublimius
588 1052 661 1106 ad
700 1052 989 1123 fastigium
1018 1068 1161 1108 verae.
1181 1053 1363 1108 laudis
1391 1052 1688 1107 attollitur.
1720 1053 1851 1106 For-

259 1159 415 1198 mam
443 1142 620 1212 igitur
648 1142 900 1197 medicus
930 1146 1123 1197 noster
1139 1143 1430 1197 doctorum
1454 1142 1511 1196 in
1533 1158 1701 1197 carne
1727 1158 1857 1212 ges-

260 1233 353 1301 tit,
376 1236 436 1287 et
460 1232 586 1287 ideo
608 1231 846 1287 interius
877 1248 1071 1287 omnes
1114 1232 1414 1303 languores
1468 1238 1526 1287 et
1560 1232 1857 1287 tormentis

257 1320 697 1394 comprehensos
723 1326 915 1390 sanat;
938 1338 1153 1377 necnon
1182 1322 1459 1395 daemonia
1489 1322 1659 1392 ejicit,
1693 1327 1751 1376 et
1767 1322 1858 1376 lu-

252 1412 477 1467 naticos
516 1428 583 1466 ac
615 1412 955 1483 paralyticos
1013 1417 1195 1466 curat.
1231 1412 1308 1467 Ex
1330 1411 1533 1482 quibus
1557 1417 1852 1482 gestorum

255 1500 569 1567 beneﬁciis,
618 1500 806 1579 opinio
828 1502 949 1571 ejus
980 1517 1159 1572 usque
1186 1501 1257 1555 ad
1279 1517 1375 1555 eos
1393 1501 1489 1573 qui
1542 1501 1676 1556 foris
1724 1506 1857 1556 sunt

254 1590 628 1662 respergitur.
664 1589 809 1654 Quia
832 1589 1079 1660 profecto
1107 1606 1212 1644 nec
1252 1591 1400 1644 fama
1422 1590 1544 1645 sine
1567 1607 1709 1644 verae
1732 1591 1856 1645 lau-

255 1681 346 1735 dis
369 1696 546 1751 opera
565 1679 803 1750 proﬁcit,
831 1696 1014 1750 neque
1042 1696 1213 1750 opera
1249 1680 1448 1735 salutis
1475 1680 1685 1751 absque
1707 1681 1859 1735 fama

1940 514 2085 571 lunae
2112 518 2437 573 ascensione
2466 518 2592 574 illos
2619 520 2882 591 exagitat,
2934 520 3280 591 putabantur
3303 523 3537 579 lunatici

1940 606 2101 676 quasi
2134 605 2205 660 ab
2233 607 2370 678 ipsis
2420 608 2569 663 lunae
2607 608 2853 681 impulsu
2889 610 3295 666 cruciarentur.
3327 610 3536 683 Egerat

1940 694 2089 749 enim
2118 695 2222 750 hoc
2243 696 2465 753 fallacia
2490 714 2595 752 sua
2621 702 2704 764 ut,
2744 704 3006 754 creatura
3032 699 3136 755 Dei
3171 698 3418 757 atrocius
3441 701 3533 757 in-

1938 782 2166 852 famata,
2183 802 2352 856 super
2372 788 2697 843 Creatorem
2717 786 3081 858 blasphemiae
3091 789 3493 846 redundarent.

2013 874 2457 942 Curavitautem,
2471 876 2675 947 inquit,
2700 893 2904 931 omnes.
2927 877 3152 933 Scilicet
3170 896 3535 952 quoscunque

1937 961 1991 1015 ei
2021 962 2151 1017 hinc
2175 963 2307 1017 inde
2332 964 2671 1019 obtulerant.
2707 966 2785 1020 Ex
2815 982 2925 1037 quo
2936 966 3249 1024 notandum
3262 969 3535 1040 plurimas

1938 1051 2338 1107 miraculorum
2393 1053 2651 1119 virtutes,
2707 1071 2847 1126 quas
2890 1056 3096 1128 reliqui
3151 1056 3530 1129 Evangelistaa

1939 1140 2138 1196 aliisin
2164 1142 2300 1197 locis
2313 1143 2559 1198 retulere
2576 1144 2797 1214 plenius
2829 1145 3130 1213 narrando,
3156 1163 3270 1202 non
3306 1147 3399 1203 hic
3438 1163 3535 1204 eas

1939 1231 2163 1302 penitus
2193 1232 2637 1303 prmtermisisse,
2666 1232 2802 1288 dum
2830 1234 2935 1288 hoc
2952 1234 3023 1303 ,in
3080 1234 3201 1290 loco
3242 1235 3536 1292 brevitatis

1938 1321 2269 1392 compendio
2295 1321 2842 1392 generaliteromnes
2862 1329 3086 1379 curatos
3113 1324 3536 1396 legimus.1nter

1939 1427 2078 1481 quos
2114 1410 2383 1465 nimirum
2416 1411 2647 1467 fuerunt
2701 1417 2760 1466 et
2806 1412 3032 1467 illorum
3083 1413 3334 1485 quidam,
3393 1432 3534 1487 quos

1939 1500 2160 1554 Marcus
2177 1500 2262 1553 vel
2292 1501 2490 1568 Lucas,
2502 1500 2697 1555 ordine
2725 1501 3077 1573 interposito,
3109 1502 3206 1558 ubi
3224 1502 3321 1558 ubi
3339 1503 3451 1559 alia
3468 1521 3537 1559 ex

1939 1605 2108 1643 causa
2132 1589 2354 1660 plenius
2386 1596 2705 1647 texuerunt.
2742 1590 3088 1647 Circumibat
3131 1592 3323 1663 itaque
3373 1594 3537 1649 Jesus

1940 1695 2162 1733 omnem
2195 1678 2507 1747 Galilaeam,
2546 1695 2771 1733 omnem
2810 1680 3068 1735 videlicet
3129 1680 3536 1737 volubilitatem

257 1769 390 1824 boni
430 1768 620 1823 odoris
666 1768 805 1822 satis
847 1768 1195 1824 auditoribus
1241 1770 1470 1824 relucet.
1508 1769 1669 1834 Quod
1715 1768 2145 1841 beneBszeculi.
2202 1768 2347 1833 Quia
2392 1769 2637 1839 profecto
2687 1768 2921 1824 Galilzea
2948 1775 3077 1824 rota
3106 1770 3532 1843 interpretatur.

251 1860 468 1915 Paulus
486 1859 750 1914 hortatur
766 1858 991 1913 dicens:
1026 1860 1096 1913 De
1122 1866 1325 1938 caetero,
1348 1861 1571 1927 fratres,
1599 1876 1783 1927 quscu
1794 1877 1854 1914 n-
1934 1858 2094 1912 Unde
2121 1862 2177 1911 et
2204 1857 2457 1929 pervenit
2471 1859 2594 1928 ejus
2622 1858 2811 1930 opinio
2835 1874 3015 1930 usque
3035 1859 3107 1915 ad
3137 1860 3538 1933 Syriam,quod

251 1967 357 2020 que
383 1954 520 2003 sunt
539 1964 689 2015 vera,
727 1964 1064 2017 quacunque
1090 1954 1300 2015 sancta,
1330 1965 1660 2018 quacunque
1673 1952 1849 2018 justa,
1936 1953 2023 2001 est
2050 1946 2121 2000 ad
2148 1946 2550 2002 sublimitatem
2581 1948 2713 2001 ﬁdei
2740 1948 3092 2003 credentium
3113 1950 3453 2020 pervenisse,
3479 1956 3537 2007 et

251 2055 594 2109 quacunque
624 2038 857 2107 pudica,
886 2054 1222 2107 quaecunque
1244 2040 1391 2092 bona;
1417 2040 1582 2106 fama?
1615 2042 1706 2102 ;si
1743 2055 1853 2108 qua

1934 2037 2060 2090 ideo
2088 2036 2468 2106 sequebantur
2495 2053 2530 2090 a
2576 2037 2807 2092 Galilzea
2840 2056 2853 2091 :
2887 2038 3104 2093 scilicet
3128 2038 3224 2110 qui
3259 2040 3330 2095 de
3382 2040 3536 2096 vitiis

250 2132 458 2193 virtus,
487 2132 538 2182 si
560 2144 671 2196 qua
700 2130 855 2189 laus;
880 2128 989 2181 haec
1009 2129 1253 2195 cogitate,
1281 2127 1481 2198 inquit,
1525 2145 1642 2197 quas
1658 2131 1854 2183 didici-
1931 2127 2062 2197 jure
2082 2125 2213 2180 ﬁdei
2243 2126 2314 2179 ad
2368 2125 2640 2181 virtutum
2688 2126 2855 2182 initia
2874 2128 3370 2198 transmigrarunt.
3416 2130 3537 2185 Nec

250 2221 351 2272 stis
380 2224 431 2272 et
458 2218 718 2281 audistis,
742 2221 791 2270 et
819 2218 1035 2270 vidistis
1057 2218 1119 2271 in
1150 2232 1233 2269 me
1256 2217 1475 2286 (Philip.
1511 2231 1582 2285 1v,
1609 2215 1684 2281 8).
1709 2218 1857 2273 Duo-

255 2308 375 2371 bus,
412 2308 671 2378 inquam,
702 2304 884 2359 verbis
901 2310 1105 2359 cuncta
1132 2305 1405 2361 conclusit
1432 2306 1641 2372 dicens,
1675 2307 1724 2361 si
1743 2324 1855 2378 qua

252 2396 456 2463 virtus,
471 2395 520 2450 si
541 2412 653 2467 qua
677 2396 827 2461 laus;
853 2395 924 2449 ad
943 2394 1173 2449 virtutes
1188 2411 1431 2465 namque
1450 2395 1693 2466 pertinet
1710 2394 1858 2449 bona

251 2485 621 2551 conscientia,
655 2484 726 2539 ad
755 2485 980 2539 laudem
1004 2484 1313 2539 vero~fama
1336 2486 1459 2539 vitae
1474 2486 1712 2556 proﬁcit,
1735 2485 1857 2539 sine

253 2576 465 2648 quibus
484 2592 621 2629 sane
648 2574 829 2629 forma
872 2574 987 2629 veri
1017 2574 1324 2629 sacerdotis
1345 2591 1458 2629 non
1490 2575 1860 2630 commcnda-

249 2672 365 2721 tur.
391 2666 573 2720 Curat
600 2670 790 2719 autem
802 2664 1092 2730 Dominus,
1123 2681 1235 2718 non
1252 2665 1438 2719 solum
1466 2665 1686 2719 animas
1708 2665 1854 2740 inte-

250 2756 393 2822 rius,
419 2760 656 2826 propter
682 2770 821 2825 quas
851 2759 1097 2818 venerat,
1123 2754 1222 2808 sed
1247 2760 1303 2809 et
1332 2755 1487 2827 prius
1515 2762 1745 2825 corpora
1766 2770 1856 2809 ex-

242 2844 448 2912 terius,
475 2843 750 2898 beneﬁcio
779 2842 1002 2909 visibili,
1033 2844 1116 2899 uti
1136 2843 1438 2899 invisibilia
1464 2845 1662 2899 salutis
1683 2861 1783 2915 per
1795 2844 1855 2898 ﬁ-

1936 2232 2049 2270 non
2067 2221 2126 2270 et
2147 2215 2217 2269 de
2246 2215 2527 2287 Decapoli,
2559 2231 2755 2270 revera
2782 2216 2878 2287 qui
2920 2217 3249 2288 decalogum
3296 2218 3534 2275 manda-

1935 2310 2125 2360 torum
2143 2305 2379 2377 implere
2407 2309 2691 2376 cmperant
2708 2322 2812 2377 per
2828 2306 3016 2361 ﬁdem.
3048 2307 3210 2362 Unde
3244 2313 3303 2363 et
3341 2308 3537 2364 decem

1938 2395 2059 2450 ista:
2084 2394 2335 2450 civitates
2368 2395 2537 2450 simul
2568 2393 2774 2466 ubique
2829 2401 3134 2466 ponuntur,
3181 2396 3316 2468 quia
3367 2414 3537 2453 nemo

1940 2502 2005 2538 ex
2034 2501 2148 2539 una
2174 2500 2371 2539 earum
2395 2489 2620 2539 tantum
2650 2485 2721 2539 ad
2739 2485 3024 2542 Christum
3045 2491 3233 2552 πω
3247 2487 3539 2555 venit,nisi

1938 2574 2108 2628 simul
2136 2574 2329 2627 decem
2346 2574 2486 2644 legis
2514 2579 2791 2645 praecepta
2815 2575 3134 2630 servaverit.
3158 2576 3319 2640 Quod
3342 2577 3392 2632 si
3410 2577 3537 2648 quis

1937 2664 1996 2718 in
2025 2680 2138 2718 uno
2167 2679 2361 2717 eorum
2393 2663 2705 2732 offenderit,
2743 2665 2924 2720 factus
2943 2670 3029 2721 est
3077 2666 3333 2721 omnium
3368 2683 3528 2724 reus.

1939 2752 2331 2823 Sequebantur
2366 2769 2589 2824 quoque
2620 2760 2677 2807 et
2705 2754 2775 2808 de
2800 2734 3204 2826 Hierosolymis
3222 2772 3288 2810 ac
3317 2756 3530 2824 Iudaea,

1936 2859 2153 2897 necnon
2180 2848 2238 2896 et
2255 2842 2325 2896 de
2344 2846 2502 2896 trans
2520 2842 2843 2910 Jordanem,
2876 2844 2935 2899 hi
2962 2844 3208 2915 profecto
3238 2860 3378 2916 quos
3395 2845 3535 2901 visio

1935 2932 2087 3004 pacis
2112 2931 2510 2995 illustraverat,
2542 2937 2599 2987 et
2622 2933 2876 2988 conﬁteri
2895 2934 3017 3004 jam
3039 2932 3383 2989 confessione
3403 2935 3538 2990 ﬁdei

1936 3022 2117 3076 Deum
2145 3020 2474 3076 didicerant.
2509 3021 2581 3077 Et
2628 3026 2780 3077 recte
2808 3023 2879 3077 de
2930 3028 3087 3078 trans
3115 3022 3419 3079 Iordanem
3445 3024 3534 3079 di-

243 2935 376 2989 dem
427 2934 685 3005 paratius
734 2934 961 2989 adeant.
1006 2934 1273 3005 Alioquin
1330 2933 1652 3005 corporibus
1719 2950 1853 2988 con-

241 3025 406 3080 tinuo
445 3023 739 3079 morituris
789 3042 989 3095 parum
1036 3029 1160 3079 erat
1208 3024 1450 3078 salutem
1506 3023 1850 3094 impendere,

244 3115 355 3169 nisi
398 3119 469 3168 ut
506 3113 636 3168 ﬁdei
690 3114 866 3168 virtus
909 3130 1009 3185 per
1066 3130 1133 3167 ea
1182 3130 1304 3184 quae
1350 3112 1560 3166 ﬁebant
1610 3111 1852 3166 exterius
1872 3096 2144 3166 C‘cuntur
2194 3128 2561 3177 commeasse,
2631 3112 2782 3182 quod
2833 3110 3113 3183 baptismo
3168 3112 3529 3185 transposito,

243 3205 596 3259 ﬁrmaretur.
648 3203 735 3257 Ad
790 3204 894 3257 hoc
933 3202 1141 3274 quippe
1188 3200 1378 3267 ﬁebat,
1426 3206 1489 3255 ut
1510 3201 1685 3256 oculis
1736 3216 1854 3254 cor-
1936 3201 2099 3272 quasi
2128 3200 2198 3255 ab
2224 3201 2347 3256 aliae
2392 3201 2640 3272 regionis
2696 3206 2877 3272 parte,
2905 3207 3118 3258 terram
3164 3218 3307 3258 verae
3337 3219 3535 3275 repro-

244 3294 331 3348 dis
378 3292 624 3347 interius
717 3296 1043 3363 operantem
1121 3290 1512 3361 recogitarent,
1570 3296 1629 3345 et
1684 3306 1848 3361 quem
1933 3290 2215 3345 missionis
2260 3290 2557 3357 intrantes,
2590 3289 2879 3346 Christum
2906 3292 3039 3347 ﬁdei
3085 3291 3371 3365 gressibus
3410 3294 3533 3364 jam

248 3383 550 3438 hominem
602 3382 849 3436 exterius
900 3380 1222 3446 cernebant,
1254 3379 1492 3435 interius
1540 3381 1720 3435 Deum
1753 3396 1854 3451 per
1928 3382 2162 3453 jamque
2180 3380 2579 3452 sequebantur.
2609 3380 2770 3443 Unde
2798 3386 2889 3436 et:

250 3473 422 3527 ﬁdem
444 3470 815 3540 intelligendo
838 3470 1207 3541 requirerent.
1231 3469 1697 3539 Quandoquidem
1716 3486 1854 3540 prae-
2006 3470 2158 3542 (Car.
2180 3471 2268 3537 V.)
2296 3473 2450 3525 Jesus
2482 3472 2673 3525 videns
2691 3473 2883 3526 turbas
2920 3474 3164 3527 ascendit
3175 3475 3241 3528 in
3271 3478 3530 3530 montem.

251 3561 461 3616 dicatio
513 3560 817 3615 Salvatoris
854 3558 1135 3614 beneﬁciis
1198 3559 1626 3614 commendatur
1674 3558 1852 3628 pluri-
1933 3560 2203 3615 Ascendit
2214 3564 2405 3615 autem
2416 3575 2588 3630 supra
2601 3565 2850 3615 montem
2865 3561 3115 3616 excelsus
3132 3561 3237 3616 Dei
3245 3562 3433 3617 Patris
3447 3562 3536 3618 Fi-

253 3652 358 3706 mis
388 3655 450 3705 et
477 3649 620 3704 ﬁdes
646 3649 963 3714 virtutibus,
1017 3654 1082 3702 ut
1134 3647 1283 3701 idem
1332 3648 1501 3701 homo
1543 3648 1692 3702 Deus
1740 3663 1856 3701 cre-
1934 3648 2063 3714 lius,
2089 3653 2155 3702 ut
2179 3664 2275 3702 eos
2303 3647 2745 3721 doceretaltiora
2762 3648 3036 3705 virtutum
3055 3650 3302 3705 culmina
3316 3656 3528 3723 petere,

252 3741 439 3808 datur,
498 3739 777 3794 solidatur
821 3737 1099 3792 maximis.
1145 3738 1213 3792 Et
1267 3737 1411 3792 mira
1463 3737 1853 3792 haereticorum
1937 3742 1994 3792 et
2021 3755 2087 3791 ex
2116 3738 2236 3792 loco
2250 3737 2649 3807 signaret,non
2670 3740 2894 3793 tantum
2924 3739 3128 3794 altiora
3153 3740 3384 3795 moralis
3401 3740 3533 3796 vita:

253 3834 441 3898 233
470 3828 864 3895 deliramenta,
887 3828 985 3899 qui
1011 3832 1111 3882 aut
1137 3827 1422 3881 hominem
1473 3843 1667 3881 verum
1724 3843 1853 3881 eum
1933 3831 2308 3888 sacramenta.
2338 3827 2437 3881 sed
2462 3827 2632 3881 etiam
2648 3832 2901 3882 sanctam
2911 3828 3015 3883 Dei
3032 3828 3335 3886 Ecclesium
3351 3829 3529 3885 subli-

252 3918 423 3975 fuisse
450 3923 683 3990 negant,
717 3924 817 3972 aut
842 3919 1019 3973 Deum
1052 3934 1247 3971 rursus
1274 3933 1450 3971 unum
1480 3917 1853 3988 eumdemque
1934 3919 2081 3973 mius
2101 3917 2447 3988 erigendum,
2480 3935 2652 3990 supra
2682 3935 2851 3990 quam
2869 3919 2989 3991 ipse
3027 3935 3126 3974 rex
3169 3926 3228 3976 et
3267 3922 3528 3978 sacerdos

255 4026 319 4065 ex
334 4009 559 4064 duabus
586 4008 808 4062 unitum
838 4006 1168 4061 substantiis
1184 4006 1601 4064 contradicunt.
1631 4008 1772 4061 Cum
1797 4012 1854 4062 et
1932 4010 2254 4082 praesidens,
2278 4026 2391 4064 non
2406 4009 2572 4065 modo
2616 4009 2886 4077 decernit,
2926 4022 3121 4066 verum
3155 4011 3412 4067 doctrina
3425 4028 3531 4069 sua

256 4116 380 4154 caro
422 4115 651 4170 semper
702 4114 815 4151 non
861 4097 1049 4151 minus
1080 4096 1309 4150 visibilis
1362 4112 1531 4167 quam
1572 4096 1851 4168 passibilis
1932 4099 2178 4155 instituit
2197 4098 2505 4153 universos.
2535 4098 2680 4153 Hinc
2709 4098 2921 4171 quippe
2946 4100 3218 4171 scriptum
3242 4101 3523 4173 legimus:

257 4192 626 4251 monstratur,
651 4192 711 4242 et
726 4187 875 4241 Deus
896 4187 955 4239 in
978 4202 1044 4240 eo
1059 4186 1234 4257 signis
1247 4191 1305 4240 et
1319 4185 1619 4241 virtutibus
1639 4187 1850 4258 passim
1930 4191 2040 4259 Ego
2067 4195 2250 4244 autem
2265 4192 2592 4243 constitutus
2610 4204 2736 4243 sum
2762 4204 2866 4244 rea:
2893 4192 2962 4245 ab
2976 4206 3034 4244 eo
3048 4206 3213 4258 super
3224 4191 3363 4248 Sion
3373 4207 3532 4250 mon-

256 4275 1321 4347 declaratur.Quapropteretvisibiliter
1338 4275 1843 4343 curabatexterius,
1933 4286 2038 4335 tem
2062 4284 2320 4334 sanctum
2358 4282 2493 4347 ejus,
2531 4279 2840 4346 pradicans
2857 4285 3188 4349 praceptum
3214 4285 3330 4351 ejus
3358 4284 3522 4349 (Psal.

256 4372 315 4422 et
323 4366 680 4423 invisibiliter
698 4365 919 4420 fovebat
936 4365 1089 4419 intus
1116 4383 1128 4417 :
1162 4366 1311 4419 Deus
1329 4366 1628 4420 ostendens
1657 4384 1717 4420 se
1736 4367 1847 4421 mi-
1864 4418 1915 4445 ,η
1932 4384 1994 4437 n,
2013 4370 2088 4440 6).
2109 4367 2771 4440 Audisitaque,quisquis
2780 4368 3338 4440 ades,praedicantem
3351 4388 3527 4445 supra

1864 4418 1915 4478 D

252 4458 476 4524 raculis,
503 4463 563 4511 et
589 4472 775 4511 mores
793 4455 1053 4510 erudiens
1063 4454 1388 4526 disciplinis.
1414 4454 1660 4509 Curabat
1674 4456 1848 4527 igitur
1866 4454 1915 4478 ”
1930 4464 2180 4515 montem
2211 4458 2344 4514 Sion
2357 4474 2639 4513 summum
2654 4458 2977 4530 pontiﬁcem
3003 4459 3290 4516 Christum
3318 4479 3330 4515 :
3363 4477 3524 4517 reco-
3578 4498 3585 4507 ς

257 4563 448 4601 omnes
461 4544 1194 4616 vitiorumlanguores,dum
1225 4550 1283 4598 et
1295 4543 1582 4615 sapientiae
1594 4545 1848 4601 doctrina
1927 4550 2049 4621 gita
2077 4550 2250 4605 etiam
2274 4554 2532 4620 etregem
2555 4567 2568 4614 ;
2602 4547 2736 4619 quia
2758 4565 2824 4602 ex
2850 4564 2967 4603 una
2992 4549 3303 4623 eademque
3333 4553 3522 4609 cathe-

255 4636 881 4707 respergebataegrotos,
900 4640 957 4688 et
974 4634 1270 4688 tormentis
1289 4624 1721 4705 comprehensos
1736 4653 1849 4690 rne-
1930 4640 2034 4693 dra
2050 4640 2214 4693 docet
2239 4637 2582 4701 acdecernit,
2597 4637 2758 4708 juxta
2797 4637 3064 4693 doctrinae
3092 4655 3207 4696 suae
3235 4641 3517 4712 instituta,

255 4725 570 4780 dicamento
599 4725 731 4779 ﬁdei
758 4723 1047 4780 relaxabat
1069 4740 1254 4778 sanos.
1288 4725 1462 4779 Porro
1511 4724 1739 4779 lunatici
1790 4730 1847 4781 et
1929 4729 2063 4801 quid
2094 4728 2479 4799 unusquisque
2504 4727 2640 4782 lucri
2663 4727 2863 4781 afferat
2888 4728 2958 4782 de
2983 4729 3217 4799 talento,
3254 4736 3314 4787 et
3340 4749 3522 4805 quan-

255 4814 543 4886 paralytici
565 4814 626 4868 hi
648 4819 798 4869 recte
822 4813 1191 4884 accipiuntur,
1216 4830 1355 4885 quos
1376 4815 1681 4870 menstruis
1708 4821 1848 4870 tem—
1927 4823 2048 4873 tum
2075 4817 2330 4888 proﬁciat
2353 4834 2417 4872 ex
2466 4816 2711 4887 negotio,
2752 4821 2817 4871 ut
2851 4816 3238 4876 obedientibus
3263 4823 3518 4894 praemia,

254 4903 481 4973 poribus
510 4903 830 4958 idololatria
853 4902 1205 4967 cruentabat,
1231 4909 1288 4957 et
1311 4904 1599 4959 discordiae
1616 4905 1845 4961 morbus
1925 4906 2338 4978 negligentibus
2366 4911 2557 4961 autem
2570 4906 2916 4978 suppliciain
2941 4909 3198 4965 examine
3223 4914 3515 4984 rependat.

257 4991 331 5046 ab
355 4994 502 5048 omni
521 5008 795 5064 compage
824 4993 1115 5047 charitatis
1154 4993 1507 5048 dissolvebat.
1561 4994 1844 5066 Paralysis
1927 4996 2167 5063 Etenim,
2199 4997 2333 5067 quia
2360 4995 2559 5051 docere
2598 4996 2871 5051 salutaria
2897 4996 3037 5052 vitai
3067 5007 3346 5074 praecepta
3399 5021 3523 5060 ore.

260 5081 459 5152 quippe
482 5082 675 5137 Graece
700 5082 992 5136 dissolutio
1020 5081 1240 5137 dicitur.
1274 5083 1351 5136 Ex
1381 5098 1491 5153 quo
1547 5083 1847 5155 signantur
1928 5085 2188 5140 dentibus
2215 5090 2464 5152 venerat,
2496 5085 2731 5156 dignum
2774 5089 2897 5140 erat
2935 5091 3000 5140 ut
3055 5103 3228 5159 supra
3269 5097 3520 5150 montem

258 5170 339 5223 illi
362 5170 493 5225 vitio
518 5170 796 5229 laborare.
833 5172 929 5243 qui
961 5172 1115 5226 nulla
1143 5170 1528 5227 membrorum
1575 5173 1845 5228 societate
1928 5175 2276 5243 ascenderet,
2295 5181 2573 5247 quatenus
2587 5184 2930 5235 monstraret
2965 5182 3111 5252 quod
3143 5199 3209 5237 ex
3254 5182 3379 5255 ipsa
3424 5202 3523 5242 ea-

262 5258 531 5315 inChristi
559 5276 791 5331 corpore
810 5261 1103 5326 uniuntur,
1136 5265 1193 5315 et
1210 5267 1343 5315 sunt
1371 5260 1628 5316 dissoluti
1656 5280 1843 5335 corpo.
1928 5266 2167 5336 demque
2196 5265 2447 5333 scientia,
2505 5267 2651 5322 hanc
2678 5270 2768 5324 cui
2801 5270 3149 5342 praesidebat,
3191 5274 3520 5344 Ecclesium,

262 5348 339 5403 ris
361 5350 488 5404 vitio
507 5350 579 5404 ab
601 5350 757 5405 omni
785 5350 1068 5404 soliditate
1092 5350 1321 5405 amoris.
1373 5351 1480 5415 Qui
1522 5353 1628 5407 etsi
1660 5354 1843 5408 vivere
1930 5371 2053 5426 quae
2080 5371 2240 5409 mons
2275 5356 2497 5424 dicitur,
2532 5373 2711 5431 usque
2739 5359 2799 5414 in
2836 5361 3006 5417 ﬁnem
3058 5364 3247 5420 saeculi
3301 5368 3524 5439 plenius

264 5437 564 5505 videantur,
600 5454 742 5510 pene
776 5440 915 5493 nihil
961 5439 1233 5504 sentiunt,
1260 5457 1386 5495 cum
1416 5440 1630 5496 fuerint
1674 5460 1846 5499 manu
1928 5445 2547 5517 erudiret.Figurarum
2574 5448 2711 5503 ordo
2726 5451 2990 5522 poscebat
3016 5453 3258 5510 utrebus
3286 5437 3352 5513 ac
3383 5464 3526 5515 tem-

265 5525 457 5615 linguaa
490 5527 794 5583 salubriter
821 5528 1132 5584 fomentati.
1153 5529 1635 5600 Atverolunatici,
1654 5551 1848 5589 secun-
1927 5535 2157 5608 poribus
2171 5536 2404 5609 mystice
2437 5537 2763 5594 doctrinalis
2791 5542 2968 5598 virtus
3009 5548 3519 5615 commendaretur,

271 5613 397 5673 dum
408 5619 725 5691 opinionem
746 5619 895 5689 vulgi
924 5618 1187 5676 dicuntur
1214 5638 1227 5675 :
1255 5636 1364 5677 non
1388 5623 1537 5695 quod
1549 5639 1676 5680 vere
1689 5624 1849 5679 luna-
1929 5626 2484 5699 quae,typicisfulcita
2495 5632 2882 5701 sacramentis,
2896 5632 3176 5704 copiosius
3186 5613 3519 5708 putesceret,

3540 5830 3589 5863 ί
