3938 6174
441 307 546 365 215
1205 310 1261 364 S.
1302 309 1680 367 PASCHASII
1718 309 2079 366 RADBERTI
2116 307 2419 365 ABBATIS
2458 301 2948 362 CORBEIENSIS.
3581 301 3673 359 ‘216

439 437 497 488 et
524 432 597 487 ad
624 433 903 489 theoriam
927 452 1066 507 quos
1083 435 1203 507 jam
1231 434 1561 491 subvexerat
1584 436 1858 490 hincinde
1886 436 2096 507 ﬁgu-A
2115 434 2412 490 ineffabile.
2439 433 2592 487 Nihil
2622 431 2772 486 enim
2802 428 2982 499 magis
3010 428 3351 482 contrarium
3380 443 3536 498 quam
3561 444 3679 499 pau-

439 523 518 577 ris
547 524 889 593 generaliter
915 524 1241 579 docentibus
1268 523 1561 579 sublimius
1578 524 1858 580 invitaret.
1891 526 2036 580 Nam
2119 529 2306 596 pertas
2337 529 2394 578 et
2423 521 2663 576 caelestis
2682 518 2970 574 beatitudo
2990 537 3000 583 ;
3019 522 3319 588 paupertas
3338 533 3564 587 namque
3581 533 3682 570 ma-

442 616 499 666 et
506 612 749 682 justitia,
769 630 937 684 quam
952 615 1258 669 secundum
1279 614 1696 686 dispositionem
1714 621 2033 686 temporum

443 700 702 755 tradebat
752 702 1197 773 perfectioribus,
1240 704 1422 773 major
1455 707 1576 757 erat
1614 705 1809 775 utique
1865 720 2035 775 quam

442 790 845 863 pharisaorum
878 810 890 858 ;
925 791 1058 862 quia
1107 791 1353 862 profecto
1401 793 1583 863 legem
1632 794 1748 848 suis
1782 793 2035 864 partibus

444 879 804 952 adimplebat.
832 881 956 934 Non
985 879 1228 934 hominis
1261 881 1488 952 quidem
1531 887 1669 947 erat,
1706 883 1802 937 sed
1824 883 1941 950 Dei,
1968 883 2037 937 de

444 972 566 1042 quaf
593 986 725 1023 sane
756 969 968 1023 editum
998 970 1264 1039 legimus:
1289 973 1518 1025 Justitia
1550 978 1645 1025 tua
1668 975 1810 1025 sicut
1830 978 2037 1027 montes

442 1061 558 1122 Dei,
585 1060 809 1128 judicia
835 1064 930 1113 tua
973 1060 1199 1125 abyssus
1238 1063 1418 1113 multa
1446 1060 1613 1125 (Psal.
1656 1076 1820 1119 xxxv.
1853 1059 1924 1131 7).
1968 1063 2035 1117 Et

443 1147 570 1201 ideo
604 1162 715 1200 non
750 1145 885 1201 alibi
917 1164 1085 1218 quam
1118 1164 1293 1218 supra
1317 1152 1566 1202 montem
1598 1149 1741 1202 hanc
1770 1150 1903 1204 dare
1929 1151 2035 1205 de-

442 1242 654 1302 cuerat,
668 1236 1013 1291 utcelsitudo
1026 1236 1395 1290 Ecclesiarum
1405 1254 1595 1308 ,supra
1604 1255 1770 1309 quam
1783 1240 2035 1295 Christus

440 1324 693 1378 veritatis
713 1324 985 1395 magister
996 1323 1228 1378 sedebat
1237 1324 1461 1390 docens,
1481 1326 1550 1379 ad
1571 1326 1831 1381 sublimia
1848 1335 2037 1395 235

445 1430 506 1467 se
518 1414 821 1478 attolleret,
843 1420 900 1466 et
916 1414 1129 1467 fluenta
1146 1430 1268 1483 qua
1288 1414 1357 1468 de
1371 1414 1572 1469 vertice
1586 1416 1892 1471 manabant
1909 1417 2037 1472 ube-

443 1502 561 1556 rius
573 1506 755 1556 totum
773 1519 976 1573 corpus
988 1502 1256 1573 rigarent.
1276 1504 1531 1558 Christus
1544 1504 1735 1576 itaque
1758 1523 1914 1561 mons
1942 1525 2038 1561 ve-

447 1608 544 1646 rus
557 1596 658 1656 est,
702 1590 799 1662 qui
810 1607 980 1662 super
1004 1608 1197 1646 omnes
1216 1593 1382 1647 colles
1394 1594 1659 1661 elevatur,
1680 1600 1745 1649 ut
1754 1598 2041 1650 conﬂuant

446 1681 518 1735 ad
545 1696 675 1735 eum
692 1696 885 1734 omnes
899 1685 1113 1750 gentes.
1144 1681 1213 1735 Et
1228 1680 1353 1737 ideo
1369 1683 1667 1754 discipulos
1676 1701 1869 1747 secum
1896 1703 2038 1756 pra-

2116 614 2204 684 gis
2229 612 2586 667 miseriarum
2618 616 2720 675 est,
2749 614 2806 662 et
2834 624 3096 679 pressura
3122 606 3477 663 calamitatis.
3512 606 3607 660 Sed
3634 611 3682 659 et

2116 703 2301 757 luctus
2325 708 2381 756 et
2408 699 2721 772 persecutio
2735 698 2867 770 quid
2892 697 3043 750 aliud
3080 701 3210 750 sunt
3229 711 3396 767 quam
3424 694 3675 765 quoddam

2119 792 2337 863 panale
2359 789 2650 862 praesentis
2696 788 2821 841 vita
2859 787 3091 843 exitium
3119 784 3370 840 ?Idcirco
3415 782 3676 838 sciendum

2122 881 2321 952 quibus
2337 879 2627 933 beatitudo
2657 877 3023 941 condonatur,
3059 874 3205 946 quod
3230 875 3349 943 jam
3377 889 3485 927 non
3507 871 3589 926 hic
3613 872 3679 925 vi-

2118 974 2253 1024 vant
2284 989 2295 1037 ;
2318 969 2452 1041 quia
2479 967 2788 1022 secundum
2817 966 3081 1020 saeculum
3102 962 3411 1017 viventibus
3427 962 3537 1015 hac
3556 961 3679 1015 nihil

2120 1059 2271 1114 aliud
2302 1065 2435 1112 sunt
2463 1075 2631 1129 quam
2681 1057 3035 1110 miseriarum
3068 1069 3337 1108 aerumna.
3365 1051 3518 1106 Unde
3544 1056 3680 1121 patet

2117 1149 2265 1220 quod
2279 1148 2631 1219 juxtaillam,
2656 1146 2713 1199 in
2746 1145 2977 1216 quaﬁde
3008 1160 3071 1197 ac
3102 1159 3199 1213 spe
3224 1146 3282 1195 et
3302 1140 3563 1194 charitate
3577 1140 3681 1209 jam

2117 1239 2337 1305 vivitur,
2357 1238 2529 1291 vitam
2556 1235 2709 1290 beati
2738 1236 2919 1289 vivere
2933 1233 3222 1287 dicuntur:
3242 1231 3347 1285 etsi
3365 1245 3475 1284 non
3522 1228 3683 1282 adhuc

2117 1329 2178 1383 in
2207 1344 2286 1392 re,
2323 1344 2420 1399 spe
2446 1333 2637 1380 tamen
2656 1323 3019 1397 perveniendi
3030 1324 3157 1392 jure
3175 1320 3323 1374 beati
3343 1318 3681 1389 accipiuntur.

2120 1419 2312 1472 Potest
2331 1417 2480 1471 enim
2498 1432 2619 1469 esse
2648 1431 2759 1468 non
2778 1413 2976 1466 beatus
3005 1428 3121 1482 spe,
3152 1410 3241 1464 cui
3270 1408 3496 1480 pramia
3520 1406 3686 1460 cales-

2118 1508 2198 1561 tia
2246 1506 2657 1578 promittuntur
2682 1504 2705 1556 ?
2735 1503 2918 1556 Causa
2963 1500 3138 1570 igitur
3158 1494 3686 1581 hujusJieatitudinis

2119 1596 2394 1669 possessio
2424 1595 2583 1665 regni
2628 1594 2914 1648 calorum.
2949 1592 3031 1645 Ad
3060 1592 3163 1644 hoc
3196 1590 3401 1660 quippe
3440 1586 3687 1641 Dominus

2122 1692 2367 1741 montem
2400 1684 2667 1749 ascendit,
2694 1688 2759 1736 ut
2777 1680 3063 1751 discipulis
3113 1685 3339 1733 terrena
3374 1679 3491 1747 jam
3544 1675 3694 1729 relin-

447 1769 788 1824 eminentius
809 1769 1052 1837 abducit,
1090 1775 1155 1824 ut
1182 1776 1400 1825 montes
1427 1771 1536 1843 ipsi
1577 1774 1730 1843 prius
1759 1773 1830 1827 ab
1859 1792 1924 1829 eo
1945 1776 2041 1846 qui
2059 1784 2105 1843 Β
2125 1774 2426 1847 quentibus
2456 1779 2513 1827 et
2542 1788 2789 1843 superna
2814 1769 3153 1842 petentibus,
3175 1768 3331 1822 velut
3349 1766 3406 1820 in
3436 1766 3543 1818 alto
3570 1763 3696 1835 posi-

447 1859 647 1913 celsior
670 1863 794 1913 erat
810 1875 1006 1929 pacem
1036 1859 1345 1930 suscipiant
1372 1879 1385 1928 ;
1409 1861 1612 1916 deinde
1640 1863 1807 1918 colles
1827 1882 1891 1917 ex
1918 1865 2043 1935 qui-

446 1948 552 2002 bus
572 1952 725 2002 totus
763 1948 1007 2002 mundus
1038 1948 1339 2019 colligitur.
1384 1951 1664 2020 justitiam
1704 1953 2040 2024 exciperent.

448 2037 582 2101 Qua
611 2036 881 2091 nimirum
909 2037 1150 2107 justitia,
1184 2039 1329 2092 sicut
1359 2043 1577 2095 montes
1607 2041 1726 2095 Dei.
1757 2043 1825 2095 Et
1842 2048 2045 2097 notan-

448 2126 581 2180 dum
626 2142 794 2197 quam
832 2127 1071 2197 mystica
1122 2127 1502 2182 doctrinarum
1541 2130 1749 2201 ubique
1794 2138 2048 2186 scateant

448 2220 820 2269 sacramenta.
858 2217 1003 2269 Nam
1030 2216 1197 2270 turba
1223 2234 1345 2288 qua
1374 2218 1713 2288 sequebatur
1739 2237 1867 2274 eum
1892 2221 2046 2291 prius

446 2321 565 2358 non
585 2305 656 2358 ad
674 2305 889 2359 excelsa
913 2305 1183 2375 pervenit,
1216 2307 1422 2360 idcirco
1446 2306 1604 2374 bene,
1626 2310 1789 2379 juxta
1815 2311 2041 2363 Lucam.

450 2394 726 2448 Dominus
755 2410 882 2448 cum
916 2393 997 2447 eis
1014 2394 1188 2448 alium
1217 2395 1275 2448 in
1319 2396 1726 2467 campestribus
1783 2399 2046 2454 habuisse

451 2498 766 2536 sermonem
801 2487 1034 2553 putatur
1061 2486 1206 2556 (Luc.
1238 2501 1306 2552 vr,
1345 2485 1454 2554 17,)
1481 2487 1549 2541 de
1580 2504 1688 2558 quo
1723 2488 1863 2542 forte
1901 2491 2046 2543 Mat-

448 2572 631 2626 thaus
655 2572 906 2626 siluerat.
935 2574 1267 2644 Quanquam
1296 2575 1378 2628 ita
1404 2577 1580 2646 possit
1610 2577 1783 2647 accipi
1808 2583 1873 2632 ut
1918 2596 2045 2632 cum

449 2660 735 2732 discipulis
764 2662 939 2731 prius,
973 2663 1132 2733 quasi
1162 2663 1430 2719 orationis
1456 2665 1662 2735 gratia,
1707 2666 1765 2720 in
1794 2674 2042 2722 montem

450 2749 909 2821 praeminentius
955 2752 1270 2807 ascenderit
1302 2772 1312 2807 :
1356 2754 1559 2808 deinde
1587 2755 1956 2821 descendisse,
1990 2764 2047 2811 et

451 2844 586 2894 tunc
614 2840 673 2893 in
702 2840 892 2911 aliqua
911 2841 1119 2896 montis
1166 2859 1230 2896 ac
1275 2843 1322 2896 si
1352 2845 1652 2915 campestri
1690 2845 2040 2912 celsitudine,

453 2946 562 3000 quo
585 2928 765 2983 turba
814 2930 1009 2985 adesse
1042 2936 1285 3001 possent,
1321 2949 1496 2986 unum
1537 2934 1908 3005 eumdemque
1935 2952 2049 2988 ser-

454 3034 700 3083 monem,
731 3034 897 3088 quem
930 3020 1226 3073 Matthaus
1252 3022 1543 3092 Lucaeque
1562 3029 1867 3077 narrarunt
1896 3025 2048 3094 pari-

2127 1866 2215 1928 tis,
2252 1868 2529 1936 pracepta
2565 1862 2817 1915 traderet
2859 1858 3169 1913 caelestium
3219 1855 3618 1917 mandatorum,
3649 1857 3696 1905 et

2128 1970 2363 2009 munera
2382 1968 2566 2007 sacra
2588 1948 2991 2004 benedictionis
3009 1946 3277 2001 divinitus
3305 1944 3611 2015 largiretur,
3629 1958 3701 1994 se-

2128 2044 2373 2100 cundum
2404 2042 2550 2113 quod
2574 2040 2749 2094 David
2770 2038 3095 2109 canit(Psal.
3120 2049 3345 2100 LXXXIII,
3381 2029 3430 2103 7)
3467 2051 3478 2085 :
3504 2033 3699 2113 Etenim

2130 2110 2519 2188 benedz'ctz'opw
2547 2132 2698 2184 dabit
2724 2131 3022 2196 legislator.
3040 2128 3224 2196 Atque
3249 2130 3314 2178 ut
3342 2110 3577 2194 apertius
3595 2136 3703 2190 gra-

2127 2224 2266 2278 tiam
2295 2220 2676 2292 apostolorum
2705 2218 3044 2288 designaret,
3104 2214 3265 2268 addit
3311 2213 3530 2268 dicens:
3556 2212 3700 2265 [bunt

2130 2316 2192 2366 de
2207 2316 2411 2366 virtute
2428 2313 2488 2363 in
2506 2312 2762 2362 virtutem
2775 2308 3068 2373 ,videbitur
3079 2306 3221 2359 Deus
3238 2305 3467 2357 deorum
3488 2303 3547 2353 in
3561 2300 3697 2354 Sion.

2128 2404 2290 2456 Patet
2317 2400 2483 2470 plane
2506 2398 2654 2469 quod
2685 2397 2835 2450 idem
2867 2396 2924 2449 in
2950 2395 3056 2448 hoc
3088 2398 3282 2447 monte
3311 2388 3697 2445 benedictiones

2128 2489 2394 2562 apostolis
2418 2488 2591 2554 dedit,
2616 2487 2808 2557 eisque
2834 2484 3043 2555 gradus
3072 2482 3348 2555 quosdam
3379 2479 3700 2535 ﬁrmissimos

2129 2579 2509 2651 exlapidimus
2538 2574 2958 2648 pretiosissimis
2986 2573 3202 2637 stravit,
3263 2571 3358 2642 qui
3399 2569 3600 2623 dudum
3651 2566 3701 2618 in

2131 2680 2319 2723 monte
2332 2668 2467 2722 Sina
2490 2666 2667 2738 Moysi
2695 2666 2875 2735 legem
2902 2663 3074 2717 dedit.
3100 2661 3208 2716 Sed
3241 2661 3321 2714 ibi
3342 2661 3399 2713 in
3428 2657 3619 2713 tabulis
3636 2656 3704 2708 la-

2129 2758 2309 2830 pideis
2329 2773 2453 2811 eam
2476 2753 2919 2826 descripsit;hic
2959 2769 3089 2805 vero
3144 2752 3562 2804 Testamentum
3603 2747 3705 2800 No-

2129 2865 2257 2902 vum
2306 2846 2613 2901 secundum
2667 2843 2989 2909 Jeremiam,
3024 2841 3093 2895 de
3139 2856 3249 2911 quo
3305 2836 3528 2909 inquit:
3580 2836 3707 2891 Scri-

2131 2938 2255 2990 bam
2287 2938 2419 3003 leges
2440 2951 2584 2988 meas
2613 2937 2675 2987 in
2698 2934 2951 2986 cordibus
2967 2948 3176 2995 eorum,
3202 2935 3251 2982 et
3274 2932 3341 2983 in
3361 2944 3517 2982 sensu
3537 2938 3704 2979 eorum.

2129 3026 2370 3078 scribam
2399 3040 2486 3077 eas
2519 3025 2648 3087 (Jer.
2700 3035 2847 3085 xxxx,
2882 3017 2988 3085 33).
3026 3018 3358 3088 Ibidemque
3390 3015 3545 3087 quasi
3598 3026 3701 3065 ser—

454 3111 559 3171 ter,
594 3106 875 3162 habuisse.
915 3107 1220 3162 Sedverius
1249 3125 1394 3174 reor,
1423 3117 1488 3163 ut
1514 3112 1869 3181 protulimus,
1904 3113 2110 3184 quodC
2133 3130 2249 3179 vos,
2286 3113 2375 3166 hic
2394 3116 2582 3166 autem
2616 3108 2776 3181 quasi
2805 3108 2948 3162 ﬁlios
2969 3107 3190 3161 allatur.
3217 3106 3379 3160 Unde
3409 3104 3545 3158 miro
3565 3100 3703 3173 prin-

457 3200 514 3249 et
552 3195 919 3265 Evangelium
938 3196 1117 3266 magis
1154 3213 1354 3252 sonare
1393 3199 1630 3253 videtur.
1667 3200 1825 3255 Unde
1875 3202 2054 3272 magis
2136 3203 2280 3274 cipio
2308 3218 2463 3268 usus,
2488 3199 2599 3254 illic
2621 3206 2889 3253 aterrore
2918 3196 3132 3268 incipit,
3167 3195 3257 3249 hic
3315 3211 3442 3249 vero
3470 3210 3502 3247 a
3553 3188 3705 3244 beati-

458 3283 759 3355 mysticum
787 3285 1173 3356 praetenditur.
1200 3287 1344 3341 Nam
1375 3288 1472 3358 qui
1502 3288 1670 3343 corda
1698 3289 1923 3361 inspicit
1944 3291 2056 3345 sin-
2134 3292 2350 3347 tudine.
2375 3290 2495 3345 Illic
2520 3304 2763 3359 namque
2794 3303 2987 3359 poenas
3013 3286 3246 3356 irrogat,
3280 3284 3375 3338 hic
3403 3286 3582 3338 autem
3626 3278 3705 3331 de-

460 3374 745 3444 gulorum,
780 3374 920 3427 nulli
946 3373 1175 3428 dubium
1205 3376 1353 3446 quod
1380 3376 1597 3430 noverit
1633 3377 1835 3449 quibus
1878 3379 2053 3434 subli-
2135 3380 2406 3435 siderium
2435 3377 2704 3444 accendit,
2738 3375 2998 3447 prOponit
3022 3389 3275 3440 munera,
3295 3371 3522 3445 praemia
3534 3383 3707 3439 repro-

460 3463 642 3517 miora
670 3461 984 3528 sublimius,
1017 3468 1074 3516 et
1099 3463 1300 3535 quibus
1348 3465 1650 3520 mediocria
1685 3467 1887 3522 debeat
1919 3469 2053 3523 locis
2136 3468 2328 3523 mittit.

461 3569 525 3606 ac
576 3551 920 3622 temporibus
958 3553 1157 3607 docere
1199 3554 1448 3609 inferius.
1490 3555 1615 3610 Non
1660 3556 1811 3611 enim
1859 3575 2053 3613 omnes
2206 3561 2373 3625 Beati,
2405 3556 2607 3628 inquit,
2640 3571 2901 3625 pauperes
2930 3556 3152 3622 spiritu,
3188 3555 3455 3622 quoniam
3486 3554 3710 3618 ipsorum

461 3642 653 3696 omnia
690 3647 943 3712 possunt.
979 3643 1045 3696 Et
1074 3643 1199 3697 ideo
1219 3649 1625 3716 praceptorum
1651 3662 1764 3701 non
1819 3649 2056 3719 aequalia
2136 3653 2209 3703 est
2238 3664 2473 3716 regnum
2509 3650 2785 3701 caelorum.
2819 3644 2887 3698 Et
2915 3642 3222 3697 notandum
3256 3642 3408 3712 quod
3463 3656 3569 3694 non
3605 3638 3709 3691 sine

460 3737 596 3787 sunt
623 3731 881 3786 omnibus
910 3732 1169 3788 instituta
1199 3733 1330 3788 licet
1349 3750 1462 3788 una
1491 3734 1565 3790 sit
1593 3736 1879 3791 aternitas
1908 3738 2051 3793 vita.
2139 3738 2523 3791 additamento
2543 3736 2641 3797 ait,
2663 3736 2805 3788 beati
2824 3748 3108 3802 pauperes.
3146 3732 3345 3786 Plures
3366 3748 3497 3801 ergo
3522 3728 3712 3783 scimus

463 3822 607 3887 Quia
646 3838 750 3876 nec
776 3821 1125 3893 singulorum
1164 3840 1340 3878 unum
1378 3830 1465 3879 est
1504 3831 1715 3891 votum,
1762 3828 1908 3882 sicut
1956 3844 2056 3882 nec
2137 3826 2303 3880 rebus
2329 3841 2512 3894 egere,
2546 3824 2643 3877 sed
2668 3840 2779 3877 non
2809 3822 2941 3893 quia
2956 3838 3228 3893 pauperes
3251 3826 3405 3887 sunt,
3431 3813 3710 3873 illicobeati

462 3912 767 3983 unicuique
796 3912 1127 3967 meritorum
1156 3915 1369 3984 aquale
1399 3920 1485 3969 est
1513 3915 1828 3986 praemium.
2137 3931 2258 3969 csse
2287 3923 2537 3985 possunt.
2567 3912 2837 3977 Profecto,
2870 3911 3003 3982 quia
3030 3927 3142 3965 non
3169 3910 3473 3965 necessitas
3491 3921 3712 3980 pauper-

536 4004 599 4056 Et
631 4018 757 4056 eum
787 4003 1020 4069 sedisset,
1051 4002 1255 4073 inquit,
1278 4010 1616 4058 accesserunt
1645 4007 1719 4058 ad
1746 4022 1872 4059 eum
1896 4008 2057 4060 disci-
2138 4005 2271 4059 tatis
2284 4004 2417 4057 facit
2429 4020 2548 4057 esse
2561 4002 2804 4073 aliquem
2821 4001 3067 4066 beatum,
3089 4000 3186 4053 sed
3202 4000 3342 4053 ﬁdes
3361 3996 3700 4053 sanctadevo-

458 4093 588 4159 puli
605 4094 740 4155 eius,
765 4095 813 4142 et
831 4093 1082 4157 aperiens
1112 4107 1167 4144 os
1185 4107 1349 4144 suum
1372 4093 1589 4147 docebat
1602 4096 1919 4160 eos,dicens.
1948 4097 2056 4149 Ac-
2138 4094 2216 4148 tio
2238 4091 2606 4164 paupertatis.
2633 4091 2747 4144 llos
2774 4091 2968 4159 utique
2997 4104 3276 4160 pauperes
3295 4090 3425 4158 jure
3453 4084 3711 4156 signiﬁcat

465 4177 670 4231 cedunt
700 4181 891 4230 autem
920 4178 1177 4248 discipuli
1202 4179 1273 4232 ad
1294 4196 1442 4245 eum,
1477 4182 1573 4251 qui
1613 4183 1733 4252 jam
1779 4184 1966 4239 animo
2005 4188 2056 4239 ei
2140 4182 2498 4249 esse,beatos,
2517 4179 2611 4251 qui
2629 4179 2983 4249 comtemptis
2999 4176 3370 4231 rebusmundi
3390 4176 3515 4230 huic
3530 4170 3711 4228 saculo

464 4264 821 4332 inhaerentes,
850 4266 960 4318 ﬁde
1011 4266 1247 4320 interius
1302 4267 1753 4339 propinquabant
1780 4290 1793 4335 ;
1829 4277 1885 4324 et
1938 4272 2056 4343 ipse
2142 4272 2462 4326 moriuntur
2476 4276 2539 4324 ut
2561 4271 2676 4324 Deo
2688 4269 2890 4335 vivant,
2914 4274 2970 4321 et
2987 4285 3175 4321 coram
3195 4283 3259 4321 eo
3289 4267 3488 4320 divites
3502 4282 3563 4318 ac
3580 4263 3712 4315 loeu-

464 4352 722 4425 aperiens
749 4370 809 4407 os
837 4370 1002 4408 suum
1026 4354 1261 4441 docebat
1290 4372 1400 4409 eos.
1424 4357 1654 4427 Apertio
1684 4375 1927 4430 namque
1943 4362 2055 4416 oris
2074 4435 2110 4441 _
2142 4363 2317 4433 pletes
2341 4360 2638 4415 habentur.
2664 4360 2742 4413 De
2755 4375 2862 4430 qua
2880 4358 3148 4411 nimirum
3161 4361 3490 4428 paupertate
3506 4355 3561 4408 in
3577 4355 3712 4422 Apo-

465 4442 903 4515 profunditatem
935 4438 1216 4513 signiﬁcat
1234 4446 1589 4499 sacramenti.
1630 4447 1825 4517 Aperit
1867 4449 2055 4519 itaque
2072 4435 2120 4493 D
2139 4451 2352 4523 calypsi
2369 4454 2550 4515 οξξη
2584 4448 2781 4517 angelo
2796 4447 3049 4501 Ecclesia
3066 4448 3319 4518 Smyrna
3343 4446 3574 4499 dicitur:
3608 4443 3714 4497 Ηιτσ

466 4531 581 4586 oris
605 4532 861 4602 januam,
901 4537 965 4586 ut
1017 4532 1229 4587 ﬂuenta
1277 4539 1559 4589 eructaret
1608 4535 1813 4608 abyssi.
1862 4538 2060 4609 Aperit
2139 4542 2271 4594 dicit
2286 4544 2504 4608 primus
2520 4540 2926 4601 etnovissimus,
2946 4538 3165 4605 qui/uit
3197 4542 3452 4589 mortuus
3480 4540 3525 4588 et
3547 4534 3710 4586 vivit:

466 4620 674 4675 ostium
703 4621 1116 4687 thesaurorum,
1143 4628 1204 4677 ut
1229 4623 1659 4680 donadivideret
1672 4626 2058 4682 universis.Si-
2138 4631 2845 4685 sciotribulationemtuam
2862 4622 3715 4695 etpaupertatemtuam,seddiivs

468 4711 695 4783 quidem
717 4727 815 4765 ora
837 4712 1237 4782 prophetarum
1270 4713 1425 4785 prius
1446 4715 1703 4786 aperiens
1732 4716 1851 4788 ipse
1866 4717 2059 4788 imple—
2139 4720 2411 4788 ρς(.ι1ῃοιε.,
2446 4731 2505 4783 II,
2536 4715 2606 4782 8).
2641 4716 3007 4770 Omnifariam
3030 4716 3202 4786 igitur
3237 4718 3619 4787 paupertatem
3643 4709 3715 4763 in-

467 4807 641 4856 verat.
665 4800 902 4872 Aperuit
929 4807 1118 4855 autem
1149 4807 1206 4856 et
1232 4803 1350 4874 ipse
1363 4821 1423 4858 os
1454 4821 1617 4859 suum
1642 4824 1654 4873 ;
1681 4805 1811 4881 quia
1834 4824 1898 4860 ex
1936 4807 2056 4878 ipso
2139 4808 2390 4877 telligere
2420 4805 2705 4871 debemus,
2728 4823 2875 4871 cum,
2904 4822 3049 4859 unus
3071 4798 3716 4875 Evangelistamm,beati

469 4896 592 4945 erat
615 4890 818 4961 gratia,
838 4907 959 4961 qua
988 4890 1112 4946 illos
1133 4892 1262 4946 olim
1294 4892 1638 4964 perfuderat,
1674 4896 1937 4966 Alioquin
1967 4896 2058 4949 hic
2135 4911 2403 4965 pauperes
2420 4900 2639 4949 tantum
2654 4895 2821 4962 dicat,
2843 4896 2976 4959 Qua
2997 4895 3262 4948 nimirum
3283 4898 3579 4964 paupertas
3595 4889 3716 4942 dua-

466 4982 512 5034 si
540 4998 651 5035 non
666 4981 977 5052 aperuisset
999 4982 1112 5036 oris
1125 4983 1350 5049 ostium,
1369 5000 1563 5037 eorum
1588 4984 1809 5055 eloquia
1830 4985 2060 5039 menda-
2139 4985 2241 5039 bus
2270 4991 2490 5038 constat
2517 4984 2803 5038 evidenter
2820 4985 3095 5056 partibus:
3118 4984 3177 5038 in
3203 4990 3553 5038 terrenarum
3576 4976 3715 5033 scili-

463 5072 547 5126 cio
575 5076 906 5126 notarentur
939 5090 950 5138 ;
980 5071 1113 5142 quia
1140 5072 1409 5143 quidquid
1432 5089 1465 5127 a
1484 5073 1698 5127 saculis
1717 5073 2053 5144 promissum
2140 5079 2228 5129 cet
2255 5090 2444 5128 rerum
2465 5073 2836 5141 abdicatione,
2861 5080 3027 5145 atque
3044 5075 3101 5128 in
3121 5073 3351 5145 spiritus
3375 5068 3711 5126 contritione.

465 5160 666 5227 fuerat,
696 5162 755 5214 in
785 5176 849 5214 eo
881 5160 1041 5231 quasi
1068 5161 1252 5231 sigillo
1281 5161 1701 5216 claudebantur.
1730 5163 1888 5217 Unde
1925 5180 2052 5217 cum
2136 5164 2204 5217 Et
2233 5162 2458 5234 quidem
2479 5162 2682 5216 harum
2703 5180 2872 5216 unam
2899 5168 3309 5234 paupertatem,
3345 5178 3467 5233 qua
3486 5160 3541 5213 in
3570 5154 3715 5211 abdi-

463 5249 733 5303 reseravit
786 5249 1023 5321 mystica
1075 5250 1362 5321 sapientia
1404 5251 1757 5317 documenta,
1813 5257 1961 5305 recte
1993 5267 2054 5305 os
2137 5252 2356 5306 catione
2376 5257 2729 5306 terrenarum
2762 5251 3038 5317 consistit,
3070 5252 3231 5322 pauci
3260 5252 3464 5306 habere
3494 5246 3715 5320 proban-

462 5338 749 5409 aperuisse
779 5339 1003 5404 dicitur,
1030 5356 1140 5411 quo
1162 5342 1362 5395 ﬂueret
1392 5340 1552 5411 quasi
1572 5357 1636 5394 ex
1662 5357 1773 5394 uno
1795 5341 2053 5411 paradiso

465 5426 687 5492 ﬂuvius,
722 5443 785 5480 ex
827 5444 936 5498 quo
966 5445 1077 5483 non
1118 5429 1299 5482 solum
1331 5428 1601 5500 Apostoli,
1639 5446 1831 5484 verum
1875 5429 2055 5485 omnis

467 5520 658 5586 Q36
688 5517 932 5571 Ecclesia
955 5518 1283 5572 saculorum
1306 5518 1490 5588 rigata
1512 5518 1730 5572 vireret.

526 5609 677 5661 litati
685 5624 757 5676 pa
767 5624 796 5658 ιι
797 5622 951 5676 peros
963 5610 1167 5676 spiritu.
1178 5609 1244 5662 .N
1250 5624 1351 5662 ova
1362 5608 1535 5679 igitur
1546 5624 1633 5661 res
1648 5614 1704 5662 et
1716 5609 2053 5680 praeconium

2139 5345 2249 5395 tur.
2274 5341 2522 5395 Alteram
2551 5357 2700 5405 vero,
2719 5357 2842 5411 qua
2868 5340 3201 5395 contritione
3215 5340 3445 5412 spiritus
3476 5343 3577 5398 est,
3602 5348 3714 5388 om-

2138 5447 2236 5483 nes
2263 5430 2423 5483 electi
2441 5429 2647 5484 habere
2688 5436 2949 5500 possunt;
2970 5447 3076 5501 qua
3119 5430 3269 5483 etilli
3298 5430 3586 5483 facultates
3612 5430 3712 5477 ter-

2138 5536 2302 5572 renas
2319 5518 2606 5573 abdicasse
2632 5520 2955 5586 creduntur,
2981 5521 3074 5591 qui
3097 5520 3177 5574 eis
3207 5537 3319 5574 non
3341 5519 3409 5573 ad
3438 5514 3709 5570 illecebras

2137 5608 2339 5676 carnis,
2396 5608 2491 5663 sed
2520 5609 2589 5662 ad
2633 5625 2773 5679 Opus
2823 5609 3047 5680 pietatis
3092 5627 3227 5666 usus
3248 5606 3585 5665 necessarios
3633 5600 3707 5655 uti
