3938 6174
203 327 289 385 217

974 320 1352 379 EXPOSITIO
1392 298 1481 379 IN'
1508 321 1954 380 smmum.
1988 353 2052 366 -
2080 323 2217 379 LIB.
2259 323 2361 391 III,
2406 321 2563 379 CAP.
2606 321 2674 377 v.

3353 321 3460 381 ‘218

203 452 812 522 videntur.Quanquam
825 451 977 505 enim
994 451 1250 505 nonnulli
1261 451 1565 505 electorum
1578 452 1786 506 multas
1804 453 1856 512 Α
1871 451 2051 505 ofﬁcio
2071 451 2317 522 primum
2345 450 2556 505 eisdem
2575 449 2870 522 pmmium
2889 449 3252 505 beatitudinis
3271 467 3462 523 repro-

202 542 453 615 pecunias
482 541 830 612 possideant,
861 545 1054 603 tamen
1083 540 1231 610 quia,
1274 547 1340 595 ut
1369 541 1628 607 diximus,
1675 557 1788 595 non

205 651 259 688 ex
286 631 565 685 desiderio
596 630 798 695 carnis,
830 630 927 683 sed
953 647 1019 683 ex
1054 636 1179 684 voto
1228 630 1451 701 pietatis
1488 636 1657 701 atque
1698 631 1787 685 in-

204 722 398 777 stinctu
415 719 769 774 necessitatis
786 718 856 771 ab
876 719 957 772 eis
980 719 1355 789 possidentur,
1372 736 1646 791 pauperes
1655 736 1785 791 pro-

204 811 281 864 cul
310 809 482 863 dubio
499 825 623 861 esse
648 807 976 879 probantur.
1002 810 1086 861 An
1104 825 1378 880 pauperes
1406 825 1516 863 non
1538 816 1669 863 sunt
1693 810 1789 880 qui

203 904 394 954 cuncta
417 903 664 961 terrena,
694 913 807 950 non
828 902 1098 968 tanquam
1120 900 1364 969 propria,
1393 899 1491 952 sed
1518 905 1789 969 tanquam

203 989 379 1043 aliena
409 987 783 1057 dispensant?
814 987 921 1040 Sed
943 987 1091 1040 unde
1108 1003 1397 1058 pauperes,
1433 987 1562 1042 inde
1591 989 1789 1043 divites

204 1079 356 1131 ﬁunt.
382 1076 527 1140 Quia
541 1076 833 1140 nimirum,
856 1077 1004 1129 unde
1022 1076 1078 1129 in
1095 1076 1260 1130 terris
1274 1078 1612 1149 temporales
1630 1095 1793 1149 pecu-

201 1167 315 1220 nias
342 1165 730 1235 indigentibus
750 1171 1003 1235 erogant,
1021 1166 1151 1219 inde
1182 1165 1287 1219 sibi
1309 1174 1546 1221 aeternas
1563 1168 1620 1221 in
1640 1167 1792 1221 ccelis

200 1255 416 1308 divitias
447 1260 810 1325 congregant.
838 1255 1101 1323 Utrisque
1128 1260 1316 1310 autem
1348 1256 1458 1309 illis
1492 1256 1651 1310 Pauli
1671 1273 1795 1310 sen-

198 1345 371 1398 tentia
391 1350 581 1415 potest
597 1344 799 1414 aptari,
826 1360 937 1414 qua
955 1344 1192 1398 dicitur:
1224 1347 1509 1414 Tanquam
1530 1347 1676 1399 nihil
1698 1348 1793 1399 ha-

203 1436 374 1487 bente-s
401 1440 451 1487 et
477 1436 669 1487 omnia
696 1435 1026 1502 possidentes
1050 1435 1124 1501 (ll
1162 1435 1283 1488 Cor.
1331 1449 1404 1497 vI,
1463 1433 1584 1503 10);
1632 1435 1789 1504 quasi

202 1523 345 1576 enim
377 1522 522 1575 nihil
546 1522 818 1575 habentes
844 1523 1035 1575 omnia
1070 1523 1357 1593 possident
1388 1523 1500 1593 qui,
1535 1529 1790 1577 terrenas

1870 541 2046 595 mittit
2068 559 2081 608 ;
2098 541 2365 610 quoniam
2384 540 2527 594 nihil
2539 540 2720 611 magis
2730 540 3073 611 congruebat
3087 540 3158 595 ad
3170 540 3453 608 meritum,

1870 647 2037 701 quam
2068 631 2361 701 praesentis
2387 630 2511 684 vitae
2539 628 2875 701 pauperibus
2903 630 3170 684 caelorum
3222 645 3459 700 regnum

1869 721 2235 791 promittere:
2269 724 2334 774 ut
2362 720 2457 791 qui
2491 719 2776 773 Christum
2804 725 3135 791 paupertate
3177 720 3353 790 sequi,
3403 723 3462 773 et

1870 809 2153 864 servitutis
2177 810 2377 879 jugum
2403 808 2590 863 subire
2618 809 2982 875 decreverint,
3014 809 3212 863 divites
3242 809 3461 863 futuro-

1870 916 1996 953 rum
2026 915 2201 967 regna
2230 899 2527 968 felicesque
2555 898 2897 969 possideant.
2932 899 3232 969 Sequitur:

1946 991 2095 1042 Beati
2110 991 2283 1053 mites,
2298 991 2564 1055 quoniam
2578 990 2685 1055 ipsi
2695 989 3043 1056 possidebunt
3061 992 3290 1041 ter-ram.
3308 988 3464 1042 Inter

1873 1078 2068 1131 mitem
2097 1082 2285 1131 autem
2308 1081 2366 1130 et
2383 1082 2755 1141 mansuetum,
2773 1082 2942 1147 atque
2962 1076 3299 1142 modestum,
3322 1076 3463 1130 nihil

1873 1168 1983 1220 nisi
2011 1166 2179 1220 verba
2208 1166 2561 1220 solummodo
2592 1165 2802 1219 distare
2834 1165 3108 1219 videntur.
3142 1165 3304 1231 Quia,
3334 1165 3465 1218 licet

1873 1257 2198 1327 singulatim
2228 1255 2540 1326 quibusque
2569 1255 2628 1308 in
2660 1254 2796 1308 locis
2825 1255 2985 1324 quasi
3009 1254 3233 1325 pr0pria
3251 1269 3465 1325 ponun-

1872 1352 1982 1410 tur,
2016 1352 2344 1399 tamennon
2375 1361 2490 1398 una
2532 1360 2727 1397 earum
2775 1342 2895 1396 sine
2934 1343 3111 1396 altera
3152 1343 3457 1413 perﬁcitur,

1874 1451 2193 1505 quanquam
2225 1450 2291 1487 ea
2303 1434 2532 1503 quidam
2549 1432 2723 1486 velint
2735 1431 3080 1501 distinguere
3099 1449 3111 1497 ;
3134 1432 3280 1501 quod
3303 1447 3462 1485 man-

1873 1530 2066 1578 suetus
2093 1524 2184 1589 sit,
2214 1523 2310 1593 qui
2338 1523 2553 1576 nullum
2581 1522 2805 1586 laeserit,
2829 1521 3116 1574 modestus
3139 1519 3234 1591 qui
3263 1520 3466 1574 neclas—

198 1612 413 1666 divitias
445 1614 669 1683 penitus
700 1611 1044 1681 adjicientes,
1066 1613 1319 1666 caelestes
1350 1630 1451 1683 per
1474 1614 1640 1666 ﬁdem
1667 1615 1788 1683 jam
1872 1630 1966 1666 sus
1996 1613 2158 1666 alteri
2184 1612 2355 1666 vicem
2384 1611 2659 1682 rependit,
2689 1611 2842 1665 mitis
2877 1626 3009 1663 vero
3039 1609 3135 1680 qui
3176 1609 3466 1663 humiliter

196 1707 424 1768 tenent;
463 1701 625 1771 quasi
649 1701 787 1755 nihil
819 1700 1084 1754 habentes
1105 1701 1292 1755 omnia
1335 1702 1643 1772 possident,
1693 1703 1789 1773 qui
1871 1702 1987 1755 haec
2017 1707 2218 1755 cuncta
2241 1700 2632 1771 aequanimiter
2658 1699 2806 1753 tulit.
2845 1699 2954 1753 Sed
2979 1697 3163 1751 verius
3209 1714 3323 1752 una
3367 1714 3465 1753 ea-

197 1791 358 1845 etiam
390 1791 518 1844 istis
547 1790 606 1843 in
630 1806 796 1844 usum
824 1790 909 1843 vel
941 1806 1081 1860 opus
1108 1790 1502 1845 misericordias
1534 1792 1785 1858 retentis,
1808 1773 2113 1861 Bdemque
2142 1791 2338 1853 virtus,
2361 1806 2471 1844 non
2493 1790 2658 1843 modo
2674 1788 2855 1843 tribus
2875 1788 2999 1843 istis
3020 1788 3356 1860 praedicatur
3368 1804 3467 1843 vo-

194 1880 305 1934 illas
335 1881 395 1934 in
424 1880 855 1933 delectationem
886 1880 1222 1949 quandoque
1253 1896 1312 1933 se
1344 1879 1634 1934 habituros
1663 1898 1791 1952 spe-
1874 1883 2105 1942 cabulis,
2133 1898 2326 1935 verum
2359 1880 2561 1934 lenitas
2600 1895 2664 1933 ac
2692 1878 2956 1945 suavitas,
2984 1878 3217 1948 aliaeque
3264 1878 3465 1948 hujus-

192 1975 328 2023 rant.
365 1969 471 2022 Vel
501 1974 653 2021 certe
678 1974 744 2022 ut
771 1968 840 2022 de
870 1969 1069 2021 horum
1104 1985 1344 2039 persona
1382 1970 1698 2040 loquamur,
1733 1971 1789 2024 in
1875 1973 2025 2026 modi
2048 1972 2299 2037 virtutes,
2333 1970 2479 2024 hanc
2505 1985 2676 2023 unam
2696 1968 2989 2033 aediﬁcant,
3014 1972 3078 2020 ut
3107 1967 3285 2037 possit
3311 1967 3468 2037 quis-

195 2075 268 2123 eo,
296 2066 583 2129 tanquam
614 2058 755 2111 nihil
780 2057 1071 2125 habentes,
1108 2058 1298 2113 omnia
1327 2058 1634 2129 possident,
1681 2077 1790 2130 quo
1875 2078 1983 2134 que
1998 2061 2217 2131 legibus
2241 2060 2395 2113 mitis
2414 2058 2617 2112 vocari.
2650 2057 2846 2111 Mitem
2861 2056 3070 2127 itaque,
3094 2072 3208 2110 non
3227 2055 3331 2121 ira,
3354 2071 3467 2111 non

195 2165 271 2202 res
298 2148 612 2219 perituras,
647 2153 704 2200 et
727 2148 798 2201 ad
829 2147 1023 2202 illicita
1049 2147 1326 2201 desideria
1354 2164 1458 2201 sua
1490 2165 1603 2203 non
1632 2165 1790 2203 reco-
1872 2152 2021 2215 rixae,
2047 2166 2161 2205 non
2183 2148 2487 2212 contentio,
2511 2163 2625 2202 non
2644 2163 2864 2213 rancor,
2893 2150 2994 2200 aut
3019 2145 3293 2216 asperitas
3313 2160 3467 2199 men-

193 2242 484 2308 gnoscunt,
521 2242 579 2289 et
599 2242 790 2290 tamen
818 2237 886 2291 ad
918 2243 1121 2291 cuncta
1149 2253 1272 2307 quae
1302 2243 1436 2291 sunt
1456 2238 1638 2305 utilia,
1660 2233 1792 2293 suas
1871 2242 1963 2307 tis,
2011 2241 2097 2293 vel
2149 2239 2295 2294 fellis
2343 2237 2682 2301 amaritudo,
2736 2252 2837 2289 seu
2887 2234 3465 2305 concupiscentiarum

196 2327 411 2380 omnino
437 2342 563 2380 esse
581 2326 957 2397 perpendunt.
983 2327 1111 2380 Haec
1124 2327 1193 2379 de
1204 2342 1319 2380 una
1330 2327 1636 2381 electorum
1658 2345 1793 2399 pau-
1874 2334 2066 2396 πω
2078 2329 2237 2392 livor,
2271 2326 2444 2381 afﬁcit
2480 2331 2579 2381 aut
2605 2324 2806 2395 fatigat
2828 2342 2841 2391 ;
2861 2324 2958 2378 sed
2985 2322 3315 2395 simplicitas
3335 2323 3467 2377 fidei

194 2421 400 2486 pertate
432 2414 684 2469 breviter
710 2415 861 2468 dicta
890 2415 1020 2482 sint,
1066 2432 1213 2470 nunc
1253 2416 1323 2469 de
1361 2417 1538 2471 altera
1581 2417 1789 2471 divitiis
1871 2416 2457 2487 adomneminjuriam
2475 2414 2860 2469 sustinendam
2880 2414 3159 2484 patienter
3172 2412 3468 2484 praeceptis

195 2506 377 2576 utique
409 2505 601 2575 plena.
641 2505 739 2558 Ait
765 2520 1047 2575 namque:
1082 2508 1234 2559 Beati
1268 2522 1533 2574 pauperes
1559 2510 1785 2575 spiritu,
1872 2506 2203 2578 evangelicis
2222 2506 2504 2560 informat.
2531 2505 2935 2558 Consummata
2958 2502 3109 2556 enim
3137 2501 3315 2556 virtus
3354 2506 3459 2567 est,

196 2598 457 2662 quoniam
482 2597 733 2662 ipsorum
754 2600 829 2647 est
846 2609 1081 2660 regnum
1108 2599 1384 2648 caelorum.
1414 2596 1697 2666 Pauperes
1716 2597 1789 2649 vi-
1871 2604 1926 2651 et
1955 2596 2202 2667 perfecta
2230 2610 2451 2648 morum
2481 2593 2776 2664 possessio,
2801 2592 2871 2646 de
2894 2608 3005 2662 qua
3037 2590 3295 2645 Salvator
3317 2580 3467 2645 :Dis-

199 2682 387 2736 delicet
415 2699 536 2737 non
562 2682 793 2748 amictu,
827 2683 927 2737 sed
957 2683 1177 2754 spiritu.
1221 2684 1321 2738 Ille
1350 2690 1539 2738 autem
1587 2686 1788 2756 spiritu
1870 2689 1988 2750 cite,
2022 2685 2225 2756 inquit,
2257 2700 2292 2738 a
2321 2700 2406 2737 me
2436 2685 2570 2752 quia
2594 2684 2749 2735 mitis
2786 2697 2912 2734 sum
2957 2686 3007 2734 et
3039 2681 3272 2733 humilis
3308 2681 3466 2733 corde

200 2789 403 2843 panper
433 2778 525 2826 est
552 2773 670 2842 qui,
704 2773 876 2826 etiam
907 2789 1034 2827 cum
1090 2772 1235 2827 bona
1278 2774 1414 2844 agit,
1466 2791 1687 2846 semper
1729 2792 1789 2830 se
1874 2776 2085 2843 (Matth.
2110 2790 2186 2840 x1,
2216 2771 2331 2842 29).
2364 2773 2498 2837 Quae
2528 2770 2773 2843 profecto
2802 2770 2849 2823 si
2877 2785 3110 2823 summae
3158 2784 3271 2822 non
3317 2773 3467 2822 esset

199 2861 451 2916 inutilem
474 2862 737 2916 attendit.
772 2862 872 2917 Ille
900 2862 1101 2933 spiritu
1130 2879 1345 2934 pauper
1392 2870 1477 2917 est
1524 2864 1619 2935 qui
1660 2881 1788 2919 cum
1871 2863 2228 2936 perfectionis
2252 2863 2359 2928 via,
2393 2875 2751 2932 nequaquam
2780 2860 2925 2913 hanc
2963 2874 2997 2911 a
3042 2873 3102 2911 se
3149 2856 3468 2928 specialiter

196 2952 385 3020 plures
418 2951 628 3005 virtute
656 2955 713 3004 et
732 2952 1029 3005 sanctitate
1045 2958 1290 3023 superet,
1317 2953 1789 3025 cunctisseipsum
1871 2955 2141 3025 magister
2175 2951 2421 3006 veritatis
2449 2950 2585 3005 disci
2611 2948 2856 3021 juberet.
2890 2948 3049 3003 Unde
3082 2952 3140 3001 et
3182 2947 3465 3018 Propheta

196 3039 520 3095 inferiorem
538 3040 1073 3112 meritis'perpendit
1095 3060 1107 3108 ;
1127 3043 1287 3112 cujus
1312 3042 1580 3097 nimirum
1600 3061 1701 3098 vox
1732 3044 1787 3098 in
1809 3094 1849 3115 η
1872 3061 1937 3098 ex
1957 3060 2024 3099 ea
2037 3057 2398 3115 praesumens,
2409 3041 2647 3094 ﬁdenter
2663 3040 2742 3093 ait
2762 3057 2773 3091 :
2793 3040 3075 3103 Memento,
3094 3038 3341 3102 Domine,
3356 3038 3465 3090 Da-

304 3094 313 3095 κ
442 3094 445 3095 ν
778 3094 796 3112 ι
881 3094 937 3112 ικ
1877 3094 2303 3115 “ﬁrmem-
3059 3094 3071 3103 ι
3331 3094 3341 3102 .

197 3129 434 3183 Psalmis
466 3135 694 3183 resonat
719 3129 911 3183 dicens
943 3147 955 3184 :
991 3132 1098 3198 Ego
1127 3148 1325 3200 egenus
1354 3138 1400 3185 et
1426 3149 1638 3202 pauper
1664 3151 1787 3188 sum
1807 3094 1852 3154 Ο
1874 3136 1985 3198 vid,
2009 3138 2057 3186 et
2085 3134 2266 3186 omnis
2293 3130 2745 3185 mansuetudinis
2775 3131 2891 3197 ejus
2923 3129 3027 3194 (Ps.
3057 3142 3234 3193 cxxxr,
3264 3126 3342 3193 1).
3362 3125 3466 3180 De-

199 3218 359 3286 (Psal.
396 3232 543 3283 Lxlx,
574 3218 648 3287 6).
676 3219 746 3272 Et
770 3236 996 3273 rursum
1028 3238 1039 3272 :
1080 3221 1294 3287 Egerius
1323 3238 1449 3275 sum
1478 3239 1589 3290 ego,
1639 3229 1688 3277 et
1726 3227 1789 3277 in
1870 3224 2041 3294 nique
2072 3227 2130 3276 et
2155 3222 2375 3293 Moyses
2405 3220 2610 3273 idcirco
2648 3218 2951 3272 maximam
2978 3216 3222 3288 gratiam
3243 3216 3468 3288 jamdu-

196 3309 474 3361 labor'ibus
502 3324 538 3361 a
567 3312 859 3376 juventute
912 3325 1031 3362 mea
1082 3311 1187 3381 (Ps.
1233 3322 1469 3374 Lxxxvu,
1532 3311 1635 3372 16).
1680 3313 1789 3367 Sed
1870 3313 2005 3367 dum
2035 3312 2184 3383 apud
2213 3312 2391 3365 Deum
2419 3308 2636 3375 habuit,
2669 3308 2802 3380 quia
2836 3307 2989 3362 mitis
3016 3306 3141 3362 fuit.
3191 3306 3351 3361 Unde
3396 3306 3468 3361 ad

194 3396 310 3450 talis
346 3396 593 3466 profecto
624 3404 928 3467 paupertas
958 3398 1114 3451 valde
1143 3399 1388 3469 locuples
1433 3404 1620 3465 238
1668 3402 1788 3471 jam
1870 3400 2227 3473 perfectionis
2258 3400 2515 3454 laudem:
2548 3399 2703 3464 Erat,
2736 3398 2939 3469 inquit,
2990 3398 3192 3464 Moyses
3238 3397 3469 3450 mitissi-

193 3484 353 3555 regni
368 3486 598 3556 praemio
618 3486 805 3551 datur,
839 3488 999 3556 cujus
1019 3488 1202 3557 portio
1222 3493 1278 3541 et
1298 3488 1594 3543 haereditas
1636 3490 1789 3544 Deus
1871 3508 1994 3545 mus
2012 3506 2175 3559 super
2186 3506 2368 3543 omnes
2382 3492 2483 3557 qui
2504 3489 2874 3542 morabantur
2892 3489 2955 3540 in
2980 3491 3133 3540 terra
3152 3486 3340 3556 (Num.
3365 3499 3463 3552 χιι,

194 3591 302 3629 esse
316 3576 594 3629 creditur.
626 3576 1040 3647 Beatus,inquit
1057 3578 1355 3649 Propheta,
1376 3584 1610 3647 populus
1631 3584 1789 3648 cujus
1871 3579 1946 3649 3).
1976 3579 2128 3633 Felix
2156 3594 2350 3631 revera
2390 3577 2587 3642 virtus,
2630 3592 2731 3647 pro
2780 3591 2892 3646 qua
2926 3571 3301 3637 credentibus,
3353 3588 3467 3627 non

197 3665 460 3718 Dominus
529 3666 668 3718 Deus
724 3672 798 3718 est
854 3668 1020 3732 (Psal.
1083 3679 1273 3732 cxun,
1338 3666 1464 3736 18).
1528 3669 1596 3722 Et
1644 3668 1788 3735 ideo,
1873 3674 2027 3722 terra
2056 3685 2177 3738 quae
2193 3664 2676 3720 maledictionibus
2693 3663 2964 3734 subjacet,
2997 3678 3166 3733 quam
3191 3662 3466 3716 nemoho—

200 3769 515 3824 quanquam
539 3752 734 3807 beatos
754 3754 945 3808 dicant
961 3772 1056 3809 eos
1076 3756 1281 3826 quibus
1301 3757 1416 3815 haec
1437 3773 1558 3828 qua:
1595 3759 1792 3812 mundi
1875 3757 2089 3811 minum
2105 3754 2703 3827 permansuetudinem
2718 3753 2984 3823 possidet,
3001 3751 3257 3805 sedterra
3269 3750 3465 3820 utique

199 3850 321 3895 sunt
341 3842 608 3907 afﬂuunt,
641 3842 742 3895 Dei
757 3848 946 3897 tamen
962 3843 1173 3913 judicio
1190 3843 1338 3898 beati
1373 3862 1648 3917 pauperes
1675 3847 1790 3917 spi-
1874 3845 2179 3899 viventium
2199 3844 2257 3897 in
2273 3842 2680 3914 possessionem
2696 3841 2950 3911 largitur.
2979 3840 3125 3894 Nam
3152 3838 3335 3910 primo
3362 3839 3466 3893 ho-

200 3931 303 3984 ritu
334 3932 735 4003 praedicantur.
770 3932 1053 4003 Pauperes
1083 3939 1271 3988 autem
1292 3934 1510 4005 spiritu,
1552 3936 1792 3991 humiles
1874 3935 2013 3989 mini
2040 3933 2336 4005 pcenaliter
2370 3932 2583 3986 dictum
2613 3936 2733 3985 est:
2770 3932 2938 3983 Terra
2966 3945 3035 3994 es,
3065 3934 3114 3981 et
3148 3931 3212 3981 in
3256 3932 3468 3999 terram

200 4026 250 4072 et
276 4022 543 4075 timentes
561 4022 741 4075 Deum
757 4021 1168 4092 intelliguntur.
1195 4024 1372 4090 Quod,
1403 4024 1547 4079 sicut
1566 4025 1789 4079 initium
1874 4027 1979 4078 ibis
2016 4024 2161 4091 (Gen.
2194 4037 2275 4089 ιιι,
2312 4020 2393 4091 19)
2422 4040 2434 4088 ;
2468 4020 2777 4076 mansuetis
2805 4035 2954 4084 vero,
2983 4017 3131 4089 quod
3163 4019 3274 4087 Ipsi
3302 4017 3471 4071 hare-

199 4110 478 4179 sapientiae
498 4116 586 4164 est
614 4111 786 4164 timor
810 4111 1052 4177 Domini,
1085 4112 1162 4165 ita
1188 4112 1418 4183 spiritus
1443 4115 1790 4185 paupertatis
1872 4116 2369 4178 ditabuntterram,
2386 4108 3467 4176 etdelectabanturinmuttitudinepacis

197 4199 374 4267 prima
392 4199 685 4254 beatitudo
702 4201 948 4271 ponitur.
965 4202 1110 4254 Nam
1129 4202 1389 4273 spiritum
1410 4204 1711 4257 contritum
1735 4211 1791 4259 et
1875 4205 2039 4268 (Psal.
2062 4216 2244 4267 xxxvi,
2263 4202 2373 4269 11).
2391 4201 2568 4271 Igitur
2588 4216 2699 4254 non
2719 4199 3174 4254 inconvenienter
3185 4198 3330 4251 hanc
3345 4196 3466 4267 plu-

200 4285 557 4343 humiliatum
586 4290 738 4343 Deus
767 4305 881 4343 non
914 4290 1146 4361 spernit.
1185 4293 1462 4346 Caeterum
1486 4309 1626 4363 quos
1646 4310 1790 4365 prte-
1873 4293 2033 4347 rimis
2064 4292 2177 4346 dixi
2202 4299 2459 4347 constare
2488 4290 2777 4363 partibus;
2811 4288 3265 4361 quandoquidem
3315 4287 3466 4342 inter

196 4379 437 4448 sumptio
462 4378 695 4450 spiritus
726 4379 905 4442 inﬂat,
940 4385 997 4433 et
1016 4386 1284 4451 tanquam
1308 4387 1473 4435 vento
1522 4382 1792 4438 distendit
1811 4375 2194 4437 Dmansuetos
2216 4388 2272 4436 et
2294 4382 2476 4446 mites,
2498 4380 2737 4435 humiles
2758 4384 2929 4450 atque
2949 4378 3235 4449 benignos,
3257 4393 3466 4448 magna

198 4467 473 4537 superbia,
501 4469 623 4538 jam
650 4470 779 4539 jure
807 4469 1027 4523 timoris
1055 4470 1389 4541 supplicium
1420 4471 1525 4525 hac
1572 4472 1630 4525 in
1676 4473 1791 4527 vita
1873 4488 2093 4526 morum
2114 4471 2358 4525 afﬁnitas
2384 4476 2599 4541 regnat,
2635 4486 2873 4541 quorum
2899 4468 3012 4523 vita
3053 4467 3329 4522 bonorum
3360 4467 3464 4521 ho-

199 4557 490 4624 pcenaliter
509 4564 711 4615 vastat.
736 4559 921 4613 Sedet
935 4558 1101 4612 rebus
1124 4576 1415 4630 pauperes,
1440 4561 1549 4631 ipsi
1569 4578 1791 4633 quoque
1871 4561 2088 4615 minum
2110 4567 2243 4631 apta
2282 4559 2552 4631 probatur
2593 4558 2890 4613 consortio.
2938 4556 3151 4611 Idcirco
3190 4556 3309 4611 haec
3350 4571 3464 4610 non

195 4644 318 4711 jure
348 4645 495 4699 beati
521 4647 891 4718 accipiuntur,
914 4648 1045 4718 quia
1076 4665 1181 4702 nec
1198 4648 1404 4703 habere
1431 4650 1678 4705 indebita
1698 4668 1791 4705 cu-
1872 4651 2091 4703 modica
2117 4649 2447 4704 aestimanda
2466 4660 2569 4715 est,
2602 4648 2673 4701 ad
2700 4649 2860 4718 cujus
2886 4645 3197 4716 magisterii
3223 4644 3462 4699 formam

200 4734 376 4802 piunt,
404 4741 461 4789 et
488 4736 684 4790 habita
703 4737 987 4807 possidere
1006 4744 1389 4803 contemnunt,
1414 4745 1514 4793 aut
1530 4746 1679 4794 certe
1699 4758 1788 4794 se-

201 4825 462 4895 metipsos
481 4826 808 4889 aﬂicientes,
838 4842 1111 4897 possessa,
1148 4827 1307 4897 quasi
1338 4828 1479 4881 nihil
1494 4828 1784 4897 haberent,

198 4912 319 4967 aliis
346 4915 677 4985 largiuntur.
698 4916 1016 4979 Quamlibet
1037 4918 1236 4971 harum
1252 4919 1534 4989 acceperis
1552 4936 1789 4991 pauper-

200 5008 392 5067 tatem,
415 5012 559 5059 recte
589 5006 878 5059 exordium
910 5005 1273 5061 beatitudinis
1299 5008 1668 5063 sentientibus
1689 5010 1788 5063 bu-

200 5092 354 5145 milia
374 5094 638 5149 Dominus
660 5095 919 5166 promisit
939 5109 951 5143 :
976 5096 1067 5167 qui
1086 5096 1223 5150 nihil
1245 5097 1354 5151 nisi
1377 5098 1524 5167 quod
1540 5114 1788 5152 commu-

201 5180 285 5233 nis
309 5189 511 5238 natura
532 5185 697 5239 docet
715 5192 1007 5257 appetunt,
1031 5192 1088 5240 et
1106 5187 1176 5240 ad
1193 5186 1405 5241 nullam
1428 5186 1787 5241 altitudinum

202 5267 549 5327 insolentiam
569 5274 787 5344 erigere
803 5292 863 5328 se
882 5276 1133 5346 cupiunt.
1152 5277 1271 5330 Imo
1288 5276 1406 5329 sola
1427 5292 1548 5346 quae
1567 5276 1786 5331 timoris

203 5364 333 5412 sunt
353 5367 409 5415 et
422 5378 558 5417 verae
579 5363 936 5431 humilitatis,
952 5381 1066 5418 scm
1075 5381 1171 5435 per
1184 5366 1461 5418 excolunt.
1485 5365 1565 5418 De
1581 5365 1787 5420 talibus

204 5446 354 5500 enim
374 5448 647 5522 Propheta
674 5468 739 5505 ex
769 5469 1008 5524 persona
1037 5454 1337 5508 Salvatoris
1364 5453 1476 5508 ait:
1519 5455 1786 5509 Dominus

205 5540 375 5589 unxit
392 5555 483 5605 me,
500 5547 725 5611 propter
740 5544 882 5611 quod
889 5547 1109 5611 evangel
1116 5547 1266 5597 isare
1276 5546 1514 5612 pauperi
1517 5545 1611 5598 bus
1630 5548 1783 5600 misit

206 5638 291 5677 me
318 5622 457 5684 (Luc.
496 5644 568 5696 ιν,
615 5628 722 5695 18;
769 5632 876 5686 Isa.
927 5645 1034 5697 LXI,
1088 5633 1160 5704 1).
1212 5634 1281 5688 Et
1321 5632 1460 5690 bene
1503 5635 1664 5706 quasi
1719 5650 1784 5689 ex

1871 4741 2182 4810 praelectus,
2216 4740 2421 4792 virtute
2442 4738 2697 4793 Christus
2726 4736 2953 4807 egregia
2971 4737 3257 4791 doctorem
3288 4751 3350 4789 se
3369 4733 3462 4788 ob-

1868 4830 2019 4897 tulit,
2054 4836 2111 4883 et
2137 4830 2262 4883 vitae
2293 4827 2584 4900 praeconiis
2612 4827 2952 4898 praecipuam
2976 4825 3297 4880 declaravit.
3316 4824 3459 4879 Huic

1870 4935 2003 4972 sane
2033 4918 2173 4972 bene
2198 4917 2422 4988 pietatis
2468 4916 2699 4987 spiritus
2744 4920 3057 4987 coaptatur,
3107 4914 3239 4986 quia
3280 4914 3461 4986 pietas

1870 5014 2188 5062 sanctarum
2208 5008 2621 5079 Scripturarum
2640 5011 2839 5060 cuncta
2858 5005 3038 5059 credit
3055 5005 3297 5076 eloquia.
3313 5005 3460 5058 Nam

1869 5097 2021 5151 mitis
2051 5113 2162 5150 non
2192 5096 2423 5163 resistit,
2460 5110 2640 5166 neque
2669 5096 2839 5149 audet
2859 5094 3258 5159 contradicere,
3303 5092 3462 5163 quid-

1870 5187 2001 5257 quid
2029 5186 2087 5239 in
2114 5186 2194 5240 eis
2222 5185 2607 5240 annuntiatur.
2642 5186 2761 5240 Imo
2790 5184 2939 5239 cedit
2981 5180 3455 5254 improbitatibus,

1870 5280 1928 5328 et
1954 5280 2275 5329 constanter
2300 5275 2473 5329 vincit
2494 5275 2553 5329 in
2577 5275 2722 5329 bono
2751 5275 2983 5328 malum.
3024 5272 3177 5327 Felix
3221 5271 3460 5326 nimium

1868 5364 2192 5434 hujusmodi
2221 5366 2488 5431 ascensio,
2524 5369 2583 5419 et
2610 5364 3150 5419 ordinatavirtutum
3179 5362 3465 5434 dispensa-

1870 5454 1971 5508 tio.
2006 5455 2079 5509 Ut
2107 5454 2288 5525 prima
2316 5453 2601 5508 beatitudo
2628 5454 2703 5509 sit
2729 5459 3083 5526 contemptus
3123 5453 3330 5517 saeculi,
3374 5450 3464 5507 cui

1860 5544 1989 5615 jure
2014 5543 2223 5598 dantur
2245 5543 2604 5616 sempiterna,
2633 5544 2681 5598 si
2709 5543 2834 5614 quis
2873 5544 3118 5615 primum
3146 5543 3287 5597 bene
3323 5557 3459 5596 con-

1864 5635 2160 5705 tempserit
2186 5634 2492 5691 saecularia.
2526 5633 2724 5707 Neque
2760 5632 2911 5689 enim
2950 5637 3137 5706 potest
3175 5632 3455 5705 quispiam
