3938 6174
489 304 596 364 219

1243 308 1300 363 s.
1342 307 1721 366 PASCHASH
1744 282 2119 367 summm
2156 307 2461 364 ABBATIS
2499 305 2999 365 consumam.

3603 315 3693 374 220

489 429 786 502 prmmium
797 430 1208 502 regnicoelestis
1220 432 1462 502 assequi,
1479 433 1550 503 si,
1571 434 1875 505 cupiditate
1886 434 2082 489 mundi
2098 435 2150 496 A
2167 450 2280 505 qua
2303 432 2584 506 possimus
2611 437 2841 505 peccata
2867 433 3095 500 deﬂere,
3121 437 3180 488 et
3201 449 3463 493 erumnas
3485 453 3694 509 presen-

490 533 739 589 pressus,
772 519 1085 590 respirandi
1112 520 1183 574 ad
1208 520 1471 577 sublimia
1498 539 1610 577 non
1627 523 1888 579 habuerit
1914 523 2081 578 facul-

489 611 687 662 tatem.
720 608 926 663 Rectus
953 609 1143 680 itaque
1172 611 1310 664 ordo
1332 612 1681 678 meritorum,
1730 620 1794 668 ut
1837 614 2082 684 primum

491 694 659 751 beata
680 703 985 767 paupertas
1009 715 1141 753 suos
1173 699 1327 753 intus
1353 701 1622 771 exspoliet
1650 707 1956 757 sectatores
2011 701 2083 756 ab

489 786 645 840 omni
671 785 797 840 labe
822 788 1033 857 peccati
1057 793 1114 841 et
1135 788 1409 859 superbiae
1435 790 1600 845 fastu.
1630 791 1844 846 Deinde
1869 807 1966 847 eos
1994 808 2084 847 ex-

490 875 669 930 terius
690 876 869 930 solvat
888 875 956 930 ab
972 876 1586 949 omniconcupiscentia
1605 881 1821 944 mundi,
1840 887 1905 936 ut
1917 881 2084 953 depo-

492 970 633 1020 nant
658 964 786 1018 hinc
814 964 945 1019 inde
973 966 1222 1021 tunicam
1248 968 1416 1038 primi
1435 970 1681 1039 parentis
1708 989 1720 1038 ;
1752 987 1936 1025 mores
1949 987 2084 1041 quo-

493 1070 601 1125 que
616 1059 892 1126 temperet
907 1057 1301 1123 mansuetudo,
1326 1062 1384 1111 et
1397 1058 1653 1114 mitescat
1666 1058 1908 1115 animus.
1926 1060 2084 1114 Alio-

491 1143 647 1215 quin,
672 1145 850 1213 Super
871 1162 1052 1213 quem,
1085 1145 1344 1201 Christus
1362 1148 1566 1219 inquit,
1588 1152 1941 1218 requiescam,
1970 1153 2085 1204 nisi

487 1249 650 1303 super
677 1235 969 1299 humilem,
998 1239 1047 1288 et
1075 1238 1344 1304 quietum,
1378 1242 1427 1291 et
1464 1243 1783 1293 trementem
1811 1256 2084 1294 sermones

492 1339 634 1378 meos
655 1329 680 1377 ?
703 1323 835 1391 (Isa.
860 1336 1006 1389 var,
1049 1322 1128 1393 2.)
1156 1324 1265 1379 Sed
1294 1331 1485 1392 240
1513 1327 1701 1382 venire
1721 1329 1792 1383 ad
1814 1329 2084 1383 virtutum

491 1411 739 1467 culmina
752 1411 984 1465 minime
1004 1418 1208 1482 potest,
1231 1414 1329 1484 qui
1359 1416 1596 1470 necdum
1619 1417 1815 1488 primis
1837 1418 2085 1489 vestigiis

491 1500 652 1571 sequi
666 1502 859 1571 jussus
879 1501 1167 1556 Christum
1178 1503 1344 1558 valet.
1369 1503 1723 1575 Impossibile
1737 1523 1981 1579 namque
1999 1514 2086 1563 est

494 1595 652 1645 extra
666 1590 921 1645 ordinem
937 1591 1239 1646 secundum
1252 1594 1492 1663 gradum
1511 1596 1829 1663 ascendere,
1844 1597 1952 1651 nisi
1975 1597 2085 1670 pri-

491 1695 647 1734 mum
676 1679 1143 1751 apprehenderis:
1169 1687 1226 1736 et
1236 1697 1590 1756 nequaquam
1612 1685 1765 1740 mitis
1783 1703 1905 1741 esse
1925 1692 2083 1758 pote-

2162 522 2308 579 tium
2325 522 2607 577 inhianter
2624 523 2837 593 lugere,
2862 523 3210 595 aliorumque
3221 525 3461 580 miserias
3487 527 3695 584 dilectio-

2162 612 2251 666 nis
2271 627 2462 666 amore
2475 618 2697 666 nostras
2724 611 2924 667 facere.
2954 613 3230 668 Caeterum
3257 613 3352 669 illa
3371 615 3697 687 lacrymarum

2162 700 2457 757 inundatio
2486 718 2609 772 quae
2639 700 2709 754 ab
2736 701 2951 772 irriguo
2977 703 3232 773 superius
3258 703 3509 769 nascitur,
3551 705 3700 776 magis

2164 808 2230 846 ex
2259 791 2535 845 desiderio
2562 790 2759 860 patriae
2787 791 3028 846 cmlestis
3078 793 3158 858 ﬁt,
3206 791 3337 846 dum
3386 794 3701 849 recordamur

2162 881 2314 935 illius
2333 880 2631 947 felicitatis,
2671 885 2730 934 et
2748 880 2981 935 dulcedo
3010 881 3298 936 suavitatis
3327 883 3443 952 ejus
3470 882 3701 953 quodam-

2163 971 2330 1025 modo
2357 970 2720 1039 intelligendo
2751 970 3011 1025 sentitur.
3044 971 3198 1025 Inter
3225 989 3345 1042 qua:
3365 972 3591 1026 lamenta
3629 972 3703 1027 hic

2163 1059 2408 1115 mundus
2434 1076 2549 1114 non
2578 1059 2687 1113 nisi
2705 1075 2895 1113 carcer
2913 1060 3241 1127 aestimatur,
3271 1066 3327 1115 et
3351 1077 3415 1115 ea
3440 1077 3551 1131 quae
3576 1060 3627 1114 in
3650 1076 3703 1115 eo

2163 1149 2347 1204 nitore
2363 1148 2797 1220 pulchritudinis
2811 1149 3072 1220 ﬂagrant,
3092 1166 3205 1205 non
3224 1149 3372 1204 aliud
3384 1165 3538 1220 quam
3551 1149 3704 1204 carnis

2162 1236 2349 1309 laquei
2378 1239 2723 1309 deputantur
2744 1257 2757 1305 ;
2780 1238 2930 1293 unde
2950 1239 3140 1293 renuit
3157 1238 3422 1294 consolari
3444 1238 3539 1291 viri
3558 1237 3706 1291 sancti

2165 1327 2372 1393 anima,
2405 1327 2662 1398 factaque
2691 1332 2777 1383 est
2808 1327 3181 1398 jucunditatis
3220 1326 3522 1391 delectatio,
3566 1325 3709 1379 solius

2165 1416 2476 1471 recordatio
2506 1416 2625 1471 Dei.
2643 1418 2718 1472 At
2747 1433 2875 1471 vero
2901 1417 3031 1472 talis
3063 1417 3287 1472 interim
3324 1415 3570 1486 lacrymis
3592 1414 3709 1468 refe-

2165 1512 2305 1572 ctus,
2324 1521 2493 1576 super
2512 1505 2801 1560 Christum
2816 1522 2915 1577 spe
2930 1506 3050 1560 sola
3062 1505 3341 1571 innititur,
3356 1505 3522 1559 donec
3535 1502 3711 1556 visione

2166 1595 2501 1666 quandoque
2527 1594 2585 1649 in
2612 1594 2797 1667 patria
2822 1594 3060 1649 fruatur.
3094 1595 3254 1650 Unde
3281 1593 3394 1649 suis
3420 1594 3529 1647 hac
3562 1590 3712 1646 beati-

2165 1685 2301 1739 tudo
2326 1683 2577 1738 confecta
2596 1683 2870 1755 partibus,
2902 1689 3002 1738 aut
3027 1688 3329 1755 praesentes
3375 1683 3518 1737 lavat
3554 1679 3714 1734 sordes

488 1768 588 1834 ris,
607 1768 714 1824 nisi
740 1769 897 1839 prius
914 1786 1129 1841 pauper
1147 1771 1348 1843 spiritu
1372 1772 1544 1828 fueris
1566 1776 1765 1829 tactus.
1792 1776 2085 1840 Quomodo
2099 1792 2146 1853 B
2164 1772 2449 1840 vitiorum,
2470 1780 2568 1828 aut
2585 1772 2787 1828 futura:
2812 1772 2933 1829 vitae
2950 1773 3241 1828 succendit
3257 1771 3436 1827 acrius
3453 1774 3712 1824 amatores.

490 1857 641 1912 inter
675 1857 898 1913 divitias
928 1859 1163 1930 positus,
1194 1860 1344 1915 inter
1377 1878 1541 1917 curas
1571 1870 1627 1918 et
1658 1864 2081 1932 sollicitudines,

492 1945 642 2001 inter
668 1946 797 2001 lites
826 1952 884 2001 et
913 1948 1298 2005 contentiones
1328 1954 1419 2019 (ex
1457 1952 1660 2022 quibus
1688 1954 1805 2019 iraa,
1845 1955 1996 2022 rixae,
2028 1960 2084 2009 et

490 2036 619 2092 odia
646 2036 768 2092 sine
796 2037 1211 2094 intermissione
1240 2047 1590 2109 nascuntur),
1621 2044 1846 2099 animus
1878 2046 2086 2115 poterit

492 2142 614 2182 esse
641 2126 797 2181 mitis
825 2131 883 2182 et
908 2127 1071 2194 lenis,
1103 2128 1211 2183 nisi
1250 2129 1408 2201 prius
1437 2147 1633 2186 omnes
1679 2132 2081 2190 discordiarum

490 2216 806 2270 occasiones
830 2216 1148 2287 praecideris
1169 2218 1193 2271 ?
1214 2218 1322 2273 Sed
1351 2220 1521 2289 huius
1550 2220 1793 2277 incendii
1846 2224 2086 2279 materia

488 2304 578 2359 vix
604 2305 677 2359 ad
695 2321 901 2376 purum
921 2305 1255 2373 detrahitur,
1283 2308 1521 2379 ideoque
1542 2309 1599 2363 in
1612 2310 1775 2365 nobis
1797 2328 1968 2382 quam
1987 2329 2084 2367 sae-

488 2409 560 2466 pe
588 2393 701 2449 ista
717 2382 1090 2449 mansuetudo
1120 2397 1517 2468 corrumpitur.
1541 2399 1701 2454 Unde
1721 2416 1889 2471 quam
1906 2401 2077 2456 bene:

560 2485 715 2539 Beati
741 2486 842 2553 qui
864 2488 1071 2553 lugent,
1102 2485 1270 2540 tertio
1314 2492 1569 2542 sacratur
1608 2488 1760 2555 loco.
1805 2491 2083 2555 Quoniam

489 2573 616 2640 etsi,
643 2590 766 2645 quae
783 2573 978 2628 mundi
989 2579 1140 2640 sunt,
1154 2590 1450 2647 moresque
1461 2576 1745 2648 improbos
1753 2578 1841 2651 abj
1849 2581 2079 2648 ecimus,

488 2668 547 2719 et
573 2663 838 2734 praeclara
859 2663 984 2733 jam
1014 2662 1221 2718 Christi
1254 2664 1494 2735 vestigia
1539 2672 1838 2736 sectantes,
1879 2671 2082 2726 hones-

486 2756 604 2808 tate
629 2768 852 2808 morum
882 2753 1174 2821 vestimur,
1207 2759 1384 2810 restat
1428 2755 1701 2812 rimarum
1745 2759 2082 2815 alluvionem

486 2841 829 2915 quotidianis
860 2842 1086 2898 fletibus
1106 2860 1432 2915 purgemus.
1466 2846 1673 2901 Luctus
1703 2864 1838 2903 sane
1886 2848 2083 2904 beatus

484 2946 600 2986 non
628 2946 741 2986 uno
769 2931 1080 3002 eodemque
1099 2933 1265 2987 modo
1295 2950 1519 3005 semper
1546 2937 1852 3007 accipitur;
1887 2943 1944 2993 et
1959 2938 2084 2993 ideo

485 3035 600 3074 non
623 3036 725 3091 pro
755 3019 911 3074 omni
930 3020 1086 3075 luctu
1107 3021 1297 3076 futura
1311 3024 1637 3090 consolatio,
1665 3026 1779 3080 imo
1807 3028 1988 3098 magis
2007 3028 2099 3082 ofr

2167 1863 2302 1928 Quae
2321 1863 2589 1917 nimirum
2608 1862 2804 1927 virtus,
2829 1862 2963 1934 quia
2972 1862 3219 1918 Trinitas
3229 1863 3376 1918 Deus
3389 1862 3599 1931 peccata
3612 1872 3716 1911 con-

2166 1953 2357 2021 donat,
2372 1952 2514 2007 bene
2526 1952 2695 2008 tertio
2705 1957 3067 2007 consecratur
3080 1952 3223 2018 loco,
3242 1956 3308 2006 ut
3319 1967 3384 2005 ex
3393 1949 3578 2003 aﬂ‘ectu
3592 1961 3717 2000 amo-

2166 2041 2243 2097 ris
2273 2043 2396 2112 ejus
2420 2042 2557 2095 vitia
2583 2042 2924 2107 relaxentur,
2952 2048 3010 2096 et
3026 2040 3217 2096 futura
3239 2035 3718 2110 contemplatiopul.

2166 2131 2421 2186 santibus
2438 2137 2565 2202 post
2578 2131 2856 2203 lacrymas
2873 2129 3397 2185 concedatur.Beati
3415 2142 3617 2199 quoque
3626 2139 3716 2179 non

2166 2218 2236 2274 ob
2250 2220 2356 2274 hoc
2371 2219 2654 2285 dicuntur,
2680 2219 2814 2290 quia
2832 2220 3056 2291 plorant
3077 2224 3132 2273 et
3162 2220 3303 2275 ﬂent
3321 2219 3465 2273 inter
3480 2213 3714 2277 miserias,

2165 2310 2263 2363 sed
2282 2309 2433 2380 quia,
2448 2308 2601 2363 exuti
2622 2308 2804 2374 malis,
2821 2309 3045 2362 aeternis
3063 2306 3497 2365 consolabuntur
3509 2300 3715 2374 gaudiis.

2164 2398 2354 2453 satiati
2376 2399 2498 2468 jam
2525 2398 2792 2453 felicitate
2812 2403 3107 2469 perpetua.
3146 2399 3332 2453 Causa
3349 2396 3531 2466 itaque
3549 2392 3720 2445 harum

2164 2487 2597 2555 beatitudinum,
2616 2504 2728 2542 non
2748 2488 3105 2559 praesentium
3127 2492 3218 2542 est
3231 2487 3465 2550 fructus,
3485 2486 3547 2537 ut
3561 2493 3724 2535 secun-

2164 2576 2298 2631 dum
2322 2594 2394 2632 ea
2422 2576 2573 2631 beati
2605 2577 2877 2643 dicamur,
2906 2577 3004 2631 sed
3033 2576 3359 2631 futurorum
3384 2568 3721 2644 repromissio,

2165 2684 2277 2737 qua
2303 2667 2509 2737 singuli
2529 2684 2563 2721 a
2581 2667 2803 2721 Christo
2827 2665 3242 2722 beatiﬁcantur.
3272 2664 3431 2720 Enim
3449 2677 3569 2717 vero
3585 2670 3727 2713 causa

2163 2760 2334 2811 tantae
2349 2755 2711 2811 beatitudinis
2732 2757 2851 2811 sola
2870 2755 3081 2811 Christi
3097 2756 3292 2827 gratia
3305 2760 3407 2821 est,
3434 2757 3490 2808 et
3506 2748 3726 2805 laborum

2164 2845 2403 2900 sollicita
2432 2845 2792 2900 concertatio.

2235 2937 2388 2989 Beati
2397 2937 2496 3003 qui
2506 2938 2760 2989 esuriant
2776 2941 2825 2989 et
2837 2938 3041 2990 sitiunt
3050 2937 3365 3004 justitiam,
3380 2932 3626 3003 quoniam
3639 2924 3729 2995 ipsi

2165 3025 2599 3078 saturabuntur.
2624 3024 2742 3078 Hoc
2761 3024 2936 3094 igitur
2962 3025 3082 3079 loco
3107 3025 3236 3095 jure
3259 3021 3504 3080 succedit
3526 3013 3729 3090 justiﬁes

486 3107 663 3162 fensio
681 3114 1002 3179 generatur.
1028 3110 1191 3164 Solus
1210 3111 1385 3181 igitur
1402 3112 1499 3167 ille
1518 3114 1702 3169 luctus
1729 3114 2079 3172 beatitudine
2096 3114 2139 3173 Ο
2162 3112 2393 3167 esuritio
2420 3130 2434 3179 ;
2470 3111 2602 3182 quia
2630 3113 2727 3183 qui
2766 3118 2993 3184 peccata
3023 3112 3289 3183 deposuit
3332 3125 3497 3168 causa
3536 3102 3727 3164 timoris

483 3196 732 3263 fulcitur,
760 3214 871 3268 quo
900 3197 1155 3269 partibus
1175 3199 1292 3255 suis
1320 3200 1450 3255 hinc
1472 3201 1601 3256 inde
1625 3204 1869 3274 perfecte
1886 3207 2082 3261 coeles-

483 3285 567 3340 tia
590 3285 1131 3358 meditamur.Cujus
1143 3293 1395 3344 extrema
1416 3306 1518 3363 par
1535 3298 1652 3346 sest
1670 3295 2084 3365 praeteritorum

485 3375 735 3430 maculas
755 3375 989 3443 deﬂere;
1008 3377 1197 3432 media
1218 3384 1407 3434 autem
1427 3382 1851 3451 praesentiarum
1869 3385 2078 3456 lapsus,

485 3469 545 3521 et
571 3465 828 3520 miserias
855 3465 1005 3521 inter
1032 3482 1172 3538 quas
1197 3484 1506 3536 versamur,
1542 3472 1895 3544 aliorumque
1920 3491 2081 3531 casus

483 3559 542 3609 et
576 3555 942 3623 calamitates,
974 3556 1264 3613 charitatis
1304 3559 1505 3616 affectu
1535 3562 1741 3617 acriter
1761 3564 2075 3634 condolere,

486 3660 736 3717 quosque
764 3651 1017 3701 mortuos
1045 3646 1330 3703 interdum
1343 3655 1595 3705 mortuos
1620 3651 1906 3723 plangere.
1932 3654 2079 3718 Quia

483 3734 735 3806 profecto
758 3751 921 3790 rarus
932 3736 1217 3792 invenitur
1236 3737 1333 3810 qui
1362 3755 1473 3793 non
1494 3740 1699 3796 habeat
1727 3758 1870 3812 quos
1890 3744 2079 3815 deplo-

482 3829 572 3880 ret
597 3830 870 3893 mortuos,
901 3830 1126 3898 peccata
1149 3827 1361 3883 scilicet
1396 3846 1498 3884 sua
1522 3831 1607 3884 vel
1634 3831 1895 3886 aliorum.
1930 3833 2077 3886 Nam

483 3915 762 3987 quomodo
784 3921 978 3972 nostra
996 3916 1328 3973 delictorum
1357 3918 1607 3974 facinora
1634 3922 1769 3975 ﬂere
1784 3938 1884 3975 nos
1908 3938 2076 3992 opor-

481 4008 618 4071 teat,
651 4005 826 4059 David
852 4021 919 4059 ex
954 4022 1015 4060 se
1043 4006 1308 4074 ostendit,
1340 4007 1530 4063 dicens
1553 4028 1565 4063 :
1610 4011 1818 4064 Lavabo
1842 4026 1943 4078 per
1961 4014 2077 4064 sin-

481 4097 641 4162 gulas
666 4099 842 4147 noctes
863 4097 1062 4149 lectum
1094 4112 1295 4161 meum,
1340 4099 1605 4164 tacrymis
1652 4102 1785 4152 meis
1832 4104 2075 4154 stratum

482 4197 669 4234 meum
699 4184 891 4249 rigabo
916 4184 1082 4248 (Psat.
1113 4198 1186 4249 v1,
1214 4183 1289 4252 7).
1310 4184 1591 4240 Caeterum
1610 4186 1848 4242 aliorum
1874 4189 2078 4243 delicta

482 4268 754 4323 Jeremias
770 4269 1361 4327 inLamentationibus
1376 4278 1440 4328 ut
1463 4290 1567 4328 sua
1586 4275 1757 4345 luget.
1778 4277 1936 4331 Unde
1955 4279 2037 4333 ait
2058 4296 2070 4332 :

484 4358 616 4425 Quis
644 4359 793 4412 dabit
815 4362 987 4429 capiti
1014 4377 1127 4415 meo
1161 4377 1388 4430 aquam,
1415 4368 1464 4416 et
1493 4366 1663 4417 oculis
1704 4368 1840 4419 meis
1868 4368 2074 4433 fontem

2163 3202 2284 3268 Dei,
2307 3207 2366 3256 et
2380 3217 2563 3256 mores
2591 3202 2831 3257 correxit
2851 3202 3306 3257 mansuetudinis
3326 3193 3728 3267 aﬂectu,delicta

2165 3307 2386 3362 quoque
2404 3292 2540 3346 ﬂere
2551 3291 2787 3359 studuit,
2806 3296 2864 3346 et
2876 3292 3033 3361 luget
3049 3307 3150 3363 per
3159 3291 3521 3351 desiderium,
3533 3296 3728 3341 succen-

2164 3398 2258 3436 sus
2278 3381 2518 3435 caelestis
2545 3381 2739 3453 patriae
2768 3397 2960 3436 amore
2984 3400 2997 3447 ;
3027 3398 3139 3436 non
3159 3386 3350 3453 potest
3357 3382 3477 3453 jam
3489 3393 3595 3433 non
3618 3387 3728 3428 esu-

2162 3472 2276 3525 rire
2302 3470 2583 3541 justitiam
2612 3476 2670 3525 et
2689 3471 2865 3526 sitire.
2900 3471 3009 3526 Sed
3039 3471 3212 3542 prius,
3249 3472 3387 3527 dum
3414 3468 3587 3523 adhuc
3603 3475 3729 3532 teget

2158 3560 2317 3631 gravi
2340 3566 2695 3631 premeretur
2721 3558 2934 3626 morbo,
2989 3561 3203 3615 esurire
3232 3558 3577 3632 nequiverat,
3617 3550 3729 3623 quia

2159 3648 2317 3706 bona:
2346 3649 2471 3705 vita:
2499 3650 2804 3717 fastidium,
2833 3650 3068 3720 justitiae
3097 3650 3253 3705 sitim
3271 3649 3616 3715 esuriemque
3633 3639 3729 3712 pel-

2159 3739 2328 3796 lebat.
2351 3738 2580 3794 Justitia
2596 3754 2841 3810 namque
2867 3739 3174 3794 multarum
3191 3740 3442 3810 partium
3459 3729 3728 3790 virtutibus

2158 3828 2494 3899 integratur.
2523 3829 2621 3883 Est
2648 3828 2798 3882 enim
2827 3828 2987 3899 quasi
3010 3845 3190 3899 genus
3226 3835 3555 3886 ceterarum
3581 3821 3729 3875 virtu-

2157 3921 2300 3982 tum,
2333 3916 2537 3987 quibus
2561 3923 2815 3972 constare
2845 3918 3082 3973 videtur.
3112 3918 3345 3975 Justitia
3381 3933 3511 3988 ergo
3538 3916 3620 3970 est
3642 3923 3730 3964 sua

2156 4007 2460 4079 unicuique
2478 4006 2746 4062 tribuere.
2770 4008 2914 4062 Hinc
2927 4013 3083 4079 patet
3101 4008 3252 4079 quod
3272 4025 3386 4064 non
3416 4022 3516 4078 pro
3544 4020 3599 4059 se
3616 4006 3728 4055 tan-

2158 4102 2280 4152 tum
2301 4096 2437 4167 agit,
2463 4113 2655 4152 verum
2675 4102 2734 4151 et
2752 4097 2878 4152 aliis
2899 4096 3194 4152 subvenire
3203 4099 3435 4168 gaudet,
3456 4112 3516 4151 se
3530 4102 3729 4166 quoque

2157 4186 2274 4240 Deo
2304 4186 2596 4241 reformari
2627 4191 2806 4258 parat,
2830 4191 2888 4240 et
2912 4186 3196 4241 communi
3222 4204 3354 4242 cum
3384 4182 3640 4259 proximis
3663 4176 3729 4232 of-

2158 4275 2282 4330 ﬁcio
2302 4293 2361 4331 se
2381 4276 2582 4331 vivere.
2596 4278 2733 4339 Quae
2761 4276 3030 4331 nimirum
3054 4281 3242 4342 $42
3262 4277 3444 4332 virtus
3462 4282 3728 4343 nunquam

2155 4366 2279 4421 sine
2306 4367 2507 4438 spiritu
2534 4367 2878 4422 fortitudinis
2906 4368 3266 4439 adimpletur.
3295 4368 3475 4433 Unde,
3504 4360 3729 4437 prudens

483 4450 873 4515 lacrymarum
895 4455 919 4503 ν
945 4451 1067 4518 (Jer.
1099 4466 1170 4518 IX,
1223 4450 1292 4519 1.)
1342 4452 1421 4505 Ex
1459 4468 1568 4522 quo
1616 4458 1769 4523 patet
1804 4455 1972 4525 quod,
2027 4443 2349 4522 siDlector,
2381 4457 2679 4527 diligenter
2704 4457 2933 4529 inspice,
2959 4457 3092 4529 quia
3118 4458 3356 4529 singulae
3376 4458 3497 4512 ista:
3516 4448 3729 4507 beatitu-

482 4536 736 4591 membra
747 4554 944 4593 sumus
964 4540 1232 4612 corporis,
1262 4540 1504 4596 aliorum
1517 4542 1747 4597 vulnera
1770 4544 1933 4614 quasi
1951 4561 2077 4600 nos-

481 4632 573 4681 tra
593 4643 790 4683 curare
815 4628 1100 4685 debemus.
1129 4631 1305 4685 Porro
1329 4632 1555 4687 Samuel
1579 4632 1807 4704 lugebat
1834 4635 1986 4701 Saul,
2019 4641 2075 4691 et

482 4715 692 4770 Paulus
712 4718 919 4773 multos
944 4735 1014 4773 ex
1038 4719 1127 4774 his
1151 4720 1248 4791 qui
1278 4726 1409 4776 ante
1445 4729 1815 4793 peccaverunt
1856 4729 1915 4778 et
1960 4742 2075 4780 non

482 4811 720 4874 egerunt
736 4806 1145 4876 paenitentiam.
1180 4810 1285 4864 Sed
1313 4815 1370 4865 et
1391 4810 1588 4865 Daniel
1607 4811 1784 4867 nimio
1802 4813 1957 4868 luctu
1975 4830 2077 4885 pro

481 4894 725 4966 peccatis
749 4895 992 4951 afﬁcitur
1023 4897 1282 4953 aliorum.
1315 4899 1474 4954 Unde
1500 4906 1557 4955 et
1581 4900 1639 4955 in
1668 4901 1772 4956 hac
1800 4902 2077 4973 lacryma-

480 5000 609 5039 rum
632 4985 796 5053 valle,
830 4985 980 5041 inter
1003 4986 1234 5058 laqueos
1262 4992 1320 5043 et
1343 4988 1635 5044 ruinarum
1684 4991 1891 5057 hostes,
1945 4992 2077 5063 quia

480 5090 648 5129 nemo
672 5080 970 5131 extraneus
988 5092 1022 5130 a
1043 5076 1290 5145 miseria,
1323 5094 1489 5133 nemo
1520 5079 1737 5135 alienus
1767 5080 1935 5136 debet
1953 5098 2075 5137 esse

480 5179 516 5219 a
542 5165 680 5221 ﬂetu
699 5171 756 5221 et
773 5165 997 5238 ploratu
1015 5166 1215 5233 cordis,
1243 5168 1293 5222 si
1312 5169 1623 5224 nonvultin
1644 5176 1933 5243 posterum
1954 5188 2076 5226 esse

479 5253 691 5325 absque
746 5255 863 5310 ullo
940 5256 1336 5312 consolationis
1393 5258 1610 5314 eﬂ‘ectu.
1688 5260 2076 5318 Veruntamen

477 5343 585 5399 iste
618 5344 803 5399 adhuc
827 5345 1066 5400 duarum
1110 5347 1356 5417 partium
1402 5347 1586 5403 luctus
1624 5349 1694 5403 de
1739 5350 1955 5421 irriguo
1995 5351 2079 5408 in-

476 5433 649 5489 ferius
713 5440 1057 5505 generatur;
1112 5435 1243 5491 licet
1296 5453 1462 5492 nemo
1522 5438 1616 5508 qui
1682 5446 1831 5495 recte
1906 5441 2072 5513 sapit,

478 5528 603 5590 24
617 5531 659 5592 |
687 5523 837 5579 hunc
852 5525 1263 5596 quodammodo
1285 5527 1356 5581 ad
1367 5526 1771 5584 beatitudinem
1791 5532 2077 5603 pertinere

475 5613 715 5672 dubitet.
738 5615 841 5671 Dei
863 5615 1056 5688 itaque
1070 5632 1305 5674 munere
1321 5622 1623 5691 prastatur
1632 5620 1858 5692 pietatis
1868 5622 2072 5693 gratia,

2134 4545 2333 4613 'dines,
2363 4551 2427 4600 ut
2451 4547 2672 4617 impleri
2687 4546 2920 4618 possint,
2950 4546 3279 4618 suffragium
3307 4545 3545 4602 totidem
3570 4540 3729 4595 dono-

2155 4649 2282 4687 rum
2310 4634 2613 4704 postulant.
2646 4635 2733 4701 Et,
2760 4640 2826 4689 ut
2863 4636 2983 4689 haec
3018 4635 3167 4690 dona
3198 4634 3597 4707 percipiantur,
3643 4624 3731 4679 d0-

2155 4727 2315 4778 cente
2342 4722 2594 4777 veritatis
2625 4724 2893 4794 magistro
2945 4740 3014 4779 ea
3056 4726 3117 4779 in
3161 4725 3419 4780 oratione
3465 4714 3734 4777 Dominica

2158 4817 2374 4882 septem
2403 4811 2660 4882 precibus
2689 4830 2849 4869 orare
2881 4830 3195 4869 monemur.
3229 4815 3375 4869 Nam
3404 4813 3465 4867 in
3491 4826 3557 4865 eo
3600 4798 3733 4878 quod

2160 4917 2405 4968 oramus,
2425 4902 2613 4957 Libera
2638 4919 2733 4957 nos
2759 4921 2794 4957 α
2814 4907 2962 4958 malo
2990 4905 3289 4970 (Matth.v1.
3308 4902 3419 4969 13),
3446 4898 3584 4957 nihil
3595 4888 3734 4951 aliud

2159 4990 2398 5045 dicimus
2426 4990 2534 5046 nisi
2562 4998 2627 5046 ut
2652 4992 2854 5064 spiritu
2882 4992 3114 5047 timoris
3144 4993 3264 5057 Dei,
3294 4992 3449 5047 intus
3468 4986 3644 5045 omnis
3658 4988 3735 5037 tu-

2157 5096 2284 5135 mor
2311 5080 2589 5148 elationis,
2618 5087 2676 5137 et
2694 5081 2911 5137 inﬂatio
2933 5081 3227 5154 superbiae,
3246 5097 3475 5137 necnon
3489 5083 3546 5134 et
3562 5071 3737 5131 omnia

2156 5170 2322 5226 noxia
2347 5187 2537 5226 rerum
2561 5173 2804 5226 exterius
2825 5172 3196 5243 depellantur,
3221 5179 3502 5245 quatenus
3521 5165 3620 5223 sub
3638 5160 3737 5233 spi-

2160 5260 2278 5316 ritu
2306 5263 2658 5333 paupertatis
2694 5261 2855 5317 beate
2884 5263 3067 5318 vivere
3097 5264 3393 5334 possimus.
3432 5260 3523 5316 Sic
3549 5255 3738 5329 qui?!”

2159 5350 2436 5422 sapientia
2455 5353 2556 5407 Dei
2572 5352 2756 5407 Patris
2781 5353 2898 5407 haec
2917 5358 3121 5408 cuncta
3135 5353 3393 5425 providit,
3408 5356 3476 5406 ut
3505 5355 3562 5404 et
3577 5344 3739 5439 virtus

2160 5441 2526 5496 beatitudinis
2556 5442 2900 5514 percipiatur
2925 5459 2991 5498 ex
3018 5444 3186 5509 dono,
3219 5448 3279 5500 et
3319 5442 3532 5497 donum
3576 5434 3740 5491 sancti

2161 5531 2402 5605 Spiritus
2424 5549 2587 5604 prece
2606 5534 2896 5599 orationis,
2919 5550 3088 5605 quam
3124 5534 3245 5605 ipse
3282 5528 3610 5603 composuit,
3649 5523 3742 5577 im‘

2158 5626 2430 5695 petretur.
2459 5621 2642 5680 Nemo
2668 5624 2844 5695 igitur
2870 5624 3044 5694 mitis,
3068 5624 3179 5680 nisi
3199 5638 3368 5696 quem
3394 5619 3626 5693 spiritus
3639 5610 3743 5686 pie-
