3938 6174
152 315 236 374 221

903 313 1285 371 EXPOSITIO
1322 315 1402 372 IN
1439 313 1885 373 MATI‘HIEUM.
1925 348 1991 361 --
2027 315 2165 373 LIB.
2208 315 2310 383 III,
2356 314 2514 371 CAP.
2554 315 2625 369 V.

3306 312 3414 372 222

152 442 264 501 tatis
297 438 630 495 irroraverit
646 457 658 494 :
676 444 733 494 et
750 444 815 495 ut
841 440 959 495 hac
979 440 1155 497 virtus
1170 443 1439 498 continua
1459 446 1731 510 servetur,
1749 444 1801 505 A
1815 443 1973 498 nulla
1993 443 2051 498 in
2072 460 2203 498 eum
2223 442 2410 513 passio
2430 442 2600 509 cadit,
2622 441 2722 496 sed
2741 442 3052 497 clementer
3068 441 3277 496 nostris
3287 440 3418 496 sub-

150 530 366 603 petimus
383 529 537 600 apud
554 545 688 583 eum
703 553 714 587 :
742 530 806 584 Et
824 546 890 583 nc
905 546 999 584 nos
1016 534 1248 586 inducas
1269 536 1335 587 in
1358 536 1733 587 tentationem.

151 618 611 688 Deindelugentes
631 618 875 673 scientiae
903 620 1108 690 spiritu
1128 622 1564 688 illustramur,ut
1596 622 1737 677 scire

155 708 410 781 possimus
442 707 649 778 quibus
679 708 842 762 malis
868 708 1220 777 involvimur,
1237 717 1295 765 et
1323 711 1394 765 ad
1425 728 1594 782 quam
1631 728 1734 782 pa-

152 799 293 854 triam
326 797 683 867 suspirantes
718 798 959 867 lugendo
992 800 1324 868 quantocius
1356 801 1621 854 festinare
1635 801 1734 854 de-

152 888 384 941 beamus.
404 886 519 939 Sed
536 892 599 940 ut
611 886 872 957 lacrymaa
889 889 1186 959 proficiant
1201 890 1543 960 lugentibus,
1567 906 1735 961 roga-

153 994 260 1031 mus
282 976 495 1029 dimitti
527 975 718 1029 debita
753 982 963 1043 nostra,
1014 977 1217 1049 quibus
1253 980 1583 1045 retinemur,
1621 977 1734 1053 [ut]

152 1066 392 1120 libertate
411 1070 659 1136 recepta,
683 1066 754 1119 ad
775 1066 1000 1121 Patrem
1024 1069 1208 1122 securi
1230 1069 1564 1140 quantocius
1580 1085 1736 1139 repe-

151 1157 348 1210 demus.
377 1156 458 1208 At
486 1170 615 1208 vero
645 1156 858 1210 esuries
889 1162 947 1210 et
969 1157 1202 1227 justitias
1234 1158 1356 1212 sitis
1390 1159 1733 1229 quandoque

152 1251 205 1299 ut
232 1244 297 1298 ad
323 1243 648 1298 satietatem
674 1245 972 1315 pertingat,
996 1246 1263 1302 fulciatur
1288 1248 1489 1318 spiritu
1517 1248 1738 1302 fortitu-

151 1334 294 1399 dinis,
327 1350 401 1387 ne
434 1333 702 1388 lassescat
725 1334 783 1387 in
828 1335 919 1388 via
941 1336 1157 1405 jugiter
1184 1336 1522 1406 rogandum,
1544 1337 1739 1391 fulcita

153 1439 263 1476 vero
290 1428 360 1475 ut
383 1422 537 1476 inter
563 1422 811 1477 detectus
837 1424 1024 1477 alatur
1054 1424 1255 1491 varios,
1282 1430 1339 1480 et
1357 1426 1414 1479 in
1432 1426 1616 1497 patria
1644 1443 1736 1481 sa-

153 1512 328 1575 tietur,
360 1511 642 1565 orandum
668 1530 680 1564 :
713 1514 919 1566 Panem
953 1519 1206 1567 nostrum
1249 1517 1642 1582 quotidianum
1671 1517 1743 1570 da

156 1602 286 1654 nobis
314 1601 482 1653 hodie
500 1602 652 1667 (Luc.
676 1615 755 1667 x1,
780 1599 853 1666 3).
885 1602 1007 1655 Tali
1039 1601 1214 1672 igitur
1240 1620 1385 1673 pane
1412 1604 1743 1670 refecti,non

1819 534 1973 588 venit
2000 532 2262 587 miseriis.
2294 533 2374 586 De
2402 548 2513 603 qua
2545 537 2696 586 recte
2723 531 3109 586 misericordia
3136 531 3413 585 Dominus

1819 622 1991 677 aliubi
2017 622 2185 676 dicit:
2222 624 2396 677 Estote
2419 638 2544 688 ergo
2572 623 2948 675 misericordes
2973 640 2989 674 :
3021 623 3165 674 sicut
3184 624 3234 673 ct
3254 622 3419 673 Pater

1819 719 1988 766 vester
2006 715 2318 766 misericors
2349 716 2424 765 est
2453 712 2597 779 (Luc.
2628 724 2702 771 v1.
2731 708 2840 776 36).
2873 712 2954 764 Ac
2984 710 3032 764 si
3060 709 3273 764 diceret
3300 726 3312 760 :
3345 707 3419 762 ad

1819 802 1923 855 hoc
1950 801 2297 855 miseremini
2325 799 2611 871 proximis,
2643 800 2715 852 ad
2746 798 2894 871 quod
2924 803 2982 853 et
3005 798 3064 852 in
3091 797 3293 869 quibus
3313 796 3418 851 mi-

1817 896 2039 945 seretur
2066 890 2466 955 Pater,scilicet
2483 896 2547 943 ut
2564 889 2788 943 bonitas
2811 888 3089 943 redundet
3103 888 3162 942 in
3179 887 3413 953 cunctis,

1819 981 1915 1050 qui
1944 980 2107 1034 malis
2124 980 2248 1033 ideo
2279 979 2580 1033 miseretur
2602 986 2659 1033 et
2678 983 2907 1050 praestat
2922 976 3189 1031 beneficia
3210 982 3275 1030 ut
3294 982 3419 1030 tan-

1816 1069 1941 1123 dem
1989 1068 2240 1123 bonitate
2292 1068 2589 1123 vincantur
2633 1071 3140 1138 convertanturque
3168 1066 3240 1119 ad
3264 1081 3414 1131 eum,

1818 1174 1927 1228 quo
1950 1158 2124 1229 possit
2144 1158 2225 1211 eis
2249 1157 2444 1228 largiri
2465 1173 2587 1227 quae
2602 1162 2788 1211 servat
2806 1156 2988 1211 bonis.
3025 1157 3095 1210 Et
3107 1154 3419 1209 notandum

1819 1248 2036 1318 quodin
2052 1249 2219 1317 hujus
2242 1246 2463 1301 virtutis
2480 1246 2705 1316 negotio
2714 1246 2872 1317 prius
2876 1245 3102 1316 justitia
3125 1242 3411 1315 praecedit,

1820 1337 2021 1392 deinde
2047 1336 2431 1392 misericordia
2448 1336 2806 1402 terminatur,
2831 1340 2888 1390 et
2905 1340 3076 1399 recte,
3100 1334 3233 1404 quia
3253 1348 3420 1387 nemo

1819 1428 2012 1497 justus
2036 1427 2157 1481 sine
2179 1425 2578 1491 misericordia,
2603 1425 2751 1479 sicut
2776 1441 2808 1478 e
2829 1424 3110 1478 contrario
3130 1438 3297 1477 nemo
3313 1421 3419 1474 mi-

1824 1517 2060 1570 sericors
2089 1516 2210 1570 sine
2233 1515 2474 1586 justitia.
2508 1514 2691 1584 Igitur
2713 1513 2950 1584 justitia:
2978 1513 3170 1566 lumen
3195 1509 3419 1564 miseri-

1824 1606 2046 1659 cordia:
2077 1605 2222 1660 sicut
2249 1603 2757 1658 misericordiarum
2794 1603 2971 1656 virtus
3005 1600 3231 1672 justitia
3267 1597 3420 1653 testi-

153 1689 357 1743 noxiam
388 1688 619 1743 sitimus
650 1689 960 1759 crapulam,
983 1691 1080 1744 sed
1111 1708 1178 1744 ea
1208 1691 1411 1761 quibus
1431 1693 1605 1747 tantis
1621 1710 1772 1764 per-A
1825 1701 2033 1749 matur.
2070 1695 2475 1749 Verumtamen
2494 1693 2554 1747 in
2583 1692 2786 1764 quibus
2814 1691 2976 1746 nobis
3001 1689 3279 1761 judicium
3305 1703 3420 1742 non

156 1784 399 1849 potamur
455 1778 871 1848 Scripturarum
911 1778 1199 1845 uberibus,
1231 1786 1289 1834 et
1318 1798 1428 1852 quo
1459 1762 1742 1837 reﬁcimur
1760 1762 1809 1822 B
1826 1783 2101 1850 est,debet
2117 1784 2287 1838 etiam
2309 1787 2505 1838 nostra
2518 1762 2904 1837 misericordia
2924 1780 3237 1846 dilatari,et
3264 1793 3422 1833 men-

154 1867 383 1938 corporis
397 1884 469 1921 ac
496 1867 789 1937 sanguinis
815 1875 1167 1924 sacramento
1196 1869 1463 1925 divinitus
1485 1871 1736 1941 aspirati.

155 1957 242 2011 Sed
270 1957 390 2011 haec
406 1973 637 2028 quoque
665 1973 779 2011 non
802 1958 924 2012 sine
947 1958 1190 2029 Spiritus
1222 1960 1401 2014 sancti
1424 1961 1607 2030 gratia
1641 1962 1740 2015 de—

150 2051 458 2117 gustantur.
484 2046 631 2110 Quia
649 2046 916 2117 profecto,
943 2048 1089 2102 sicut
1116 2065 1228 2102 non
1258 2049 1380 2103 sine
1407 2050 1530 2119 ejus
1555 2050 1742 2120 gratia

151 2136 551 2207 intelliguntur,
597 2135 682 2189 ita
724 2153 827 2190 nec
855 2137 977 2192 sine
1008 2138 1121 2192 ullo
1149 2138 1318 2208 digne
1365 2139 1736 2209 accipiuntur.

152 2226 287 2280 Unde
302 2225 706 2296 implorandus
723 2230 811 2281 est
828 2226 1059 2298 spiritus
1078 2228 1443 2294 fortitudinis,
1461 2235 1741 2299 quatenus

151 2331 235 2385 per
260 2332 387 2369 eum
424 2315 747 2383 esuriendo,
767 2316 839 2370 ad
861 2317 1179 2371 satietatem
1201 2317 1537 2389 quandoque
1557 2319 1743 2374 venia-

154 2404 559 2474 mus.Alioquin
590 2421 718 2459 cum
741 2404 800 2458 in
820 2405 1106 2473 nobis,aut
1126 2407 1286 2477 quasi
1308 2424 1370 2461 ex
1386 2407 1565 2475 nobis,
1591 2408 1740 2479 apud

150 2499 347 2547 nosmet
376 2493 543 2548 intus
589 2494 648 2548 in
679 2494 869 2548 animo
900 2496 1211 2550 exteriusve
1245 2496 1305 2551 in
1337 2496 1503 2551 rebus
1531 2498 1740 2552 sufﬁci-

151 2597 274 2647 mur,
306 2583 633 2638 cavendum
661 2589 748 2638 est
776 2601 847 2639 ne
884 2585 1272 2640 dimittamur:
1317 2587 1448 2657 quia
1477 2587 1737 2642 Christus

148 2674 434 2726 esurientes
466 2676 694 2740 replevit
722 2675 895 2739 bonis,
929 2675 1123 2727 divites
1148 2679 1331 2728 autem
1362 2677 1577 2729 dimisit
1607 2679 1735 2730 ina-

150 2776 227 2813 nes
257 2763 398 2825 (Luc.
432 2775 475 2826 Ι,
504 2759 615 2830 53).
644 2762 987 2827 Esurientes,
1015 2762 1265 2833 inquam,
1286 2769 1343 2818 et
1371 2781 1483 2819 non
1513 2770 1739 2836 torpen-

150 2855 429 2921 tes,neque
456 2849 514 2903 in
536 2866 596 2903 se
623 2855 723 2904 aut
744 2850 806 2903 in
832 2850 950 2905 suis
978 2850 1291 2922 quibusque
1312 2852 1480 2908 rebus
1504 2853 1737 2908 afﬂuen-

149 2943 236 2991 tes.
266 2939 488 2994 Verum
512 2939 739 3009 justitia
768 2956 880 2993 non
905 2940 1089 2994 minus
1119 2958 1286 3011 quam
1310 2942 1489 2997 tribus
1519 2943 1576 2997 in
1607 2960 1739 3015 par-

1822 1875 1897 1928 tis
1944 1875 2175 1927 alfectus
2225 1889 2495 1938 crescere,
2546 1877 2611 1926 ut
2659 1871 2896 1942 justitia;
2922 1870 3128 1925 veritas
3169 1869 3421 1940 apertius

1824 1963 2265 2017 commendetur.
2288 1964 2364 2016 At
2399 1978 2530 2015 vero
2573 1977 2813 2032 quorum
2846 1974 3044 2014 causas
3072 1964 3263 2025 πιι4
3287 1960 3417 2029 jure
3478 1966 3487 1973 ‘

1824 2053 2293 2117 discutimus,non
2309 2052 2368 2106 in
2383 2051 2596 2122 judicio
2616 2050 3006 2113 misereainur,
3036 2048 3134 2103 sed
3153 2053 3280 2119 post
3293 2063 3421 2102 sen-

1821 2143 2058 2196 tentiam
2075 2142 2133 2196 in
2156 2147 2430 2213 quantum
2455 2140 2635 2198 nostri
2655 2146 2742 2194 est
2760 2137 3280 2202 misereri,discrete
3307 2135 3417 2189 mi-

1822 2230 2129 2286 sereaniur.
2152 2231 2407 2285 Profecto
2427 2231 2602 2284 virtus
2630 2227 3025 2283 misericordiae
3066 2225 3275 2280 multas
3302 2224 3420 2280 efﬁo

1822 2320 2155 2376 cientiarum
2181 2320 2353 2375 habet
2372 2320 2654 2374 materias.
2685 2318 2795 2373 Sed
2825 2318 2982 2372 nulla
3011 2331 3208 2370 earum
3236 2315 3422 2385 major

1822 2411 1892 2466 ab
1907 2410 2236 2467 imminente
2258 2410 2455 2464 mortis
2467 2409 2852 2481 periculo,qua
2869 2406 3181 2461 liberantur
3196 2404 3417 2470 animae,

1823 2506 1880 2555 et
1904 2501 2094 2555 futura
2123 2499 2284 2553 venia
2310 2498 2577 2552 fratribus
2608 2496 2950 2569 providetur.
2984 2495 3121 2559 Quae
3150 2498 3215 2547 ut
3243 2491 3423 2563 possit

1820 2584 1952 2643 hinc
1978 2589 2112 2643 inde
2137 2588 2300 2643 bonis
2321 2587 2663 2659 quotidianis
2693 2600 3026 2649 accrescere,
3060 2582 3260 2655 spiritu
3293 2586 3424 2652 eget

1820 2678 2057 2744 consilii,
2086 2678 2207 2731 sine
2238 2693 2349 2748 quo
2390 2676 2553 2731 alteri
2580 2691 2746 2729 nemo
2766 2675 2838 2729 ad
2867 2673 3086 2727 veniam
3110 2672 3256 2742 juris
3283 2686 3419 2724 con-

1819 2769 1973 2823 sultu
1991 2768 2392 2838 circumspecte
2413 2764 2810 2820 miseretur.Et
2829 2763 2955 2817 ideo
2982 2759 3277 2815 indefessis
3295 2774 3420 2830 pre-

1820 2857 1976 2912 cibus
1997 2857 2272 2913 orandum
2300 2855 2461 2910 nobis
2486 2859 2589 2920 est,
2613 2860 2675 2909 ut
2698 2854 2799 2911 ﬁat
2818 2852 2876 2907 in
2903 2856 3059 2906 terra
3086 2849 3253 2904 sicuti
3281 2852 3339 2903 et
3357 2848 3419 2902 in

1821 2948 1997 3013 caelis,
2027 2948 2129 3001 Dei
2160 2947 2436 3011 voluntas,
2471 2944 2739 3016 quoniam
2765 2959 2879 2997 non
2912 2946 2999 2996 est
3024 2939 3277 3003 scientia,
3304 2953 3420 2992 non

144 3026 274 3083 tibus
301 3028 680 3098 adimpletur,
708 3045 838 3083 cum
868 3034 968 3083 aut
992 3034 1208 3085 natura:
1238 3036 1444 3086 nostra
1474 3049 1576 3087 sua
1610 3034 1744 3103 jura
1824 3042 1911 3092 est
1933 3036 2228 3092 consilium
2250 3039 2447 3089 contra
2463 3032 3148 3103 Dominum.Quapropter
3168 3027 3422 3083 volunta-

148 3116 256 3186 lege
281 3118 487 3172 divina
503 3123 919 3184 servamus,aut
938 3135 1065 3173 cum
1090 3118 1740 3187 fratribuszeﬂacerta-
1759 3125 1801 3184 C
1824 3132 1938 3181 tem
1969 3125 2194 3181 Domini
2221 3124 2594 3189 consulentes,
2630 3122 2911 3193 agendum
2942 3124 3030 3175 est
3054 3118 3113 3172 in
3143 3118 3421 3172 alterutro

142 3204 228 3258 tim
248 3222 471 3278 eaquae
484 3205 780 3260 nobisﬁeri
794 3208 1055 3262 nolumus
1076 3214 1551 3279 opponentesmos
1567 3211 1737 3266 etiam
1820 3216 2158 3281 miserendo,
2194 3218 2474 3286 quatenus
2503 3229 2539 3266 a
2576 3212 2744 3266 malis
2780 3209 3041 3265 omnibus
3088 3207 3417 3263 liberemur.

144 3293 690 3366 impendimus,nein
719 3296 921 3367 quibus
942 3314 1237 3368 possumus
1254 3299 1736 3371 negotiis,patian-
1823 3306 1973 3359 Ordo
2001 3293 2192 3359 tamen
2223 3301 2755 3367 misericordiamm,
2789 3306 2854 3354 ut
2883 3315 2918 3353 a
2944 3315 3005 3353 se
3032 3296 3421 3367 unusquisque

141 3388 219 3438 tur
243 3386 299 3439 in
328 3386 711 3440 malis.Porro
743 3386 803 3440 in
840 3387 955 3440 Deo
980 3388 1263 3456 justitiam
1291 3394 1571 3455 tenemus,
1606 3406 1734 3444 cum
1818 3394 2068 3464 incipiat,
2100 3394 2244 3447 sicut
2271 3392 2541 3463 scriptum
2575 3396 2662 3445 est
2694 3408 2705 3443 :
2760 3391 3013 3443 Miserere
3056 3389 3261 3441 anima
3292 3391 3419 3453 tum,

142 3476 349 3544 quaeDei
368 3481 520 3530 sunt
533 3475 753 3529 ardenti
776 3476 966 3543 animo
986 3476 1340 3532 exsolvimus.
1362 3478 1519 3532 Unde
1541 3479 1689 3533 idem
1721 3498 1733 3532 :
1814 3486 2037 3552 placens
2056 3485 2161 3537 Deo
2179 3483 2371 3549 (Eccti.
2390 3497 2520 3547 xxx,
2542 3480 2856 3545 24).Finem
2869 3493 3001 3531 vero
3023 3474 3281 3531 Christus
3299 3474 3420 3546 ipse

138 3562 586 3635 Redditc,inquit,
611 3566 815 3620 Caesari
838 3582 957 3633 quae
975 3572 1106 3620 sunt
1135 3569 1435 3631 Cesaris,“
1464 3584 1581 3636 qua:
1608 3572 1738 3621 sunt
1834 3571 2103 3637 insinuat,
2149 3572 2259 3625 huc
2302 3573 2399 3641 qui
2438 3574 2599 3624 tanta
2627 3567 3009 3623 misericordia
3034 3569 3223 3620 motus
3246 3564 3420 3630 venit,

140 3653 221 3705 Dei
249 3656 348 3708 Deo
365 3655 749 3725 (Matth.xxu,
776 3653 891 3724 22).
925 3654 1083 3718 Quod
1114 3672 1248 3709 sane
1262 3655 1613 3725 justitiarum
1630 3656 1743 3711 cul-

139 3756 248 3797 men
274 3759 652 3816 nequaquam
680 3743 837 3814 prius
868 3743 1239 3814 complebitur
1267 3744 1327 3798 in
1360 3745 1539 3812 nobis,
1572 3762 1740 3817 quam

138 3830 200 3883 sit
224 3833 370 3887 Deus
403 3832 611 3887 omnia
639 3833 699 3887 in
716 3833 1057 3900 omnibus,et
1082 3851 1182 3887 nos
1201 3834 1250 3888 ei
1270 3851 1336 3888 ex
1364 3839 1484 3889 toto
1505 3835 1741 3906 subjecti

137 3918 292 3976 simus
344 3924 675 3993 Pr0pterea
701 3921 791 3976 hic
820 3923 1037 3977 esurire
1068 3940 1384 3993 possumus,
1416 3924 1618 3978 satiari
1652 3929 1739 3978 ta-

136 4025 250 4063 men
277 4011 595 4083 nequimus
625 4030 637 4074 ;
664 4011 796 4082 quia
826 4012 1063 4066 necdum
1094 4029 1197 4066 nos
1220 4013 1356 4079 Deo,
1391 4014 1742 4068 reluctantes

137 4101 340 4167 saculo,
374 4109 454 4155 ut
480 4100 719 4170 dignum
741 4106 827 4154 est
856 4102 1154 4156 restituere
1187 4102 1455 4157 valemus.
1481 4102 1589 4157 Sed
1612 4103 1743 4173 quia

136 4190 313 4243 satiari
342 4191 442 4247 hic
465 4206 585 4244 non
614 4207 935 4262 possumus,
970 4192 1127 4245 valde
1153 4192 1530 4246 necessarium
1565 4197 1744 4258 est,ne

138 4277 345 4334 fastidio
374 4286 680 4352 torpentes
709 4282 855 4334 tame
882 4287 1151 4351 perpetua
1174 4281 1507 4336 moriamur.

198 4371 347 4423 Beati
362 4371 1043 4438 misericordes,quoniam
1060 4374 1159 4439 ipSI
1174 4373 1614 4425 misericordiam
1627 4388 1752 4426 con-

1825 3660 1996 3715 etiam
2027 3668 2092 3714 ut
2117 3677 2217 3731 pro
2246 3658 2631 3730 peccatoribus
2659 3657 2827 3712 vellet
2853 3656 3017 3710 mori.
3068 3655 3213 3709 Nam
3238 3658 3297 3707 et
3325 3668 3422 3707 eos

1826 3766 1967 3821 quos
1983 3749 2305 3803 vulneratos
2325 3747 2553 3812 invenit,
2577 3747 2750 3802 livore
2775 3762 2877 3801 suo
2896 3744 3129 3809 sanavit,
3150 3741 3424 3814 propriis-

1826 3856 1934 3912 que
1964 3839 2238 3903 humeris,
2270 3837 2560 3908 sanguinis
2591 3837 2678 3892 sui
2717 3834 2995 3890 medicina
3029 3838 3210 3888 sertos
3229 3832 3300 3885 ad
3320 3846 3420 3901 pa-

1824 3929 1993 3983 triam
2015 3928 2242 3982 revexit.
2268 3927 2447 3992 Unde,
2472 3925 2607 3996 quia
2625 3941 2727 3980 suo
2754 3923 3007 3994 exemplo
3036 3925 3253 3976 tantam
3284 3934 3421 3991 prae-

1824 4017 1969 4072 stitit
1996 4016 2457 4083 misericordiam,
2472 4016 2601 4086 jure
2636 4013 2787 4069 beati
2818 4013 2915 4084 qui
2943 4028 3073 4066 eum
3100 4010 3415 4066 imitantur.

1824 4110 1899 4161 At
1924 4124 2055 4161 vero
2081 4110 2311 4161 econtra
2338 4104 2448 4160 illis
2463 4104 2740 4175 judicium
2768 4103 2891 4157 sine
2912 4098 3420 4171 misericordia,qui

1826 4196 2111 4251 noluerint
2139 4196 2198 4250 in
2229 4196 2335 4250 hoc
2362 4195 2565 4249 sa‘culo
2596 4191 2894 4264 egentibus
2916 4189 3192 4245 misereri.

1897 4288 2049 4340 Beati
2067 4287 2278 4339 mundo
2306 4285 2480 4350 corde,
2506 4287 2774 4353 quoniam
2800 4284 2909 4350 ipsi
2934 4282 3109 4335 Deum
3136 4281 3417 4334 videbunt.

1833 4374 2013 4438 Quam
2038 4375 2269 4445 pulchre
2287 4378 2446 4428 sexto
2467 4374 2588 4427 loco
2605 4368 3077 4427 cordismunditiu
3104 4369 3422 4441 ponitur,ut

140 4464 450 4526 sequentur.
481 4459 873 4514 Misericordia
886 4465 1075 4513 autem
1096 4477 1209 4514 non
1226 4460 1335 4515 nisi
1353 4461 1422 4515 de
1436 4462 1746 4531 praeceden-
1762 4450 1810 4509 D
1830 4463 1997 4518 homo
2027 4465 2257 4529 sensim,
2291 4463 2388 4534 qui
2418 4467 2572 4517 sexto
2602 4462 2693 4516 die
2717 4460 2975 4516 conditus
3017 4464 3121 4526 est,
3150 4475 3252 4530 per
3277 4458 3423 4512 hanc

139 4544 272 4601 tibus
295 4549 565 4604 nascitur
583 4548 873 4619 gradibus.
903 4550 1044 4602 Nam
1078 4550 1243 4619 plena
1259 4555 1316 4604 et
1336 4566 1465 4604 vera
1488 4567 1744 4622 compas-

142 4635 211 4688 sio
240 4639 593 4692 miserorum
618 4654 730 4692 non
763 4643 866 4703 est,
894 4638 999 4692 nisi
1027 4639 1374 4709 praecesserit
1398 4656 1529 4694 vera
1553 4640 1747 4694 humi-

140 4721 321 4781 litaset
336 4734 570 4781 natura;
584 4744 809 4781 commu
821 4727 1139 4793 r-io,deinde
1156 4735 1511 4783 mansuescat
1521 4730 1744 4785 animus

142 4812 326 4869 divinis
357 4832 598 4887 semper
625 4815 842 4887 legibus
888 4815 1196 4885 subjacere,
1234 4823 1291 4871 et
1336 4818 1570 4889 incipiat
1614 4836 1744 4874 suos

139 4910 582 4976 ceterorumque
632 4922 795 4960 casus
838 4911 897 4960 et
936 4906 1193 4960 miserias
1232 4908 1620 4978 eompatiendo
1652 4908 1745 4963 de-

142 4992 305 5059 ﬁeret,
326 5012 396 5050 ac
420 5001 642 5067 postea,
660 5001 951 5067 purgatus,
978 4997 1310 5068 quantisper
1319 4998 1599 5067 justitiam
1622 5015 1745 5053 esu-

143 5080 258 5137 rire.
295 5085 566 5149 Quarum
595 5086 666 5139 de
695 5090 962 5157 perceptu
992 5103 1120 5140 vera
1151 5086 1535 5141 misericordia
1564 5103 1739 5156 gene-

141 5179 306 5237 ratur,
326 5191 485 5245 quas
507 5175 602 5246 qui
627 5173 909 5242 habuerit,
942 5176 1195 5230 miserias
1216 5176 1505 5231 hominum
1528 5175 1745 5231 curabit

142 5272 256 5316 suas
276 5264 535 5331 efficere,
558 5264 773 5318 viribus
793 5282 1015 5336 quoque
1038 5265 1242 5336 quibus
1256 5264 1466 5337 poterit
1484 5265 1744 5321 omnibus

141 5350 446 5407 subvenire.
511 5354 611 5409 Cui
659 5355 706 5409 si
751 5355 988 5409 facultas
1038 5356 1185 5410 desit
1213 5355 1596 5419 subveniendi,
1631 5372 1744 5411 non

143 5454 257 5511 ergo
286 5444 617 5515 compassio
646 5444 1001 5499 miseriarum
1033 5445 1230 5499 deerit.
1266 5444 1358 5498 Ab
1402 5444 1506 5498 hoc
1534 5445 1742 5516 quippe

145 5531 529 5587 misericordia
554 5534 711 5589 dicta
737 5540 840 5601 est,
867 5541 929 5589 ut
949 5535 1004 5589 in
1025 5535 1190 5589 corde
1221 5533 1476 5589 miserias
1504 5534 1743 5590 aliorum

142 5626 345 5676 nostras
374 5621 676 5679 faciamus.
698 5624 848 5680 Deus
870 5624 1128 5693 vero,etsi
1146 5622 1460 5680 misericors
1482 5623 1724 5693 dicatur,

1828 4554 2024 4608 redeat
2045 4554 2117 4608 ad
2146 4553 2451 4623 imaginem
2480 4550 2781 4606 Creatoris.
2811 4550 2990 4614 Quam
3020 4548 3267 4620 profecto
3304 4563 3419 4601 non

1827 4643 1935 4697 nisi
1966 4643 2144 4712 caligo
2170 4642 2433 4695 vitiorum
2475 4639 2835 4694 oblitteravit.
2890 4638 3006 4693 Sed
3055 4637 3144 4692 his
3173 4636 3422 4708 depulsis

1826 4738 2103 4803 praecepta
2123 4718 2323 4785 salutis
2346 4735 2499 4784 recte
2519 4728 2898 4800 exsequimur,
2925 4732 2992 4781 ut
3004 4743 3200 4781 rursus
3215 4725 3423 4781 illumi-

1824 4821 1944 4876 nati
1966 4822 2145 4875 Deum
2170 4820 2358 4874 videre
2380 4818 2679 4890 possimus.
2703 4821 3055 4886 Praeceptum,
3078 4815 3266 4887 inquit
3289 4816 3426 4870 Pro-

1825 4912 2013 4982 pheta,
2046 4912 2273 4965 Domini
2327 4911 2578 4963 lucidum
2631 4910 2968 4962 illuminam
3023 4909 3201 4960 oculos
3247 4905 3420 4976 (Psal.

1826 5014 1979 5066 xvm,
2004 4999 2207 5067 9).Lux
2247 4998 2490 5069 denique
2540 5000 2946 5068 praeceptorum
2976 5010 3089 5049 non
3119 4998 3307 5064 potest
3331 4993 3422 5047 lu-

1824 5106 1949 5143 cere
1976 5089 2034 5143 in
2063 5089 2229 5143 domo
2273 5085 2656 5142 tenebrarum.
2706 5085 2918 5141 Idcirco
2956 5084 3239 5155 pellantur
3285 5082 3421 5137 vitia

1825 5179 2033 5233 nostris
2082 5176 2364 5244 cordibus,
2402 5182 2469 5232 ut
2497 5176 2846 5231 illustremur
2872 5175 2995 5229 luce
3022 5172 3422 5227 mandatorum

1826 5266 1946 5320 Dei.
1981 5265 2091 5321 Sed
2120 5266 2262 5320 forte
2284 5264 2633 5336 vult'aliquis
2653 5263 2734 5318 sic
2752 5262 2971 5335 operari
2987 5262 3232 5334 plurima
3247 5261 3424 5317 virtu-

1782 5420 1793 5431 .
1826 5361 1947 5410 tum
1976 5372 2165 5426 opera,
2184 5354 2465 5409 uthabeat
2481 5354 2665 5408 adhuc
2686 5353 2746 5407 in
2761 5357 2987 5424 pectore
3003 5351 3239 5423 alicujus
3256 5352 3420 5407 vitio-

1824 5459 1952 5498 rum
1982 5444 2298 5515 caliginem,
2324 5459 2494 5514 quam
2513 5441 2755 5498 necdum
2773 5441 2909 5497 velit
2932 5442 3056 5496 luce
3074 5440 3263 5511 fugari
3283 5442 3425 5496 veri-

1826 5534 1981 5588 tatis.
2000 5534 2144 5588 Huic
2161 5533 2408 5606 profecto
2433 5534 2522 5588 lex
2548 5533 2642 5589 illa
2665 5531 2927 5602 congruit
2946 5531 3016 5586 de
3039 5531 3277 5600 conjuge
3291 5546 3418 5584 car-

1824 5624 1977 5680 mine
1995 5624 2476 5697 redempta,cujus
2490 5623 2760 5679 nimirum
2772 5620 2895 5676 viro
2908 5621 2997 5677 lex
3005 5621 3175 5676 datur
3187 5620 3419 5687 ne,dum
