3938 6174
528 296 631 355 223

1295 301 1353 355 S.
1392 300 1769 359 PASCHASII
1806 302 2166 360 RADBERTI
2202 302 2507 359 ABBATIS
2550 299 3047 359 CORBEIENSIS.

3652 300 3747 357 ΨΜ

530 430 747 481 tartara
766 426 1104 499 liquerit,fas
1123 427 1197 482 sit
1224 427 1284 482 in
1311 444 1436 482 eam
1456 429 1673 483 lumina
1702 430 1944 483 ﬂectere.
1964 429 2123 485 Unde
2141 433 2189 491 A
2207 430 2370 486 nobis
2395 434 2545 485 recte
2598 428 2884 499 incipitur,
2919 425 3070 497 quia,
3104 424 3281 479 donec
3308 424 3393 479 lex
3416 425 3586 479 carnis
3614 442 3747 497 repu-

538 516 786 587 quidam:
815 520 1136 586 Quicunque
1150 519 1224 571 ad
1236 534 1499 586 superum
1519 519 1665 571 diem
1686 524 1922 572 mentem
1936 521 2130 573 ducere
2208 525 2348 591 gnat
2360 519 2473 590 legi
2499 518 2723 579 mentis,
2746 517 2929 589 pacati
2956 532 3070 570 non
3098 514 3263 568 modo
3292 514 3645 581 alteri,verum
3668 533 3751 571 nec

537 608 753 675 quaerit,
781 610 831 659 et
862 611 1169 660 tartaream
1203 609 1264 659 in
1292 622 1475 674 specus
1500 609 1674 661 victus
1708 611 1929 662 lumina
1964 612 2131 679 flectit

536 696 811 763 quidquid
835 698 1180 763 przcipuum
1209 696 1383 748 trahit
1414 698 1570 761 lucis,
1609 698 1793 764 perdit
1823 699 1957 751 dum
1988 700 2133 752 videt

535 783 1123 854 inferos.Quapropter
1134 783 1380 854 quinque
1390 784 1689 854 praemissis
1702 785 1986 856 gradibus,
2004 803 2134 858 pur-

534 873 754 942 gandus
769 878 855 926 est
869 879 1058 938 πιιδ
1074 873 1278 927 mentis
1298 874 1510 940 oculus,
1528 891 1599 929 ne
1612 874 1753 929 forte
1773 876 1961 931 inuno
1978 893 2133 930 man-

538 962 802 1016 datorum
817 962 1037 1016 animus
1058 962 1319 1029 offensus,
1347 964 1445 1017 ﬁat
1460 964 1711 1018 omnium
1735 982 1882 1019 reus.
1916 966 2130 1021 Idcirco

537 1067 680 1106 vera:
710 1051 1075 1106 beatitudinis
1103 1057 1323 1106 amator
1351 1051 1422 1105 ab
1449 1054 1600 1107 omni
1614 1053 1924 1109 labentium
1940 1072 2131 1109 rerum

2213 610 2374 666 nobis
2404 626 2525 665 esse
2544 624 2860 680 possumus.
2887 606 3177 661 Interdum
3198 610 3385 659 autem
3397 604 3642 659 inoffense
3662 623 3755 660 me-

2212 700 2457 755 dicinam
2478 699 2603 753 aliis
2627 698 2773 752 ferre
2802 696 3124 767 nequimus,
3149 694 3246 764 qui
3269 693 3429 747 divisi
3448 694 3502 747 in
3519 694 3661 749 nobis
3682 696 3755 749 in-

2212 794 2305 843 tus
2336 787 2483 841 civili
2512 786 2658 840 bello
2684 791 2988 839 vastamur.
3009 782 3221 838 Idcirco
3235 782 3391 853 prius
3415 781 3627 835 sedandi
3649 787 3758 835 sunt

2214 894 2408 933 omnes
2464 875 2637 930 animi
2693 879 2880 929 motus
2934 872 3229 942 carnisque
3276 870 3544 937 frenandi,
3588 870 3757 925 deinde

2212 982 2613 1039 componamus
2640 964 3000 1035 subjicientes
3038 978 3132 1016 eos
3160 960 3402 1032 spiritui,
3431 960 3689 1030 mentique
3709 977 3760 1014 ac

2212 1056 2439 1113 rationi.
2473 1055 2751 1109 calcantes
2800 1052 3079 1107 domando
3112 1065 3308 1104 omnes
3337 1048 3761 1120 concupiscentia-

536 1140 889 1213 jucunditate
921 1158 1042 1196 sese
1073 1143 1347 1210 extrahat,
1380 1147 1437 1196 et
1455 1148 1711 1197 avertens
1744 1160 1803 1197 se
1840 1149 2132 1206 converta-
2216 1163 2343 1201 rum
2374 1146 2566 1211 rimas,
2592 1144 2674 1197 ita
2702 1148 2767 1197 ut
2796 1142 3037 1212 imperet
3064 1140 3123 1193 in
3148 1139 3311 1193 nobis
3339 1138 3596 1209 quidquid
3620 1139 3763 1191 excel-

538 1234 634 1286 tur
655 1231 726 1285 ad
757 1231 1110 1286 dilectionem
1138 1238 1495 1287 aeternorum.
1517 1234 1942 1306 Contempletur
1961 1251 2025 1289 ex
2042 1235 2135 1289 de-
2216 1235 2425 1290 lentius
2463 1238 2567 1299 est,
2618 1238 2675 1287 et
2724 1236 2877 1285 totus
2923 1231 3092 1283 homo
3139 1234 3334 1282 noster
3362 1227 3593 1298 Spiritus
3615 1227 3762 1280 sancti

542 1320 748 1375 siderio
763 1320 1276 1376 incommutabilem
1295 1323 1698 1377 etimmensam
1718 1324 1993 1378 unitatem
2008 1324 2130 1387 Dei,
2217 1328 2413 1396 pareat
2441 1321 2773 1393 diSciplinis.
2795 1321 2949 1375 Tunc
2976 1322 3127 1372 recte
3154 1317 3278 1371 fons
3302 1316 3452 1387 pacis
3475 1316 3542 1369 ad
3555 1315 3676 1369 alios
3691 1315 3768 1368 de-

540 1411 910 1482 eamdemque
949 1411 1283 1466 Trinitatem
1320 1412 1556 1466 Deitatis
1600 1412 1970 1484 incapabilem
2006 1415 2135 1469 ﬁdei
2220 1413 2452 1477 rivatur,
2491 1427 2614 1465 cum
2648 1409 2707 1463 in
2734 1407 2895 1463 nobis
2950 1405 3282 1471 manaverit,
3316 1409 3373 1458 et
3399 1420 3583 1458 omnes
3611 1406 3764 1474 partes

543 1498 833 1573 intellectu
858 1500 1404 1571 comprehendat.0b
1430 1503 1591 1572 cujus
1611 1518 1879 1567 amorem,
1905 1502 2139 1573 expletis
2221 1501 2421 1556 animae
2450 1516 2515 1554 ac
2534 1497 2782 1569 corporis
2802 1502 3101 1568 occupatas
3114 1494 3381 1549 tenuerit.
3405 1493 3625 1564 Oportet
3640 1508 3764 1561 ergo,

543 1568 813 1660 gradibus
832 1587 902 1642 ab
922 1589 1077 1643 omni
1101 1590 1340 1661 strepitu
1352 1607 1559 1657 rerum,
1585 1596 1640 1645 et
1660 1592 1914 1663 appetitu
1943 1608 2142 1646 concu-
2224 1596 2497 1663 quantum
2529 1606 2595 1643 ex
2624 1588 2785 1642 nobis
2828 1592 2930 1652 est,
2964 1591 3022 1640 et
3053 1601 3181 1640 cum
3211 1582 3469 1638 omnibus
3494 1580 3768 1635 hominibus

545 1677 944 1749 piscentiarum
976 1678 1223 1733 alienum
1250 1696 1309 1733 se
1337 1679 1521 1747 faciat,
1558 1680 1741 1750 quoad
1761 1680 1938 1751 possit
1956 1680 2142 1734 videre
2224 1696 2419 1753 pacem
2450 1678 2675 1733 habere.
2718 1675 2930 1731 Deinde
2952 1674 3102 1728 inter
3113 1690 3175 1728 se
3203 1678 3263 1727 et
3281 1672 3340 1726 in
3367 1688 3447 1738 se,
3480 1670 3768 1724 dissidentes

546 1766 1027 1836 Deum,quantum
1042 1773 1227 1838 potest
1238 1767 1308 1822 ab
1320 1769 1407 1823 his
1422 1769 1517 1840 qui
1531 1769 1663 1824 huic
1675 1770 1877 1824 saeculo
1892 1769 2140 1823 moriun-
2158 1757 2205 1817 Β
2215 1768 2450 1842 justitiae
2474 1767 2694 1833 affectu,
2724 1764 2976 1835 singulos
3007 1763 3065 1817 in
3094 1779 3154 1817 se
3182 1769 3237 1817 et
3275 1778 3402 1816 cum
3431 1759 3669 1815 omnibus
3691 1774 3770 1829 pa-

545 1859 659 1909 tur.
693 1856 855 1911 Hunc
887 1856 1079 1927 itaque
1116 1862 1338 1912 tantum
1368 1857 1605 1929 quisque
1629 1859 1780 1913 videt
1804 1859 2139 1929 inquantum
2221 1863 2374 1913 catos
2402 1856 2766 1921 exhortando,
2807 1853 3099 1919 movendo,
3133 1851 3372 1923 agendo,
3396 1847 3773 1904 restituere.Ve—

549 1944 749 1999 saeculo
780 1945 1037 2002 moritur.
1080 1947 1265 2013 Videt,
1305 1947 1557 2019 inquam,
1606 1965 1707 2019 per
1756 1948 2043 2018 speculum
2086 1954 2144 2002 et

551 2033 849 2104 aenigmate
878 2034 1291 2104 quodammodo
1336 2036 1557 2103 certior,
1610 2036 1743 2107 quia
1763 2036 2062 2106 jucundior
2089 2036 2141 2090 ei

549 2122 765 2193 species
794 2123 933 2177 lucis
962 2123 1160 2195 incipit
1186 2141 1478 2196 apparere.
1505 2126 1571 2180 In
1597 2126 1785 2180 futuro
1812 2131 2021 2191 autem,
2047 2124 2144 2196 qui

551 2228 731 2281 usque
765 2211 836 2265 ad
875 2212 1022 2266 hunc
1051 2213 1342 2283 attigerint
1366 2214 1628 2284 gradum,
1663 2216 1782 2285 jam
1820 2214 2142 2268 mundicor-

554 2301 655 2355 des
682 2300 882 2367 Deum,
901 2301 1066 2355 sicuti
1086 2306 1188 2367 est,
1214 2302 1418 2356 mentis
1438 2303 1598 2357 oculo
1620 2302 1904 2358 videbunt.
1930 2304 1999 2357 Et
2016 2303 2142 2356 ideo

557 2388 788 2459 spiritus
818 2388 1204 2460 intelligentiae
1228 2391 1358 2445 huic
1377 2392 1576 2462 gradui
1593 2394 1721 2463 jure
1750 2397 2144 2464 aptatur,quo-

558 2477 714 2533 niam
743 2478 1060 2533 intellectus
1089 2480 1282 2534 oculus
1311 2481 1517 2535 mentis
1541 2487 1660 2548 est;
1694 2482 1883 2553 itaque
1911 2483 2150 2554 expletio

557 2567 956 2623 mandatorum
980 2569 1083 2623 Dei
1108 2569 1456 2624 intellectum
1477 2571 1677 2641 aperit,
1699 2571 1845 2625 sicut
1870 2570 2153 2643 Propheta

556 2656 707 2711 canit
734 2675 745 2710 ε
789 2657 836 2714 Α
862 2660 1148 2713 mandatis
1188 2662 1297 2714 tuis
1326 2663 1592 2715 intellexi.
1627 2661 1786 2715 Unde
1812 2667 2030 2716 constat
2057 2679 2154 2716 cor

558 2746 824 2801 mundari
854 2746 1075 2814 debere,
1120 2752 1178 2802 et
1222 2748 1394 2803 vitam
1438 2749 1740 2805 virtutibus
1766 2751 2057 2815 illustrari,
2088 2756 2155 2805 ut

556 2835 735 2891 simus
754 2836 849 2891 lux
869 2835 931 2890 in
950 2837 1205 2891 Domino.
1231 2837 1445 2902 Quibus
1460 2839 1704 2910 respersi
1721 2840 1949 2906 votis,in
1968 2841 2152 2895 lucem

559 2925 721 2982 nobis
739 2927 1051 2981 clarescant
1068 2927 1277 2992 omnia,
1307 2933 1365 2982 et
1383 2928 1671 2983 affectibus
1699 2935 2113 3000 prosequantur
2135 2950 2148 2990 :

556 3013 673 3069 tale
709 3015 916 3086 quippe
946 3033 1043 3071 cor
1067 3032 1305 3087 regnum
1331 3017 1461 3087 jure
1480 3017 1685 3071 dicitur
1709 3017 1832 3083 Dei,
1861 3023 1919 3071 et
1946 3018 2071 3073 ideo
2094 3023 2156 3072 ut

2222 1966 2287 2003 ra
2317 1947 2544 2018 quidem
2574 1962 2679 2017 pax
2706 1951 2810 2009 est,
2834 1942 2930 1998 ubi
2950 1942 3091 1996 nihil
3117 1945 3415 2013 repugnat.
3443 1940 3769 2009 Quapropter,

2225 2040 2330 2095 etsi
2359 2037 2520 2092 nobis
2549 2034 2731 2107 pacati
2762 2049 2975 2097 sumus,
3005 2031 3248 2086 sollicite
3291 2029 3685 2085 consideremus
3718 2041 3773 2079 ne

2226 2146 2259 2183 a
2288 2124 2728 2182 sanctiﬁcatione
2748 2121 2991 2176 nominis
3009 2120 3108 2174 Dei
3133 2120 3192 2174 in
3215 2119 3402 2190 aliquo
3423 2118 3773 2188 discrepemus.

2227 2217 2335 2272 Sed
2362 2215 2538 2287 patris
2555 2229 2761 2268 nomen
2776 2212 2836 2265 in
2858 2210 2990 2265 ﬁliis
3018 2208 3479 2276 dedicatum,vita
3500 2212 3553 2262 et
3568 2204 3776 2260 moribus

2225 2302 2737 2362 ostendatur.Unde
2757 2316 3011 2356 oramus:
3031 2298 3228 2354 Sancti
3228 2302 3420 2368 ﬁcetur
3434 2311 3619 2351 nomen
3629 2300 3773 2357 tuum,

2225 2411 2421 2451 revera
2451 2400 2516 2448 ut
2543 2399 2601 2447 et
2647 2408 2748 2446 nos
2780 2390 2960 2444 sancti
2990 2389 3186 2444 simus.
3222 2388 3405 2460 Igitur
3430 2403 3534 2459 pax
3558 2385 3657 2439 ista
3687 2397 3775 2436 non

2233 2486 2343 2541 nisi
2367 2484 2654 2539 voluntate
2685 2482 2834 2536 bona
2860 2479 3126 2543 nutritur,
3136 2478 3289 2550 quod
3309 2478 3449 2531 bene
3467 2476 3522 2530 in
3549 2479 3663 2529 ortu
3686 2470 3779 2526 Sal-

2232 2575 2443 2630 vatoris
2473 2571 2658 2643 angeli
2687 2571 3013 2625 cecinerunt
3036 2587 3048 2622 :
3077 2568 3271 2624 Gloria
3301 2571 3364 2621 in
3385 2566 3589 2620 excelsis
3612 2564 3716 2625 Deo,
3741 2564 3777 2612 et

2234 2670 2298 2720 in
2329 2671 2479 2719 terra
2496 2678 2614 2731 pax
2634 2661 2954 2714 hominibus
2986 2659 3134 2711 bonae
3158 2658 3461 2711 voluntatis
3488 2650 3774 2722 (Luc.u,li).

2235 2756 2393 2809 Hanc
2411 2752 2617 2823 quippe
2644 2749 2887 2804 mundus
2918 2748 3053 2800 dare
3074 2762 3187 2800 non
3218 2750 3406 2817 potest
3424 2758 3624 2815 pacem.
3653 2739 3781 2793 Hanc

2232 2845 2260 2899 J
2267 2859 2394 2898 esus
2423 2840 2583 2912 quasi
2626 2837 3009 2894 haereditatem
3036 2840 3094 2890 et
3119 2836 3540 2890 Testamentum
3567 2827 3781 2899 adoptio-

2233 2932 2321 2986 nis
2350 2931 2467 2985 suis
2496 2928 2725 2999 reliquit
2745 2926 3092 2981 hmredibus:
3126 2922 3548 2995 Pacem,inquit,
3569 2921 3628 2973 do
3645 2918 3780 2979 vobis,

2230 3037 2419 3091 pacem
2450 3020 2704 3086 relinquo
2753 3018 2902 3070 vobis
2927 3017 3106 3082 (Joan.
3148 3030 3258 3080 xiv,
3295 3012 3408 3081 27).
3446 3012 3512 3066 Et
3536 3024 3652 3063 vere
3690 3020 3784 3059 ma-

562 3103 664 3158 ﬂat
691 3104 751 3158 in
780 3104 941 3158 nobis
970 3120 1198 3159 oramus
1221 3123 1233 3157 :
1270 3107 1539 3160 Adveniat
1569 3122 1805 3174 regnum
1827 3112 2007 3161 tuum.
2049 3108 2153 3162 Re—
2172 3118 2214 3177 ο
2235 3126 2411 3182 gnum
2441 3105 2784 3161 hereditatis
2810 3103 3232 3171 commercium,
3252 3120 3363 3174 quo
3388 3101 3485 3155 ﬁlii
3506 3096 3675 3154 Patris
3692 3094 3785 3149 etii-

560 3208 738 3263 gnum
765 3192 957 3264 itaque
986 3193 1088 3248 Dei
1126 3193 1339 3248 munda
1362 3194 1637 3265 possessio
1665 3200 1766 3261 est,
1801 3201 1859 3249 et
1882 3201 2040 3250 tanto
2062 3197 2150 3250 in-

560 3280 789 3352 tegrior,
837 3288 1048 3353 quanto
1085 3282 1305 3353 plenior
1329 3283 1631 3338 virtutibus
1673 3290 1731 3339 et
1760 3286 2052 3356 purgatior
2077 3287 2154 3341 vi-

556 3370 672 3427 tiis.
705 3370 848 3435 Quia
876 3376 941 3425 ut
965 3372 1098 3437 dixi,
1132 3372 1383 3443 quandiu
1410 3378 1656 3428 mentem
1687 3374 1946 3429 vitiorum
1977 3375 2154 3446 caligo

563 3464 869 3532 torporque
897 3461 1130 3531 ignaviae
1154 3468 1341 3530 caecat,
1376 3478 1487 3517 non
1513 3463 1636 3518 dico
1669 3464 1859 3518 lumen
1886 3481 2025 3530 esse,
2055 3465 2155 3520 sed

562 3566 667 3604 nec
695 3566 798 3604 nos
822 3550 1001 3605 lucem
1020 3550 1210 3605 videre
1240 3568 1402 3623 posse
1421 3552 1632 3607 dubito.
1658 3553 1868 3608 Verum
1893 3570 1999 3608 nec
2029 3554 2155 3608 aliis

562 3638 740 3694 oculis
767 3637 1048 3694 videbitur
1074 3640 1224 3694 Deus
1250 3641 1493 3696 Trinitas
1541 3658 1705 3712 quam
1737 3643 1897 3697 oculo
1926 3643 2150 3698 mentis.

562 3728 681 3783 Nec
707 3727 943 3784 dubium
963 3730 1111 3801 quod
1134 3729 1283 3785 beati
1306 3730 1700 3786 mundicordes
1716 3731 1997 3799 dicuntur,
2022 3749 2157 3804 quo-

564 3834 693 3873 rum
719 3824 937 3874 mentes
965 3820 1256 3890 praemissa
1278 3820 1687 3876 beatitudinum
1716 3822 1978 3876 exercitia
2003 3822 2157 3876 illus-

566 3913 740 3974 trant,
790 3913 849 3964 et
887 3926 1084 3965 earum
1121 3910 1401 3966 munditia
1445 3910 1806 3965 directionem
1849 3911 2035 3972 cordis
2079 3910 2152 3965 ad

563 3999 851 4054 Christum
875 3999 1176 4069 gubernat.
1224 4000 1474 4055 Nimium
1515 4017 1736 4071 quoque
1768 4001 1958 4055 miseri
1988 4006 2045 4055 et
2072 4001 2154 4056 in-

563 4089 770 4155 felices,
810 4105 950 4158 quos
1006 4090 1188 4144 adhuc
1217 4090 1454 4145 intentio
1478 4091 1740 4147 vitiorum
1770 4098 1956 4147 caecat.
1989 4092 2151 4160 Quia,

565 4177 713 4231 sicut
739 4177 1088 4233 fastidientes
1116 4178 1360 4233 esuriem
1394 4179 1628 4249 justitiaa
1660 4181 1904 4236 vitaliter
1931 4198 2042 4236 non
2073 4199 2157 4236 re-

567 4265 798 4336 cipiunt,
829 4267 909 4320 ita
944 4267 1133 4321 caecati
1160 4269 1371 4338 peccati
1399 4269 1656 4338 caligine,
1700 4270 1881 4324 lucem
1902 4271 2030 4325 licet
2054 4271 2157 4324 ful-

564 4361 792 4427 gentem
819 4355 1009 4410 videre
1026 4362 1333 4428 nequeunt.

635 4447 804 4509 Beati,
831 4444 1036 4517 inquit,
1061 4448 1301 4516 paciﬁci,
1335 4449 1601 4515 quoniam
1632 4449 1741 4514 ﬁlii
1771 4448 1866 4501 Dei
1891 4450 2154 4504 vocabun-

567 4538 681 4588 tur.
741 4535 1108 4590 Pacificorum
1165 4535 1343 4606 igitur
1397 4535 1686 4591 beatitudo
1727 4536 2045 4608 adoptionis
2073 4544 2159 4593 est

565 4640 795 4689 merces,
847 4641 959 4696 qua
1011 4629 1364 4697 exspectatur
1392 4631 1457 4680 ut
1503 4625 1678 4681 simus
1729 4626 1847 4691 ﬁlii,
1880 4628 2028 4698 quod
2057 4644 2155 4700 spe

558 4714 680 4784 jam
696 4714 1114 4773 dicimur.Nihil
1143 4732 1275 4786 ergo
1297 4715 1458 4770 nobis
1473 4717 1716 4787 amplius
1742 4722 1842 4772 aut
1859 4718 2156 4790 perfectius

563 4804 993 4874 repromittitur.
1010 4806 1079 4860 Et
1093 4805 1217 4859 ideo
1229 4822 1485 4860 summus
1501 4811 1586 4860 est
1604 4806 1709 4861 iste
1726 4808 2150 4877 240gradus,

565 4893 637 4948 ad
667 4910 836 4964 quem
864 4900 1136 4965 purgatus
1148 4895 1385 4966 quisque
1400 4912 1624 4967 semper
1644 4896 1901 4963 intendit,
1925 4902 1981 4951 et
1996 4898 2154 4951 illus-

563 4988 746 5038 tratus
783 4983 1065 5055 dirigitur.
1100 4983 1207 5048 Qui
1246 4983 1469 5038 veritati
1498 5000 1600 5038 nec
1654 4985 1899 5057 seipsum
1930 4985 2154 5056 quidem

562 5072 794 5140 confert,
829 5089 930 5127 nec
955 5089 1084 5127 eum
1115 5089 1281 5144 quem
1309 5073 1457 5127 sicut
1484 5073 1728 5144 seipsum
1755 5074 1955 5145 diligit.
1990 5075 2076 5129 Ita
2094 5080 2157 5128 ut

563 5179 746 5235 neque
764 5163 1021 5235 placendi
1037 5163 1433 5234 studio,neque
1450 5162 1619 5217 ullius
1642 5164 2054 5218 commoditatis
2070 5180 2159 5219 vo-

562 5252 907 5323 luptatisque
956 5253 1132 5319 lucro,
1173 5258 1273 5307 aut
1314 5258 1464 5307 certe
1515 5253 1869 5308 adversitatis
1911 5254 2157 5325 periculo

565 5339 862 5411 frangatur
886 5342 973 5395 vel
1000 5342 1352 5395 deterreatur
1391 5358 1426 5395 a
1467 5358 1616 5397 vero.
1671 5343 1823 5397 Talis
1853 5360 2056 5414 nempe
2088 5344 2160 5397 ad

565 5428 730 5495 hanc,
757 5434 812 5484 et
839 5431 910 5484 ad
941 5430 1171 5501 spiritus
1192 5431 1549 5502 sapientiam,
1566 5448 1687 5502 qua:
1716 5432 1962 5487 maxima
1989 5433 2159 5487 dono-

569 5534 697 5574 rum
719 5524 826 5587 est,
860 5520 1115 5575 ordinate
1150 5521 1419 5592 pervenit,
1452 5536 1561 5592 qua
1595 5527 1824 5593 pacatus
1855 5523 1969 5577 Deo
2000 5527 2158 5577 tran-

565 5608 772 5681 quillus
794 5610 1093 5683 adoptione
1112 5610 1278 5667 beata
1301 5611 1540 5669 fruatur.
1573 5612 1682 5669 Sed
1710 5612 1828 5668 haec
1851 5614 2097 5685 primum
2125 5631 2161 5669 a

2234 3199 2415 3253 cimur
2441 3202 2499 3251 et
2526 3211 2767 3265 regnum
2808 3193 3078 3248 sortimur
3106 3197 3401 3247 aeternum.
3435 3188 3539 3245 Sed
3566 3197 3783 3258 quaeren-

2233 3289 2368 3343 dum
2400 3302 2510 3358 pax
2534 3301 2702 3356 quam
2735 3283 2853 3338 suis
2878 3280 3509 3353 distribuitdiscipulis,
3557 3281 3781 3331 utrumne

2234 3378 2333 3431 illa
2359 3376 2432 3430 sit
2459 3376 2528 3429 de
2558 3389 2670 3445 qua
2697 3373 2832 3427 dicit
2877 3372 3177 3443 Apostolus
3203 3388 3214 3423 :
3251 3374 3367 3425 Par
3393 3372 3489 3425 Dei
3511 3382 3621 3436 qua
3652 3376 3785 3416 eassu-

2229 3472 2390 3538 perat
2420 3481 2635 3520 omnem
2663 3478 2883 3517 sensum
2904 3462 3125 3531 (Philip.
3151 3477 3226 3526 iv,
3261 3460 3337 3530 2).
3368 3457 3522 3523 Quod
3542 3457 3585 3509 si
3599 3463 3784 3538 omnem

2237 3534 2468 3627 superat
2486 3568 2732 3618 sensum,
2767 3550 2966 3604 saltem
2989 3549 3272 3621 quomodo
3304 3547 3664 3621 apostolorum
3681 3538 3702 3593 ?
3719 3534 3786 3589 vel

2238 3644 2519 3717 quomodo
2562 3641 2870 3697 secundum
2922 3655 3047 3693 eam
3092 3638 3313 3710 pacifici
3359 3653 3479 3692 esse
3512 3642 3787 3707 possumus,

2238 3749 2411 3805 quam
2449 3748 2552 3786 nec
2571 3729 2867 3802 capimus?
2893 3728 3072 3784 Omne
3094 3728 3243 3781 enim
3272 3727 3427 3800 quod
3449 3722 3788 3813 exsuperatuf‘.

2237 3841 2341 3879 nec
2372 3827 2553 3888 24w
2587 3820 2817 3890 attingit
2860 3818 2932 3872 ad
2959 3834 3089 3872 eum
3123 3818 3271 3889 quod
3315 3813 3643 3889 praeeminet,
3685 3818 3791 3876 quia

2234 3914 2399 3983 longe
2427 3910 2660 3965 inferius
2680 3924 2935 3980 pressum
2957 3924 3061 3962 sua
3088 3906 3420 3961 inﬁrmitate
3427 3906 3586 3977 jacet.
3612 3894 3788 3954 Idcirco

2236 4003 2284 4056 si
2313 4016 2423 4073 pax
2449 4000 2549 4055 Dei
2579 4015 2803 4053 omnem
2826 4014 3053 4052 sensum
3074 4001 3526 4067 superat,sensus
3549 3992 3788 4046 humanus

2237 4091 2457 4146 eminus
2488 4090 2547 4145 in
2575 4106 2634 4144 se
2674 4089 2853 4143 victus
2889 4086 3223 4157 jacet.Unde
3272 4083 3526 4140 fortassis
3553 4094 3665 4135 eam
3691 4086 3789 4144 quae

2237 4180 2644 4253 superexcellit,
2674 4193 2789 4232 non
2818 4176 2941 4230 dico
2973 4192 3190 4247 capere,
3239 4176 3441 4230 saltem
3462 4173 3713 4243 quantum
3732 4175 3785 4215 ex

2238 4288 2297 4327 se
2326 4275 2432 4339 est,
2470 4286 2571 4324 nec
2610 4268 2887 4338 attingere
2914 4266 3082 4329 valet,
3115 4266 3193 4319 Ex
3219 4281 3331 4335 quo
3367 4265 3599 4325 constat,
3618 4255 3661 4311 si
3688 4265 3790 4307 sen-

2172 4398 2222 4456 Β
2240 4377 2335 4416 sus
2355 4377 2478 4414 eam
2502 4359 2956 4431 praeminentem
2978 4355 3209 4409 minime
3233 4355 3405 4426 capit,
3428 4368 3528 4407 nec
3541 4343 3789 4437 recipitur;

2240 4456 2314 4517 et,
2347 4449 2396 4504 si
2420 4466 2532 4504 non
2561 4447 2845 4518 recipitur,
2880 4445 3025 4499 forte
3054 4461 3156 4498 nec
3187 4444 3376 4498 datur.
3407 4444 3482 4498 At
3512 4452 3652 4500 vero,
3686 4426 3793 4524 qui?

2239 4540 2425 4605 datur,
2481 4552 2837 4607 summopere
2882 4533 3242 4605 cogitandum
3286 4538 3375 4588 est
3416 4524 3677 4602 quomodo
3693 4532 3793 4587 capl

2239 4634 2435 4701 queat.
2487 4626 2632 4690 Quia
2681 4625 2831 4696 quod
2886 4624 3105 4677 Veritas
3135 4621 3396 4694 promisit
3430 4635 3529 4676 nec
3558 4613 3791 4670 mutatur-

2237 4714 2454 4770 Relicta
2482 4718 2568 4767 est
2595 4717 2785 4767 autem
2809 4728 2914 4783 pax
2943 4709 3229 4782 apostolis,
3262 4708 3322 4763 in
3345 4712 3562 4762 tantum
3582 4715 3684 4756 non
3701 4708 3796 4749 m0°

2237 4805 2308 4858 do
2337 4808 2402 4859 ut
2429 4803 2535 4874 ipsi
2564 4802 2779 4874 paciﬁci
2806 4806 3012 4866 essent,
3049 4816 3238 4854 verum
3269 4803 3335 4852 ut
3371 4795 3550 4851 omnis
3586 4783 3794 4845 mundus

2237 4910 2381 4965 pene
2408 4909 2510 4964 per
2537 4909 2649 4958 cos,
2683 4907 2819 4962 pace
2847 4891 2945 4945 Dei
2968 4895 3217 4961 pacatus,
3243 4888 3585 4942 restituatur.
3610 4875 3790 4973 Idcirco

2238 4963 2337 5038 aut
2391 4963 2470 5037 sic
2498 4981 2884 5053 accipiendum
2916 4980 3062 5051 quod
3092 4994 3291 5033 sensus
3330 4993 3456 5032 eam
3482 4987 3589 5028 non
3620 4963 3794 5036 capiat»

2238 5073 2335 5128 sed
2363 5071 2471 5144 ipsi
2497 5073 2802 5126 clementer
2829 5075 2894 5124 ut
2921 5070 3277 5141 adoptentur,
3320 5065 3604 5138 capiantur
3643 5053 3703 5109 ab
3723 5064 3793 5144 ea,

2238 5168 2338 5217 aut
2367 5140 2517 5217 certe
2558 5160 2946 5232 magnitudine
2975 5140 3079 5213 sua
3109 5163 3341 5231 superat
3381 5172 3453 5210 ne
3480 5150 3716 5242 caPi‘ttE':
3741 5140 3796 5191 ut

2238 5258 2671 5324 est,quanquam
2688 5267 2788 5321 pro
2809 5250 3117 5321 capacitate
3139 5263 3405 5303 sensuum
3416 5232 3795 5324 rationabiliuut

2239 5312 2433 5414 utique
2463 5312 2585 5413 capi
2617 5312 2803 5411 queat.
2864 5312 2991 5393 Non
3031 5344 3243 5411 quanta
3288 5343 3390 5403 est,
3432 5335 3678 5419 inquam:
3715 5312 3797 5419 .Se‘d

2242 5436 2515 5504 quantum
2554 5431 2624 5484 ad
2674 5428 3189 5484 reconciliationem
3227 5422 3541 5497 adoptionis
3569 5408 3795 5473 sufﬁeiat-

2240 5503 2421 5593 Igitur
2448 5520 2587 5576 nulli
2610 5519 2844 5574 dubium
2876 5519 3023 5590 quod
3050 5517 3297 5572 inﬁnitas
3312 5520 3529 5570 aeternae
3557 5503 3695 5580 pacis
3718 5508 3797 5597 exs

2240 5612 2402 5668 cedat
2429 5626 2652 5666 sensum
2683 5614 2888 5665 nostras
2914 5608 3255 5680 capacitatis.
3289 5607 3408 5662 Hac
3436 5602 3503 5658 de
3530 5608 3683 5655 causa
3709 5597 3796 5659 Ρω(
