3938 6174
232 153 317 214 225

950 148 1333 205 EXPOSITIO
1376 151 1452 204 IN
1490 147 1939 206 MATTHEUM.
1985 179 2048 188 —
2088 147 2224 202 LIB.
2268 148 2367 214 III,
2410 149 2566 203 CAP.
2607 149 2675 204 V.

3336 157 3441 217 226

226 280 308 335 Dei
332 277 439 332 istis
468 274 969 345 intelligentiarum
996 274 1177 329 modis
1204 280 1425 329 nostros
1470 280 1773 347 exsuperat
1789 280 1834 337 Α
1854 273 1964 328 frui
1977 272 2303 329 meruerint.
2325 273 2451 327 Alia
2461 290 2594 344 ergo
2615 277 2700 328 est
2714 275 2940 331 claritas
2961 279 3115 349 solis,
3145 282 3258 337 alia
3276 285 3441 342 clari-

224 384 403 432 sensus,
434 365 570 419 dum
594 365 692 418 ira
717 364 845 417 ﬁliis
870 380 975 434 pax
1006 363 1075 418 de
1103 363 1257 417 calis
1284 364 1462 434 gratis
1506 365 1768 431 mittitur,

220 464 279 525 et,
306 471 424 528 pace
442 452 654 508 Christi
682 452 1040 518 reconciliati,
1075 469 1187 507 non
1215 453 1297 507 illi
1319 470 1443 507 eam
1474 454 1646 525 prius,
1674 454 1773 508 sed

218 547 305 619 ipsi
344 543 888 615 comprehenduntur
925 541 995 596 ab
1045 558 1130 597 ea.
1172 543 1306 607 Qua
1350 543 1620 598 nimirum
1667 560 1774 614 pax

219 642 339 690 recte
366 638 591 704 superat
611 648 835 686 omnem
856 647 1105 686 sensum.
1128 631 1272 695 Quid
1300 631 1473 702 igitur
1496 631 1604 685 scis
1634 648 1775 703 quo-

216 725 353 779 modo
362 723 484 777 ﬁliis
506 723 603 776 ira
616 738 729 793 pax
747 720 1041 775 conveniat
1056 721 1077 773 7
1091 726 1190 775 aut
1208 720 1314 775 scis
1327 720 1606 792 quomodo
1625 725 1777 775 tran-

215 814 390 885 quillus
418 812 474 865 in
503 828 638 882 pace
660 812 810 864 Deus
826 809 1104 875 habitans,
1126 826 1191 864 ac
1216 810 1264 863 si
1292 824 1540 870 severus,
1559 810 1778 880 judicat

213 902 438 957 universa
454 900 479 952 7
508 901 578 954 Et
603 900 750 971 quod
776 898 1088 953 mirabilius
1116 904 1222 965 est,
1257 915 1364 969 pax
1393 899 1566 953 totius
1588 898 1775 954 Trini-

214 990 339 1056 tatis,
366 994 575 1061 quanta
599 994 658 1043 et
682 989 883 1059 qualis,
919 989 1044 1059 quis
1079 987 1343 1059 agnovit?
1394 987 1496 1042 Ubi
1526 992 1774 1059 potestas

212 1096 307 1134 una
330 1083 381 1133 et
404 1078 597 1133 Deitas
626 1078 980 1149 pradicatur.
1032 1077 1157 1132 Una
1196 1077 1400 1149 quippe
1434 1077 1632 1143 virtus,
1663 1093 1777 1132 una

212 1167 448 1241 operatio,
491 1172 550 1222 et
594 1167 834 1221 indivisa
863 1167 1140 1221 voluntas.
1178 1166 1323 1220 Puto
1360 1171 1525 1220 tanta
1565 1171 1621 1220 et
1647 1166 1778 1220 talis

211 1274 317 1329 pax,
345 1256 446 1311 nisi
486 1255 903 1327 quodammodo
930 1271 1098 1310 sensu
1128 1254 1258 1309 ﬁdei
1289 1259 1345 1308 et
1374 1253 1661 1309 intellectu
1690 1271 1778 1308 ca-

208 1348 386 1418 piatur,
399 1361 560 1400 mens
593 1344 792 1399 eadem
820 1360 955 1415 pace
981 1360 1095 1398 non
1121 1342 1455 1398 illustratur.
1488 1344 1776 1399 Illustrata

208 1441 389 1501 autem,
404 1434 451 1489 si
470 1451 534 1488 se
555 1434 699 1488 hanc
727 1433 1039 1488 altitudinis
1054 1433 1395 1487 inﬁnitatem
1409 1434 1776 1504 comprehen-

210 1525 335 1579 disse
360 1523 671 1595 prasumit,
703 1540 769 1578 eo
811 1539 978 1577 sensu
1010 1528 1331 1589 evacuatur,
1367 1539 1476 1593 quo
1525 1523 1778 1593 privatur

1851 369 1940 417 tas
1968 363 2133 427 luna,
2169 362 2277 416 alia
2298 379 2425 417 vero
2446 363 2671 418 claritas
2700 365 3008 422 stellarum.
3035 369 3208 425 Stella
3237 375 3387 429 enim
3408 392 3444 430 a

1854 452 2019 507 stella
2043 452 2230 505 differt
2257 452 2315 505 in
2346 452 2621 515 claritate,
2652 453 2734 508 ita
2752 460 2809 509 et
2836 459 3180 513 resurrectio
3198 469 3445 520 mortuo-

1854 542 2151 595 rum.Nam
2162 558 2397 612 regnum
2412 542 2678 597 calorum
2700 543 2757 597 in
2771 561 3067 601 commune
3083 553 3170 603 est
3187 550 3246 603 in
3268 553 3446 607 omni-

1855 629 1959 683 bus
1986 630 2358 685 reconciliatis
2390 632 2500 685 Deo
2530 632 2758 702 passim,
2793 634 2940 688 infra
2987 637 3136 706 quod
3174 640 3444 697 nimirum

1856 717 2010 772 varia
2048 719 2406 789 pramiorum
2436 721 2639 777 merita
2666 727 2798 777 sunt
2824 723 3083 779 discreta.
3117 727 3226 782 Sed
3253 734 3447 786 tamen

1856 806 2070 877 aliquid
2102 809 2285 878 majus
2315 813 2418 875 est,
2446 809 2599 863 intra
2625 810 2808 881 ipsum
2839 812 3128 883 quidpiam
3156 817 3449 888 dignitatis

1851 897 1981 965 jure
2034 896 2351 966 specialiter
2386 898 2687 968 possidere.
2742 898 2887 971 Ergo
2928 902 3068 957 inibi
3111 906 3449 978 multiplices

1856 991 1990 1040 sunt
2037 986 2375 1053 mansiones,
2430 993 2488 1041 et
2542 988 2668 1043 ideo
2719 989 2786 1042 ﬁt
2825 989 2894 1044 de
2942 995 3113 1047 tanta
3167 995 3451 1054 felicitatis

1859 1079 2051 1139 ’49
2080 1075 2431 1144 possessione
2460 1077 2785 1132 consolatio.
2803 1080 2928 1133 Jam
2958 1084 3204 1139 saturari
3228 1086 3455 1156 justitia

1857 1163 2042 1233 majus
2091 1164 2305 1234 aliquid
2334 1171 2420 1219 est
2449 1181 2617 1237 quam
2663 1168 2937 1223 consolari
2981 1187 3016 1223 a
3060 1171 3234 1241 luctu,
3285 1180 3343 1229 et
3377 1176 3450 1231 ad

1859 1251 2118 1305 ultimum
2151 1252 2253 1307 Dei
2284 1253 2464 1308 ﬁlium
2494 1271 2616 1309 esse
2646 1270 2815 1326 quam
2860 1274 2896 1311 a
2938 1259 3187 1316 restibus
3228 1263 3452 1321 miseri-

1858 1340 2060 1396 cordia
2085 1342 2303 1396 veniam
2337 1344 2671 1413 promereri.
2694 1346 3093 1403 Verumtamen
3118 1349 3267 1406 intra
3293 1354 3453 1423 pala-

1857 1430 2000 1484 tium
2017 1432 2223 1485 summi
2242 1432 2412 1502 Regis
2432 1433 2565 1504 quia
2577 1434 2804 1505 plurimi
2814 1442 2948 1491 sunt
2964 1438 3193 1507 gradus,
3208 1441 3327 1510 jam
3357 1442 3453 1498 ille

1858 1520 2186 1590 perspicuus
2213 1527 2301 1576 est
2328 1521 2386 1575 in
2414 1538 2669 1589 numero,
2702 1525 2791 1579 cui
2821 1525 3136 1581 claritatem
3157 1534 3215 1583 et
3236 1531 3455 1586 vultum

208 1615 310 1668 luce
336 1612 611 1675 veritatis,
664 1619 721 1666 et
764 1612 1215 1683 prasumptionis
1253 1628 1444 1677 errore
1477 1612 1772 1683 premitur,
1798 1598 2059 1659 Baterni
2084 1606 2250 1675 Regis
2280 1606 2663 1662 indesinenter
2692 1610 2937 1681 amplius
2967 1611 3156 1667 videre
3182 1614 3406 1671 licuerit
3434 1634 3450 1673 :

210 1703 321 1757 Inde
340 1701 590 1756 fortassis
609 1707 713 1768 est,
745 1701 893 1772 quod
918 1705 1088 1755 tanta
1107 1701 1263 1772 pacis
1284 1701 1523 1755 altitudo
1551 1716 1777 1755 sensum

209 1791 688 1863 intelligentiarum
718 1807 944 1845 omnem
989 1791 1221 1861 effugiat
1250 1796 1307 1845 et
1334 1791 1593 1857 excedat;
1645 1789 1777 1845 sub-

211 1881 438 1935 stantiam
467 1886 664 1935 tamen
678 1880 826 1945 ﬁdei,
844 1886 900 1934 et
917 1880 1351 1935 illustrationem
1371 1880 1774 1950 intelligentia,

211 1971 335 2041 quod
356 1971 445 2036 sit,
459 1976 525 2025 et
552 1975 716 2024 tanta
734 1986 800 2023 ac
818 1969 950 2023 talis
980 1969 1054 2023 sit
1065 1976 1278 2040 quanta
1299 1969 1358 2023 in
1387 1969 1559 2023 sacris
1576 1969 1779 2023 litteris

211 2059 535 2131 praedicatur,
569 2076 768 2114 sensus
797 2059 1025 2112 omnino
1053 2057 1440 2129 intelligentia
1466 2075 1579 2112 non
1608 2057 1779 2112 relin-

213 2154 339 2219 quat;
361 2150 468 2203 imo
482 2148 701 2219 gaudet
724 2147 932 2202 sentire
952 2153 1009 2202 et
1028 2146 1427 2214 illustrari,nec
1447 2163 1560 2202 non
1572 2153 1629 2201 et
1638 2162 1782 2201 sem-

213 2255 296 2309 per
320 2256 411 2310 per
429 2239 686 2310 gratiam
709 2237 893 2292 eidem
934 2237 1056 2308 paci
1086 2236 1452 2291 reconciliari.
1485 2236 1697 2291 Idcirco
1720 2252 1782 2291 se

210 2326 405 2383 abducit
421 2327 495 2382 ab
517 2327 676 2382 omni
697 2326 844 2397 quod
864 2324 934 2379 ab
953 2342 1020 2380 ea
1031 2325 1382 2391 dissentit,ut
1400 2330 1588 2392 πίῃς
1609 2325 1783 2396 possi-

211 2417 537 2472 deatdonum
551 2417 620 2471 de
635 2416 787 2470 ccelis
798 2415 904 2469 sibi
913 2415 1147 2469 allatum
1156 2416 1255 2470 .De
1266 2422 1464 2470 catero
1475 2431 1602 2469 cum
1615 2414 1785 2469 fuerit

208 2505 307 2578 ipse
317 2506 370 2561 in
382 2524 439 2562 se
449 2507 593 2561 hinc
605 2505 738 2560 inde
753 2522 889 2576 pace
904 2504 1112 2559 Christi
1130 2510 1578 2576 possessus,tunc
1588 2503 1784 2574 utique

209 2594 466 2651 beatitudo
487 2595 817 2667 adoptionis
833 2594 1209 2666 praestabitur,
1225 2594 1358 2665 quia
1376 2593 1432 2647 in
1455 2594 1611 2647 nullo
1630 2608 1786 2647 sanc-

210 2684 469 2740 tiﬁcationi
478 2701 614 2755 qua
624 2684 755 2738 ﬁliis
770 2683 1025 2749 debetur,
1032 2683 1430 2738 contraitur.In
1446 2681 1601 2737 nullo
1612 2681 1787 2752 igitur

209 2774 353 2829 totius
378 2774 680 2830 Trinitatis
709 2790 883 2844 regno
909 2772 1231 2839 rebellatur,
1262 2772 1323 2826 in
1336 2772 1489 2827 nullo
1509 2770 1783 2827 voluntati

210 2862 290 2916 Dei
304 2863 728 2919 contradicitur.
758 2862 867 2917 Sed
891 2862 1067 2917 donec
1104 2878 1272 2917 carne
1298 2877 1621 2932 gravamur,
1652 2861 1783 2915 talis

1858 1694 1957 1748 sed
1980 1694 2074 1747 ille
2096 1694 2384 1763 excelsior,
2412 1696 2511 1767 qui
2536 1697 2816 1766 ultimam,
2848 1716 3017 1771 quam
3042 1704 3283 1772 pratuli,
3316 1705 3454 1761 ado-

1860 1783 2106 1854 ptionem
2147 1784 2427 1854 gloriosus
2474 1789 2803 1859 perceperit.
2838 1790 2909 1845 Et
2945 1792 3259 1846 notandum
3305 1794 3457 1865 quod

1857 1872 2199 1941 generaliter
2216 1873 2470 1928 omnium
2491 1891 2666 1930 unum
2681 1877 2890 1931 dicitur
2906 1894 3145 1948 regnum
3160 1882 3451 1953 calorum,

1862 1961 1966 2016 etsi
1996 1962 2312 2032 specialitas
2340 1971 2776 2020 connumeretur
2795 1967 3145 2023 meritorum.
3162 1968 3307 2034 Quia
3325 1971 3458 2027 licet

1862 2050 2013 2104 illius
2036 2051 2165 2120 jure
2196 2056 2368 2122 queat
2395 2051 2506 2106 dici
2532 2053 2629 2123 qui
2670 2053 2874 2110 saltem
2901 2054 2961 2109 in
3006 2072 3072 2111 eo
3114 2057 3457 2116 novissimus

1862 2155 1985 2193 esse
2013 2139 2238 2209 poterit,
2273 2144 2465 2195 tamen
2494 2142 2891 2198 universorum
2929 2144 3175 2216 dignitas
3214 2147 3275 2202 in
3302 2165 3460 2204 com-

1863 2244 2034 2282 mune
2060 2228 2185 2296 erit,
2210 2229 2345 2282 dum
2376 2229 2434 2283 in
2464 2231 2723 2286 omnibus
2750 2232 2973 2303 singula
3002 2250 3104 2305 per
3126 2235 3461 2294 charitatem

1865 2317 2039 2371 etiam
2058 2318 2292 2373 ultimus
2311 2319 2633 2389 possidebit.
2648 2321 2893 2393 Ideoque
2913 2322 3123 2378 ibidem
3136 2341 3461 2398 quanquam

1865 2405 2127 2460 differant
2154 2407 2215 2461 in
2243 2408 2497 2463 claritate
2526 2409 2793 2478 distincti,
2836 2416 3027 2466 tamen
3066 2430 3168 2484 per
3214 2415 3463 2472 dilectio-

1866 2511 1994 2549 nem
2024 2496 2214 2550 omnia
2241 2496 2589 2568 possidentes
2607 2501 2792 2555 cuncti
2811 2500 2871 2555 in
2885 2517 2953 2555 eo
2971 2502 3108 2556 satis
3125 2503 3461 2577 abundeque

1865 2585 2016 2640 beati
2044 2592 2228 2641 erunt.
2258 2588 2463 2641 Beatus
2490 2604 2625 2643 sane
2664 2589 2811 2643 sicut
2841 2589 3055 2644 dictum
3084 2596 3170 2644 est
3204 2592 3334 2661 jure
3365 2592 3461 2648 ille

1865 2675 2158 2747 accipitur,
2194 2676 2291 2748 qui
2329 2676 2469 2731 nihil
2524 2677 2659 2732 mali
2686 2678 2822 2745 vult,
2856 2683 2913 2733 et
2961 2680 3151 2733 omnia
3201 2680 3463 2737 habuerit

1867 2782 2210 2837 quacunque
2260 2766 2396 2820 vult.
2437 2766 2758 2838 Propterea,
2788 2767 2921 2823 licet
2967 2774 3251 2824 extremus
3297 2770 3358 2824 in
3393 2786 3460 2826 eo

1865 2870 2039 2925 regno
2070 2861 2220 2909 recte
2262 2853 2460 2910 beatus
2509 2855 2734 2922 dicitur,
2768 2857 2864 2927 qui
2900 2857 3044 2912 nihil
3084 2863 3243 2913 extra
3263 2859 3460 2930 gratia
3562 2905 3583 2914 -

204 2957 249 3006 et
263 2958 408 3007 tanta
422 2969 542 3025 pax
563 2953 635 3006 ad
650 2951 926 3023 liquidum
948 2952 1037 3005 vix
1057 2956 1158 3006 aut
1181 2920 1473 3022 nunquam
1501 2920 1777 3005 servatur.
1801 2920 1845 2983 Ο
1866 2920 2129 2998 meritum
2151 2944 2385 3015 appetit,
2409 2960 2513 2999 nec
2530 2945 2649 2999 vult
2667 2920 2928 3017 amplius,
2944 2946 3078 3016 quia
3092 2947 3234 3001 nihil
3252 2920 3462 3020 injuste

205 3040 322 3105 Quia
359 3058 535 3113 quam
583 3058 729 3113 sape
757 3041 815 3096 in
843 3040 1004 3095 nobis
1050 3040 1223 3095 etiam
1250 3040 1388 3112 ipsis
1416 3041 1779 3095 reluctamur.

202 3130 586 3187 Verumtamen
629 3136 860 3202 pacatus
902 3131 1091 3196 homo,
1124 3129 1364 3184 interius
1392 3130 1545 3201 pacis
1573 3129 1784 3184 foedera

203 3221 513 3287 custodiens,
558 3236 627 3275 ea
656 3236 779 3291 qua
804 3224 1123 3291 repugnant
1149 3218 1395 3273 exterius
1447 3219 1660 3287 domat,
1690 3234 1782 3273 re-

200 3309 368 3378 primit
392 3320 450 3365 et
476 3309 793 3380 componit,
818 3308 878 3362 in
897 3309 1052 3363 nullo
1072 3313 1264 3362 tamen
1296 3308 1446 3378 (quia
1466 3308 1637 3362 ﬁdem
1663 3324 1784 3362 ser-

201 3404 277 3451 vat
297 3416 455 3470 quam
485 3398 779 3471 promisit,
811 3397 941 3452 lieet
983 3396 1193 3452 bellum
1243 3402 1406 3468 gerat
1446 3414 1577 3452 cum
1615 3397 1779 3466 vitiis)

199 3484 330 3542 illam
356 3488 658 3560 abrumpit
692 3503 887 3560 pacem
930 3503 1100 3558 quam
1146 3487 1295 3541 Deus
1336 3486 1592 3543 indulsit.
1641 3487 1783 3541 Hinc

202 3582 440 3648 scriptum
472 3583 578 3633 est
608 3595 621 3630 :
662 3579 777 3632 Pam
812 3580 991 3631 multa
1022 3578 1381 3644 diligentibus
1411 3580 1577 3645 legem
1602 3582 1781 3642 tuam,

199 3665 419 3733 Domine,
437 3674 489 3722 et
509 3683 637 3722 non
653 3672 728 3721 est
743 3668 858 3721 illis
871 3667 1201 3720 scandalum
1228 3666 1391 3735 (Psal.
1407 3678 1597 3730 cxvm,
1638 3662 1780 3731 165).

202 3755 441 3828 Alioquin
468 3756 735 3829 quandiu
764 3755 834 3810 ab
864 3756 970 3809 hac
997 3754 1315 3820 dividimur,
1347 3753 1662 3808 timendum
1698 3758 1784 3808 est

203 3858 263 3899 ne
284 3847 467 3917 potius
496 3848 603 3901 ira
626 3844 728 3900 ﬁlii
758 3861 929 3916 quam
954 3843 1271 3915 adoptionis
1288 3859 1782 3898 connumeremur.

206 3933 502 3991 Sedtamen
532 3937 710 4000 Deus,
741 3935 836 4005 qui
863 3940 1116 3989 nostram
1147 3933 1504 4003 fragilitatem
1536 3932 1780 4004 inspicit,

204 4020 369 4079 docuit
392 4026 563 4097 plura
594 4023 1067 4078 reconciliationis
1095 4021 1502 4090 medicamina;
1536 4027 1620 4090 ut,
1654 4021 1786 4093 quia

203 4115 430 4181 quotidie
449 4114 814 4179 offendimus,
834 4113 1083 4184 quotidie
1104 4129 1299 4184 pacem
1329 4116 1642 4183 quarentes
1658 4111 1785 4165 vita

203 4199 535 4259 documentis
566 4203 1041 4274 obtemperemus.
1089 4203 1375 4256 Hactenus
1400 4200 1575 4271 igitur
1601 4200 1785 4255 incre-

201 4298 371 4347 menta
396 4295 682 4349 virtutum
711 4292 948 4364 inspexi,
983 4297 1161 4346 restat
1204 4296 1414 4362 quanta
1458 4306 1559 4360 per
1601 4289 1786 4344 incre-

202 4386 373 4435 menta
423 4382 798 4455 pramiorum
848 4380 1282 4436 consideremus.
1330 4380 1474 4444 Quia
1512 4379 1781 4451 profecto,

199 4465 311 4524 licet
326 4471 519 4527 minus
539 4471 880 4541 intelligam.
904 4470 1050 4525 sicut
1069 4474 1376 4541 augmenta
1395 4468 1687 4536 virtutum,
1707 4469 1788 4523 ita

201 4563 317 4612 sunt
368 4560 724 4632 repromissa
760 4565 818 4614 et
869 4560 1217 4615 incrementa
1271 4558 1621 4613 meritorum.
1672 4559 1788 4613 Nec

202 4648 333 4702 enim
352 4651 485 4720 jure
507 4648 815 4704 uniformis
838 4650 1172 4704 meritorum
1186 4648 1601 4719 repromittitur
1618 4647 1781 4715 ratio,

202 4734 285 4789 ubi
310 4755 420 4793 non
453 4739 719 4794 omnium
734 4755 848 4794 una
878 4740 1188 4809 eademque
1208 4737 1383 4792 virtus
1401 4737 1783 4793 antecesserit.

203 4824 297 4881 Sed
314 4829 557 4884 diversis
576 4828 864 4884 laboribus
890 4829 1142 4883 diversas
1170 4827 1606 4882 retributionum
1628 4844 1788 4882 men-

201 4929 345 4971 suras
373 4919 608 4973 divinus
630 4935 815 4974 sermo
842 4918 1105 4973 instituit.
1141 4917 1318 4983 Unde,
1351 4916 1480 4971 licet
1515 4916 1666 4971 beati
1709 4916 1790 4972 di-

200 5012 383 5062 cantur
412 5025 665 5079 quorum
712 5012 847 5062 sunt
878 5024 1070 5079 regna
1116 5007 1402 5072 calorum,
1431 5011 1490 5061 et
1514 5005 1665 5063 beati
1695 5004 1791 5077 qui

202 5096 560 5162 possidebunt
580 5102 810 5162 terram,
834 5113 899 5150 ac
919 5102 1121 5150 caetera
1144 5112 1266 5167 qua
1294 5098 1625 5166 sequuntur,
1642 5094 1790 5149 mul-

201 5185 303 5239 tum
345 5186 634 5241 interesse
662 5194 856 5240 tamen
881 5185 1161 5240 credimus
1189 5185 1338 5238 inter
1372 5182 1788 5255 perceptionem

201 5276 594 5330 consolationis
623 5281 678 5329 et
716 5275 1121 5347 plenitudinem
1166 5273 1481 5329 saturitatis
1514 5273 1786 5343 justitia;

200 5364 549 5437 multumque
596 5365 805 5420 distare
848 5365 997 5419 inter
1032 5364 1157 5418 illos
1198 5364 1293 5435 qui
1346 5362 1788 5417 misericordiam

200 5461 630 5528 consequentur,
652 5460 708 5513 et
733 5454 859 5514 illos
884 5452 979 5529 qui
1018 5452 1423 5527 gloriosissima
1449 5451 1551 5510 Dei
1575 5452 1788 5511 visione

1863 3033 2000 3087 vult.
2022 3033 2131 3088 Sed
2151 3032 2514 3088 beatitudinis
2532 3034 2719 3104 gratia
2728 3034 2941 3089 ditatus
2952 3036 3122 3090 etiam
3143 3036 3461 3093 claritatem

1864 3127 1922 3176 et
1940 3122 2181 3193 gloriam
2201 3123 2326 3177 aliis
2340 3123 2690 3186 attributam,
2712 3140 2813 3195 per
2830 3124 3162 3180 charitatem
3182 3126 3336 3181 velut
3354 3126 3462 3183 sibi

1865 3227 2204 3277 concessam,
2228 3212 2494 3284 possidet.
2509 3212 2670 3267 Unde
2695 3212 2845 3267 beati
2864 3230 3061 3269 omnes
3080 3215 3191 3269 ﬁde
3215 3216 3458 3271 credun-

1865 3306 1977 3368 tur,
2010 3301 2116 3355 etsi
2144 3301 2294 3356 infra
2314 3318 2445 3356 eum
2471 3301 2803 3356 meritorum
2831 3303 3057 3358 claritas
3084 3304 3325 3359 diﬁerat.
3350 3305 3461 3361 Sed

1866 3406 1966 3444 cur
1985 3407 2079 3444 eas
2097 3396 2220 3445 octo
2238 3390 2495 3456 dixerim,
2520 3408 2650 3445 cum
2684 3408 2798 3446 non
2816 3392 2925 3447 nisi
2945 3397 3161 3464 septem
3182 3393 3463 3451 donorum

1864 3479 2095 3550 pramia
2148 3478 2531 3534 laborantibus
2577 3480 3025 3550 promittantur?
3074 3483 3220 3537 Nam
3266 3489 3463 3539 octava

1866 3584 2061 3623 earum
2100 3568 2459 3640 repromissio
2499 3585 2613 3623 non
2661 3569 2774 3623 alia
2827 3586 2997 3641 quam
3044 3571 3227 3642 prima
3273 3572 3461 3629 verbis

1866 3658 2167 3712 reiteratur
2188 3679 2200 3712 :
2220 3660 2372 3711 Beati
2383 3673 2649 3726 pauperes
2667 3660 2892 3726 spiritu,
2915 3662 3180 3728 quoniam
3211 3662 3460 3729 ipsorum

1865 3753 1941 3802 est
1968 3763 2204 3816 regnum
2242 3751 2521 3801 calorum.
2555 3747 2624 3800 Et
2647 3765 2659 3799 :
3125 3809 3129 3813 ν

1936 3839 2105 3901 Beati,
2138 3836 2340 3901 inquit,
2357 3840 2456 3905 qui
2471 3838 2903 3904 persecutionem
2913 3838 3220 3904 patiuntur
3240 3843 3461 3907 propter

1857 3922 2163 3996 justitiam}
2199 3928 2465 3995 quoniam
2497 3927 2746 3993 ipsorum
2790 3930 2865 3978 est
2912 3940 3148 3993 regnum
3178 3930 3457 3983 calorum.

1866 4016 2010 4069 Hinc
2037 4014 2248 4086 liquido
2287 4019 2444 4085 patet
2484 4014 2633 4085 quod
2663 4013 2963 4085 mysticum
2991 4019 3079 4068 est
3106 4015 3165 4069 in
3198 4032 3454 4085 numero,

1866 4104 2139 4177 quidquid
2174 4105 2441 4158 iteratum
2478 4108 2563 4158 est
2609 4104 2668 4157 in
2699 4104 2995 4174 promisso.
3046 4103 3198 4159 Infra
3241 4111 3460 4177 septem

1867 4194 2117 4265 quidem,
2141 4194 2297 4265 prius
2325 4193 2475 4248 idem
2503 4198 2685 4260 sonat,
2716 4191 2816 4247 sed
2844 4199 3281 4249 connumeratur
3303 4200 3463 4251 extra

1867 4290 2102 4356 septem,
2136 4289 2201 4338 ut
2225 4283 2407 4354 gloria
2452 4299 2627 4339 sacra
2669 4282 3093 4337 resurrectionis
3130 4283 3189 4338 in
3237 4284 3460 4340 Christo

1868 4373 1955 4427 his
1985 4378 2110 4428 octo
2134 4373 2495 4445 pramiorum
2522 4371 2788 4443 gradibus
2819 4372 3201 4429 consecretur.
3251 4373 3462 4429 Octava

1867 4479 2114 4535 namque
2140 4461 2565 4517 resurrectionis
2594 4460 2731 4526 dies,
2771 4460 2895 4531 ipsa
2916 4466 3002 4515 est
3019 4478 3141 4531 qua
3161 4465 3218 4516 et
3237 4462 3456 4534 prima;

1865 4551 1925 4607 in
1946 4568 2058 4623 qua
2066 4551 2223 4623 prius
2242 4550 2314 4605 ab
2334 4549 2559 4605 exordio
2579 4550 2675 4604 lux
2703 4555 2891 4604 creata
2908 4549 3114 4620 legitur
3137 4569 3150 4617 ;
3172 4549 3232 4604 in
3262 4551 3461 4607 eadem

1870 4642 2075 4715 quippe
2105 4641 2195 4695 die
2239 4646 2446 4705 creata,
2491 4638 2551 4693 in
2597 4655 2711 4709 qua
2746 4638 2973 4693 demum
3019 4639 3306 4711 amplioris
3338 4640 3462 4697 vita

1866 4730 2049 4802 gloria
2070 4730 2403 4785 illustratur.
2427 4729 2668 4795 Interea,
2692 4727 2797 4782 etsi
2812 4728 3008 4782 eadem
3038 4728 3297 4784 videatur
3313 4747 3459 4801 pra-

1869 4821 1970 4875 mii
2000 4819 2347 4892 pollicitatio,
2370 4823 2563 4873 tamen
2575 4817 2808 4888 potioris
2826 4817 3154 4889 praeminet
3163 4818 3461 4893 dignitate;

1872 4911 2005 4983 quia
2030 4925 2321 4981 nunquam
2351 4908 2565 4979 aequale
2606 4906 2842 4961 dixerim
2877 4907 3210 4979 incipientes
3252 4914 3310 4964 et
3332 4926 3463 4980 per-

1872 5002 2045 5056 fectos
2064 4999 2355 5072 pramium
2381 5002 2763 5070 percepturos.
2783 4996 2896 5053 Ubi
2917 4996 3186 5052 docemur
3208 4997 3461 5053 fortassis

1872 5091 2105 5163 mystice
2130 5088 2278 5160 quod
2304 5088 2551 5159 primum
2579 5087 2654 5141 sit
2678 5102 2915 5157 regnum
2952 5092 3144 5151 250
3170 5088 3458 5157 calorum,

1871 5180 2096 5235 dissolvi
2124 5185 2181 5234 et
2207 5194 2329 5232 esse
2359 5194 2485 5231 cum
2502 5177 2742 5243 Christo,
2771 5175 2995 5247 quando
3028 5176 3207 5230 sancti
3230 5176 3464 5249 rapiun-

1875 5276 1965 5325 tur
1992 5270 2051 5324 in
2080 5267 2399 5324 nubibusin
2428 5282 2581 5334 aera,
2616 5265 2838 5320 obviam
2878 5265 3119 5319 Christo.
3152 5266 3309 5321 Tunc
3347 5268 3466 5339 qui-

1871 5359 2003 5414 dem
2017 5359 2183 5414 multi
2196 5356 2599 5413 dormientium
2618 5360 2871 5427 surgent,
2905 5355 2999 5410 isti
3028 5354 3087 5408 in
3107 5354 3281 5410 vitam
3300 5361 3462 5412 ater-

1870 5466 2022 5521 nam,
2048 5449 2131 5505 illi
2169 5448 2230 5505 in
2251 5446 2632 5521 opprobrium.
2681 5444 2934 5504 Primum
2978 5442 3191 5504 scilicet
3215 5460 3455 5521 regnum
