3938 6174
547 215 654 275 227

1310 209 1368 265 S.
1410 204 1788 263 PASCHASII
1827 199 2189 261 RADBERTI
2225 199 2530 259 ABBATIS
2569 201 3062 261 CORBEIENSIS.

3675 213 3762 277 228

544 326 896 413 propositum
921 335 982 390 in
1028 333 1383 389 absolutione
1418 331 1686 403 corporis,
1724 330 1839 384 imo
1867 328 2043 400 prius,
2074 323 2208 384 utA
2222 342 2359 380 num
2376 327 2662 383 inhianter
2679 331 2974 401 quaesitum
3001 350 3012 384 :
3038 336 3230 386 tamen
3251 348 3361 387 non
3390 333 3589 404 absque
3605 344 3765 395 octava

544 429 867 484 absolvatur
884 425 954 480 ab
993 424 1147 479 omni
1168 423 1366 477 mundi
1392 419 1839 491 concupiscentia
1867 422 1924 471 et
1953 415 2139 470 carnis

546 516 844 583 illecebris,
885 531 950 569 ac
975 514 1204 568 demum
1231 511 1430 583 spiritu
1459 508 1808 581 paupertatis
1851 522 2139 578 possessus

542 609 663 679 jam
712 605 772 660 in
820 601 1142 660 coelestibus
1186 617 1284 672 spe
1331 598 1649 666 subvectus,
1695 602 1883 651 mente
1912 595 2143 665 incipiat

546 693 884 752 conversari.
926 692 1086 756 Quod
1123 689 1373 759 alioquin
1401 687 1538 743 satis
1583 687 1875 756 signanter
1901 699 2141 754 evange-

544 785 678 841 lista
704 783 910 849 innuit,
942 781 1078 835 dum
1120 795 1234 832 non
1281 778 1352 831 de
1389 776 1599 843 futuro,
1638 775 1735 829 sed
1767 792 1833 829 ex
1879 773 2142 846 praesenti

545 872 906 947 repromittit,
939 869 1129 924 dicens
1159 886 1170 920 :
1209 867 1481 933 Quoniam
1513 869 1762 935 ipsorum
1802 870 1879 918 est
1907 880 2141 931 regnum

543 969 821 1021 calorum.
846 960 932 1014 Ad
960 959 1066 1013 hoc
1097 957 1304 1029 quippe
1324 957 1443 1027 jam
1473 956 1543 1009 de
1568 953 1827 1025 praesenti
1868 953 2021 1006 illinc
2048 968 2143 1007 eos

544 1068 783 1124 regnare
812 1048 1017 1104 astruit
1041 1066 1054 1114 ;
1087 1050 1365 1117 quatenus
1394 1045 1612 1099 interea
1636 1060 1763 1114 spes
1791 1043 1981 1097 omnia
1995 1042 2144 1096 inter

546 1157 839 1213 pressuras
866 1142 924 1193 et
950 1136 1135 1191 varios
1165 1151 1358 1190 rerum
1380 1138 1611 1188 eventus
1634 1131 1973 1195 corroboret.
2000 1130 2146 1195 Quia

542 1230 782 1286 facultas
800 1225 1074 1298 regnandi
1086 1228 1314 1296 propter
1329 1222 1610 1277 ditissima
1618 1222 1893 1275 donorum
1907 1235 2146 1275 munera

538 1322 660 1393 jam
690 1316 1033 1389 suppeditat,
1066 1318 1132 1368 ut
1160 1314 1232 1367 ad
1260 1313 1455 1367 futura
1484 1311 1701 1365 ﬁrmius
1729 1310 2057 1375 inhaereant,
2088 1313 2146 1363 et

546 1424 787 1480 regnum
815 1404 963 1477 quod
1010 1406 1382 1480 perceperunt
1424 1400 1727 1455 instantius
1767 1403 2037 1471 appetant
2088 1402 2147 1452 et

547 1479 887 1553 custodiant.
916 1493 1066 1547 Vera
1092 1479 1299 1563 quippe
1330 1495 1631 1563 paupertas
1657 1488 1865 1543 Christi
1892 1503 2005 1542 non
2034 1487 2142 1540 im-

2223 415 2430 470 Christi
2451 419 2865 473 resurrectione
2887 419 3038 474 illius
3053 420 3284 491 praemia
3309 429 3670 492 consequetur.
3697 429 3766 481 Ad

2222 509 2371 579 quod
2386 508 3141 584 velim,lector,[ut]animum
3155 529 3453 585 parumper
3471 513 3623 570 altius
3633 520 3767 572 attol-

2221 597 2324 663 las,
2360 602 2417 652 et
2435 598 2560 652 vide
2590 615 2759 670 quam
2789 616 3035 654 consona
3063 606 3120 655 et
3149 603 3385 674 mystica
3404 604 3497 657 Dei
3521 604 3637 659 hinc
3660 607 3767 662 inde

2221 692 2453 758 pateant
2469 694 2841 745 sacramenta.
2860 690 3020 744 Haud
3035 690 3267 746 dubium
3285 692 3574 763 quin,sicut
3587 701 3767 766 septem

2224 776 2468 847 Spiritus
2497 778 2675 833 sancti
2705 778 2865 833 donis
2908 778 3099 834 omnia
3135 780 3405 835 virtutum
3438 798 3654 837 munera
3675 782 3770 838 lar-

2222 864 2475 934 giuntur,
2505 866 2586 920 ita
2629 867 2840 921 eisdem
2866 874 3081 939 septem
3108 868 3383 940 precibus,
3417 875 3627 925 auctore
3653 873 3765 940 Deo,

2225 954 2472 1023 quotidie
2498 962 2701 1010 cuncta
2728 959 3018 1029 praesentis
3048 963 3107 1012 et
3131 964 3352 1013 aeternae
3379 959 3500 1014 vitae
3541 961 3770 1017 salutaria

2224 1043 2602 1113 postulantur.
2626 1044 2696 1099 Et
2714 1062 2842 1100 cum
2868 1047 3179 1118 praestitum
3200 1048 3370 1102 fuerit
3393 1049 3532 1119 quod
3560 1066 3768 1118 oramus,

2225 1132 2461 1187 totidem
2508 1134 2712 1189 harum
2752 1134 3164 1190 beatitudinum
3192 1136 3492 1191 virtutibus
3542 1139 3771 1193 caelorum

2226 1236 2480 1288 munera,
2519 1239 2620 1293 per
2638 1229 2889 1278 octavam
2912 1226 3121 1280 Christi
3149 1226 3606 1281 resurrectionem
3632 1228 3691 1281 ad
3706 1228 3771 1281 vi-

2224 1308 2341 1358 tam
2373 1306 2785 1376 praedestinatis
2818 1310 2980 1379 juxta
3002 1326 3179 1381 opera
3225 1311 3567 1381 singulorum
3603 1328 3772 1366 connu—

2227 1402 2536 1451 merantur.
2584 1396 2729 1461 Quia
2758 1398 3006 1469 profecto
3041 1401 3205 1470 juxta
3245 1401 3414 1455 fidem
3458 1401 3771 1472 Apocalypsis

2223 1489 2358 1553 (cap.
2405 1490 2464 1552 Ι),
2524 1489 2913 1558 septemplices
2962 1489 3194 1560 spiritus
3250 1490 3310 1543 in
3360 1488 3490 1544 orbe
3531 1495 3772 1544 terrarum

544 1586 747 1641 merito
760 1586 882 1655 jam
896 1597 1132 1653 regnare
1153 1580 1532 1652 promittitur;
1554 1578 1687 1650 quia
1698 1577 1936 1632 interius
1956 1581 2144 1631 mente
2162 1638 2209 1655 ἢ
2227 1573 2403 1641 missi,
2423 1575 2806 1645 septiformem
2828 1577 3036 1632 Christi
3062 1579 3365 1633 Ecclesiam
3393 1579 3768 1650 perlustrantes,

526 1691 718 1749 quam
747 1638 993 1729 exterius
1028 1638 1215 1735 carn‘e,
1250 1668 1320 1723 ab
1348 1669 1501 1723 omni
1520 1638 1827 1740 voluptate
1855 1666 2051 1721 mundi
2088 1670 2145 1720 et
2161 1638 2211 1701 Β
2228 1679 2343 1717 suae
2359 1638 2654 1734 potestatis
2673 1666 2885 1721 ditione
2915 1673 3233 1738 operantes,
3256 1638 3416 1738 quasi
3440 1672 3641 1738 septem
3664 1638 3773 1720 can;

548 1763 954 1821 desideriorum
981 1759 1259 1815 illecebris
1279 1758 1482 1823 aliena,
1503 1762 1643 1825 tota,
1667 1757 1886 1811 favente
1902 1755 2145 1827 Spiritus

2227 1751 2457 1806 delabra
2477 1769 2667 1807 coram
2698 1754 3061 1810 Dominatore
3092 1756 3359 1823 lucentia,
3403 1756 3653 1811 virtutum
3692 1756 3773 1809 sci-

550 1854 730 1910 sancti
752 1852 953 1924 gratia,
985 1867 1157 1921 supra
1174 1849 1384 1919 gaudia
1402 1848 1604 1902 futurae
1624 1847 1750 1901 vitae
1778 1845 2057 1909 innititur,
2090 1848 2148 1899 et
2226 1841 2358 1896 licet
2403 1858 2575 1913 opera
2629 1844 2879 1914 quotidie
2918 1851 3244 1916 perornant,
3278 1851 3336 1899 et
3379 1846 3437 1899 in
3479 1844 3772 1916 pinguedine

545 1944 666 1999 sola
694 1958 817 2014 quae
846 1940 948 1996 Dei
979 1944 1113 1995 sunt
1140 1938 1469 1993 delectatur.
1504 1938 1634 1991 Haec
1680 1951 1927 2006 namque
1966 1934 2144 1989 virtus

544 2034 616 2088 de
642 2031 846 2087 timore
873 2028 976 2084 Dei
1003 2028 1275 2090 nascitur,
1309 2026 1456 2081 sicut
1479 2032 1538 2080 et
1560 2025 1791 2096 reliquae
1820 2041 1913 2078 sex
1960 2023 2143 2077 beati-

544 2119 792 2185 tudines,
842 2115 1077 2188 singulae
1105 2116 1176 2170 de
1221 2114 1462 2185 singulis
1508 2113 1751 2185 Spiritus
1778 2111 1957 2166 sancti
1981 2110 2143 2165 donis

542 2212 905 2281 generantur.
928 2205 1089 2261 Unde
1109 2204 1385 2276 propheta
1405 2222 1416 2257 :
1440 2204 1507 2257 Et
1531 2205 1822 2272 requiescet
1840 2216 2004 2269 super
2017 2216 2142 2254 eum

542 2301 777 2369 spiritus
791 2298 1039 2363 Domini,
1052 2296 1287 2364 spiritus
1301 2294 1584 2361 sapientis
1612 2296 1659 2345 et
1685 2293 2018 2354 intellectus,
2038 2292 2145 2357 spi-

543 2391 692 2443 ritus
708 2387 933 2442 consilii
947 2389 995 2438 et
1012 2384 1386 2452 fortitudinis,
1401 2382 1634 2449 spiritus
1652 2381 1891 2433 scientia:
1910 2383 1959 2432 et
1976 2380 2147 2446 pieta-

547 2480 618 2531 tis
643 2476 778 2545 (Isa.
798 2489 873 2540 χι,
892 2472 969 2542 2).
1003 2470 1314 2527 Novissime
1340 2474 1532 2524 autem
1552 2469 1707 2523 velut
1734 2468 2001 2539 quiddam
2021 2483 2143 2539 spe-

544 2565 832 2631 cialius,ac
844 2563 892 2617 si
908 2560 1275 2632 municipium
1290 2558 1617 2614 sacrationis
1633 2557 1702 2612 ab
1716 2558 1869 2612 omni
1881 2556 2004 2611 labe
2019 2573 2142 2627 pec-

543 2656 676 2722 cati,
702 2653 912 2718 intulit,
930 2651 1146 2707 dicens:
1174 2651 1238 2705 Et
1257 2652 1484 2719 replevit
1512 2665 1638 2703 eum
1658 2651 1891 2717 spiritus
1922 2649 2140 2700 timoris

541 2746 770 2802 Domini
796 2744 936 2811 (Ibid
964 2742 1074 2810 ,3).
1103 2742 1229 2795 Non
1249 2738 1399 2793 enim
1433 2754 1795 2809 quoscunque
1816 2736 2133 2806 repleverit,

540 2851 773 2906 capaces
801 2831 1034 2889 alterius
1060 2830 1143 2884 rei
1171 2846 1295 2883 esse
1323 2827 1613 2899 plenitudo
1639 2826 1859 2880 timoris
1888 2825 2038 2879 sinit.
2070 2826 2137 2879 Et

2226 1930 2515 1986 charitatis
2534 1936 2599 1986 ut
2624 1933 2804 2004 magis
2832 1935 3123 2006 magisque
3144 1936 3387 2001 luceant,
3412 1933 3714 1989 accendunt.

2296 2020 2560 2089 Obsecro,
2592 2023 2829 2077 Domine
2852 2024 3004 2090 Jesu,
3028 2024 3271 2079 habeam
3310 2029 3368 2079 et
3396 2040 3496 2095 ego
3527 2006 3660 2078 inter
3694 2021 3775 2075 has

2224 2110 2638 2165 beatitudinum
2668 2112 2956 2183 lampadas
2984 2113 3178 2169 lucens
3197 2114 3339 2170 recti
3351 2112 3530 2184 operis
3551 2111 3777 2165 candela-

2226 2199 2408 2268 brum,
2442 2206 2500 2255 et
2521 2217 2593 2255 ne
2612 2201 2751 2255 mihi
2779 2208 3072 2257 moveatur
3108 2203 3291 2259 donec
3317 2209 3415 2259 tuo
3444 2204 3681 2256 ﬁrmetur
3702 2215 3776 2252 ac-

2226 2295 2411 2360 ceptu,
2440 2296 2505 2345 ut
2528 2306 2718 2345 coram
2746 2296 2803 2345 te
2832 2293 3017 2346 luceat
3044 2293 3102 2347 in
3132 2297 3428 2348 aeternum.
3474 2291 3607 2344 Veni
3651 2304 3773 2359 ergo,

2226 2394 2433 2449 quaeso,
2464 2384 2522 2433 et
2546 2379 2683 2433 doce
2712 2396 2801 2434 me
2829 2381 3031 2435 harum
3052 2382 3438 2438 doctrinarum
3472 2386 3678 2434 tuarum
3703 2375 3777 2430 di-

2225 2467 2539 2538 sciplinam.
2574 2467 2703 2523 Non
2723 2469 2899 2540 igitur
2924 2471 3073 2541 quod
3094 2471 3197 2525 sub
3218 2472 3384 2527 istius
3415 2468 3602 2525 calculi
3628 2481 3776 2521 sacra-

2223 2562 2414 2611 mento
2434 2558 2687 2612 omnium
2711 2559 3238 2628 praedestinatorum
3281 2560 3481 2615 merita
3507 2562 3567 2611 ut
3591 2556 3777 2609 luceant

2223 2647 2584 2718 colliguntur,
2619 2664 2801 2718 neque
2832 2647 3043 2720 absque
3079 2666 3307 2721 magno,
3343 2654 3409 2704 ut
3448 2650 3561 2718 jam
3598 2644 3775 2698 dictum

2221 2740 2323 2801 est,
2346 2736 2747 2806 profunditatis
2768 2739 3055 2809 mysterio,
3078 2744 3212 2794 tuus
3240 2744 3468 2795 sanctus
3480 2732 3776 2804 evangelista

2219 2825 2575 2895 praemiserit,
2591 2827 2738 2897 quod
2760 2827 3011 2882 residens
3030 2831 3324 2900 aperueris
3343 2832 3527 2893 εὖτ
3553 2841 3610 2879 os
3620 2828 3773 2884 illum:

538 2924 686 2989 ideo,
720 2937 1043 2993 quanquam
1073 2917 1347 2972 imitatrix
1376 2916 1665 2986 sapientiae
1694 2916 1811 2969 haec
1837 2914 2014 2968 virtus
2040 2913 2131 2978 sit,
2157 2918 2199 2978 ί]
2223 2912 2433 2966 scilicet
2457 2913 2590 2983 quia
2618 2916 2882 2968 reserasti
2909 2915 3205 2971 thesauros
3238 2914 3521 2988 sapientiae
3550 2916 3602 2965 et
3631 2908 3777 2963 scien-

539 3012 689 3065 sicut
700 3015 759 3063 et
775 3012 1078 3079 paupertas
1098 3005 1532 3069 beatitudinum,
1565 3020 1679 3057 non
1706 3002 1925 3057 modica
1947 3008 2135 3055 tamen

542 3097 874 3154 aestimanda
895 3101 1012 3163 est;
1039 3095 1323 3166 quoniam,
1346 3094 1452 3148 etsi
1472 3092 1678 3147 divitiae
1701 3091 1900 3146 salutis
1914 3091 2138 3161 sapien-

537 3188 623 3243 tia
651 3192 710 3241 et
728 3184 980 3251 scientia,
1012 3190 1205 3238 tamen
1222 3201 1253 3238 a
1274 3182 1550 3254 propheta
1574 3181 1749 3235 timor
1767 3180 1991 3235 Domini
2021 3180 2139 3250 ipse

540 3277 842 3331 thesaurus
867 3275 988 3345 ejus
1015 3277 1166 3328 recte
1188 3271 1476 3345 probatur.
1514 3270 1792 3325 Plurimas
1828 3270 1976 3324 enim
2009 3286 2139 3339 pro-

538 3366 806 3421 fectiones
852 3365 972 3418 haec
1008 3362 1227 3417 mansio
1278 3359 1628 3432 paupertatis
1678 3358 1867 3425 habet,
1912 3358 2056 3412 sicut
2082 3364 2140 3412 et

542 3455 772 3527 reliquae
802 3452 1143 3517 mansiones,
1190 3451 1395 3505 idcirco
1420 3465 1531 3503 non
1554 3447 1931 3520 perfunctorie
1981 3448 2135 3517 cogi-

539 3544 715 3600 tanda
740 3550 861 3611 est;
896 3540 1210 3614 presertim
1238 3556 1365 3595 cum
1397 3540 1520 3611 ipsa
1544 3539 1662 3609 jam
1689 3554 1802 3591 non
1823 3537 1893 3591 de
1920 3536 2133 3604 futuro,

540 3635 639 3690 sed
682 3635 751 3689 de
797 3632 1063 3705 praesenti
1116 3631 1235 3703 spei
1275 3629 1470 3693 allatu,
1523 3627 1676 3682 dives
1712 3627 1771 3681 in
1819 3626 2136 3683 coelestibus

536 3730 759 3796 regnat.
794 3724 1071 3779 Caeterum
1102 3726 1231 3792 post
1259 3719 1443 3775 carnis
1471 3716 1941 3799 resurrectionem
1973 3716 2135 3787 quasi

537 3814 844 3871 secundum
862 3829 1099 3884 regnum
1130 3810 1524 3882 perfectorum,
1544 3823 1657 3862 non
1682 3804 2137 3861 inconvenienter

539 3905 813 3977 accipitur
838 3923 851 3971 ;
884 3903 944 3957 in
968 3918 1078 3973 quo
1106 3916 1400 3973 processus
1427 3897 1802 3961 mansionum,
1834 3900 1891 3949 et
1915 3894 2135 3949 diversa

519 3995 866 4050 meritorum
894 3991 1126 4062 praemia
1152 3993 1558 4044 numerantur.
1589 3990 1768 4051 25]
1800 3985 1909 4039 Sed
1928 3988 2137 4055 marty-

532 4084 710 4148 ribus,
745 4081 841 4152 qui
892 4085 1120 4150 propter
1159 4077 1441 4148 justitiam
1483 4080 1777 4146 patiuntur
1815 4076 1945 4145 jure
1997 4073 2136 4128 illud

537 4171 759 4239 integre
786 4184 914 4222 mox
944 4166 1307 4232 conceditur;
1354 4165 1640 4235 quoniam,
1673 4165 1805 4219 dum
1837 4164 1908 4217 ad
1934 4163 2136 4217 altiora

2219 3001 2329 3067 tiae,
2366 3002 2632 3056 eructasti
2656 3008 2848 3058 autem
2877 3005 3155 3076 profunda
3194 3006 3402 3076 gratiae
3445 3009 3548 3057 tuae
3584 3010 3771 3059 arcana:

2222 3091 2438 3145 saeculis
2467 3096 2524 3145 et
2548 3093 3007 3161 generationibus
3036 3095 3387 3151 abscondita.
3406 3091 3522 3148 Tali
3546 3086 3775 3143 nimirum

2219 3185 2352 3235 tuus
2372 3181 2685 3251 praedoctus
2698 3183 2996 3253 Apostolus
3017 3184 3228 3253 (Ephes.
3264 3200 3337 3251 vr,
3380 3181 3464 3252 19)
3493 3171 3774 3248 magisterio

2222 3269 2469 3339 postulat
2486 3286 2667 3336 orare,
2700 3276 2763 3325 ut
2785 3272 2951 3327 detur
2979 3273 3032 3327 ei
3052 3289 3240 3328 sermo
3271 3276 3331 3330 in
3363 3269 3637 3345 apertione
3662 3261 3771 3316 oris-

2224 3359 2382 3413 Unde
2405 3359 2642 3430 imploro
2672 3367 2729 3415 et
2757 3377 2879 3431 ego,
2902 3368 3188 3417 reseratur
3215 3364 3358 3419 mihi
3374 3379 3434 3417 os
3458 3353 3774 3414 scientiarum

2215 3447 2391 3511 clave,
2426 3448 2559 3519 quia
2587 3448 2816 3503 verbum
2855 3456 3017 3504 tuum
3048 3468 3113 3505 ex
3138 3458 3195 3506 te
3228 3453 3399 3508 clavis
3429 3452 3512 3504 est
3535 3444 3655 3501 oris.
3676 3439 3775 3502 Qua

2214 3542 2361 3607 peto,
2387 3538 2606 3607 quoties
2636 3538 2979 3609 loquendum
3009 3546 3113 3606 est,
3139 3543 3329 3613 potius
3375 3536 3566 3594 laxatis
3600 3522 3775 3585 silentii

2219 3626 2450 3693 catenis,
2482 3632 2711 3681 tuarum
2739 3629 2876 3681 mihi
2923 3630 3145 3700 eloquia
3182 3627 3667 3701 intelligentiarum
3693 3630 3775 3701 pﬂj

2218 3720 2395 3770 teant.
2428 3717 2748 3788 Intelligam
2777 3718 2926 3772 enim
2950 3699 3100 3790 quod
3129 3725 3347 3792 septem
3373 3699 3490 3773 sint
3520 3714 3670 3772 dona,
3698 3699 3777 3756 sed

2218 3821 2366 3859 unus
2397 3806 2672 3876 Spiritus;
2706 3813 2921 3878 septem
2951 3810 3255 3877 orationes,
3288 3809 3390 3865 sed
3432 3820 3543 3861 una
3574 3794 3775 3872 petitio;

2217 3893 2367 3948 unde
2393 3896 2707 3965 Propheta:
2747 3899 2923 3951 Unam
2949 3902 3087 3966 petii
3111 3915 3147 3952 a
3176 3900 3432 3964 Domino,
3468 3897 3603 3947 hanc
3625 3882 3778 3952 γεραί’

2216 3999 2344 4037 ram
2371 3984 2545 4049 (Psal.
2573 4000 2719 4051 xxvr,
2745 3984 2828 4057 4);
2863 3992 3077 4058 septem
3108 3988 3388 4044 virtutum
3418 3974 3772 4039 beatitudines,

2217 4089 2332 4128 una
2358 4072 2627 4128 nimirum
2656 4075 2920 4144 cbaritas,
2945 4077 3148 4147 quibus
3175 4083 3234 4132 et
3261 4078 3387 4149 ipsa
3416 4076 3473 4130 in
3496 4059 3776 4143 praesentia-

2216 4179 2345 4218 rum
2384 4167 2545 4234 quasi
2593 4165 2710 4219 suis
2753 4183 2820 4219 ex
2860 4166 3127 4221 membris
3164 4168 3371 4223 nititur
3410 4180 3475 4218 ac
3516 4156 3773 4215 ﬁrmatur;

534 4274 637 4328 per
662 4256 871 4327 gradus
896 4254 1165 4309 virtutum
1197 4271 1256 4308 se
1286 4253 1540 4315 tulerint,
1575 4269 1640 4306 ea
1671 4269 1793 4322 qum
1813 4257 1947 4306 sunt
1966 4251 2194 4311 subli-D
2214 4258 2430 4324 septem
2453 4254 2799 4309 incrementa
2824 4256 3177 4324 meritorum,
3211 4258 3309 4312 sed
3328 4272 3441 4313 una
3467 4267 3532 4305 ex
3555 4252 3774 4301 resurre-

535 4345 717 4399 miora
736 4343 1129 4416 percipientes,
1153 4342 1302 4396 illico
1324 4341 1492 4395 etiam
1505 4340 1617 4394 illis
1636 4340 1869 4394 inferior
1880 4341 2125 4411 dignitas

538 4451 655 4490 non
675 4438 933 4505 negatur.
956 4433 1083 4488 Non
1104 4432 1254 4487 enim
1282 4434 1585 4485 evacuatur
1612 4429 1815 4500 prioris
1842 4429 1967 4484 vitae
1990 4447 2134 4501 prae-

534 4524 734 4591 mium,
787 4523 923 4578 dum
973 4521 1212 4593 amplior
1253 4519 1582 4575 meritorum
1620 4519 1800 4589 gloria
1836 4519 2136 4575 virtutibus

537 4613 877 4670 cumulatur.
896 4612 965 4667 Et
993 4610 1139 4677 ideo,
1164 4614 1230 4665 ut
1259 4608 1391 4672 dixi,
1417 4608 1620 4662 ultima
1646 4606 2011 4664 beatitudinis
2040 4626 2135 4665 re-

532 4701 833 4777 promissio
857 4701 938 4756 sic
961 4699 1194 4772 mystice
1222 4703 1588 4771 temperatur,
1637 4703 1705 4752 ut
1731 4703 1789 4752 et
1822 4715 1937 4753 una
1961 4699 2036 4754 sit
2064 4700 2134 4756 de

534 4797 770 4863 septem,
796 4795 854 4846 et
871 4796 1065 4845 tamen
1086 4789 1297 4844 eisdem
1311 4787 1497 4842 verbis
1517 4787 1759 4860 repetita
1770 4788 2134 4859 praeemineat

534 4887 692 4937 extra
728 4886 964 4953 septem.
1019 4880 1096 4935 Ex
1140 4896 1250 4951 quo
1303 4877 1517 4950 liquido
1568 4884 1726 4949 patet
1772 4877 1922 4949 quod
1967 4895 2134 4934 omne

531 4972 671 5027 illud
688 4987 926 5043 regnum
943 4969 1293 5026 beatitudine
1313 4967 1599 5039 incipitur,
1624 4973 1682 5023 et
1702 4968 1939 5023 interius
1962 4970 2134 5024 meri-

532 5067 723 5117 torum
770 5060 996 5115 claritas
1039 5058 1242 5114 iisdem
1289 5057 1559 5129 gradibus
1596 5058 1931 5113 illustratur.
1980 5058 2134 5114 Finis

531 5168 753 5224 quoque
782 5156 841 5206 et
879 5149 1235 5222 principium,
1267 5164 1382 5203 non
1434 5147 1587 5203 aliud
1638 5164 1809 5219 quam
1838 5164 2015 5203 unum
2042 5165 2134 5203 re-

527 5258 701 5312 gnum
726 5241 997 5295 coelorum
1017 5243 1167 5293 recte
1181 5236 1535 5293 concluditur
1559 5237 1736 5308 :quod
1758 5237 1888 5291 licet
1915 5242 2131 5308 septem

531 5330 774 5401 Spiritus
802 5329 982 5383 sancti
1012 5328 1175 5382 donis
1221 5326 1577 5381 credentibus
1606 5331 1920 5381 reseratum
1950 5328 2043 5393 sit,
2072 5334 2131 5382 et

527 5416 831 5491 praemissis
859 5424 1075 5488 septem
1097 5414 1507 5469 charismatum
1545 5414 1805 5485 precibus
1835 5415 2002 5486 longe
2034 5417 2131 5472 diu

530 5505 859 5581 expetitum,
880 5504 1228 5574 totidemque
1249 5502 1551 5559 virtutibus
1594 5502 1798 5559 harum
1823 5502 2131 5562 beatitudi-

2220 4342 2403 4397 ctione
2424 4343 2633 4397 Christi
2660 4344 2857 4410 virtus,
2891 4362 3014 4416 quae
3034 4352 3118 4401 est
3134 4353 3350 4415 octava,
3375 4360 3439 4400 ex
3451 4338 3774 4413 quaregnum

2217 4432 2488 4487 caelorum
2545 4433 2891 4503 patientibus
2950 4452 3050 4506 pro
3099 4437 3325 4506 justitia
3378 4420 3771 4506 repromittitur-

2216 4521 2469 4575 Profecto
2494 4502 2638 4576 hanc
2665 4523 2792 4576 ideo
2819 4502 3016 4579 beatus
3045 4502 3391 4595 evangelista
3435 4502 3536 4575 sub
3569 4502 3772 4596 mysticq

2216 4609 2521 4665 reservavit
2576 4628 2854 4681 numero;
2914 4614 3047 4685 quia
3098 4620 3156 4668 et
3192 4592 3296 4686 pro
3342 4617 3535 4668 octava
3576 4592 3774 4686 plurimi

2216 4699 2598 4754 inscribuntur
2625 4702 2847 4772 psalmi.
2881 4681 3043 4769 Quia,
3074 4681 3220 4758 sicut
3249 4709 3443 4759 octava
3473 4681 3775 4776 Chii-“iui”?

2214 4789 2531 4844 mortalitas
2556 4770 2825 4846 virtutum
2851 4808 3070 4847 summe
3100 4793 3307 4848 nituit:
3343 4793 3421 4848 sic
3445 4770 3772 4841 beatitudinis

2214 4878 2385 4949 hujus
2431 4884 2637 4935 octavae
2680 4882 3207 4952 praedestinatorum
3259 4869 3628 4938 remuneratio
3657 4857 3767 4915 erit.

2218 4968 2325 5023 Sed
2356 4973 2414 5023 et
2441 4968 2500 5023 in
2530 4970 2826 5025 Salomone
2855 4991 2866 5025 :
2896 4973 2978 5027 Da
2999 4970 3450 5043 partem,inquit,
3475 4964 3674 5031 septem,
3696 4955 3774 4999 ποθ

2216 5074 2330 5113 non
2359 5064 2408 5113 et
2437 5064 2549 5113 octo
2581 5060 2768 5126 (Eccle.
2801 5062 2964 5130 x1,‘2).
2985 5063 3262 5118 Fortassis
3293 5063 3424 5135 quia
3450 5043 3773 5135 praelatum”:

2215 5148 2487 5204 virtutum
2510 5165 2745 5205 numero
2767 5151 2897 5205 tacti
2911 5168 3081 5223 opera
3105 5120 3373 5223 jubemur
3389 5135 3709 5217 impendere,
3727 5120 3773 5173 et

2214 5244 2403 5292 tamen
2445 5245 2650 5294 octavae
2679 5241 2798 5311 spei
2824 5247 3049 5308 nostrae,
3083 5259 3207 5313 quae
3248 5243 3497 5297 Christus
3540 5228 3635 5285 θείη
3664 5224 3771 5313 Pw:

2215 5344 2402 5382 cessus
2421 5330 2773 5394 meritorum,
2798 5335 2855 5384 et
2872 5309 3158 5401 largitoris
3183 5330 3454 5388 beneﬁcia
3482 5337 3545 5377 ex
3576 5309 3768 5404 ίῐιΐαίξξτο

2212 5422 2396 5472 totum
2422 5419 2689 5475 tribuere.
2720 5389 2991 5491 Alioqui;
3011 5438 3112 5492 per
3160 5439 3219 5476 se
3267 5423 3338 5476 ad
3379 5422 3491 5473 haec
3518 5403 3633 5480 (Ιυίδ
3656 5389 3768 5492 ,ΜΤ

2214 5507 2548 5578 neus71mo,
2582 5514 2648 5566 ut
2672 5509 2859 5565 idonei
2888 5527 3159 5581 essemus,
3182 5511 3339 5567 missi
3364 5508 3493 5566 sunt
3514 5499 3570 5554 in
3597 5482 3765 5545 Orbem
