3938 6174
151 203 154 212 .
231 146 328 204 2'29

1024 146 1400 202 EXPOSITIO
1441 149 1518 202 IN
1554 145 2004 205 MATTHIEUM.
2051 175 2115 189 -
2152 147 2288 202 LIB.
2331 148 2430 215 III,
2474 147 2611 202 CAP
2649 149 2716 203 V.

3381 156 3490 217 230

230 279 509 326 terrarum
539 277 754 342 septem
785 271 1014 342 spiritus
1043 272 1163 337 Dei,
1197 273 1345 326 unde
1365 272 1624 326 universa
1645 271 2154 336 virtu-Acluserat,
2188 289 2380 328 rursus
2426 276 2679 345 personis
2729 293 2794 330 ac
2838 279 3078 347 negotiis
3119 285 3487 351 congruentia

229 367 346 416 tum
376 362 526 416 dona
556 363 857 432 profluant.
891 361 1003 414 Sub
1037 377 1275 432 quorum
1305 378 1443 415 sane
1474 361 1724 426 obtentu,
1759 363 1816 415 in

230 451 480 506 oratione
509 451 765 505 Christus
793 457 1047 504 votorum
1061 467 1253 522 preces
1273 451 1510 505 edocuit.
1531 452 1593 505 In
1617 451 1818 522 quibus

229 541 474 612 pendent
488 541 813 595 omniavitw
828 539 1194 594 odoramenta
1211 559 1221 594 :
1239 557 1562 611 quanquam
1580 540 1817 594 necdum

227 630 489 696 sciamus,
522 637 666 684 teste
695 629 964 699 Apostolo
1011 630 1178 690 (Rom.
1212 644 1329 690 vm,
1377 628 1490 694 26),
1542 629 1817 698 quomodo

225 720 510 774 interdum
535 735 696 773 orare
727 724 983 789 oporteat
1018 718 1217 772 Unctio
1238 718 1387 772 enim
1408 718 1638 788 spiritus
1659 718 1820 771 docet

226 825 321 863 nos
353 809 535 863 dehis
565 808 845 862 omnibus.
881 808 1063 861 Aliter
1104 813 1314 872 autem,
1362 824 1465 861 nec
1507 807 1817 860 secundum

224 898 367 953 dona
395 897 574 970 ipsius
602 897 803 963 vivere,
834 914 938 950 nec
966 913 1032 950 ea
1062 896 1363 950 salubriter
1405 896 1659 966 precibus
1703 895 1815 949 im-

221 988 464 1060 plorare,
499 1003 602 1041 nec
640 986 1052 1040 beatitudinum
1082 986 1357 1056 promissa
1387 986 1620 1039 feliciter
1667 985 1818 1038 vale-

221 1094 342 1132 mus
372 1077 632 1148 adipisci.
671 1077 740 1130 Et
767 1076 890 1130 ideo
924 1075 1083 1146 prius
1113 1074 1262 1128 dona
1298 1073 1474 1145 gratis
1502 1074 1820 1144 largiuntur

221 1166 600 1236 negotiorum,
636 1165 837 1219 deinde
866 1164 1138 1218 virtutum
1171 1163 1453 1229 exercitia,
1508 1161 1816 1216 secundum

220 1254 497 1310 donorum
522 1255 755 1319 talenta,
795 1253 1136 1324 exiguuntur
1163 1269 1291 1306 cum
1321 1253 1494 1317 lucro,
1546 1251 1716 1304 etiam
1759 1255 1816 1304 et

1899 361 2067 415 latius
2093 364 2336 432 exponit,
2372 369 2434 416 ut
2483 365 2718 434 singulis
2773 366 3022 437 singulas
3079 372 3487 428 sententiarum

1899 456 2086 520 partes
2119 451 2389 506 edisserat
2417 457 2472 505 et
2501 460 2740 524 coaptet.
2757 456 3026 526 Proponit
3044 458 3194 512 enim
3235 461 3391 530 prius
3430 463 3488 517 in

1898 540 2190 610 utriusque
2217 541 2356 610 legis
2376 543 2601 596 oraculo
2625 545 3028 600 sententiarum
3057 563 3267 616 genera
3308 550 3490 606 verbis

1900 629 2090 700 paucis
2110 631 2386 684 conclusa.
2420 631 2700 686 Nimirum
2722 640 2907 700 254
2921 635 3051 705 quia
3073 638 3284 708 species
3299 656 3491 695 rerum

1902 735 2071 788 quam
2086 735 2228 788 smpe
2249 719 2359 772 vim
2374 720 2828 791 minuitgeneris.
2853 724 3065 778 Deinde
3089 726 3185 780 illa
3208 729 3493 799 sapienter

1901 807 2097 860 dividit
2118 809 2175 860 in
2206 814 2411 878 partes,
2441 811 2588 880 quod
2613 812 2810 865 divisio
2825 813 2884 866 in
2914 816 3095 869 causis
3123 816 3487 886 difﬁcillimis,

1900 897 1970 950 ad
1999 898 2402 966 capescendum
2432 899 2738 968 plurimum
2768 902 2930 956 valet.
2959 903 3117 958 Unde
3133 907 3378 975 prudens
3397 926 3496 964 au-

1900 985 2050 1039 ditor
2077 986 2306 1040 devotus
2327 989 2637 1058 perpendat
2657 991 2823 1060 quod,
2860 992 3027 1046 simul
3049 993 3107 1047 in
3147 996 3344 1065 paucis
3375 998 3491 1052 col-

1899 1075 2125 1138 lectum,
2158 1075 2355 1130 fortius
2383 1094 2448 1130 ac
2476 1077 2788 1133 mirabilius
2819 1080 2987 1150 viget.
3019 1082 3230 1137 Deinde
3251 1087 3492 1156 sparsim

1901 1166 2290 1219 numerosiora
2320 1166 2554 1235 singulis
2576 1167 2740 1222 rebus
2766 1170 3058 1239 specialius
3100 1173 3373 1229 attributa
3400 1176 3490 1230 in-

1897 1254 2115 1324 telligat
2139 1274 2150 1317 ;
2187 1260 2244 1308 et
2265 1255 2410 1325 quod
2427 1273 2527 1309 suo
2549 1257 2835 1327 praposito
2869 1275 3176 1330 congruere
3204 1262 3407 1319 viderit
3429 1265 3490 1320 in

217 1349 339 1415 post
369 1345 689 1398 certamina
722 1343 848 1398 vitae
872 1343 1102 1414 praemia
1123 1342 1226 1397 sub
1255 1341 1469 1396 militiae
1500 1357 1671 1412 penso
1721 1357 1841 1393 re-.
1896 1350 2074 1414 parte,
2101 1345 2278 1398 fidelis
2304 1345 2540 1416 accipiat
2559 1345 2616 1399 in
2637 1351 2776 1411 toto,
2806 1348 2958 1402 velut
2980 1349 3087 1403 sibi
3110 1351 3313 1407 clarius
3340 1370 3495 1409 rese-
3551 1396 3566 1405 .

215 1439 674 1504 compensantur.
736 1433 821 1486 Ad
880 1433 1029 1502 quod
1085 1433 1339 1486 Salvator
1387 1436 1579 1486 noster
1623 1446 1813 1501 preces

217 1523 454 1576 totidem
486 1523 695 1590 docuit,
726 1527 792 1576 ut
819 1527 876 1575 et
903 1521 1049 1575 dona
1100 1521 1378 1592 copiosius
1427 1525 1710 1591 petantur,
1757 1525 1814 1573 et
1840 1592 1876 1601 ﬁ
1899 1522 2308 1578 beatitudinum
2324 1530 2600 1589 extenuet,
2622 1533 2721 1580 aut
2736 1527 2904 1581 simul
2927 1530 3293 1601 compositam
3313 1540 3495 1588 inora-

213 1619 481 1683 percepta
499 1611 800 1666 virtutibus
812 1611 1212 1665 officiosissime
1234 1611 1812 1682 locupletentur.Quo-
1837 1592 1880 1650 Β
1899 1612 2033 1666 lium
2065 1613 2492 1683 intelligentiam
2524 1615 2802 1670 sentiendi
2833 1592 3141 1673 obscuritas
3165 1622 3490 1678 confundat.

1897 1440 2100 1488 ratum.
2133 1435 2216 1488 Ne
2248 1439 2346 1488 aut
2359 1436 2671 1505 specierum
2700 1438 2941 1492 varietas
2966 1439 3074 1496 vim
3098 1457 3491 1516 summamque
3591 1463 3594 1466 ‘

214 1719 334 1756 rum
368 1701 622 1773 profecto
665 1701 1046 1755 remuneratio
1095 1699 1310 1754 felicius
1355 1703 1719 1769 augmentata
1754 1699 1812 1752 in

214 1792 556 1856 caelestibus,
585 1795 774 1856 253
794 1789 951 1844 nobis
979 1788 1314 1844 sudantibus
1335 1788 1668 1860 praebeatur.
1703 1787 1811 1842 Sed

215 1882 352 1936 nihil
394 1881 584 1936 acrius
623 1881 684 1934 in
729 1880 844 1933 vita
899 1878 1255 1933 credentibus
1310 1895 1480 1949 quam
1537 1879 1653 1949 pati
1709 1894 1810 1949 pro

209 1971 433 2042 justitia
462 1969 785 2024 mandatur.
820 1969 965 2033 Quia
993 1985 1123 2022 vera
1163 1969 1376 2022 esuries
1417 1968 1652 2038 justitia:
1676 1959 1813 2021 tunc

214 2060 506 2132 probatur,
541 2060 592 2114 si
619 2065 752 2113 ante
784 2059 1018 2129 quisque
1044 2074 1144 2129 pro
1176 2074 1243 2112 ea
1281 2057 1412 2111 velit
1457 2058 1598 2110 mori
1643 2073 1813 2128 quam

215 2152 380 2206 fidem
414 2166 485 2205 ex
518 2165 632 2220 qua
653 2149 996 2219 justificatus
1018 2154 1102 2202 est
1147 2148 1298 2202 sinat
1353 2147 1612 2202 falsitatis
1652 2164 1814 2202 men-

215 2241 370 2296 dacio
397 2241 625 2295 violari.
663 2240 1066 2294 Verumtamen
1089 2241 1207 2294 hac
1224 2240 1426 2294 ultima
1453 2245 1508 2294 et
1535 2239 1816 2310 praecipua

187 2323 192 2326 ’
215 2331 334 2386 vitae
344 2330 666 2399 beatitudo,
679 2335 891 2400 septem
906 2329 1347 2399 praecedentibus
1359 2329 1618 2400 suppleta
1629 2329 1810 2395 donis,

216 2427 365 2475 recte
389 2425 457 2474 ut
482 2425 675 2474 teneat
707 2419 856 2489 quod
889 2419 1103 2490 accepit
1128 2419 1331 2472 ultima
1377 2418 1635 2490 martyrii
1686 2434 1815 2488 pas-

214 2511 388 2575 sione,
408 2509 629 2563 felicius
649 2508 964 2561 decoratur.
997 2507 1263 2577 Alioquin
1289 2507 1410 2561 sine
1440 2507 1530 2561 his
1567 2507 1638 2560 ad
1687 2522 1818 2576 pas-

215 2601 448 2654 sionem.
473 2599 560 2652 ire
605 2596 899 2651 imbecillis
943 2603 1028 2650 est
1063 2603 1314 2662 conatus,
1367 2596 1514 2666 quod
1566 2597 1818 2650 mortalis

216 2689 518 2743 inﬁrmitas
531 2685 838 2741 acerbitate
852 2702 1148 2756 pcenarum
1162 2687 1270 2739 cito
1285 2686 1539 2740 vincitur.
1558 2686 1816 2755 Propter-

214 2795 275 2832 ea
302 2777 522 2843 Christi
547 2776 709 2830 miles
729 2776 880 2847 pacis
899 2781 1150 2846 tempore
1179 2775 1452 2829 virtutum
1478 2774 1816 2830 muniendus

217 2875 294 2922 est
322 2867 526 2932 armis,
558 2866 680 2919 sine
705 2865 906 2936 quibus
947 2881 1113 2918 nemo
1138 2865 1384 2934 gloriosa
1432 2865 1580 2935 gerit
1634 2871 1814 2920 certa-

1895 1703 2075 1772 Igitur
2103 1703 2208 1756 hac
2227 1703 2296 1756 de
2321 1720 2492 1757 causa
2521 1704 2623 1759 has
2646 1711 2768 1760 octo
2798 1706 3019 1762 videtur
3043 1709 3323 1779 gradatim
3338 1713 3495 1783 prius

1895 1808 2271 1859 enumerasse,
2305 1800 2498 1862 postea
2526 1811 2652 1848 vero
2683 1796 3051 1865 figuratamm
3079 1799 3293 1870 species
3316 1800 3496 1871 signi-

1895 1882 2126 1935 ficanter
2153 1883 2602 1953 reassumpsisse.
2636 1884 2812 1951 Unde,
2836 1887 3142 1941 secundum
3197 1889 3492 1961 antiquam

1894 1972 2319 2026 translationem
2337 1991 2347 2025 :

1966 2063 2117 2114 Beati
2130 2064 2274 2126 estis,
2300 2061 2504 2132 inquit,
2529 2078 2655 2116 cum
2667 2078 2753 2116 vos
2777 2065 2995 2119 oderint
3019 2082 3204 2121 omnes
3221 2067 3488 2137 homines,

1896 2155 1944 2202 et
1973 2150 2218 2204 dixerint
2247 2153 2537 2205 adversum
2567 2167 2656 2205 vos
2687 2156 2875 2206 omnia
2898 2158 3069 2222 mala,
3093 2162 3139 2209 et
3170 2161 3487 2226 expulerint

1897 2255 2003 2292 vos.
2035 2238 2246 2302 Quibus
2275 2241 2523 2311 profecto
2553 2239 2734 2294 verbis
2765 2245 2921 2312 patet
2952 2244 3098 2313 quod
3142 2244 3285 2312 dico,
3339 2246 3490 2318 quod

1898 2328 2038 2381 nihil
2069 2329 2220 2383 aliud
2246 2329 2303 2382 in
2336 2329 2442 2396 his,
2477 2347 2644 2401 quam
2673 2330 2850 2385 virtus
2880 2337 3085 2387 octavae
3125 2333 3490 2392 beatitudinis

1898 2417 2070 2471 latius
2100 2419 2520 2489 recapitulatur,
2561 2424 2618 2473 et
2665 2421 3115 2490 persecutionum
3155 2429 3362 2494 partes
3390 2442 3491 2497 pro

1893 2507 2118 2576 justitia
2148 2508 2366 2578 plenius
2389 2514 2760 2579 exponuntur.
2783 2510 2924 2564 Nam
2955 2529 3125 2582 supra
3151 2515 3493 2583 generaliter

1899 2596 2151 2651 absolute
2179 2596 2437 2651 omnibus
2464 2597 2561 2650 illa
2586 2597 2868 2663 dicuntur,
2896 2599 2985 2653 hic
3016 2617 3144 2655 vero
3175 2603 3494 2673 specialiter

1896 2687 2178 2757 apostolos
2217 2702 2408 2739 eorum
2457 2703 2724 2756 sequaces
2770 2703 2871 2757 pro
2930 2689 3154 2758 justitia
3206 2708 3488 2762 passuros,

1898 2775 2213 2846 expressius
2233 2775 2654 2845 pronuntiatur.
2681 2775 2790 2830 Sed
2807 2781 2997 2831 tamen
3017 2779 3180 2832 etilla
3201 2783 3488 2851 apostolis,

1898 2869 1956 2919 et
1980 2865 2096 2919 hac
2108 2865 2383 2918 universis
2411 2881 2510 2934 pro
2532 2865 2756 2919 Christo
2773 2866 3110 2921 conveniunt
3129 2869 3490 2939 patientibus.

214 2957 384 3011 mina.
417 2956 670 3010 Possunt
688 2955 839 3009 enim
852 2955 992 3020 istae,
1017 2954 1064 3008 si
1094 2955 1407 3024 persecutio
1439 2955 1600 3019 desit,
1670 2955 1815 3010 dono
1835 2953 1877 3012 Ο
1897 2955 1960 3009 In
1980 2971 2090 3025 qua
2104 2953 2372 3008 nimirum
2384 2954 2756 3016 sententia.ex
2771 2954 2972 3025 quibus
2985 2973 3099 3010 una
3113 2958 3492 3015 Ecclesiarum

215 3047 423 3101 Christi
451 3045 672 3099 militiae
701 3044 945 3115 palmam
979 3043 1188 3114 absque
1217 3044 1511 3113 sanguinis
1543 3044 1814 3099 effusione

214 3136 530 3208 expeditius
561 3134 907 3206 promereri;
939 3133 1036 3186 illa
1081 3150 1230 3199 vero,
1289 3134 1336 3187 si
1391 3139 1613 3204 tempus
1670 3135 1818 3188 adsit

216 3225 516 3297 passionis,
551 3239 862 3294 numquam
892 3223 1010 3276 sola
1041 3223 1238 3277 mortis
1281 3223 1514 3277 audacia
1540 3223 1663 3277 sine
1692 3224 1816 3278 istis

216 3316 521 3370 salubriter
549 3313 828 3368 coronari.
861 3313 1038 3366 Nemo
1070 3313 1246 3382 igitur
1272 3313 1392 3366 sine
1418 3329 1554 3383 pace
1585 3312 1811 3379 Christi,

217 3422 382 3460 nemo
412 3405 538 3458 sine
569 3403 783 3456 mundo
813 3402 996 3465 corde,
1028 3402 1113 3455 vel
1137 3402 1257 3456 sine
1300 3402 1685 3455 misericordia
1716 3418 1814 3472 pro

213 3495 437 3564 iustitia
467 3493 702 3565 patitur.
739 3492 885 3545 Sane
914 3490 1040 3562 quis
1063 3507 1311 3561 unquam
1343 3491 1546 3544 dixerit
1571 3491 1815 3561 aliquem

220 3586 338 3639 sine
350 3603 378 3637 a
389 3600 548 3638 more
555 3584 578 3653 j
588 3581 794 3636 ustitiaa
825 3586 1104 3635 tormenta
1124 3585 1273 3635 recte
1286 3581 1598 3635 sustinere?
1617 3581 1815 3646 Nemo,

219 3674 471 3745 inquam,
518 3672 732 3742 absque
787 3669 1216 3740 compunctione
1265 3669 1466 3736 cordis,
1518 3675 1575 3722 et
1616 3669 1819 3723 futurae

203 3765 414 3834 'patrize
440 3761 742 3827 desiderio,
771 3759 1009 3813 libenter
1028 3776 1128 3830 pro
1159 3775 1224 3813 eo
1265 3759 1431 3813 morti
1482 3758 1776 3829 subjicitur
1801 3777 1813 3826 ;

221 3869 386 3908 nemo
413 3853 626 3923 absque
657 3849 867 3906 Christi
904 3850 1355 3915 mansuetudine,
1391 3865 1555 3902 nemo
1604 3848 1815 3918 absque

224 3941 575 4014 paupertatis
602 3941 822 4006 affectu,
858 3939 1164 4012 praesertim
1209 3955 1336 3992 cum
1385 3955 1549 3992 verus
1606 3937 1818 3991 athleta

227 4030 331 4086 Dei
357 4049 461 4086 nec
491 4048 551 4085 se
583 4031 713 4084 velit
741 4031 848 4084 sibi
877 4046 1100 4084 servare
1127 4048 1139 4095 ;
1191 4029 1289 4082 sed
1339 4043 1466 4081 cum
1515 4027 1644 4080 vitae
1705 4026 1816 4080 dis-

223 4122 428 4192 pendio
459 4121 640 4191 magis
685 4121 939 4176 Creatori
995 4118 1277 4184 lucrifieri,
1338 4134 1436 4171 seu
1493 4133 1613 4188 pro.
1649 4115 1816 4186 justi-

223 4210 305 4263 tia
336 4210 509 4280 eligat
537 4210 704 4263 citius
752 4209 1054 4264 immolari.
1109 4208 1290 4262 Aliter
1332 4211 1524 4260 autem
1567 4203 1820 4276 quisquis

1897 3061 2163 3115 pressura
2199 3043 2578 3108 continuatur,
2625 3043 2736 3097 tria
2783 3046 3236 3114 persecutionum
3283 3065 3494 3118 genera

1897 3133 2282 3204 designantur;
2308 3133 2439 3203 quia
2449 3133 2738 3186 autcordis
2749 3133 2876 3186 odio
2888 3142 3302 3206 persequuntur
3319 3137 3494 3193 bonos

1897 3221 2096 3292 iniqui,
2130 3227 2228 3275 aut
2257 3221 2542 3274 maledicis
2565 3221 2842 3276 dilaniant
2859 3223 3059 3290 verbis,
3085 3230 3184 3280 aut
3203 3227 3351 3296 quod
3371 3245 3493 3283 sce-

1897 3311 2093 3364 lestius
2122 3315 2224 3374 est,
2255 3309 2415 3364 factis
2444 3311 2730 3380 pelluntur
2759 3312 3040 3382 malignis.
3075 3315 3139 3368 In
3168 3315 3256 3368 his
3288 3317 3494 3389 quippe

1898 3400 2295 3453 sceleratorum
2315 3399 2586 3469 gradibus
2610 3405 2728 3454 tota
2757 3402 3173 3457 adversantium
3202 3405 3498 3460 hominum

1901 3488 2200 3542 crudelitas
2230 3488 2574 3558 designatur.
2613 3490 2721 3543 Sed
2766 3489 2974 3544 habent
3001 3492 3121 3547 ista;
3160 3500 3349 3564 partes
3381 3496 3497 3550 sin-

1900 3577 2045 3648 gula:
2076 3577 2278 3646 quibus
2307 3577 2678 3631 conficiantur
2705 3595 2898 3632 rursus
2929 3597 3042 3634 suae
3067 3582 3281 3636 fraudis
3317 3601 3497 3638 mem-

1902 3666 2018 3720 bra.
2053 3666 2213 3720 Unde
2243 3665 2493 3736 expulsio
2523 3673 2672 3720 recte
2710 3667 2926 3721 duobus
2955 3671 3136 3724 modis
3181 3671 3491 3742 accipitur;

1903 3755 2113 3810 scilicet
2139 3755 2274 3809 dum
2305 3760 2401 3808 aut
2421 3772 2453 3808 a
2469 3755 2747 3809 consortio
2767 3756 2972 3810 civium
2988 3758 3274 3814 interdum
3296 3760 3499 3831 aliquis

1903 3863 2031 3900 cum
2061 3845 2270 3915 injuria
2301 3849 2649 3915 segregatur,
2681 3851 2780 3899 aut
2806 3845 2941 3899 dum
2971 3846 3086 3901 vita
3114 3862 3356 3919 prmsens
3377 3850 3496 3905 suis

1904 3934 2128 3989 sedibus
2166 3935 2343 4005 pulsa,
2373 3951 2502 3988 caro
2541 3940 2720 3989 morte
2760 3935 3074 4006 perimitur.
3125 3938 3245 4002 Quo
3301 3945 3495 3995 tamen

1901 4023 2065 4088 facto,
2097 4023 2236 4076 nulli
2267 4022 2501 4077 dubium
2537 4040 2636 4094 pro
2658 4024 2898 4094 justitia,
2933 4025 3080 4095 quod
3110 4027 3312 4081 melius
3342 4045 3496 4083 mor-

1901 4118 2004 4167 tua
2038 4113 2204 4166 vivat.
2240 4113 2480 4167 Econtra
2508 4113 2588 4166 illi
2639 4114 3044 4169 calumniantes
3097 4117 3225 4186 jure
3269 4119 3500 4175 mentiri

1903 4203 2182 4267 dicuntur,
2217 4203 2262 4256 si
2281 4219 2381 4256 nos
2405 4202 2684 4272 justitiam
2716 4209 2994 4258 sectantes
3020 4222 3120 4276 pro
3151 4206 3372 4262 Christo
3399 4209 3501 4264 de-

223 4316 336 4353 non
367 4317 463 4368 pro
484 4299 708 4370 justitia
737 4299 956 4364 devote,
993 4298 1089 4352 sed
1118 4297 1295 4368 culpis
1319 4294 1665 4366 exigentibus
1709 4294 1821 4347 alia
1839 4289 2030 4348 Dvote
2057 4293 2324 4363 patimur.
2356 4291 2617 4362 Alioquin
2648 4299 2838 4346 reatus
2865 4295 2951 4347 sui
2982 4311 3204 4365 poenam
3233 4297 3338 4351 luit
3350 4298 3502 4370 quis-

227 4389 475 4459 qualibet
503 4405 568 4442 ex
595 4405 765 4442 causa
792 4388 960 4458 digne
985 4387 1215 4459 patitur,
1250 4403 1363 4441 non
1388 4384 1696 4449 beatitudo,
1725 4384 1822 4461 sed

226 4478 368 4532 ultio
395 4478 608 4550 peccati
626 4478 907 4549 aequitatis
941 4478 1039 4531 Dei
1065 4477 1277 4547 judicio
1320 4475 1657 4530 cumulatur.
1694 4475 1823 4528 Haec

227 4567 298 4621 de
327 4567 413 4621 his
432 4569 583 4622 dicta
610 4567 910 4622 sufficiant.
944 4568 1221 4621 Caeterum
1249 4566 1462 4637 species
1486 4565 1685 4618 harum
1714 4563 1822 4617 vir-

225 4663 412 4711 tutum
441 4657 664 4713 lectoris
695 4657 943 4712 efﬁcacia
970 4657 1231 4711 solertius
1250 4656 1554 4722 discernat;
1588 4653 1736 4724 quod
1764 4657 1822 4706 et

227 4745 513 4816 legislator
540 4748 761 4818 Moyses
791 4747 983 4801 decem
1020 4751 1299 4818 praecepta
1325 4745 1384 4798 in
1416 4749 1606 4798 monte
1645 4759 1819 4814 gene-

226 4836 372 4889 ralia
394 4837 545 4907 prius
576 4853 916 4908 proponens,
949 4837 1151 4890 deinde
1183 4835 1381 4889 eadem
1411 4833 1527 4888 suis
1558 4833 1820 4904 explanat

227 4925 494 4994 partibus,
508 4932 566 4981 et
576 4932 981 4998 praeceptorum
998 4941 1274 4980 summam
1289 4923 1543 4996 pluribus
1559 4939 1625 4976 ex
1634 4921 1816 4976 causis

229 5014 561 5085 replicando,
596 5032 794 5069 rursus
823 5014 1022 5069 dividit
1048 5032 1148 5085 per
1173 5013 1420 5085 species:
1461 5013 1542 5066 ita
1571 5017 1627 5066 et
1654 5012 1816 5065 Chri-

229 5110 349 5159 stus
367 5108 550 5161 volens
586 5107 881 5161 ostendere
911 5122 970 5160 se
1011 5123 1110 5177 per
1138 5105 1414 5176 Spiritum
1445 5108 1701 5157 sanctum
1721 5101 1817 5155 illa

232 5192 494 5262 docuisse,
524 5196 697 5250 simili
727 5196 892 5250 modo
918 5212 1083 5260 nunc,
1117 5212 1180 5249 ac
1210 5195 1254 5248 si
1286 5195 1554 5247 virtutum
1583 5207 1810 5262 genera,

235 5291 358 5337 octo
385 5284 794 5340 beatitudinum
826 5285 1115 5357 proposuit
1142 5285 1326 5348 verba,
1377 5301 1441 5337 ex
1472 5281 1692 5353 quibus,
1754 5281 1814 5335 ni

236 5371 408 5440 fallor,
427 5392 772 5447 quaecunque
808 5376 998 5430 docuit
1024 5376 1082 5430 in
1119 5375 1313 5429 eodem
1341 5377 1549 5438 monte,
1574 5371 1820 5444 pendent

239 5465 446 5522 omnia.
468 5467 577 5523 Sed
599 5466 700 5540 qui
729 5465 1016 5522 obscurius
1044 5464 1238 5537 paucis
1268 5463 1467 5520 'verbis
1495 5461 1659 5536 plura
1684 5477 1820 5517 con-

1906 4381 2032 4454 quis
2070 4381 2249 4452 culpis
2279 4381 2628 4451 exigentibus
2671 4381 2988 4436 damnatur.
3034 4384 3176 4438 Hinc
3217 4391 3303 4440 est
3348 4387 3499 4458 quod

1902 4471 2148 4541 gaudere
2176 4469 2534 4540 patientibus,
2568 4475 2625 4523 et
2656 4471 2932 4524 exsultare
2961 4488 3060 4542 pro
3102 4474 3325 4543 justitia
3370 4491 3496 4530 mo-

1904 4566 2036 4626 net;
2069 4559 2200 4631 quia
2229 4559 2569 4613 conscientia
2592 4560 2753 4613 testis
2810 4566 2864 4613 et
2912 4562 3022 4615 fida
3076 4563 3293 4617 devotio
3352 4564 3496 4620 nihil

1903 4650 2055 4704 aliud
2085 4649 2319 4720 requirit
2349 4665 2516 4719 quam
2525 4649 2759 4719 justitiae
2779 4652 3017 4705 culmen.
3047 4653 3206 4708 Unde
3224 4655 3490 4725 profecto,

1903 4739 2050 4812 quod
2080 4756 2252 4810 supra
2279 4755 2515 4808 regnum
2545 4739 2831 4806 cmlorum,
2857 4740 2944 4794 hic
2975 4747 3162 4806 255
3181 4743 3406 4813 copiosa
3433 4744 3494 4798 in

1900 4829 2217 4885 cmlestibus
2257 4844 2470 4882 merces
2509 4827 2701 4882 futura
2745 4829 3022 4899 signatur.
3073 4831 3179 4884 Sed
3230 4848 3302 4886 ne
3349 4831 3492 4888 forte

1902 4920 2049 4992 quod
2079 4917 2214 4972 dicit
2239 4918 2434 4972 durius
2456 4917 2735 4984 audiatur,
2766 4923 3044 4989 temperat
3070 4922 3322 4992 exemplo
3336 4923 3494 4993 prius

1899 5008 2173 5082 passionis
2197 5007 2477 5078 rigorem:
2521 5012 2585 5061 ut
2609 5011 2767 5061 tanto
2795 5007 3012 5062 facilius
3059 5010 3301 5064 tolerent
3345 5012 3495 5082 quod

1900 5100 2166 5164 minatur,
2200 5103 2410 5168 quanto
2435 5097 2648 5151 felicius
2669 5098 3046 5167 cognoverint,
3067 5115 3167 5169 per
3195 5100 3313 5154 haec
3333 5117 3392 5155 se
3421 5100 3494 5156 ad

1898 5196 2107 5246 aeterna
2134 5193 2498 5260 perventuros
2517 5187 2725 5257 gaudia
2755 5204 2877 5258 quae
2907 5188 3202 5258 promittit.

1968 5279 2059 5334 Sic
2086 5281 2254 5344 enim,
2289 5277 2490 5348 inquit,
2518 5281 2792 5345 persecuti
2817 5282 2946 5330 sunt
2977 5284 3023 5331 et
3063 5281 3352 5348 prophetas
3396 5281 3498 5352 qui

1900 5375 2059 5424 erant
2087 5373 2214 5421 ante
2230 5384 2336 5420 vos.
2362 5368 2440 5420 Ac
2467 5366 2514 5420 si
2534 5372 2793 5438 patenter
2816 5366 2982 5432 dicat,
3021 5384 3214 5422 eorum
3241 5371 3498 5442 exempla

1899 5475 1997 5514 vos
2025 5457 2295 5526 invitant;
2339 5456 2490 5527 quia,
2521 5456 2665 5512 sicut
2691 5455 2896 5512 veritas
2928 5462 3031 5528 est,
3063 5459 3346 5516 meumilli
3369 5472 3502 5534 pro-
