3938 6174
570 205 671 264 231

1357 203 1414 256 S.
1461 202 1841 259 PASCHASII
1882 178 2244 257 RADBERTI
2284 201 2587 257 ABBATIS
2626 200 3119 256 CORBEIENSIS.

569 332 897 387 nuntiantes
933 331 1234 385 adventum
1263 346 1363 400 pro
1404 329 1628 399 justitia
1674 332 1807 383 sunt
1860 328 2156 399 perempti.
2181 329 2229 386 A
2250 327 2486 381 ﬁciendo
2517 331 2674 381 caret
2698 326 2971 396 sanguine
2995 331 3054 379 et
3076 324 3574 396 putredinem
3641 338 3788 392 pur

572 420 789 476 Idcirco
826 438 923 475 vos
950 421 1185 475 minime
1214 418 1471 474 dubitare
1501 418 1735 489 potestis
1762 431 1853 471 me
1881 417 2041 487 sequi
2070 432 2171 487 per

569 510 791 565 labores
823 510 892 565 ad
919 509 1177 580 gloriam,
1222 509 1358 563 dum
1410 525 1506 561 eos
1555 523 1792 577 quorum
1845 505 2169 577 prophetias

570 601 821 673 probatis
844 600 904 654 in
932 617 1023 654 me
1046 599 1322 671 impletas,
1374 596 1604 650 cernitis
1646 601 1778 650 ante
1814 596 2163 667 triumphum

569 690 845 762 passionis
855 690 1081 744 devotos
1105 704 1169 742 ac
1182 687 1374 741 ﬁdeles
1396 685 1516 740 sine
1538 686 1791 756 exemplo
1805 684 2166 740 succubuisse

569 779 630 833 in
655 784 915 834 mortem.
965 778 1094 831 Haec
1135 777 1296 847 juxta
1338 775 1679 846 exemplaria
1720 775 1972 845 priorum
2019 772 2169 827 dicta

570 868 721 936 sint;
755 873 1018 923 caeterum
1045 870 1241 919 nostra
1269 863 1679 934 interpretatio.

643 960 795 1011 Beati
814 958 957 1021 estis,
989 953 1192 1026 inquit,
1226 970 1353 1008 cum
1381 955 1779 1007 maledixerint
1807 955 2167 1023 vobis,etper-

568 1048 741 1101 secuti
766 1060 855 1099 vos
877 1045 1110 1109 fuerint,
1135 1047 1182 1097 et
1197 1043 1443 1096 dixerint
1464 1058 1623 1095 omne
1644 1044 1859 1095 malum
1873 1043 2166 1096 adversum

568 1151 678 1200 vos,
712 1136 1033 1188 mentientes
1047 1136 1274 1202 propter
1300 1147 1404 1184 me.
1438 1131 1503 1185 In
1534 1130 1736 1201 quibus
1760 1130 2028 1185 nimirum
2041 1148 2165 1185 ver-

567 1223 672 1291 bis,
707 1221 906 1278 eadem
954 1222 1218 1277 videntur
1272 1219 1612 1290 signiﬁcari;
1667 1220 1979 1291 praesertim
2036 1238 2162 1276 cum

569 1312 871 1369 maledicta
897 1329 964 1366 ex
988 1311 1173 1366 cordis
1211 1310 1339 1365 odio
1388 1310 1547 1375 ﬁant,
1591 1314 1650 1363 et
1693 1310 2005 1381 persecutio
2050 1326 2164 1365 una

540 1452 541 1455 η
571 1420 698 1459 cum
727 1402 896 1456 variis
921 1400 1208 1472 suppliciis
1238 1399 1410 1453 vitam
1438 1415 1473 1452 a
1495 1416 1727 1470 corpore
1758 1400 2013 1470 expellat.
2034 1399 2166 1464 Qui-

569 1493 679 1547 bus
704 1498 897 1547 tamen
925 1496 1061 1545 tunc
1091 1494 1241 1543 recte
1259 1488 1506 1559 gaudere
1536 1493 1594 1542 et
1617 1489 1896 1543 exsultare
1920 1488 2101 1559 jubet,
2117 1489 2164 1543 si

571 1581 816 1637 exterius
847 1581 965 1634 haec
994 1579 1185 1634 omnia
1237 1582 1467 1649 propter
1522 1578 1826 1643 Christum,
1889 1578 1983 1648 qui
2038 1595 2169 1633 vera

2250 422 2440 471 autem
2470 417 2685 488 peccati
2709 416 2993 486 corruptio
3024 416 3139 469 sale
3183 414 3655 469 desiccatur
3712 427 3788 465 sa

2248 523 2465 561 vermes
2490 523 2602 561 non
2631 506 3032 565 demoliuntur,
3066 521 3169 559 nec
3212 520 3465 575 sapor
3502 502 3788 556 infatuz

2246 595 2421 667 igitur
2449 596 2604 651 cibus
2633 612 2747 649 non
2786 600 2872 650 est
2911 600 3075 665 aptus
3127 596 3210 649 ad
3291 592 3787 647 comedendu

2251 687 2368 741 sale
2396 686 2731 740 condiatur:
2766 686 2849 739 ita
2876 701 3059 738 sermo
3087 684 3276 738 utilis
3316 699 3484 738 non
3544 682 3697 736 erit
3742 698 3784 735 a

2250 776 2482 847 plinam,
2517 776 2564 829 si
2588 774 2906 846 apostolicae
2935 774 3244 845 sapientiae
3288 789 3453 827 non
3494 770 3788 825 habuer

2249 870 2525 919 mentum.
2566 864 2710 918 Hinc
2738 864 2945 934 quippe
2974 862 3186 917 dictum
3230 867 3355 917 est
3394 861 3476 915 in
3545 860 3784 915 Leviti

2247 956 2476 1022 auferas
2496 957 2579 1008 sal
2600 954 2815 1021 [aderis
2843 955 2942 1007 Dei
2963 955 3048 1005 tui
3065 954 3129 1006 de
3156 954 3369 1005 omni
3393 953 3770 1018 sacriﬁcio

2248 1060 2361 1098 non
2390 1049 2437 1097 et
2466 1046 2529 1097 in
2559 1045 2715 1096 omni
2742 1044 3015 1109 sacriﬁcio
3034 1045 3117 1095 sat
3161 1044 3412 1109 offeres
3463 1041 3714 1107 (Levii.

2246 1131 2518 1187 Videlicet
2536 1131 2762 1185 inomni
2799 1147 3051 1195 munere,
3086 1136 3152 1184 ut
3180 1129 3689 1201 quodcunque
3742 1129 3781 1182 d

2247 1227 2347 1276 aut
2375 1220 2699 1285 correxeris,
2755 1220 2815 1273 in
2866 1235 3199 1291 quocunque
3270 1218 3669 1290 proposito
3734 1236 3772 1271 ν

2246 1311 2437 1376 fueris,
2474 1309 2839 1381 apostolicam
2871 1310 3205 1381 sapientiam
3234 1314 3314 1362 et
3352 1308 3771 1362 imitatione

2247 1417 2348 1472 per
2374 1399 2602 1454 habeas.
2638 1399 2817 1469 Igitur
2830 1404 3105 1470 quantum
3121 1398 3192 1453 ad
3224 1398 3729 1469 eloquentiam

2246 1491 2585 1555 Latinitatis,
2618 1491 2738 1545 ista
2767 1491 3173 1545 sententiarum
3196 1490 3546 1544 clausulae
3584 1489 3771 1542 videt

2250 1598 2377 1636 eum
2407 1580 2651 1651 pendere
2682 1580 2866 1634 locum
2897 1578 2993 1633 ubi
3023 1578 3177 1644 dicit,
3212 1583 3297 1632 ut
3329 1578 3429 1633 sit
3483 1579 3699 1648 plena
3748 1595 3772 1631 ί

548 1668 1242 1741 ,justitiacommendatur,
1259 1667 1540 1738 patienter
1554 1665 2020 1731 ferunt;interius
2038 1672 2473 1746 verOBDocebat
2504 1687 2587 1724 eos
2630 1656 2833 1723 dicens.
2888 1667 3133 1722 Docebat
3182 1673 3447 1734 autem,
3508 1668 3768 1739 inquan

572 1758 692 1830 spei
720 1757 1007 1812 beatitudo
1048 1756 1296 1811 veritatis
1327 1756 1547 1810 conscia
1586 1754 1815 1810 uberius
1852 1757 2042 1827 pollet.
2088 1757 2168 1811 De

542 1898 547 1902 .
572 1847 776 1920 quibus
800 1846 1081 1919 Propheta
1114 1865 1125 1900 :
1162 1847 1355 1902 Omnis
1384 1848 1567 1913 gloria
1597 1848 1716 1914 ejus
1745 1848 1875 1913 filiae
1902 1848 2044 1913 regis
2100 1847 2168 1899 ab

571 1941 726 1993 intus
758 1939 922 2006 (Psal.
954 1950 1102 2002 κων,
1140 1933 1248 2005 14).
1282 1934 1441 1990 Unde
1455 1935 1586 1989 licet
1605 1934 1948 1989 extrinsecus
1978 1950 2168 2005 perse-

570 2027 823 2082 cutiones
844 2030 899 2080 et
923 2025 1035 2080 alia
1062 2040 1296 2095 quaeque
1326 2023 1574 2091 saeviant,
1606 2023 1767 2077 nobis
1795 2029 1986 2078 tamen
2025 2040 2166 2094 gau-

573 2116 707 2171 dere
735 2114 1011 2181 convenit,
1043 2114 1245 2185 quibus
1275 2129 1489 2167 merces
1519 2113 1578 2167 in
1602 2112 1921 2167 caelestibus
1939 2113 2165 2182 copiosa

569 2211 843 2261 servatur.
877 2205 946 2259 Et
974 2220 1087 2257 non
1115 2203 1295 2258 solum
1322 2202 1591 2273 gaudere,
1609 2218 1801 2255 verum
1818 2207 1874 2255 et
1888 2201 2167 2256 exsultare

566 2294 945 2366 praecipimur,
975 2292 1123 2363 quod
1139 2296 1296 2363 tanto
1320 2290 1548 2345 uberior
1567 2306 1779 2344 merces
1805 2289 1933 2355 erit,
1955 2296 2165 2361 quanto

567 2382 776 2454 gaudio
806 2388 865 2436 et
874 2380 1247 2436 exsultatione
1267 2396 1369 2451 pro
1391 2379 1614 2434 Christo
1638 2379 1697 2433 in
1709 2378 2165 2434 tribulationibus

569 2472 821 2527 devotior
848 2471 987 2525 ﬁdes
1017 2469 1207 2525 fuerit.
1239 2471 1304 2524 ln
1332 2468 1648 2522 caelestibus
1678 2473 1889 2535 autem,
1923 2485 2037 2523 non
2066 2487 2162 2524 su-

568 2561 819 2633 periores
844 2559 1041 2615 mundi
1067 2565 1255 2631 partes
1273 2558 1383 2613 dici
1403 2557 1665 2619 arbitror,
1699 2574 1882 2628 neque
1910 2558 1970 2612 in
1995 2558 2162 2613 rebus

568 2651 921 2717 volubilibus,
955 2650 1052 2705 sed
1081 2650 1138 2704 in
1171 2648 1515 2720 spiritalibus
1545 2646 1915 2702 ﬁrmamentis
1942 2663 2164 2717 quoque

552 2741 664 2807 ubi
692 2742 847 2796 nulla
874 2738 1161 2811 corruptio
1184 2738 1526 2795 dominatur.
1559 2739 1639 2792 De
1668 2737 1871 2808 quibus
1916 2736 2162 2807 profecto

567 2831 719 2887 caelis
742 2830 951 2886 Paulus
975 2828 1181 2894 aiebat,
1202 2829 1423 2883 dicens:
1451 2828 1649 2883 Nostra
1675 2832 1861 2881 autem
1883 2841 2163 2883 conversa-

571 2925 646 2975 tio
678 2925 741 2974 in
769 2924 913 2975 caelis
943 2923 1019 2972 est
1042 2919 1300 2986 (Philipp.
1331 2932 1408 2982 ιιι,
1440 2913 1553 2982 20).
1595 2916 1677 2969 De
1705 2913 2163 2985 spiritalibusita—

2250 1760 2477 1814 dicens:
2512 1761 2664 1813 Beati
2682 1773 2947 1827 pauperes
2975 1760 3200 1826 spiritu,
3235 1762 3313 1811 et
3366 1762 3628 1812 caetera
3694 1774 3770 1827 qr:

2251 1853 2518 1919 quuntur.
2534 1848 2763 1902 Necnon
2775 1851 2833 1900 et
2853 1864 2864 1899 :
2895 1848 2984 1901 Vos
2996 1850 3122 1900 estis
3137 1849 3221 1900 sal
3241 1851 3447 1900 terra:
3460 1852 3523 1900 et
3548 1850 3673 1900 tua:
3698 1863 3763 1899 τη

2249 1954 2349 1992 seu
2377 1938 2447 1992 ad
2473 1936 2929 1991 informationem
2957 1951 3152 1990 eorum
3184 1933 3296 2004 qui
3361 1934 3697 1989 credituri
3749 1953 3765 1987 ε

2246 2028 2401 2080 Beati
2410 2029 2566 2080 eritis
2577 2043 2705 2080 cum
2728 2041 2816 2078 vos
2834 2027 3105 2092 persecuti
3116 2026 3384 2091 fuerint,
3403 2029 3465 2078 et
3477 2026 3760 2078 dixerim

2249 2119 2485 2169 malum.
2518 2115 2697 2170 Omne
2727 2114 2919 2184 itaque
2939 2114 3152 2167 malum
3181 2128 3329 2167 cum
3365 2112 3557 2178 dicit,
3598 2113 3763 2167 simu

2246 2224 2408 2263 versa
2417 2207 2848 2278 malignantium
2859 2205 3294 2277 comprehendit
3305 2223 3441 2278 gen
3447 2222 3567 2261 era
3584 2204 3756 2259 verbi

2321 2299 2472 2365 Quod
2493 2300 2544 2351 si
2562 2301 2646 2352 sal
2675 2297 2982 2360 evanuerit,
3006 2298 3069 2349 in
3084 2298 3479 2363 quosalietur
3495 2300 3524 2347 Ρ
3544 2296 3640 2348 Ac
3665 2294 3719 2348 si
3734 2310 3758 2347 θ

2247 2386 2484 2452 dicatur,
2517 2385 2564 2439 si
2593 2386 2789 2440 doctor
2820 2383 3112 2447 erraverit,
3140 2400 3173 2437 a
3221 2400 3350 2454 quo
3400 2383 3671 2438 doctore
3720 2401 3752 2437 e

2247 2475 2514 2530 dabitur?
2548 2476 2638 2529 Vos
2665 2476 2809 2538 estis,
2842 2472 3045 2543 inquit,
3091 2476 3174 2527 sal
3219 2478 3424 2527 terra.
3487 2472 3673 2537 Quod
3725 2490 3753 2525 s

2249 2570 2404 2619 metu
2448 2563 2846 2635 temporalium
2895 2577 3087 2616 rerum
3131 2565 3233 2614 aut
3266 2560 3752 2632 concupiscenti:

2246 2654 2465 2719 aﬂ‘ectu,
2491 2651 2796 2707 omiseritis
2815 2666 3073 2721 saporem
3098 2650 3431 2720 sapientiae,
3456 2649 3569 2720 qui
3599 2666 3751 2703 erun

2246 2760 2385 2814 quos
2415 2746 2610 2796 vestrae
2629 2740 2908 2795 fatuitatis
2935 2738 3264 2810 insipientia
3293 2744 3511 2805 25°
3533 2743 3597 2793 et
3628 2739 3750 2792 vitic

2243 2847 2401 2886 error
2428 2829 2746 2885 auferatur?
2766 2829 2835 2882 Et
2864 2828 3173 2882 notandum
3189 2828 3348 2898 quod
3370 2829 3563 2899 hujus
3593 2832 3750 2883 senta

2242 2919 2547 2992 propositio
2579 2919 2740 2989 quasi
2767 2916 2901 2973 solis
2929 2917 3196 2988 apostolis
3245 2917 3579 2988 dirigitur;
3640 2933 3749 2986 seq:

569 3025 677 3080 que
706 3008 867 3062 bonis
892 3006 1158 3077 gaudere,
1195 3011 1253 3059 et
1281 3022 1347 3059 ea
1374 3021 1595 3075 semper
1621 3004 1777 3058 lucra
1796 3003 2015 3069 sectari,
2049 3005 2220 3065 nonC
2244 3015 2432 3064 autem
2460 3008 2768 3078 assumptio
2799 3006 2869 3061 de
2898 3006 3115 3060 cunctis
3147 3006 3245 3077 qui
3271 3006 3618 3077 magisterii
3648 3021 3747 3059 cen

569 3096 752 3150 solum
788 3095 849 3149 in
874 3094 1086 3149 eisdem
1133 3092 1534 3158 thesaurizare,
1566 3107 1761 3145 verum
1818 3092 1990 3146 etiam
2040 3092 2160 3161 jam

567 3183 883 3239 conversari
909 3188 1027 3247 est;
1055 3181 1188 3253 quia
1216 3181 1311 3236 ubi
1353 3181 1671 3248 thesaurus,
1718 3180 1796 3234 ibi
1835 3186 1892 3234 et
1929 3198 2025 3235 cor
2067 3197 2159 3236 ve-

566 3279 749 3328 strum
778 3273 903 3327 erit.

652 3364 739 3417 Vos
768 3366 892 3415 estis
914 3364 997 3415 sat
1026 3366 1202 3415 terra.
1235 3360 1330 3415 Sal
1360 3358 1556 3430 utique
1585 3375 1686 3430 pro
1712 3357 1988 3429 sapientia
2017 3358 2161 3428 ﬁgu-

566 3457 689 3507 rate
718 3450 1007 3522 accipitur.
1039 3451 1120 3504 De
1147 3466 1260 3521 qua
1286 3449 1492 3503 Paulus
1519 3468 1530 3502 ε
1563 3448 1926 3517 Sapientiam,
1955 3448 2157 3519 inquit,

548 3544 856 3610 loquimur
880 3545 1029 3594 inter
1052 3542 1313 3609 perfectos
1347 3540 1392 3607 (Ι
1419 3539 1540 3593 Cor.
1573 3552 1635 3604 II,
1680 3536 1756 3606 6).
1815 3538 2159 3609 Sapientiam

567 3635 777 3695 autem,
809 3647 923 3685 non
949 3630 1119 3701 hujus
1148 3628 1365 3695 mundi,
1388 3644 1572 3699 neque
1596 3626 1937 3699 principium
1963 3628 2158 3682 mundi

564 3721 734 3793 hujus
764 3721 861 3793 qui
873 3721 1262 3787 destruuntur,
1284 3719 1382 3773 sed
1406 3718 1692 3789 loquimur
1706 3717 1808 3772 Dei
1827 3718 2160 3789 sapientiam

563 3812 625 3866 in
652 3811 921 3883 mysterio
938 3809 1342 3876 absconditam,
1358 3824 1526 3879 quam
1548 3807 1964 3879 praedestinavit
1974 3812 2165 3874 πω

564 3906 696 3957 ante
725 3901 928 3957 sazcula
964 3900 1035 3955 ad
1062 3899 1302 3970 gloriam
1327 3903 1599 3953 nostram.
1643 3899 1760 3952 Nec
1809 3897 1999 3967 itaque
2057 3896 2158 3949 mi-

562 4009 710 4059 rum,
741 3991 789 4045 si
818 4008 912 4045 eos
941 3989 1277 4061 sapientiam
1304 3989 1479 4042 voluit
1506 3987 1796 4059 appellari,
1840 3986 1936 4057 qui
1965 3991 2023 4040 et
2075 3985 2154 4038 dii

565 4087 623 4135 et
642 4081 739 4135 lux
759 4085 893 4134 sunt
911 4080 1091 4133 vocati
1119 4097 1129 4131 :
1152 4077 1413 4148 equidem
1434 4093 1547 4131 non
1568 4075 2029 4140 substantialiter,
2057 4075 2155 4129 sed

563 4185 665 4239 per
686 4168 947 4237 gratiam,
965 4166 1159 4220 multis
1173 4164 1499 4235 hujusmodi
1518 4165 1836 4219 nominibus
1847 4164 2153 4219 sublimati.

2242 3105 2337 3153 tur
2364 3098 2610 3163 nomine,
2645 3095 3064 3168 pronuntiatur,
3092 3100 3150 3149 et
3174 3096 3235 3149 in
3285 3086 3427 3150 ﬁne‘
3471 3097 3547 3150 de
3600 3094 3751 3149 uniw

2243 3187 2610 3243 concluditur.
2652 3188 2767 3241 Nec
2794 3184 3028 3239 dubium
3059 3184 3195 3255 quin
3236 3185 3327 3239 sal
3378 3190 3559 3240 terra:
3602 3199 3748 3238 voce]

2245 3294 2346 3349 per
2374 3276 2641 3331 doctrinae
2670 3275 2953 3339 virtutem,
2987 3274 3084 3345 qui
3115 3274 3360 3328 saliendi
3386 3274 3648 3329 ofﬁcium
3676 3289 3750 3326 su:

2243 3370 2449 3437 perunt
2485 3365 2556 3419 ad
2586 3364 2925 3419 condiendas
2952 3362 3203 3418 ﬁdelium
3230 3368 3483 3427 mentes,
3522 3369 3582 3418 et
3616 3378 3744 3431 corp

2243 3461 2465 3510 aeternae
2493 3454 2619 3509 vitae
2649 3453 2814 3507 verbo
2838 3452 3169 3507 eruditionis
3201 3454 3509 3508 servanda.
3554 3451 3712 3507 Unde

2238 3561 2395 3611 .cesse
2425 3549 2512 3598 est
2537 3548 2601 3597 ut
2631 3543 2865 3597 audiant
2888 3542 3195 3609 temerarii,
3211 3540 3431 3614 absque
3444 3542 3559 3597 ullo
3586 3539 3744 3593 falsit:

2244 3634 2640 3699 emolumento,
2672 3633 2777 3687 hoc
2804 3632 2865 3686 in
2886 3632 3006 3686 loco
3035 3648 3203 3703 quam
3222 3632 3496 3687 terribilis
3524 3644 3746 3685 evanesc

2243 3722 2395 3778 tibus
2423 3722 2481 3776 in
2512 3722 2767 3776 doctrina
2790 3720 2934 3775 sacri
2962 3721 3131 3775 ofﬁcii
3161 3722 3449 3776 sententia
3473 3718 3741 3775 concludit

2313 3813 2397 3866 Ad
2428 3812 2697 3877 nihilum,
2729 3810 2932 3881 inquit,
2966 3814 3107 3863 valet
3131 3814 3305 3875 ultra,
3344 3814 3463 3865 nisi
3492 3815 3554 3863 ut
3582 3810 3747 3861 mittat

2243 3902 2416 3969 foras,
2444 3906 2493 3954 et
2522 3902 2869 3954 conculcetur
2909 3901 2976 3952 ab
3023 3900 3363 3953 hominibus.
3424 3899 3595 3953 Foras
3644 3898 3745 3949 autt

2239 3993 2395 4043 extra
2423 3989 2743 4055 Ecclesiam,
2774 3989 2862 4042 vel
2890 3989 3031 4042 forte
3075 3993 3232 4042 extra
3280 3988 3529 4042 ofﬁcium
3578 3985 3746 4039 docenc

2239 4079 2374 4149 quia
2401 4095 2659 4149 saporem
2688 4095 2801 4132 non
2822 4077 3056 4131 retinuit
3069 4078 3284 4147 gratiae,
3310 4076 3640 4131 mittendum
3657 4070 3746 4138 sig)

2239 4169 2388 4223 ﬁcat.
2414 4164 2575 4233 Quia,
2606 4168 2654 4222 si
2678 4183 2809 4221 vera
2827 4167 3171 4237 comparatio
3192 4167 3326 4220 salis
3346 4165 3640 4230 secundum
3660 4173 3746 4229 gen

564 4256 659 4311 Sal
688 4261 871 4321 terrae,
904 4254 961 4307 id
990 4261 1092 4319 est,
1128 4252 1464 4324 sapientiam
1494 4269 1588 4306 eos
1616 4253 1768 4317 dicit,
1805 4259 2034 4324 pr0pter
2061 4254 2156 4307 do-
2236 4257 2315 4310 ris
2344 4257 2432 4311 sui
2458 4261 2722 4311 naturam
2742 4259 3029 4326 pensatur,
3062 4253 3306 4323 rigorem
3325 4244 3748 4315 emolliendi,nul

561 4360 700 4399 num
727 4343 969 4414 Spiritus
998 4342 1197 4408 sancti,
1242 4357 1310 4394 ex
1338 4356 1448 4411 quo
1494 4351 1629 4394 sunt
1672 4357 1814 4394 verae
1867 4341 2155 4411 sapientiae
2171 4332 2219 4390 D
2237 4351 2432 4401 manet
2445 4344 2880 4417 argumentatio,
2905 4360 2970 4397 eo
2989 4343 3157 4414 quod,
3181 4343 3229 4396 si
3252 4342 3537 4397 evanuerit
3553 4356 3584 4393 a
3600 4350 3743 4406 sapor

559 4433 861 4507 participes
889 4431 1040 4487 facti.
1072 4432 1142 4485 Et
1170 4430 1218 4485 si
1230 4429 1629 4501 quaerendaest
1654 4429 1967 4501 proprietas
1986 4430 2156 4485 dicto-
2236 4435 2407 4489 nullis
2434 4434 2627 4490 usibus
2674 4433 2912 4487 ulterius
2951 4437 3116 4503 aptus
3149 4448 3269 4486 esse
3302 4430 3647 4487 convincitur.
3697 4423 3747 4475 Sc

559 4540 709 4590 rum,
743 4538 902 4593 aquae
927 4526 983 4575 et
1008 4520 1175 4591 ignis,
1208 4517 1410 4591 quibus
1432 4517 1650 4573 duobus
1702 4519 1787 4572 sal
1840 4519 2150 4588 conﬁcitur,

559 4612 858 4684 cogitanda
877 4615 1010 4666 sunt
1031 4610 1327 4665 elementa.
1360 4608 1588 4663 Undein
1602 4608 1818 4680 psalmo
1850 4611 1988 4680 (va,
2020 4609 2110 4680 12)
2136 4629 2146 4663 :

565 4700 1177 4772 Transivimus,inquit,
1189 4716 1290 4770 per
1304 4702 1487 4767 ignem
1508 4712 1790 4768 etaquam,
1807 4704 1855 4753 et
1877 4702 2152 4755 indum"in

560 4807 656 4847 nos
689 4794 754 4845 in
782 4792 1162 4859 refrigerium.
1196 4790 1277 4844 Ac
1304 4788 1353 4843 si
1381 4793 1640 4859 patenter
1668 4787 1819 4843 dicat
1852 4807 1863 4842 :
1896 4806 1992 4844 vos
2015 4789 2149 4844 estis

557 4881 643 4937 sal
669 4885 854 4946 terrae,
884 4878 1017 4949 quia
1045 4894 1111 4932 ex
1136 4893 1285 4949 aqua
1300 4877 1541 4949 Spiritus
1580 4879 1778 4946 sancti,
1829 4895 1998 4949 quam
2043 4894 2146 4950 ego

556 4970 685 5025 dedi
715 4968 886 5037 vobis,
920 4973 977 5022 et
1001 4968 1130 5038 igne
1145 4966 1543 5034 tribulationis,
1569 4968 1628 5023 in
1652 4986 1828 5024 unum
1858 4968 2145 5040 sapientiae

553 5076 811 5131 saporem
838 5058 1102 5113 concreti.
1134 5057 1237 5111 Vel
1269 5063 1420 5111 certe
1448 5075 1550 5129 per
1578 5075 1784 5130 aquam
1796 5058 2060 5129 baptismi
2090 5064 2147 5114 et

547 5149 737 5219 ignem
759 5146 1050 5202 charitatis
1060 5146 1242 5201 renati
1256 5147 1327 5201 ad
1348 5147 1769 5203 condimentum
1791 5155 2146 5203 terrenarum

549 5240 827 5292 mentium
852 5237 969 5291 dati
998 5236 1149 5291 estis.
1181 5236 1559 5291 Terrenarum
1578 5237 1731 5292 enim
1766 5238 2042 5293 mentium
2061 5239 2145 5294 in-

549 5326 828 5398 sipientia,
859 5326 991 5396 quia
1028 5331 1236 5380 terram
1258 5331 1562 5392 sectantur,
1597 5333 1853 5382 cruentat
1902 5328 2138 5383 animas.

550 5415 761 5471 Idcirco
792 5414 925 5468 salis
947 5414 1128 5469 ofﬁcio
1158 5413 1518 5469 adsaliendas
1548 5432 1642 5470 eas
1666 5417 1800 5471 data
1831 5424 1917 5471 est
1938 5418 2142 5473 doctri-

548 5521 626 5568 na
652 5503 1053 5581 apostolorum.
1076 5502 1360 5577 Quidquid
1391 5503 1543 5561 enim
1571 5505 1687 5563 sale
1715 5508 1976 5566 conditur
2002 5524 2138 5566 con-

2235 4530 2427 4579 utrum
2457 4525 2525 4579 de
2550 4524 2666 4577 vita
2694 4521 2956 4588 doctoris,
2985 4538 3059 4575 an
3088 4521 3270 4575 solum
3298 4521 3370 4575 de
3418 4517 3664 4577 doctrina,
3709 4526 3746 4561 Vt

2233 4615 2401 4669 simul
2430 4614 2499 4668 de
2530 4617 2768 4683 utroque
2797 4611 3035 4675 dicatur,
3078 4627 3192 4665 non
3224 4614 3434 4665 temere
3456 4600 3750 4680 judicandul

2233 4708 2388 4775 puto.
2421 4701 2759 4768 Praesertim,
2780 4717 2909 4755 cum
2924 4699 3057 4755 alibi
3074 4699 3288 4754 dictum
3316 4700 3421 4754 sit:
3454 4697 3611 4766 Super
3631 4688 3745 4745 eat/Ie

2231 4795 2395 4847 dram
2412 4793 2587 4859 Moysi
2606 4792 2867 4845 sederunt
2890 4791 3095 4846 Scriba,p
3124 4795 3173 4844 et
3200 4790 3481 4844 Phariszi.
3503 4783 3692 4843 Omnia,
3708 4775 3751 4828 in

2230 4882 2370 4953 quit,
2402 4896 2736 4949 quaecunque
2763 4881 3009 4933 dixerint
3048 4881 3196 4933 vobis
3232 4883 3436 4933 servate
3461 4880 3504 4930 et
3526 4873 3746 4941 facite,86"

2230 4973 2475 5026 cundum
2489 4985 2652 5039 opera
2662 4985 2787 5023 vero
2810 4971 2832 5021 i
2835 4973 2852 5023 ι
2859 4972 3044 5024 lorum
3059 4970 3228 5022 nolite
3255 4970 3431 5036 facere
3445 4961 3628 5031 (Matth.
3640 4965 3751 5011 ωιις

2227 5060 2300 5131 2).
2332 5058 2475 5115 Ecce
2504 5060 2609 5114 hoc
2629 5060 2751 5114 loco
2780 5075 2978 5113 sanam
2995 5073 3191 5112 eorum
3212 5056 3509 5112 doctrinam
3526 5056 3746 5105 commen-

2228 5151 2359 5217 dat;
2393 5149 2687 5221 agentibus
2717 5165 2850 5219 ergo
2884 5148 3008 5218 quis
3036 5152 3206 5218 negat
3239 5147 3337 5201 illa
3362 5145 3613 5218 proﬁcere,
3642 5133 3745 5221 dum

2226 5219 2478 5294 veritatis
2509 5240 2779 5310 magister
2802 5237 3063 5308 cperibus
3094 5254 3216 5308 quae
3246 5234 3607 5308 praecipiuntur
3618 5219 3742 5314 jubet

2226 5330 2475 5385 servari?
2506 5330 2907 5383 Verumtamen
2937 5343 3108 5398 Opera
3135 5327 3367 5380 mandat
3416 5339 3511 5379 non
3558 5312 3734 5404 imitati:

2224 5420 2538 5474 doctrinam
2565 5435 2693 5473 vero
2722 5434 2915 5472 eorum
2948 5416 3193 5488 exsequi.
3226 5415 3391 5470 Haud
3416 5409 3608 5467 dubium
3631 5408 3730 5469 qum

2222 5509 2555 5567 deterrentis
2582 5509 2833 5582 exemplo
2860 5507 3112 5566 veritatis
3136 5505 3418 5581 magistris
3441 5496 3557 5558 Novi
3580 5490 3727 5557 TW“
