3938 6174
235 197 338 252 233

1009 192 1394 250 EXPOSITIO
1433 195 1512 250 IN
1549 195 1993 252 MAT’I‘HAZUM.
2039 227 2102 238 —-
2144 197 2282 253 LIB.
2325 199 2426 266 IIl,
2467 199 2624 255 CAP.
2667 200 2732 254 V.
2773 259 2776 261 Α

3402 205 3506 262 234

235 320 428 385 menti,
460 320 608 375 sicut
627 323 683 374 et
713 318 782 373 de
806 319 1030 389 justitia
1049 319 1255 374 sensim
1287 319 1695 375 Pharisaeorum
1724 321 1833 375 ista
1852 323 1897 380 A
1916 327 2066 387 sunt,
2100 339 2199 392 per
2223 322 2464 392 gratiam
2497 324 2739 395 Spiritus
2768 325 2966 392 sancti,
3003 326 3094 380 lux
3147 327 3209 382 in
3243 328 3503 385 Domino.

235 409 508 464 conclusit
541 426 552 466 :
585 426 658 463 ne
692 408 942 462 moribus
989 409 1319 480 impugnent
1347 426 1468 480 qua)
1497 410 1676 464 verbis
1731 411 1833 463 do-

1917 411 2038 464 Non
2060 427 2095 463 a
2123 418 2326 465 natura
2363 412 2610 482 quidem,
2637 414 2734 467 sed
2786 432 2887 485 per
2939 415 3298 471 efﬁcientiam
3353 418 3504 484 doni,

235 500 469 553 cuerint.
505 499 933 569 Alioquin,licet
967 497 1174 552 habeat
1219 498 1636 554 condimentum
1685 516 1833 554 sanae
1911 500 2075 569 juxta
2102 501 2251 571 quod
2279 502 2550 572 scriptum
2597 508 2716 557 est:
2754 504 2861 571 Qui
2903 506 3140 560 act/mret
3177 511 3368 571 ωδε)
3411 508 3509 560 Do-

235 588 524 653 doctrinaa,
556 593 614 641 et
639 603 896 659 saporem
922 604 1066 642 verae
1095 587 1400 659 sapientiae,
1415 593 1608 642 tamen
1622 590 1836 659 pericu-

237 678 348 732 lose
367 677 441 731 ad
465 677 780 731 docendum
802 677 1093 748 praesumit
1117 677 1230 749 qui,
1247 677 1352 731 sibi
1367 678 1544 732 factus
1566 679 1831 742 insulsus,

237 767 378 821 alios
405 766 675 820 vitiorum
705 782 936 820 suorum
969 766 1144 821 fetore
1193 767 1536 838 corrumpit;
1570 767 1686 838 qui,
1729 766 1834 821 etsi

239 872 350 910 non
377 855 644 925 ejiciatur
656 855 826 921 foras,
841 857 960 926 jam
981 856 1177 926 utique
1197 857 1554 910 conculcatur
1573 856 1643 910 ab
1663 857 1838 910 omni-

237 944 360 1011 bus,
379 945 518 998 dum
530 945 654 1015 ejus
680 944 790 998 vita
823 945 1218 1000 contemnitur.
1243 946 1835 1000 Contemniturautem

239 1040 408 1098 recte,
445 1034 493 1088 si
523 1033 654 1088 talis
675 1039 760 1088 est
785 1033 861 1088 ud
888 1033 959 1087 ad
994 1034 1232 1089 nihilum
1280 1037 1430 1090 ultra
1457 1036 1655 1090 valeat.
1716 1036 1836 1090 Imo

237 1123 446 1177 amisso
475 1121 711 1177 saliendi
742 1139 940 1193 sapore
969 1139 1040 1177 ne
1069 1124 1244 1194 possit
1273 1124 1502 1178 condire
1549 1130 1833 1196 corrupta,

239 1212 552 1283 proteritur
589 1211 822 1282 pedibus
862 1211 1234 1266 subditorum.
1293 1215 1570 1268 Czeterum
1618 1219 1843 1268 sanctus

241 1308 298 1356 et
315 1317 484 1355 verus
513 1301 773 1355 minister
799 1301 1027 1366 Christi,
1062 1303 1317 1372 quamvis
1345 1303 1406 1356 in
1462 1303 1628 1357 terris
1667 1303 1843 1357 multa

243 1390 524 1445 sustineat
551 1395 608 1444 et
642 1390 936 1444 derideant
965 1407 1094 1444 eum
1125 1391 1277 1458 mali,
1313 1397 1506 1446 tamen
1533 1391 1845 1446 conculcari

1917 591 2072 642 mino
2102 605 2250 644 unus
2277 589 2525 659 Spiritus
2553 596 2628 644 est
2653 591 2701 664 (Ι
2720 592 2840 646 θον.
2875 607 2945 658 v1,
2974 592 3076 661 l7).
3103 594 3173 648 Et
3201 595 3512 650 notandum

1919 677 2067 748 quod
2095 678 2290 732 eadem
2318 679 2392 733 sit
2420 679 2536 733 haec
2555 681 2740 750 gratia
2768 681 2825 736 in
2864 682 3150 752 apostolis,
3195 700 3297 754 per
3343 701 3513 756 quam

1918 783 2087 837 supra
2107 765 2256 820 beati
2285 768 2676 824 mundicordes
2705 769 3058 825 efﬁciuntur:
3077 788 3319 842 quorum
3344 774 3516 828 corda

1917 853 2266 911 mundantur
2291 857 2400 912 ﬁde
2428 865 2486 912 et
2503 858 2809 914 intellectu.
2835 859 2953 913 Hoc
2976 876 3111 914 sane
3134 861 3348 917 lumine
3367 867 3518 918 recte

1920 944 2070 998 Deus
2084 944 2258 999 videri
2272 946 2539 1012 creditur,
2563 964 2672 1018 quo
2696 947 2942 1020 profecto
2968 948 3517 1007 divinitusillustrati

1921 1034 2159 1104 apostoli
2181 1035 2523 1090 cohaerentes
2536 1037 2664 1103 luci,
2691 1053 2725 1090 a
2750 1042 2910 1107 parte
2924 1037 3154 1108 majoris
3172 1038 3368 1106 gratia:
3387 1041 3518 1109 jure

1921 1121 2016 1176 lux
2048 1122 2242 1176 mundi
2271 1129 2404 1178 sunt
2432 1125 2760 1196 nuncupati.
2798 1126 2944 1180 Nam
2972 1132 3029 1180 et
3065 1143 3236 1197 supra
3265 1126 3414 1199 quod
3435 1128 3520 1182 sal

1923 1216 2199 1266 vocantur
2217 1212 2461 1283 paciﬁcis
2482 1213 2778 1284 congruit;
2813 1215 3073 1285 quiasine
3089 1216 3364 1286 sapientia
3392 1233 3521 1272 con-

1926 1299 2240 1355 dimentum
2261 1302 2414 1372 pacis
2443 1319 2556 1357 non
2594 1308 2838 1358 tenetur.
2863 1303 3005 1357 Hinc
3031 1320 3253 1375 quoque
3299 1306 3521 1361 Marcus

1926 1388 2008 1443 ait
2033 1391 2235 1444 :Habet
2262 1393 2326 1444 in
2354 1393 2500 1446 vobis
2528 1395 2718 1458 salem,
2751 1398 2798 1446 et
2819 1408 3008 1460 pacem
3037 1393 3220 1446 habete
3243 1395 3392 1448 inter
3432 1410 3521 1449 vos

243 1495 352 1534 non
382 1485 590 1551 potest,
626 1480 774 1549 quod
805 1483 992 1534 mente
1021 1481 1164 1534 ﬁxus
1199 1479 1258 1534 in
1287 1481 1424 1535 coelo
1445 1486 1652 1534 manet.
1686 1481 1845 1535 Unde
1922 1479 2120 1547 (Marc.
2153 1495 2223 1544 ιχ,
2267 1477 2378 1547 50).
2405 1480 2688 1535 Nimirum
2719 1481 2854 1552 quia
2872 1481 2955 1535 sal
2983 1481 3337 1536 discretionis
3365 1487 3422 1538 et
3437 1499 3525 1538 sa-

243 1569 538 1640 signanter
555 1569 836 1640 apostolos
863 1569 1086 1624 Veritas
1107 1570 1409 1640 praestruit,
1430 1586 1500 1624 ne
1523 1575 1844 1642 perceptam
1926 1566 2149 1638 pientiae
2160 1567 2370 1639 absque
2385 1584 2521 1640 pace
2535 1569 2746 1624 Christi
2777 1569 3008 1624 minime
3039 1571 3186 1624 valet
3215 1589 3226 1624 :
3257 1576 3316 1625 et
3342 1587 3373 1625 e
3389 1587 3522 1628 con-

243 1663 437 1725 giis
468 1657 863 1712 exinaniantin
884 1675 942 1712 se
970 1659 1324 1729 sapientiam,
1360 1660 1529 1714 ullius
1555 1660 1639 1714 rei
1660 1659 1846 1730 gratia
1867 1679 1912 1739 Β
1930 1656 2105 1710 trario
2132 1673 2235 1712 nec
2265 1674 2374 1728 pax
2389 1658 2510 1713 sine
2541 1659 2820 1730 sapientia
2838 1659 2954 1714 Deo
2990 1660 3250 1718 cohaeret.
3312 1660 3526 1726 Quibus

244 1747 561 1801 auttimore
588 1752 687 1801 aut
706 1748 1154 1818 concupiscentia
1179 1753 1280 1802 aut
1309 1755 1555 1820 torpore,
1593 1749 1690 1802 sed
1722 1764 1842 1802 ma-
1930 1746 2176 1817 profecto
2195 1747 2375 1813 donis,
2412 1747 2675 1818 perfectio
2706 1749 3036 1818 designatur
3049 1749 3528 1820 apostolorum.Et

243 1842 416 1891 neant
429 1835 489 1890 in
520 1836 804 1890 soliditate
827 1837 960 1890 salis
987 1853 1211 1908 semper
1240 1838 1667 1893 reminiscentes
1686 1840 1847 1909 cujus
1927 1831 2053 1887 ideo
2082 1834 2162 1888 eis
2201 1835 2312 1888 tria
2330 1835 2446 1890 haec
2466 1852 2688 1890 summa
2719 1842 2776 1890 et
2820 1837 3103 1908 praecipua
3150 1855 3216 1892 ex
3259 1837 3347 1892 his
3399 1844 3525 1893 octo

241 1931 460 1980 naturae
484 1925 619 1989 sint,
654 1932 711 1980 et
731 1926 862 1996 quid
886 1926 955 1979 ab
978 1926 1174 1997 opiﬁce
1204 1934 1556 1998 receperunt.
1927 1922 2243 1992 specialiter
2254 1924 2599 1995 deputantur
2626 1943 2639 1993 ;
2673 1931 2950 1996 quatenus
2980 1932 3034 1980 et
3064 1932 3263 1981 caetera
3318 1943 3413 1982 eos
3434 1945 3528 1982 as-

326 2017 416 2069 l’os
443 2018 574 2068 estis
605 2018 704 2068 tua:
733 2018 953 2070 mundi.
978 2017 1092 2070 Lux
1121 2016 1316 2087 utique
1340 2017 1466 2071 ideo
1496 2023 1630 2072 sunt
1648 2018 1848 2078 vocati.
1931 2018 2152 2068 secutos
2179 2013 2398 2084 plenius
2416 2031 2796 2084 cognosceres.
2830 2015 2990 2069 Unde
3009 2017 3266 2086 sequitur
3298 2034 3309 2068 :

243 2105 394 2176 quia,
425 2103 683 2158 veritatis
721 2105 902 2158 lucem
930 2105 1320 2176 percipientes,
1348 2107 1408 2160 in
1467 2107 1676 2161 Christi
1726 2123 1850 2161 cor-
2002 2102 2128 2155 Non
2154 2107 2323 2171 potest
2353 2106 2549 2160 civitas
2570 2105 2832 2158 abscondi
2849 2121 3022 2172 supra
3047 2111 3286 2160 montem
3328 2109 3524 2176 posita.

241 2211 379 2264 pore
391 2210 498 2265 per
519 2193 764 2263 gratiam
795 2200 929 2247 sunt
951 2195 1243 2266 assumpti.
1277 2195 1354 2249 Ex
1381 2212 1491 2266 quo
1523 2201 1580 2250 et
1607 2197 1850 2267 Aposto-
1934 2189 1997 2243 In
2029 2191 2230 2262 quibus
2249 2192 2443 2246 civitas
2459 2193 2556 2246 illa
2571 2193 2921 2248 Hierusalem
2947 2193 3205 2260 caelestis,
3239 2211 3304 2249 ac
3323 2196 3370 2249 si
3387 2196 3530 2263 duo-

247 2283 332 2336 lus
365 2301 376 2335 :
403 2285 614 2336 Fuistis
631 2285 781 2336 enim
793 2285 1098 2352 aliquando
1120 2287 1364 2350 tenebras,
1392 2289 1855 2340 nuncautemlux
1934 2279 2117 2334 decim
2145 2281 2440 2352 splendore
2461 2297 2837 2352 gemmarum,
2872 2299 3045 2354 supra
3095 2283 3399 2351 Christum,
3435 2285 3532 2355 qui

250 2375 310 2424 in
325 2373 571 2424 Domino
597 2372 811 2442 (Ephes.
841 2388 894 2435 v,
927 2370 1004 2438 8).
1039 2372 1291 2427 Luminis
1318 2374 1470 2428 enim
1498 2380 1704 2428 natura
1748 2379 1850 2440 est,
1939 2386 2099 2424 verus
2148 2387 2308 2426 mons
2360 2373 2676 2443 appellatus
2700 2377 2803 2438 est,
2835 2371 3147 2426 dedicatum
3183 2373 3342 2436 ΩιιΟά
3390 2373 3532 2428 bene

247 2475 590 2531 quocunque
629 2459 921 2526 inferatur,
955 2467 1018 2515 ut
1047 2461 1308 2516 tenebras
1335 2463 1484 2517 foras
1512 2463 1703 2517 mittat
1733 2480 1746 2515 :
1777 2463 1858 2517 ita

249 2555 307 2603 et
333 2549 598 2621 apostoli,
633 2550 726 2603 lux
753 2549 811 2603 in
842 2551 1079 2604 Domino
1109 2552 1311 2618 effecti,
1347 2553 1479 2624 quia
1506 2553 1856 2607 mundusex-

250 2645 338 2694 tra
359 2639 747 2710 cognitionem
774 2639 875 2693 Dei
897 2640 1112 2710 positus
1123 2641 1368 2696 tenebris
1396 2642 1728 2713 ignorantiae
1756 2659 1857 2697 cae-

249 2729 506 2795 cabatur,
522 2728 691 2799 positi
721 2733 854 2783 sunt
881 2734 946 2782 ut
965 2746 1067 2800 per
1086 2746 1180 2784 eos
1209 2747 1404 2786 omnes
1442 2731 1850 2789 illuminentur.

254 2817 394 2872 Hinc
423 2833 653 2888 quoque
685 2817 958 2888 propheta
985 2818 1055 2873 de
1076 2819 1300 2874 Christo
1357 2821 1444 2874 vel
1495 2837 1561 2875 ex
1617 2836 1858 2892 persona

252 2906 641 2977 quorumlibet
669 2907 959 2977 signanter
984 2909 1090 2962 ait:
1123 2911 1288 2963 Posui
1334 2915 1381 2963 te
1410 2912 1474 2964 in
1522 2913 1696 2965 lucem
1724 2926 1857 2979 gen-

171 3022 185 3036 -
252 2999 416 3062 tium,
451 3001 516 3049 ut
545 2998 621 3050 sis
639 3000 790 3050 salus
803 2999 1186 3066 meausquead
1204 3004 1510 3052 extremum
1540 3005 1699 3053 terra,v
1725 3000 1853 3059 Usa:

253 3100 400 3149 XLIX,
435 3083 513 3153 6).
549 3085 612 3140 In
636 3086 814 3140 lucem
843 3087 1035 3158 itaque
1064 3094 1198 3142 sunt.
1226 3104 1350 3142 cum
1389 3088 1460 3142 ad
1488 3088 1855 3143 illuminatio-

255 3191 380 3229 nem
413 3174 549 3228 ﬁdei
568 3174 907 3244 diriguntur,
931 3176 1082 3230 salus
1108 3193 1240 3231 vero
1263 3193 1390 3231 cum
1420 3177 1492 3230 ad
1531 3177 1851 3232 sanitatem.

255 3263 322 3318 Et
346 3264 479 3318 ideo
509 3263 596 3317 sal
624 3280 720 3317 eos
749 3281 871 3319 esse
899 3281 1072 3336 supra
1100 3271 1524 3330 commemorat,
1556 3270 1622 3320 ut
1659 3283 1854 3320 eorum

256 3353 534 3424 sapientia
561 3359 828 3424 corrupta
841 3359 1136 3410 sanentur.
1159 3354 1446 3425 Siquidem
1461 3371 1563 3426 per
1574 3355 1857 3409 illumina-

259 3441 467 3496 tionem
480 3442 682 3511 gratia:
708 3442 805 3495 lux
833 3442 1112 3506 dicuntur,
1138 3448 1202 3498 ut
1221 3443 1451 3497 illorum
1481 3444 1856 3498 illustrations

262 3529 327 3583 ab
353 3530 623 3584 humanis
674 3529 932 3584 cordibus
985 3531 1228 3586 tenebrae
1276 3532 1574 3603 pellantur.
1616 3532 1776 3596 Quod
1801 3538 1858 3588 et

262 3619 540 3690 Propheta
559 3619 630 3673 de
661 3618 899 3673 Domino
926 3635 938 3670 :
967 3621 1234 3674 Dominus
1281 3623 1630 3675 illuminat-io
1660 3637 1780 3674 mea
1809 3625 1858 3674 et

264 3712 406 3762 salus
437 3725 560 3762 mea
587 3709 752 3776 (Psat.
778 3723 924 3777 xxv1,
954 3707 1020 3777 1).
1050 3709 1264 3773 Quibus
1309 3709 1526 3764 duabus
1567 3709 1860 3764 sententiis

265 3797 555 3868 integritas
584 3803 789 3852 nostrae
805 3797 1000 3852 salutis
1023 3804 1302 3854 exoratur.
1332 3799 1636 3870 Propterea
1650 3805 1708 3852 et
1723 3815 1859 3871 apo-

265 3888 385 3941 stoli
406 3892 690 3959 quatenus
735 3886 814 3941 dii
844 3888 1150 3942 secundum
1177 3888 1421 3959 gratiam
1450 3888 1855 3958 intelligantur,

267 3991 373 4031 non
397 3977 584 4030 solum
612 3975 891 4047 sapientia
907 3976 966 4031 in
985 3977 1245 4043 salutem,
1271 3993 1465 4032 verum
1499 3977 1669 4032 etiam
1690 3984 1746 4032 et
1766 3979 1860 4032 lux

267 4064 336 4118 ad
360 4064 830 4119 illuminationem
842 4065 1010 4136 hujus
1025 4065 1220 4120 mundi
1247 4071 1380 4120 sunt
1403 4067 1600 4120 vocati.
1626 4066 1786 4121 Unde
1807 4072 1864 4121 et

266 4153 327 4207 in
356 4153 694 4224 quibusdam
721 4154 1021 4220 codicibus,
1077 4155 1147 4209 ad
1184 4155 1598 4210 distinctionem
1629 4156 1860 4210 alterius

265 4242 718 4310 saeculi,additur
732 4243 920 4311 hujus,
951 4244 1470 4300 demonstrativum.
1497 4246 1578 4299 Ac
1601 4245 1648 4298 si
1669 4249 1862 4316 paten-

1938 2460 2093 2514 locus
2113 2460 2172 2514 in
2204 2476 2314 2532 quo
2327 2477 2420 2514 eos
2449 2460 2703 2527 docebat,
2723 2461 3094 2528 demonstrat,
3107 2477 3172 2515 ac
3187 2462 3235 2516 si
3247 2467 3442 2534 aperte
3453 2463 3535 2517 di-

1938 2553 2030 2602 cat
2051 2566 2062 2602 :
2084 2549 2328 2619 Aspicite
2346 2566 2455 2620 quo
2469 2549 2636 2620 positi
2664 2549 2818 2616 estis,
2844 2549 2978 2620 quia
3003 2550 3158 2604 locus
3179 2556 3430 2605 montem
3451 2552 3536 2606 in-

1938 2637 2146 2703 sinuat,
2179 2655 2349 2709 super
2377 2655 2546 2710 quem
2574 2656 2688 2703 vos,
2727 2637 2787 2692 in
2819 2636 3026 2708 quibus
3057 2639 3298 2694 caelestis
3338 2639 3534 2694 civitas

1935 2726 2222 2793 fundatur,
2246 2727 2552 2782 constructi
2562 2728 2715 2782 estis.
2732 2727 2844 2781 Vos
2863 2725 3011 2780 enim
3023 2728 3158 2782 estis
3168 2727 3537 2786 fundamenta

1937 2817 2114 2887 ipsius
2144 2815 2385 2871 civitatis
2406 2833 2529 2887 quae
2540 2815 2811 2870 fundatur
2838 2814 2897 2868 in
2917 2815 3200 2870 montibus
3223 2817 3454 2883 sanctis,
3478 2821 3538 2872 et

1939 2903 2065 2958 ideo
2088 2905 2208 2974 jam
2238 2921 2272 2957 a
2293 2904 2658 2960 fundamento
2687 2903 2848 2975 quasi
2879 2910 3072 2975 aperte
3089 2905 3536 2978 civitasappella-

1942 2993 2097 3047 mini.
2128 2994 2254 3047 Non
2281 2999 2467 3064 potest
2479 2993 2858 3064 civitassupra
2884 2999 3134 3048 montem
3163 2996 3530 3065 preeminen-

1939 3087 2054 3136 tem
2086 3082 2271 3152 posita
2298 3098 2358 3137 se
2387 3081 2748 3149 abscondere,
2779 3098 2872 3148 ne,
2903 3081 3044 3137 bene
3077 3090 3176 3138 aut
3231 3085 3377 3139 male
3405 3102 3535 3140 cum

1937 3170 2149 3236 fecerit,
2182 3171 2530 3239 innotescat;
2562 3188 2744 3243 neque
2759 3188 2820 3225 se
2847 3171 3052 3227 timore
3073 3173 3345 3242 occulere,
3379 3175 3536 3230 netab

1937 3259 2191 3314 hostibus
2205 3259 2541 3315 inveniatur.
2567 3261 2921 3331 Quapropter
2949 3260 3200 3316 dedicate
3234 3263 3292 3316 in
3339 3263 3537 3320 funda-

1938 3354 2129 3403 mento
2155 3349 2302 3420 quod
2327 3355 2555 3403 maneat
2583 3349 2642 3404 in
2686 3349 2951 3404 culmine.
2985 3350 3303 3422 Praeparate
3354 3369 3536 3420 arma-

1939 3444 2127 3493 turam
2153 3438 2408 3505 civitatis,
2445 3439 2578 3510 quia
2607 3454 2782 3509 supra
2810 3443 3061 3493 montem
3087 3442 3330 3507 statutis,
3379 3444 3537 3498 nulla

1937 3527 2094 3583 vobis
2138 3527 2372 3582 facultas
2401 3528 2511 3582 erit
2548 3527 3009 3597 subterfugiendi,
3043 3545 3225 3600 neque
3282 3531 3535 3588 clanculo

1942 3617 2232 3687 quidpiam
2257 3617 2510 3686 gerendi.
2548 3616 2808 3671 Excelsus
2837 3622 2924 3670 est
2938 3617 3088 3670 enim
3115 3635 3276 3672 mons
3300 3621 3534 3690 justitiaa

1941 3723 2052 3778 quo
2066 3705 2455 3777 propalamini,
2473 3704 2577 3759 etsi
2599 3722 2694 3759 vos
2712 3704 3053 3760 abscondere
3073 3707 3272 3761 velitis.
3298 3709 3531 3779 Idcirco,

1942 3795 2157 3850 munite
2185 3811 2280 3848 vos
2301 3794 2486 3865 potius
2505 3793 2775 3848 virtutum
2821 3793 2992 3848 armis
3025 3817 3038 3864 ;
3095 3811 3204 3865 quo
3235 3797 3306 3850 ad
3352 3798 3536 3854 debel-

1941 3885 2111 3940 landa
2137 3883 2333 3938 mundi
2345 3882 2704 3937 adversantia
2731 3883 2791 3936 in
2809 3881 3022 3938 lumine
3034 3886 3347 3954 praestructi
3375 3889 3530 3944 estis.

1943 3975 2183 4031 Oculosa
2210 3973 2437 4044 quidem
2466 3972 2525 4026 in
2555 3971 2815 4026 omnibus
2844 3972 3217 4028 Providentia.
3249 3976 3394 4030 Nam
3422 3978 3536 4033 tria

1943 4064 2199 4136 superius
2228 4062 2546 4134 specialiter
2573 4061 2841 4132 apostolis
2877 4061 3183 4133 deputavit,
3216 4066 3313 4119 sed
3340 4067 3534 4122 civita-

1943 4159 2055 4208 tem
2086 4168 2258 4223 supra
2287 4157 2534 4206 montem
2564 4152 2824 4221 positam,
2870 4151 3019 4221 quod
3068 4169 3180 4207 non
3218 4155 3395 4225 possit
3441 4158 3534 4212 ab-

1943 4243 2158 4311 scondi,
2203 4241 2456 4295 absolute
2513 4239 2772 4294 omnibus
2825 4240 3106 4295 indicavit.
3151 4243 3367 4316 Quippe
3403 4248 3536 4317 quia

265 4335 355 4383 ter
381 4331 546 4397 dicat,
580 4348 677 4385 vos
707 4331 844 4385 estis
865 4332 961 4387 lux
977 4333 1146 4403 hujus
1178 4334 1453 4388 mundiex
1482 4314 1687 4400 ofﬁcio,
1711 4314 1922 4388 etsalD
1946 4331 2298 4386 Hierusalem
2327 4329 2584 4394 caelestis,
2621 4346 2743 4399 qua:
2772 4329 2828 4383 in
2852 4329 3017 4383 terris
3038 4347 3071 4384 a
3091 4332 3397 4401 primordio
3440 4354 3534 4392 us-

266 4425 431 4474 terrae
460 4436 561 4491 pro
593 4421 924 4477 ministerio.
969 4422 1084 4491 Ego
1141 4428 1350 4490 autem,
1385 4424 1518 4494 quia
1555 4425 1673 4478 Lux
1729 4440 1860 4478 vera
1941 4420 2127 4492 quein
2156 4422 2324 4473 ﬁnem
2352 4418 2537 4473 saeculi
2562 4418 2630 4472 de
2650 4418 2926 4488 lapidibus
2956 4419 3284 4476 vivisadhuc
3302 4424 3531 4494 politur,

262 4524 412 4575 sum,
439 4525 536 4564 ero
576 4509 854 4565 universis
881 4511 940 4566 in
971 4512 1150 4566 lucem
1205 4513 1624 4584 sempiternam.
1684 4514 1858 4567 Porro
1941 4509 2465 4582 praedestinatorum
2478 4507 2613 4561 ordo
2635 4512 2998 4561 monstratur.
3023 4508 3092 4562 Et
3107 4509 3231 4564 ideo
3237 4512 3358 4582 jam
3379 4516 3536 4570 colli-

262 4599 462 4652 mundi
489 4599 740 4664 nomine,
769 4605 869 4654 aut
925 4601 1316 4657 universalitas
1353 4602 1585 4657 humani
1637 4601 1862 4672 generis

261 4687 615 4758 designatur,
643 4694 745 4743 aut
772 4689 827 4743 hi
849 4694 1069 4746 tantum
1100 4693 1196 4763 qui
1213 4694 1282 4747 de
1311 4693 1416 4747 hoc
1445 4691 1654 4746 mundo
1669 4691 1729 4745 in
1749 4707 1866 4744 ma-

262 4775 422 4846 ligno
437 4778 618 4848 posito
639 4777 802 4832 electi
833 4795 936 4850 per
964 4780 1250 4837 Christum
1279 4779 1649 4852 accipiuntur.
1705 4779 1865 4844 Quod

262 4865 319 4920 si
339 4867 727 4922 universaliter
738 4868 826 4922 lux
840 4869 1032 4924 mundi
1044 4869 1868 4941 intelligantur,fortassis,quia

264 4955 487 5008 cunctis
499 4955 567 5008 ad
582 4956 998 5026 perceptionem
1029 4959 1159 5013 ﬁdei
1173 4965 1307 5014 sunt
1315 4959 1532 5014 directi.
1564 4958 1663 5014 Sin
1677 4963 1867 5012 autem

261 5042 578 5098 secundum
589 5045 1138 5115 praedestinationem
1148 5049 1461 5116 eorum,lux
1467 5049 1596 5118 jure
1606 5047 1869 5102 dicuntur

265 5130 378 5202 qui
399 5147 498 5201 per
511 5148 607 5186 eos
625 5133 698 5186 ad
741 5133 912 5188 vitam
935 5135 1345 5194 illuminantur.
1369 5137 1528 5201 Quod
1557 5136 1663 5190 etsi
1688 5137 1781 5190 lux
1809 5136 1869 5190 in

262 5218 520 5274 tenebris
540 5220 706 5288 lucet,
730 5221 975 5278 tenebrae
995 5229 1186 5281 tamen
1201 5243 1314 5294 eos,
1334 5227 1449 5281 imo
1465 5225 1749 5281 Christum
1769 5242 1872 5297 per

261 5324 395 5373 eos,
425 5324 534 5363 non
579 5311 1168 5382 comprehenderunt;
1210 5315 1258 5370 si
1294 5315 1444 5371 enim
1483 5315 1869 5387 apprehende-

261 5402 425 5462 rent,
439 5397 626 5469 utique
649 5416 1010 5473 nequaquam
1033 5403 1279 5461 tenebrae
1293 5404 1871 5459 remansissentPrae-

215 5549 218 5552 ,
263 5491 440 5542 terea
458 5491 513 5541 et
530 5489 787 5559 apostoli,
816 5506 946 5546 cum
977 5498 1166 5550 essent
1191 5494 1294 5550 ﬁlii
1323 5491 1704 5562 tenebrarum,
1737 5493 1870 5548 facti

525 5588 790 5654 PATROL.
844 5591 1002 5653 CXX
1020 5637 1034 5652 .

1941 4599 2167 4670 giturin
2193 4613 2420 4667 genere,
2451 4596 2600 4666 quod
2622 4596 2860 4666 sparsim
2880 4596 3131 4652 futurum
3149 4606 3270 4654 erat
3284 4619 3387 4672 per
3409 4621 3537 4676 spe-

1946 4688 2076 4743 cies.
2110 4687 2331 4741 Dictum
2348 4689 2540 4751 $60
2559 4683 2715 4738 estin
2738 4684 2982 4740 Canticis
3014 4703 3026 4738 :
3051 4686 3207 4742 Sicut
3239 4695 3418 4746 turris
3433 4697 3538 4749 θα-

1947 4779 2041 4832 υἰά
2067 4779 2465 4840 collumtuum,
2487 4774 2882 4842 quaeadiﬁcata
2907 4779 2981 4828 est
3003 4791 3126 4830 cum
3142 4793 3537 4848 propugnacu-

1948 4870 2016 4922 lis
2047 4868 2190 4932 suis;
2214 4865 2555 4932 milleclypei
2576 4863 2814 4931 pendent
2839 4878 2908 4916 ea:
2925 4880 3005 4930 ea,
3034 4869 3215 4920 omnis
3236 4877 3537 4928 armatura

1947 4957 2182 5025 fortium
2207 4955 2381 5023 (Cant.
2405 4968 2482 5021 xv,
2496 4951 2565 5021 ἥ).
2593 4951 2997 5006 Przetereahaec
3011 4951 3203 5009 civitas
3218 4961 3320 5012 aut
3344 4961 3537 5029 turris,

1951 5044 2080 5116 quia
2115 5043 2174 5096 in
2201 5039 2532 5096 sublimibus
2584 5040 2835 5111 praelata,
2888 5040 3191 5098 immensas
3208 5047 3458 5116 possidet
3484 5055 3544 5107 et

1950 5131 2258 5188 ineffabiles
2270 5130 2667 5184 thesaurorum
2688 5129 2936 5197 divitias;
2954 5131 3160 5186 idcirco
3173 5136 3405 5193 smviant
3414 5156 3542 5195 con-

1950 5229 2040 5278 tra
2059 5237 2182 5276 eam
2209 5219 2538 5274 adversariae
2562 5223 2888 5289 potestates.
2910 5219 3070 5275 Unde
3092 5222 3545 5284 nimirumlectu-

1953 5314 2072 5367 lum
2103 5308 2416 5365 Salomonis
2432 5308 2640 5362 Christi
2669 5309 2925 5363 videlicet
2941 5311 3279 5382 passionem,
3297 5324 3354 5372 et
3369 5333 3548 5372 resur-

1953 5398 2214 5457 rectionis
2240 5397 2477 5469 gloriam
2491 5397 2783 5470 sexaginta
2808 5397 2982 5454 fortes
3003 5401 3259 5456 ambiunt
3286 5422 3353 5460 ex
3368 5404 3549 5460 fortis-

1952 5489 2109 5546 simis
2127 5484 2322 5558 Israel,
2355 5500 2550 5542 omnes
2570 5491 2825 5542 tenentes
2850 5486 3070 5555 gladios
3085 5490 3154 5543 ad
3180 5487 3333 5550 bella
3354 5487 3552 5550 doctis-

3275 5589 3315 5649 8
