  <div class='ocr_page' id='page_1' title='image "/cluster/home/n/w/nwhite01/storage/ocr_20150623/120/hvd.32044054759824/123.png"; bbox 0 0 3938 6174; ppageno 0'>
   <div class='ocr_carea' id='block_1_1' title="bbox 480 284 585 342">
    <p class='ocr_par' dir='ltr' id='par_1_1' title="bbox 480 284 585 342">
     <span class='ocr_line' id='line_1_1' title="bbox 480 284 585 342; baseline -0.038 1"><span class='ocrx_word' id='word_1_1' title='bbox 480 284 585 342; x_wconf 75' lang='grc'>235</span> 
     </span>
    </p>
   </div>
   <div class='ocr_carea' id='block_1_2' title="bbox 476 365 2134 468">
    <p class='ocr_par' dir='ltr' id='par_1_2' title="bbox 476 365 2134 468">
     <span class='ocr_line' id='line_1_2' title="bbox 476 365 2134 468; baseline -0.031 -3"><span class='ocrx_word' id='word_1_2' title='bbox 476 407 607 464; x_wconf 83' lang='lat' dir='ltr'>simi</span> <span class='ocrx_word' id='word_1_3' title='bbox 633 401 1098 468; x_wconf 77' lang='lat' dir='ltr'>:Uniuscujusque</span> <span class='ocrx_word' id='word_1_4' title='bbox 1117 392 1278 456; x_wconf 80' lang='lat' dir='ltr'>ensis,</span> <span class='ocrx_word' id='word_1_5' title='bbox 1297 384 1498 457; x_wconf 86' lang='lat' dir='ltr'>inquit,</span> <span class='ocrx_word' id='word_1_6' title='bbox 1517 393 1680 448; x_wconf 82' lang='lat' dir='ltr'>super</span> <span class='ocrx_word' id='word_1_7' title='bbox 1702 376 1887 442; x_wconf 80' lang='lat' dir='ltr'>femur</span> <span class='ocrx_word' id='word_1_8' title='bbox 1902 379 2067 420; x_wconf 83' lang='lat' dir='ltr'>suum</span> <span class='ocrx_word' id='word_1_9' title='bbox 2084 365 2134 424; x_wconf 80' lang='grc' dir='ltr'><strong>Α</strong></span> 
     </span>
    </p>
   </div>
   <div class='ocr_carea' id='block_1_3' title="bbox 475 453 2074 568">
    <p class='ocr_par' dir='ltr' id='par_1_3' title="bbox 475 453 2074 568">
     <span class='ocr_line' id='line_1_3' title="bbox 475 453 2074 568; baseline -0.031 -13"><span class='ocrx_word' id='word_1_10' title='bbox 475 502 701 568; x_wconf 79' lang='lat' dir='ltr'>propter</span> <span class='ocrx_word' id='word_1_11' title='bbox 732 497 952 548; x_wconf 78' lang='lat' dir='ltr'>timores</span> <span class='ocrx_word' id='word_1_12' title='bbox 965 489 1279 541; x_wconf 80' lang='lat' dir='ltr'>nocturnos.</span> <span class='ocrx_word' id='word_1_13' title='bbox 1295 478 1445 541; x_wconf 84' lang='lat' dir='ltr'>Quos</span> <span class='ocrx_word' id='word_1_14' title='bbox 1458 485 1592 525; x_wconf 85' lang='lat' dir='ltr'>sane</span> <span class='ocrx_word' id='word_1_15' title='bbox 1611 466 1842 520; x_wconf 81' lang='lat' dir='ltr'>timores</span> <span class='ocrx_word' id='word_1_16' title='bbox 1874 453 2074 525; x_wconf 87' lang='lat' dir='ltr'>magis-</span> 
     </span>
    </p>
   </div>
   <div class='ocr_carea' id='block_1_4' title="bbox 477 544 2074 651">
    <p class='ocr_par' dir='ltr' id='par_1_4' title="bbox 477 544 2074 651">
     <span class='ocr_line' id='line_1_4' title="bbox 477 544 850 568; baseline -0.021 -15"><span class='ocrx_word' id='word_1_17' title='bbox 477 544 531 568; x_wconf 69' lang='lat'>,.</span> <span class='ocrx_word' id='word_1_18' title='bbox 553 544 681 567; x_wconf 63' lang='grc' dir='ltr'>τ---</span> 
     </span>
     <span class='ocr_line' id='line_1_5' title="bbox 477 544 2074 651; baseline -0.031 -7"><span class='ocrx_word' id='word_1_19' title='bbox 477 591 570 643; x_wconf 88' lang='lat' dir='ltr'>ter</span> <span class='ocrx_word' id='word_1_20' title='bbox 593 581 838 639; x_wconf 79' lang='lat' dir='ltr'>veritatis</span> <span class='ocrx_word' id='word_1_21' title='bbox 861 589 1194 651; x_wconf 82' lang='lat' dir='ltr'>praecavens,</span> <span class='ocrx_word' id='word_1_22' title='bbox 1219 568 1410 622; x_wconf 88' lang='lat' dir='ltr'>monet</span> <span class='ocrx_word' id='word_1_23' title='bbox 1433 562 1492 616; x_wconf 91' lang='lat' dir='ltr'>in</span> <span class='ocrx_word' id='word_1_24' title='bbox 1518 555 1720 629; x_wconf 91' lang='lat' dir='ltr'>quibus</span> <span class='ocrx_word' id='word_1_25' title='bbox 1738 552 1856 604; x_wconf 87' lang='lat' dir='ltr'>haec</span> <span class='ocrx_word' id='word_1_26' title='bbox 1879 544 2074 600; x_wconf 85' lang='lat' dir='ltr'>civitas</span> 
     </span>
    </p>
   </div>
   <div class='ocr_carea' id='block_1_5' title="bbox 483 632 2074 748">
    <p class='ocr_par' dir='ltr' id='par_1_5' title="bbox 483 632 2074 748">
     <span class='ocr_line' id='line_1_6' title="bbox 484 632 1191 651; baseline -0.023 -8"><span class='ocrx_word' id='word_1_27' title='bbox 484 632 558 643; x_wconf 62' lang='grc' dir='ltr'>η-</span> <span class='ocrx_word' id='word_1_28' title='bbox 601 632 834 639; x_wconf 29' lang='lat' dir='ltr'>Munus</span> <span class='ocrx_word' id='word_1_29' title='bbox 863 632 906 651; x_wconf 30' lang='grc' dir='ltr'>ιν</span> <span class='ocrx_word' id='word_1_30' title='bbox 1186 632 1191 635; x_wconf 87' lang='lat'>_</span> 
     </span>
     <span class='ocr_line' id='line_1_7' title="bbox 483 632 2074 748; baseline -0.031 -14"><span class='ocrx_word' id='word_1_31' title='bbox 483 693 519 732; x_wconf 88' lang='lat' dir='ltr'>a</span> <span class='ocrx_word' id='word_1_32' title='bbox 545 671 853 748; x_wconf 89' lang='lat' dir='ltr'>primordio</span> <span class='ocrx_word' id='word_1_33' title='bbox 881 665 1186 725; x_wconf 81' lang='lat' dir='ltr'>dedicatur,</span> <span class='ocrx_word' id='word_1_34' title='bbox 1221 661 1277 710; x_wconf 89' lang='lat' dir='ltr'>et</span> <span class='ocrx_word' id='word_1_35' title='bbox 1305 669 1406 726; x_wconf 91' lang='lat' dir='ltr'>per</span> <span class='ocrx_word' id='word_1_36' title='bbox 1435 666 1530 705; x_wconf 90' lang='lat' dir='ltr'>eos</span> <span class='ocrx_word' id='word_1_37' title='bbox 1558 644 1816 700; x_wconf 89' lang='lat' dir='ltr'>universa</span> <span class='ocrx_word' id='word_1_38' title='bbox 1827 632 2074 706; x_wconf 91' lang='lat' dir='ltr'>corporis</span> 
     </span>
    </p>
   </div>
   <div class='ocr_carea' id='block_1_6' title="bbox 484 721 2075 825">
    <p class='ocr_par' dir='ltr' id='par_1_6' title="bbox 484 721 2075 825">
     <span class='ocr_line' id='line_1_8' title="bbox 484 721 1325 748; baseline -0.023 -3"><span class='ocrx_word' id='word_1_39' title='bbox 484 721 519 732; x_wconf 75' lang='grc' dir='ltr'>υ·</span> <span class='ocrx_word' id='word_1_40' title='bbox 546 721 844 748; x_wconf 62' lang='grc' dir='ltr'>ι’·ἠ-ν--ην</span> <span class='ocrx_word' id='word_1_41' title='bbox 891 721 935 722; x_wconf 50' lang='grc' dir='ltr'>ην</span> <span class='ocrx_word' id='word_1_42' title='bbox 1171 721 1179 725; x_wconf 63' lang='grc' dir='ltr'>ν</span> <span class='ocrx_word' id='word_1_43' title='bbox 1305 721 1325 726; x_wconf 89' lang='grc'><strong><em>-</em></strong></span> 
     </span>
     <span class='ocr_line' id='line_1_9' title="bbox 484 721 2075 825; baseline -0.031 -2"><span class='ocrx_word' id='word_1_44' title='bbox 484 765 573 822; x_wconf 90' lang='lat' dir='ltr'>sui</span> <span class='ocrx_word' id='word_1_45' title='bbox 602 761 874 825; x_wconf 88' lang='lat' dir='ltr'>membra,</span> <span class='ocrx_word' id='word_1_46' title='bbox 904 760 970 810; x_wconf 92' lang='lat' dir='ltr'>ut</span> <span class='ocrx_word' id='word_1_47' title='bbox 986 753 1257 807; x_wconf 89' lang='lat' dir='ltr'>virtutum</span> <span class='ocrx_word' id='word_1_48' title='bbox 1304 759 1364 798; x_wconf 91' lang='lat' dir='ltr'>se</span> <span class='ocrx_word' id='word_1_49' title='bbox 1401 739 1640 794; x_wconf 84' lang='lat' dir='ltr'>induant</span> <span class='ocrx_word' id='word_1_50' title='bbox 1692 728 1864 785; x_wconf 89' lang='lat' dir='ltr'>armis</span> <span class='ocrx_word' id='word_1_51' title='bbox 1895 745 1908 792; x_wconf 87' lang='lat'><strong>;</strong></span> <span class='ocrx_word' id='word_1_52' title='bbox 1944 721 2075 794; x_wconf 87' lang='lat' dir='ltr'>quia</span> 
     </span>
    </p>
   </div>
   <div class='ocr_carea' id='block_1_7' title="bbox 485 813 2075 913">
    <p class='ocr_par' dir='ltr' id='par_1_7' title="bbox 485 813 2075 913">
     <span class='ocr_line' id='line_1_10' title="bbox 485 813 2075 913; baseline -0.033 1"><span class='ocrx_word' id='word_1_53' title='bbox 485 854 700 913; x_wconf 91' lang='lat' dir='ltr'>cunctis</span> <span class='ocrx_word' id='word_1_54' title='bbox 718 813 974 905; x_wconf 77' lang='lat' dir='ltr'>hostibus</span> <span class='ocrx_word' id='word_1_55' title='bbox 997 842 1056 895; x_wconf 93' lang='lat' dir='ltr'>in</span> <span class='ocrx_word' id='word_1_56' title='bbox 1091 832 1387 911; x_wconf 84' lang='lat' dir='ltr'>propatulo</span> <span class='ocrx_word' id='word_1_57' title='bbox 1415 824 1602 901; x_wconf 89' lang='lat' dir='ltr'>positi,</span> <span class='ocrx_word' id='word_1_58' title='bbox 1635 819 1853 875; x_wconf 90' lang='lat' dir='ltr'>nullum</span> <span class='ocrx_word' id='word_1_59' title='bbox 1874 813 2075 871; x_wconf 52' lang='lat' dir='ltr'>delitee</span> 
     </span>
    </p>
   </div>
   <div class='ocr_carea' id='block_1_8' title="bbox 485 901 2075 1002">
    <p class='ocr_par' dir='ltr' id='par_1_8' title="bbox 485 901 2075 1002">
     <span class='ocr_line' id='line_1_11' title="bbox 485 901 2075 1002; baseline -0.032 0"><span class='ocrx_word' id='word_1_60' title='bbox 485 943 675 1002; x_wconf 91' lang='lat' dir='ltr'>scendi</span> <span class='ocrx_word' id='word_1_61' title='bbox 699 942 880 995; x_wconf 89' lang='lat' dir='ltr'>locum</span> <span class='ocrx_word' id='word_1_62' title='bbox 902 929 1206 992; x_wconf 88' lang='lat' dir='ltr'>habebunt,</span> <span class='ocrx_word' id='word_1_63' title='bbox 1240 921 1348 978; x_wconf 89' lang='lat' dir='ltr'>nisi</span> <span class='ocrx_word' id='word_1_64' title='bbox 1407 907 1724 972; x_wconf 76' lang='lat' dir='ltr'>caelestibus</span> <span class='ocrx_word' id='word_1_65' title='bbox 1772 923 1832 960; x_wconf 90' lang='lat' dir='ltr'>se</span> <span class='ocrx_word' id='word_1_66' title='bbox 1883 901 2075 957; x_wconf 79' lang='lat' dir='ltr'>defen-</span> 
     </span>
    </p>
   </div>
   <div class='ocr_carea' id='block_1_9' title="bbox 485 992 2079 1102">
    <p class='ocr_par' dir='ltr' id='par_1_9' title="bbox 485 992 2079 1102">
     <span class='ocr_line' id='line_1_12' title="bbox 485 992 2079 1102; baseline -0.032 -11"><span class='ocrx_word' id='word_1_67' title='bbox 485 1037 623 1090; x_wconf 87' lang='lat' dir='ltr'>dant</span> <span class='ocrx_word' id='word_1_68' title='bbox 651 1019 1102 1102; x_wconf 83' lang='lat' dir='ltr'>propugnaculis.</span> <span class='ocrx_word' id='word_1_69' title='bbox 1119 1015 1193 1071; x_wconf 88' lang='lat' dir='ltr'>Et</span> <span class='ocrx_word' id='word_1_70' title='bbox 1207 1013 1350 1068; x_wconf 86' lang='lat' dir='ltr'>mira</span> <span class='ocrx_word' id='word_1_71' title='bbox 1366 1007 1468 1063; x_wconf 91' lang='lat' dir='ltr'>Dei</span> <span class='ocrx_word' id='word_1_72' title='bbox 1482 994 1916 1076; x_wconf 72' lang='lat' dir='ltr'>praedestinatio.</span> <span class='ocrx_word' id='word_1_73' title='bbox 1943 992 2079 1044; x_wconf 89' lang='lat' dir='ltr'>Nec-</span> 
     </span>
    </p>
   </div>
   <div class='ocr_carea' id='block_1_10' title="bbox 483 1079 2075 1180">
    <p class='ocr_par' dir='ltr' id='par_1_10' title="bbox 483 1079 2075 1180">
     <span class='ocr_line' id='line_1_13' title="bbox 486 1079 863 1102; baseline -0.032 6"><span class='ocrx_word' id='word_1_74' title='bbox 486 1079 623 1090; x_wconf 72' lang='grc'>““”⁸”“’</span> <span class='ocrx_word' id='word_1_75' title='bbox 652 1079 705 1102; x_wconf 79' lang='lat' dir='ltr'>r&#39;</span> <span class='ocrx_word' id='word_1_76' title='bbox 723 1079 777 1099; x_wconf 61' lang='grc' dir='ltr'>’ἴ</span> <span class='ocrx_word' id='word_1_77' title='bbox 800 1079 863 1096; x_wconf 71' lang='lat' dir='ltr'><strong>&quot;U</strong></span> 
     </span>
     <span class='ocr_line' id='line_1_14' title="bbox 483 1079 2075 1180; baseline -0.031 0"><span class='ocrx_word' id='word_1_78' title='bbox 483 1126 619 1180; x_wconf 91' lang='lat' dir='ltr'>dum</span> <span class='ocrx_word' id='word_1_79' title='bbox 641 1119 793 1175; x_wconf 90' lang='lat' dir='ltr'>enim</span> <span class='ocrx_word' id='word_1_80' title='bbox 821 1111 1142 1168; x_wconf 87' lang='lat' dir='ltr'>constructa</span> <span class='ocrx_word' id='word_1_81' title='bbox 1187 1102 1358 1158; x_wconf 89' lang='lat' dir='ltr'>etiam</span> <span class='ocrx_word' id='word_1_82' title='bbox 1405 1095 1519 1151; x_wconf 89' lang='lat' dir='ltr'>suis</span> <span class='ocrx_word' id='word_1_83' title='bbox 1564 1093 1624 1146; x_wconf 89' lang='lat' dir='ltr'>in</span> <span class='ocrx_word' id='word_1_84' title='bbox 1675 1079 2075 1144; x_wconf 84' lang='lat' dir='ltr'>fundamentis,</span> 
     </span>
    </p>
   </div>
   <div class='ocr_carea' id='block_1_11' title="bbox 483 1170 2082 1286">
    <p class='ocr_par' dir='ltr' id='par_1_11' title="bbox 483 1170 2082 1286">
     <span class='ocr_line' id='line_1_15' title="bbox 483 1170 2082 1286; baseline -0.031 -17"><span class='ocrx_word' id='word_1_85' title='bbox 483 1211 644 1286; x_wconf 88' lang='lat' dir='ltr'>quasi</span> <span class='ocrx_word' id='word_1_86' title='bbox 658 1170 901 1281; x_wconf 71' lang='lat' dir='ltr'>perfecta</span> <span class='ocrx_word' id='word_1_87' title='bbox 913 1199 1223 1255; x_wconf 85' lang='lat' dir='ltr'>dedicatur.</span> <span class='ocrx_word' id='word_1_88' title='bbox 1239 1185 1580 1258; x_wconf 91' lang='lat' dir='ltr'>Proponitur</span> <span class='ocrx_word' id='word_1_89' title='bbox 1594 1181 1688 1251; x_wconf 88' lang='lat' dir='ltr'>jus</span> <span class='ocrx_word' id='word_1_90' title='bbox 1709 1180 1767 1230; x_wconf 91' lang='lat' dir='ltr'>et</span> <span class='ocrx_word' id='word_1_91' title='bbox 1775 1170 2082 1246; x_wconf 70' lang='lat' dir='ltr'>praedicun-</span> 
     </span>
     <span class='ocr_line' id='line_1_16' title="bbox 1345 1256 2074 1286; baseline -0.027 0"><span class='ocrx_word' id='word_1_92' title='bbox 1345 1275 1410 1286; x_wconf 61' lang='grc' dir='ltr'>..η</span> <span class='ocrx_word' id='word_1_93' title='bbox 1538 1271 1548 1281; x_wconf 95' lang='grc'><strong>.</strong></span> <span class='ocrx_word' id='word_1_94' title='bbox 1794 1263 1955 1286; x_wconf 53' lang='lat' dir='ltr'>,“M</span> <span class='ocrx_word' id='word_1_95' title='bbox 2009 1256 2074 1286; x_wconf 57' lang='grc' dir='ltr'>Μ,</span> 
     </span>
    </p>
   </div>
   <div class='ocr_carea' id='block_1_12' title="bbox 480 1256 2079 1363">
    <p class='ocr_par' dir='ltr' id='par_1_12' title="bbox 480 1256 2079 1363">
     <span class='ocr_line' id='line_1_17' title="bbox 480 1256 2079 1363; baseline -0.032 -3"><span class='ocrx_word' id='word_1_96' title='bbox 480 1256 577 1360; x_wconf 55' lang='grc' dir='ltr'>ἔω</span> <span class='ocrx_word' id='word_1_97' title='bbox 590 1256 798 1363; x_wconf 60' lang='grc' dir='ltr'>ἶιιῖιινει,</span> <span class='ocrx_word' id='word_1_98' title='bbox 823 1293 984 1363; x_wconf 88' lang='lat' dir='ltr'>cujus</span> <span class='ocrx_word' id='word_1_99' title='bbox 1010 1303 1108 1342; x_wconf 86' lang='lat' dir='ltr'>rex</span> <span class='ocrx_word' id='word_1_100' title='bbox 1166 1286 1224 1336; x_wconf 90' lang='lat' dir='ltr'>et</span> <span class='ocrx_word' id='word_1_101' title='bbox 1273 1256 1470 1334; x_wconf 75' lang='lat' dir='ltr'>artifex</span> <span class='ocrx_word' id='word_1_102' title='bbox 1505 1267 1744 1327; x_wconf 85' lang='lat' dir='ltr'>civitatis</span> <span class='ocrx_word' id='word_1_103' title='bbox 1794 1263 1958 1331; x_wconf 90' lang='lat' dir='ltr'>longe</span> <span class='ocrx_word' id='word_1_104' title='bbox 2009 1256 2079 1311; x_wconf 89' lang='lat' dir='ltr'>ad</span> 
     </span>
    </p>
   </div>
   <div class='ocr_carea' id='block_1_13' title="bbox 491 1347 2078 1449">
    <p class='ocr_par' dir='ltr' id='par_1_13' title="bbox 491 1347 2078 1449">
     <span class='ocr_line' id='line_1_18' title="bbox 491 1347 2078 1449; baseline -0.032 0"><span class='ocrx_word' id='word_1_105' title='bbox 491 1393 605 1449; x_wconf 89' lang='lat' dir='ltr'>alia</span> <span class='ocrx_word' id='word_1_106' title='bbox 626 1391 810 1444; x_wconf 89' lang='lat' dir='ltr'>iturus</span> <span class='ocrx_word' id='word_1_107' title='bbox 826 1376 1110 1437; x_wconf 83' lang='lat' dir='ltr'>interdicit</span> <span class='ocrx_word' id='word_1_108' title='bbox 1138 1362 1514 1427; x_wconf 90' lang='lat' dir='ltr'>abscondendi</span> <span class='ocrx_word' id='word_1_109' title='bbox 1541 1355 1803 1415; x_wconf 89' lang='lat' dir='ltr'>ﬁduciam</span> <span class='ocrx_word' id='word_1_110' title='bbox 1847 1347 2078 1413; x_wconf 85' lang='lat' dir='ltr'>civibus,</span> 
     </span>
    </p>
   </div>
   <div class='ocr_carea' id='block_1_14' title="bbox 491 1437 2080 1540">
    <p class='ocr_par' dir='ltr' id='par_1_14' title="bbox 491 1437 2080 1540">
     <span class='ocr_line' id='line_1_19' title="bbox 491 1437 2080 1540; baseline -0.031 -1"><span class='ocrx_word' id='word_1_111' title='bbox 491 1489 559 1540; x_wconf 91' lang='lat' dir='ltr'>ut</span> <span class='ocrx_word' id='word_1_112' title='bbox 577 1474 901 1536; x_wconf 77' lang='lat' dir='ltr'>fortioribus</span> <span class='ocrx_word' id='word_1_113' title='bbox 943 1468 1215 1522; x_wconf 88' lang='lat' dir='ltr'>virtutum</span> <span class='ocrx_word' id='word_1_114' title='bbox 1263 1474 1321 1514; x_wconf 92' lang='lat' dir='ltr'>se</span> <span class='ocrx_word' id='word_1_115' title='bbox 1365 1446 1836 1510; x_wconf 89' lang='lat' dir='ltr'>circummuniant</span> <span class='ocrx_word' id='word_1_116' title='bbox 1889 1437 2080 1494; x_wconf 90' lang='lat' dir='ltr'>armis.</span> 
     </span>
    </p>
   </div>
   <div class='ocr_carea' id='block_1_15' title="bbox 493 1529 2088 1635">
    <p class='ocr_par' dir='ltr' id='par_1_15' title="bbox 493 1529 2088 1635">
     <span class='ocr_line' id='line_1_20' title="bbox 493 1529 2088 1635; baseline -0.031 -7"><span class='ocrx_word' id='word_1_117' title='bbox 493 1571 602 1629; x_wconf 90' lang='lat' dir='ltr'>Ubi</span> <span class='ocrx_word' id='word_1_118' title='bbox 621 1569 670 1624; x_wconf 91' lang='lat' dir='ltr'>si</span> <span class='ocrx_word' id='word_1_119' title='bbox 697 1557 962 1635; x_wconf 81' lang='lat' dir='ltr'>respicias</span> <span class='ocrx_word' id='word_1_120' title='bbox 983 1555 1238 1612; x_wconf 80' lang='lat' dir='ltr'>ordinem</span> <span class='ocrx_word' id='word_1_121' title='bbox 1263 1549 1559 1607; x_wconf 90' lang='lat' dir='ltr'>donorum,</span> <span class='ocrx_word' id='word_1_122' title='bbox 1605 1537 1915 1592; x_wconf 88' lang='lat' dir='ltr'>cernuntur</span> <span class='ocrx_word' id='word_1_123' title='bbox 1971 1529 2088 1581; x_wconf 65' lang='lat' dir='ltr'>haec</span> 
     </span>
    </p>
   </div>
   <div class='ocr_carea' id='block_1_16' title="bbox 495 1622 2086 1734">
    <p class='ocr_par' dir='ltr' id='par_1_16' title="bbox 495 1622 2086 1734">
     <span class='ocr_line' id='line_1_21' title="bbox 495 1622 2086 1734; baseline -0.031 -17"><span class='ocrx_word' id='word_1_124' title='bbox 495 1622 1136 1734; x_wconf 72' lang='lat' dir='ltr'>pertinereadspiritum</span> <span class='ocrx_word' id='word_1_125' title='bbox 1149 1635 1364 1696; x_wconf 78' lang='lat' dir='ltr'>consilii</span> <span class='ocrx_word' id='word_1_126' title='bbox 1393 1638 1451 1687; x_wconf 88' lang='lat' dir='ltr'>et</span> <span class='ocrx_word' id='word_1_127' title='bbox 1473 1623 1851 1685; x_wconf 69' lang='lat' dir='ltr'>fortitudinis:</span> <span class='ocrx_word' id='word_1_128' title='bbox 1887 1622 2086 1690; x_wconf 88' lang='lat' dir='ltr'>quate-</span> 
     </span>
     <span class='ocr_line' id='line_1_22' title="bbox 1157 1705 2085 1734; baseline -0.028 26"><span class='ocrx_word' id='word_1_129' title='bbox 1157 1728 1168 1734; x_wconf 76' lang='lat'><em>‘</em></span> <span class='ocrx_word' id='word_1_130' title='bbox 1307 1726 1318 1734; x_wconf 93' lang='grc'><strong>·</strong></span> <span class='ocrx_word' id='word_1_131' title='bbox 1474 1721 1484 1732; x_wconf 91' lang='grc'><strong>·</strong></span> <span class='ocrx_word' id='word_1_132' title='bbox 1588 1719 1598 1729; x_wconf 93' lang='grc'><strong>·</strong></span> <span class='ocrx_word' id='word_1_133' title='bbox 1649 1705 2085 1734; x_wconf 17' lang='lat' dir='ltr'>fietu—unam“...</span> 
     </span>
    </p>
   </div>
   <div class='ocr_carea' id='block_1_17' title="bbox 496 1705 2149 1807">
    <p class='ocr_par' dir='ltr' id='par_1_17' title="bbox 496 1705 2149 1807">
     <span class='ocr_line' id='line_1_23' title="bbox 497 1705 920 1734; baseline -0.031 0"><span class='ocrx_word' id='word_1_134' title='bbox 497 1705 585 1734; x_wconf 58' lang='grc' dir='ltr'>ἵν’</span> <span class='ocrx_word' id='word_1_135' title='bbox 602 1705 735 1713; x_wconf 77' lang='lat'>&quot;&quot;&quot;</span> <span class='ocrx_word' id='word_1_136' title='bbox 755 1705 774 1709; x_wconf 81' lang='lat'>&#39;</span> <span class='ocrx_word' id='word_1_137' title='bbox 793 1705 840 1707; x_wconf 51' lang='lat'>&quot;’</span> <span class='ocrx_word' id='word_1_138' title='bbox 901 1705 920 1721; x_wconf 78' lang='grc' dir='ltr'><strong><em>ι</em></strong></span> 
     </span>
     <span class='ocr_line' id='line_1_24' title="bbox 496 1705 2149 1807; baseline -0.031 0"><span class='ocrx_word' id='word_1_139' title='bbox 496 1767 603 1807; x_wconf 90' lang='lat' dir='ltr'>nus</span> <span class='ocrx_word' id='word_1_140' title='bbox 631 1744 977 1801; x_wconf 83' lang='lat' dir='ltr'>habitatores</span> <span class='ocrx_word' id='word_1_141' title='bbox 1006 1749 1137 1790; x_wconf 92' lang='lat' dir='ltr'>suos</span> <span class='ocrx_word' id='word_1_142' title='bbox 1155 1726 1393 1785; x_wconf 85' lang='lat' dir='ltr'>interius</span> <span class='ocrx_word' id='word_1_143' title='bbox 1412 1705 2086 1777; x_wconf 89' lang='lat' dir='ltr'>misericorditerconsilio</span> <span class='ocrx_word' id='word_1_144' title='bbox 2103 1710 2149 1769; x_wconf 85' lang='grc' dir='ltr'><strong>Β</strong></span> 
     </span>
    </p>
   </div>
   <div class='ocr_carea' id='block_1_18' title="bbox 495 1796 2082 1910">
    <p class='ocr_par' dir='ltr' id='par_1_18' title="bbox 495 1796 2082 1910">
     <span class='ocr_line' id='line_1_25' title="bbox 495 1796 2082 1910; baseline -0.032 -14"><span class='ocrx_word' id='word_1_145' title='bbox 495 1841 716 1910; x_wconf 85' lang='lat' dir='ltr'>regant,</span> <span class='ocrx_word' id='word_1_146' title='bbox 741 1837 798 1888; x_wconf 90' lang='lat' dir='ltr'>et</span> <span class='ocrx_word' id='word_1_147' title='bbox 822 1822 1171 1885; x_wconf 87' lang='lat' dir='ltr'>adversarios</span> <span class='ocrx_word' id='word_1_148' title='bbox 1200 1815 1446 1873; x_wconf 88' lang='lat' dir='ltr'>exterius</span> <span class='ocrx_word' id='word_1_149' title='bbox 1473 1807 1703 1881; x_wconf 88' lang='lat' dir='ltr'>spiritus</span> <span class='ocrx_word' id='word_1_150' title='bbox 1745 1796 2082 1860; x_wconf 84' lang='lat' dir='ltr'>valetudine,</span> 
     </span>
     <span class='ocr_line' id='line_1_26' title="bbox 1505 1891 2082 1910; baseline -0.035 3"><span class='ocrx_word' id='word_1_151' title='bbox 1505 1901 1515 1910; x_wconf 91' lang='lat'>.</span> <span class='ocrx_word' id='word_1_152' title='bbox 1753 1891 2082 1910; x_wconf 20' lang='grc' dir='ltr'>,κλμ-μμ,</span> 
     </span>
    </p>
   </div>
   <div class='ocr_carea' id='block_1_19' title="bbox 497 1891 2089 1988">
    <p class='ocr_par' dir='ltr' id='par_1_19' title="bbox 497 1891 2089 1988">
     <span class='ocr_line' id='line_1_27' title="bbox 497 1891 2089 1988; baseline -0.031 0"><span class='ocrx_word' id='word_1_153' title='bbox 497 1891 626 1988; x_wconf 42' lang='lat' dir='ltr'>curm</span> <span class='ocrx_word' id='word_1_154' title='bbox 654 1891 914 1982; x_wconf 76' lang='lat' dir='ltr'>universo</span> <span class='ocrx_word' id='word_1_155' title='bbox 933 1913 1064 1972; x_wconf 92' lang='lat' dir='ltr'>ﬁdei</span> <span class='ocrx_word' id='word_1_156' title='bbox 1080 1911 1355 1984; x_wconf 89' lang='lat' dir='ltr'>apparatu</span> <span class='ocrx_word' id='word_1_157' title='bbox 1377 1917 1479 1975; x_wconf 87' lang='lat' dir='ltr'>pro</span> <span class='ocrx_word' id='word_1_158' title='bbox 1495 1895 1718 1972; x_wconf 87' lang='lat' dir='ltr'>justitia</span> <span class='ocrx_word' id='word_1_159' title='bbox 1737 1891 2089 1947; x_wconf 83' lang='lat' dir='ltr'>decertantes</span> 
     </span>
    </p>
   </div>
   <div class='ocr_carea' id='block_1_20' title="bbox 491 2021 738 2076">
    <p class='ocr_par' dir='ltr' id='par_1_20' title="bbox 491 2021 738 2076">
     <span class='ocr_line' id='line_1_28' title="bbox 491 2021 738 2076; baseline -0.02 0"><span class='ocrx_word' id='word_1_160' title='bbox 491 2021 738 2076; x_wconf 88' lang='lat' dir='ltr'>vincant.</span> 
     </span>
    </p>
   </div>
   <div class='ocr_carea' id='block_1_21' title="bbox 564 2068 2092 2178">
    <p class='ocr_par' dir='ltr' id='par_1_21' title="bbox 564 2068 2092 2178">
     <span class='ocr_line' id='line_1_29' title="bbox 564 2068 2092 2178; baseline -0.031 -12"><span class='ocrx_word' id='word_1_161' title='bbox 564 2110 744 2178; x_wconf 82' lang='lat' dir='ltr'>Neque</span> <span class='ocrx_word' id='word_1_162' title='bbox 772 2096 1396 2158; x_wconf 83' lang='lat' dir='ltr'>accenduntlucernam,</span> <span class='ocrx_word' id='word_1_163' title='bbox 1420 2086 1468 2136; x_wconf 88' lang='lat' dir='ltr'>et</span> <span class='ocrx_word' id='word_1_164' title='bbox 1489 2079 1707 2149; x_wconf 84' lang='lat' dir='ltr'>ponunt</span> <span class='ocrx_word' id='word_1_165' title='bbox 1723 2088 1842 2128; x_wconf 84' lang='lat' dir='ltr'>eam</span> <span class='ocrx_word' id='word_1_166' title='bbox 1862 2068 1960 2123; x_wconf 81' lang='lat' dir='ltr'>sub</span> <span class='ocrx_word' id='word_1_167' title='bbox 1981 2079 2092 2119; x_wconf 86' lang='lat' dir='ltr'>mo-</span> 
     </span>
     <span class='ocr_line' id='line_1_30' title="bbox 1241 2156 2085 2178; baseline -0.033 0"><span class='ocrx_word' id='word_1_168' title='bbox 1241 2177 1246 2178; x_wconf 63' lang='lat'>,</span> <span class='ocrx_word' id='word_1_169' title='bbox 1425 2176 1427 2178; x_wconf 95' lang='lat'><em>_</em></span> <span class='ocrx_word' id='word_1_170' title='bbox 1790 2159 1817 2178; x_wconf 47' lang='grc' dir='ltr'>ι</span> <span class='ocrx_word' id='word_1_171' title='bbox 1862 2156 2085 2178; x_wconf 30' lang='grc' dir='ltr'>ἰω-η</span> 
     </span>
    </p>
   </div>
   <div class='ocr_carea' id='block_1_22' title="bbox 496 2156 2088 2261">
    <p class='ocr_par' dir='ltr' id='par_1_22' title="bbox 496 2156 2088 2261">
     <span class='ocr_line' id='line_1_31' title="bbox 564 2156 799 2178; baseline -0.043 -11"><span class='ocrx_word' id='word_1_172' title='bbox 564 2156 737 2178; x_wconf 55' lang='grc' dir='ltr'>-.-γη</span> <span class='ocrx_word' id='word_1_173' title='bbox 779 2156 799 2158; x_wconf 59' lang='lat'>,,</span> 
     </span>
     <span class='ocr_line' id='line_1_32' title="bbox 496 2156 2088 2261; baseline -0.033 -5"><span class='ocrx_word' id='word_1_174' title='bbox 496 2202 607 2256; x_wconf 86' lang='lat' dir='ltr'>dio.</span> <span class='ocrx_word' id='word_1_175' title='bbox 625 2193 784 2261; x_wconf 88' lang='lat' dir='ltr'>Quod</span> <span class='ocrx_word' id='word_1_176' title='bbox 799 2189 926 2245; x_wconf 86' lang='lat' dir='ltr'>side</span> <span class='ocrx_word' id='word_1_177' title='bbox 946 2183 1129 2254; x_wconf 88' lang='lat' dir='ltr'>seipso</span> <span class='ocrx_word' id='word_1_178' title='bbox 1145 2176 1545 2234; x_wconf 70' lang='lat' dir='ltr'>insinuat,&#39;non</span> <span class='ocrx_word' id='word_1_179' title='bbox 1573 2180 1694 2219; x_wconf 89' lang='lat' dir='ltr'>esse</span> <span class='ocrx_word' id='word_1_180' title='bbox 1722 2159 1826 2215; x_wconf 90' lang='lat' dir='ltr'>sub</span> <span class='ocrx_word' id='word_1_181' title='bbox 1854 2156 2088 2211; x_wconf 90' lang='lat' dir='ltr'>obscuro</span> 
     </span>
    </p>
   </div>
   <div class='ocr_carea' id='block_1_23' title="bbox 493 2246 2091 2357">
    <p class='ocr_par' dir='ltr' id='par_1_23' title="bbox 493 2246 2091 2357">
     <span class='ocr_line' id='line_1_33' title="bbox 493 2246 2091 2357; baseline -0.032 -13"><span class='ocrx_word' id='word_1_182' title='bbox 493 2286 656 2357; x_wconf 83' lang='lat' dir='ltr'>legis,</span> <span class='ocrx_word' id='word_1_183' title='bbox 675 2287 740 2338; x_wconf 89' lang='lat' dir='ltr'>ut</span> <span class='ocrx_word' id='word_1_184' title='bbox 760 2277 992 2352; x_wconf 89' lang='lat' dir='ltr'>quidam</span> <span class='ocrx_word' id='word_1_185' title='bbox 1005 2271 1218 2332; x_wconf 88' lang='lat' dir='ltr'>volunt,</span> <span class='ocrx_word' id='word_1_186' title='bbox 1231 2264 1318 2318; x_wconf 88' lang='lat' dir='ltr'>vel</span> <span class='ocrx_word' id='word_1_187' title='bbox 1347 2259 1448 2315; x_wconf 89' lang='lat' dir='ltr'>sub</span> <span class='ocrx_word' id='word_1_188' title='bbox 1478 2253 1664 2310; x_wconf 91' lang='lat' dir='ltr'>modio</span> <span class='ocrx_word' id='word_1_189' title='bbox 1681 2246 1864 2305; x_wconf 91' lang='lat' dir='ltr'>carnis</span> <span class='ocrx_word' id='word_1_190' title='bbox 1885 2257 2091 2315; x_wconf 90' lang='lat' dir='ltr'>ponen-</span> 
     </span>
    </p>
   </div>
   <div class='ocr_carea' id='block_1_24' title="bbox 499 2329 2086 2440">
    <p class='ocr_par' dir='ltr' id='par_1_24' title="bbox 499 2329 2086 2440">
     <span class='ocr_line' id='line_1_34' title="bbox 499 2329 1212 2357; baseline -0.028 1"><span class='ocrx_word' id='word_1_191' title='bbox 499 2329 656 2357; x_wconf 56' lang='lat' dir='ltr'>‘VB‘V!</span> <span class='ocrx_word' id='word_1_192' title='bbox 679 2329 739 2338; x_wconf 72' lang='grc' dir='ltr'>ν’*</span> <span class='ocrx_word' id='word_1_193' title='bbox 764 2329 927 2352; x_wconf 46' lang='grc' dir='ltr'>’.ιντ-νίν</span> <span class='ocrx_word' id='word_1_194' title='bbox 1206 2329 1212 2332; x_wconf 96' lang='grc'><strong>-</strong></span> 
     </span>
     <span class='ocr_line' id='line_1_35' title="bbox 499 2329 2086 2440; baseline -0.032 -8"><span class='ocrx_word' id='word_1_195' title='bbox 499 2376 668 2440; x_wconf 87' lang='lat' dir='ltr'>dum;</span> <span class='ocrx_word' id='word_1_196' title='bbox 698 2376 822 2425; x_wconf 92' lang='lat' dir='ltr'>tum</span> <span class='ocrx_word' id='word_1_197' title='bbox 849 2369 998 2420; x_wconf 90' lang='lat' dir='ltr'>recte</span> <span class='ocrx_word' id='word_1_198' title='bbox 1028 2376 1127 2432; x_wconf 91' lang='lat' dir='ltr'>per</span> <span class='ocrx_word' id='word_1_199' title='bbox 1161 2348 1559 2410; x_wconf 82' lang='lat' dir='ltr'>candelabrum</span> <span class='ocrx_word' id='word_1_200' title='bbox 1609 2356 1745 2394; x_wconf 87' lang='lat' dir='ltr'>crux</span> <span class='ocrx_word' id='word_1_201' title='bbox 1790 2329 2086 2408; x_wconf 88' lang='lat' dir='ltr'>passionis,</span> 
     </span>
    </p>
   </div>
   <div class='ocr_carea' id='block_1_25' title="bbox 499 2425 2089 2535">
    <p class='ocr_par' dir='ltr' id='par_1_25' title="bbox 499 2425 2089 2535">
     <span class='ocr_line' id='line_1_36' title="bbox 499 2425 2089 2535; baseline -0.031 -14"><span class='ocrx_word' id='word_1_202' title='bbox 499 2478 672 2535; x_wconf 87' lang='lat' dir='ltr'>super</span> <span class='ocrx_word' id='word_1_203' title='bbox 683 2474 851 2532; x_wconf 90' lang='lat' dir='ltr'>quam</span> <span class='ocrx_word' id='word_1_204' title='bbox 861 2450 1130 2510; x_wconf 90' lang='lat' dir='ltr'>levandus</span> <span class='ocrx_word' id='word_1_205' title='bbox 1145 2448 1285 2510; x_wconf 89' lang='lat' dir='ltr'>erat,</span> <span class='ocrx_word' id='word_1_206' title='bbox 1311 2444 1368 2495; x_wconf 91' lang='lat' dir='ltr'>et</span> <span class='ocrx_word' id='word_1_207' title='bbox 1379 2453 1484 2510; x_wconf 89' lang='lat' dir='ltr'>per</span> <span class='ocrx_word' id='word_1_208' title='bbox 1495 2435 1783 2488; x_wconf 87' lang='lat' dir='ltr'>lucernam</span> <span class='ocrx_word' id='word_1_209' title='bbox 1811 2425 2089 2478; x_wconf 89' lang='lat' dir='ltr'>introrsus</span> 
     </span>
     <span class='ocr_line' id='line_1_37' title="bbox 1520 2506 2084 2535; baseline -0.027 15"><span class='ocrx_word' id='word_1_210' title='bbox 1520 2529 1527 2535; x_wconf 92' lang='grc'><strong>·</strong></span> <span class='ocrx_word' id='word_1_211' title='bbox 1745 2522 1763 2535; x_wconf 63' lang='grc' dir='ltr'><strong>Α</strong></span> <span class='ocrx_word' id='word_1_212' title='bbox 1785 2533 1794 2535; x_wconf 48' lang='grc' dir='ltr'><strong><em>μ</em></strong></span> <span class='ocrx_word' id='word_1_213' title='bbox 1805 2531 1823 2535; x_wconf 56' lang='grc' dir='ltr'><strong>λ</strong></span> <span class='ocrx_word' id='word_1_214' title='bbox 1835 2519 1892 2535; x_wconf 60' lang='grc' dir='ltr'>Α--</span> <span class='ocrx_word' id='word_1_215' title='bbox 1900 2529 1929 2535; x_wconf 85' lang='grc'>..</span> <span class='ocrx_word' id='word_1_216' title='bbox 1981 2510 2014 2535; x_wconf 72' lang='grc' dir='ltr'><strong>ο</strong></span> <span class='ocrx_word' id='word_1_217' title='bbox 2024 2506 2084 2535; x_wconf 67' lang='grc' dir='ltr'>ιιι-1</span> 
     </span>
    </p>
   </div>
   <div class='ocr_carea' id='block_1_26' title="bbox 499 2506 2090 2609">
    <p class='ocr_par' dir='ltr' id='par_1_26' title="bbox 499 2506 2090 2609">
     <span class='ocr_line' id='line_1_38' title="bbox 499 2506 1398 2535; baseline -0.031 3"><span class='ocrx_word' id='word_1_218' title='bbox 499 2506 660 2535; x_wconf 57' lang='lat' dir='ltr'>&quot;ur&quot;</span> <span class='ocrx_word' id='word_1_219' title='bbox 685 2506 909 2532; x_wconf 64' lang='grc' dir='ltr'>ἰν-ν---ην</span> <span class='ocrx_word' id='word_1_220' title='bbox 1275 2506 1282 2510; x_wconf 93' lang='grc'>.</span> <span class='ocrx_word' id='word_1_221' title='bbox 1380 2506 1398 2510; x_wconf 89' lang='grc'><strong><em>-</em></strong></span> 
     </span>
     <span class='ocr_line' id='line_1_39' title="bbox 499 2506 2090 2609; baseline -0.031 1"><span class='ocrx_word' id='word_1_222' title='bbox 499 2555 781 2609; x_wconf 91' lang='lat' dir='ltr'>lucentem</span> <span class='ocrx_word' id='word_1_223' title='bbox 791 2541 1055 2601; x_wconf 89' lang='lat' dir='ltr'>divinitas</span> <span class='ocrx_word' id='word_1_224' title='bbox 1067 2539 1124 2592; x_wconf 90' lang='lat' dir='ltr'>in</span> <span class='ocrx_word' id='word_1_225' title='bbox 1144 2548 1311 2590; x_wconf 90' lang='lat' dir='ltr'>carne</span> <span class='ocrx_word' id='word_1_226' title='bbox 1324 2529 1572 2584; x_wconf 87' lang='lat' dir='ltr'>reserata</span> <span class='ocrx_word' id='word_1_227' title='bbox 1582 2519 1946 2575; x_wconf 89' lang='lat' dir='ltr'>monstratur.</span> <span class='ocrx_word' id='word_1_228' title='bbox 1981 2506 2090 2564; x_wconf 87' lang='lat' dir='ltr'>Sed</span> 
     </span>
    </p>
   </div>
   <div class='ocr_carea' id='block_1_27' title="bbox 497 2599 2094 2699">
    <p class='ocr_par' dir='ltr' id='par_1_27' title="bbox 497 2599 2094 2699">
     <span class='ocr_line' id='line_1_40' title="bbox 497 2599 2094 2699; baseline -0.031 1"><span class='ocrx_word' id='word_1_229' title='bbox 497 2649 692 2699; x_wconf 88' lang='lat' dir='ltr'>tamen</span> <span class='ocrx_word' id='word_1_230' title='bbox 707 2628 1160 2694; x_wconf 87' lang='lat' dir='ltr'>circumstantius</span> <span class='ocrx_word' id='word_1_231' title='bbox 1189 2619 1472 2695; x_wconf 86' lang='lat' dir='ltr'>apostolos</span> <span class='ocrx_word' id='word_1_232' title='bbox 1501 2619 1559 2669; x_wconf 92' lang='lat' dir='ltr'>et</span> <span class='ocrx_word' id='word_1_233' title='bbox 1588 2605 1920 2682; x_wconf 89' lang='lat' dir='ltr'>apostolicos</span> <span class='ocrx_word' id='word_1_234' title='bbox 1948 2599 2094 2653; x_wconf 89' lang='lat' dir='ltr'>viros</span> 
     </span>
    </p>
   </div>
   <div class='ocr_carea' id='block_1_28' title="bbox 496 2688 2096 2796">
    <p class='ocr_par' dir='ltr' id='par_1_28' title="bbox 496 2688 2096 2796">
     <span class='ocr_line' id='line_1_41' title="bbox 496 2688 2096 2796; baseline -0.031 -8"><span class='ocrx_word' id='word_1_235' title='bbox 496 2734 756 2792; x_wconf 89' lang='lat' dir='ltr'>lucernas</span> <span class='ocrx_word' id='word_1_236' title='bbox 769 2741 889 2782; x_wconf 91' lang='lat' dir='ltr'>esse</span> <span class='ocrx_word' id='word_1_237' title='bbox 902 2722 1517 2796; x_wconf 89' lang='lat' dir='ltr'>putamus,quanquam</span> <span class='ocrx_word' id='word_1_238' title='bbox 1530 2699 1788 2774; x_wconf 90' lang='lat' dir='ltr'>superius</span> <span class='ocrx_word' id='word_1_239' title='bbox 1799 2688 2096 2766; x_wconf 87' lang='lat' dir='ltr'>gloriosius</span> 
     </span>
    </p>
   </div>
   <div class='ocr_carea' id='block_1_29' title="bbox 496 2783 2095 2879">
    <p class='ocr_par' dir='ltr' id='par_1_29' title="bbox 496 2783 2095 2879">
     <span class='ocr_line' id='line_1_42' title="bbox 496 2783 2095 2879; baseline -0.031 0"><span class='ocrx_word' id='word_1_240' title='bbox 496 2825 595 2879; x_wconf 92' lang='lat' dir='ltr'>lux</span> <span class='ocrx_word' id='word_1_241' title='bbox 617 2821 731 2876; x_wconf 89' lang='lat' dir='ltr'>sint</span> <span class='ocrx_word' id='word_1_242' title='bbox 756 2813 955 2872; x_wconf 86' lang='lat' dir='ltr'>vocati.</span> <span class='ocrx_word' id='word_1_243' title='bbox 1007 2806 1290 2864; x_wconf 89' lang='lat' dir='ltr'>Nimirum</span> <span class='ocrx_word' id='word_1_244' title='bbox 1314 2799 1448 2871; x_wconf 90' lang='lat' dir='ltr'>quia</span> <span class='ocrx_word' id='word_1_245' title='bbox 1467 2793 1573 2849; x_wconf 85' lang='lat' dir='ltr'>etsi</span> <span class='ocrx_word' id='word_1_246' title='bbox 1602 2789 1712 2844; x_wconf 90' lang='lat' dir='ltr'>luci</span> <span class='ocrx_word' id='word_1_247' title='bbox 1743 2783 2095 2840; x_wconf 89' lang='lat' dir='ltr'>adhaerentes</span> 
     </span>
    </p>
   </div>
   <div class='ocr_carea' id='block_1_30' title="bbox 495 2867 2092 2967">
    <p class='ocr_par' dir='ltr' id='par_1_30' title="bbox 495 2867 2092 2967">
     <span class='ocr_line' id='line_1_43' title="bbox 495 2867 2092 2967; baseline -0.031 1"><span class='ocrx_word' id='word_1_248' title='bbox 495 2911 591 2967; x_wconf 89' lang='lat' dir='ltr'>lux</span> <span class='ocrx_word' id='word_1_249' title='bbox 613 2925 734 2964; x_wconf 89' lang='lat' dir='ltr'>esse</span> <span class='ocrx_word' id='word_1_250' title='bbox 747 2904 1089 2965; x_wconf 89' lang='lat' dir='ltr'>meruerant,</span> <span class='ocrx_word' id='word_1_251' title='bbox 1119 2901 1312 2948; x_wconf 89' lang='lat' dir='ltr'>tamen</span> <span class='ocrx_word' id='word_1_252' title='bbox 1338 2884 1570 2941; x_wconf 85' lang='lat' dir='ltr'>alterius</span> <span class='ocrx_word' id='word_1_253' title='bbox 1589 2877 1801 2933; x_wconf 89' lang='lat' dir='ltr'>lumine</span> <span class='ocrx_word' id='word_1_254' title='bbox 1823 2867 2092 2932; x_wconf 90' lang='lat' dir='ltr'>succensi,</span> 
     </span>
    </p>
   </div>
   <div class='ocr_carea' id='block_1_31' title="bbox 498 2955 2095 3055">
    <p class='ocr_par' dir='ltr' id='par_1_31' title="bbox 498 2955 2095 3055">
     <span class='ocr_line' id='line_1_44' title="bbox 498 2955 2095 3055; baseline -0.031 1"><span class='ocrx_word' id='word_1_255' title='bbox 498 3001 646 3055; x_wconf 86' lang='lat' dir='ltr'>sicut</span> <span class='ocrx_word' id='word_1_256' title='bbox 672 2998 901 3050; x_wconf 90' lang='lat' dir='ltr'>lucerna</span> <span class='ocrx_word' id='word_1_257' title='bbox 914 2987 1112 3044; x_wconf 89' lang='lat' dir='ltr'>alienis</span> <span class='ocrx_word' id='word_1_258' title='bbox 1132 2979 1382 3054; x_wconf 88' lang='lat' dir='ltr'>pascitur</span> <span class='ocrx_word' id='word_1_259' title='bbox 1401 2971 1580 3034; x_wconf 90' lang='lat' dir='ltr'>donis,</span> <span class='ocrx_word' id='word_1_260' title='bbox 1597 2982 1711 3022; x_wconf 90' lang='lat' dir='ltr'>non</span> <span class='ocrx_word' id='word_1_261' title='bbox 1735 2958 1983 3034; x_wconf 89' lang='lat' dir='ltr'>oportuit</span> <span class='ocrx_word' id='word_1_262' title='bbox 1993 2955 2095 3011; x_wconf 90' lang='lat' dir='ltr'>sub</span> 
     </span>
    </p>
   </div>
   <div class='ocr_carea' id='block_1_32' title="bbox 503 3135 2100 3242">
    <p class='ocr_par' dir='ltr' id='par_1_32' title="bbox 503 3135 2100 3242">
     <span class='ocr_line' id='line_1_45' title="bbox 503 3135 2100 3242; baseline -0.03 -9"><span class='ocrx_word' id='word_1_263' title='bbox 503 3175 773 3233; x_wconf 87' lang='lat' dir='ltr'>moditate</span> <span class='ocrx_word' id='word_1_264' title='bbox 787 3163 1076 3242; x_wconf 90' lang='lat' dir='ltr'>praesentis</span> <span class='ocrx_word' id='word_1_265' title='bbox 1099 3161 1226 3214; x_wconf 90' lang='lat' dir='ltr'>vitae</span> <span class='ocrx_word' id='word_1_266' title='bbox 1259 3149 1618 3210; x_wconf 87' lang='lat' dir='ltr'>abscondere.</span> <span class='ocrx_word' id='word_1_267' title='bbox 1654 3142 1764 3199; x_wconf 91' lang='lat' dir='ltr'>Sed</span> <span class='ocrx_word' id='word_1_268' title='bbox 1783 3135 1998 3194; x_wconf 88' lang='lat' dir='ltr'>accensi</span> <span class='ocrx_word' id='word_1_269' title='bbox 2018 3135 2100 3188; x_wconf 86' lang='lat' dir='ltr'>lu-</span> 
     </span>
    </p>
   </div>
   <div class='ocr_carea' id='block_1_33' title="bbox 502 3229 2101 3326">
    <p class='ocr_par' dir='ltr' id='par_1_33' title="bbox 502 3229 2101 3326">
     <span class='ocr_line' id='line_1_46' title="bbox 502 3229 2101 3326; baseline -0.029 -4"><span class='ocrx_word' id='word_1_270' title='bbox 502 3265 656 3321; x_wconf 89' lang='lat' dir='ltr'>mine</span> <span class='ocrx_word' id='word_1_271' title='bbox 682 3258 950 3324; x_wconf 86' lang='lat' dir='ltr'>veritatis,</span> <span class='ocrx_word' id='word_1_272' title='bbox 984 3247 1228 3326; x_wconf 89' lang='lat' dir='ltr'>ponendi</span> <span class='ocrx_word' id='word_1_273' title='bbox 1254 3246 1416 3300; x_wconf 90' lang='lat' dir='ltr'>erant</span> <span class='ocrx_word' id='word_1_274' title='bbox 1453 3239 1512 3293; x_wconf 93' lang='lat' dir='ltr'>in</span> <span class='ocrx_word' id='word_1_275' title='bbox 1549 3229 1901 3290; x_wconf 89' lang='lat' dir='ltr'>candelabro.</span> <span class='ocrx_word' id='word_1_276' title='bbox 1931 3239 2101 3295; x_wconf 90' lang='lat' dir='ltr'>super</span> 
     </span>
    </p>
   </div>
   <div class='ocr_carea' id='block_1_34' title="bbox 505 3314 2099 3428">
    <p class='ocr_par' dir='ltr' id='par_1_34' title="bbox 505 3314 2099 3428">
     <span class='ocr_line' id='line_1_47' title="bbox 505 3314 2099 3428; baseline -0.03 -16"><span class='ocrx_word' id='word_1_277' title='bbox 505 3353 657 3428; x_wconf 92' lang='lat' dir='ltr'>quod</span> <span class='ocrx_word' id='word_1_278' title='bbox 685 3314 903 3422; x_wconf 81' lang='lat' dir='ltr'>septem</span> <span class='ocrx_word' id='word_1_279' title='bbox 931 3314 1219 3412; x_wconf 67' lang='lat' dir='ltr'>lampades</span> <span class='ocrx_word' id='word_1_280' title='bbox 1269 3329 1503 3404; x_wconf 84' lang='lat' dir='ltr'>mystice</span> <span class='ocrx_word' id='word_1_281' title='bbox 1550 3326 1610 3379; x_wconf 90' lang='lat' dir='ltr'>in</span> <span class='ocrx_word' id='word_1_282' title='bbox 1637 3319 1848 3390; x_wconf 91' lang='lat' dir='ltr'>templo</span> <span class='ocrx_word' id='word_1_283' title='bbox 1885 3314 2099 3387; x_wconf 87' lang='lat' dir='ltr'>positae,</span> 
     </span>
    </p>
   </div>
   <div class='ocr_carea' id='block_1_35' title="bbox 507 3402 2102 3510">
    <p class='ocr_par' dir='ltr' id='par_1_35' title="bbox 507 3402 2102 3510">
     <span class='ocr_line' id='line_1_48' title="bbox 507 3402 2102 3510; baseline -0.03 -9"><span class='ocrx_word' id='word_1_284' title='bbox 507 3402 651 3510; x_wconf 55' lang='lat' dir='ltr'>Eleo,</span> <span class='ocrx_word' id='word_1_285' title='bbox 679 3402 938 3494; x_wconf 74' lang='lat' dir='ltr'>videlicet</span> <span class='ocrx_word' id='word_1_286' title='bbox 957 3402 1196 3504; x_wconf 73' lang='lat' dir='ltr'>Spiritus</span> <span class='ocrx_word' id='word_1_287' title='bbox 1226 3402 1406 3479; x_wconf 85' lang='lat' dir='ltr'>sancti</span> <span class='ocrx_word' id='word_1_288' title='bbox 1424 3415 1626 3489; x_wconf 86' lang='lat' dir='ltr'>gratia,</span> <span class='ocrx_word' id='word_1_289' title='bbox 1653 3409 1868 3483; x_wconf 84' lang='lat' dir='ltr'>jugiter</span> <span class='ocrx_word' id='word_1_290' title='bbox 1891 3402 2102 3459; x_wconf 89' lang='lat' dir='ltr'>nutrie-</span> 
     </span>
    </p>
   </div>
   <div class='ocr_carea' id='block_1_36' title="bbox 506 3492 2105 3590">
    <p class='ocr_par' dir='ltr' id='par_1_36' title="bbox 506 3492 2105 3590">
     <span class='ocr_line' id='line_1_49' title="bbox 506 3492 2105 3590; baseline -0.03 0"><span class='ocrx_word' id='word_1_291' title='bbox 506 3492 741 3590; x_wconf 71' lang='lat' dir='ltr'>bantur.</span> <span class='ocrx_word' id='word_1_292' title='bbox 778 3492 892 3584; x_wconf 68' lang='lat' dir='ltr'>Dur</span> <span class='ocrx_word' id='word_1_293' title='bbox 919 3492 1108 3578; x_wconf 76' lang='lat' dir='ltr'>autem</span> <span class='ocrx_word' id='word_1_294' title='bbox 1151 3505 1605 3588; x_wconf 89' lang='lat' dir='ltr'>praeeminentius</span> <span class='ocrx_word' id='word_1_295' title='bbox 1632 3502 1849 3569; x_wconf 88' lang='lat' dir='ltr'>lampas</span> <span class='ocrx_word' id='word_1_296' title='bbox 1871 3492 2002 3548; x_wconf 90' lang='lat' dir='ltr'>ﬁdei</span> <span class='ocrx_word' id='word_1_297' title='bbox 2047 3493 2105 3544; x_wconf 91' lang='lat' dir='ltr'>et</span> 
     </span>
    </p>
   </div>
   <div class='ocr_carea' id='block_1_37' title="bbox 507 3582 2104 3688">
    <p class='ocr_par' dir='ltr' id='par_1_37' title="bbox 507 3582 2104 3688">
     <span class='ocr_line' id='line_1_50' title="bbox 507 3582 2104 3688; baseline -0.031 -7"><span class='ocrx_word' id='word_1_298' title='bbox 507 3625 784 3679; x_wconf 91' lang='lat' dir='ltr'>bonorum</span> <span class='ocrx_word' id='word_1_299' title='bbox 812 3629 1048 3688; x_wconf 89' lang='lat' dir='ltr'>operum</span> <span class='ocrx_word' id='word_1_300' title='bbox 1073 3609 1262 3664; x_wconf 91' lang='lat' dir='ltr'>lucere</span> <span class='ocrx_word' id='word_1_301' title='bbox 1309 3598 1525 3661; x_wconf 88' lang='lat' dir='ltr'>debeat,</span> <span class='ocrx_word' id='word_1_302' title='bbox 1559 3593 1818 3665; x_wconf 90' lang='lat' dir='ltr'>patenter</span> <span class='ocrx_word' id='word_1_303' title='bbox 1837 3582 2104 3645; x_wconf 87' lang='lat' dir='ltr'>insinuat,</span> 
     </span>
    </p>
   </div>
   <div class='ocr_carea' id='block_1_38' title="bbox 511 3670 2105 3780">
    <p class='ocr_par' dir='ltr' id='par_1_38' title="bbox 511 3670 2105 3780">
     <span class='ocr_line' id='line_1_51' title="bbox 511 3670 2105 3780; baseline -0.033 -7"><span class='ocrx_word' id='word_1_304' title='bbox 511 3717 692 3780; x_wconf 67' lang='lat'>26]</span> <span class='ocrx_word' id='word_1_305' title='bbox 731 3670 1186 3773; x_wconf 61' lang='lat' dir='ltr'>cunisubjungit,</span> <span class='ocrx_word' id='word_1_306' title='bbox 1215 3699 1277 3748; x_wconf 88' lang='lat' dir='ltr'>ut</span> <span class='ocrx_word' id='word_1_307' title='bbox 1297 3681 1701 3754; x_wconf 87' lang='lat' dir='ltr'>luceat,inquit,</span> <span class='ocrx_word' id='word_1_308' title='bbox 1730 3678 1984 3733; x_wconf 83' lang='lat' dir='ltr'>omnibus</span> <span class='ocrx_word' id='word_1_309' title='bbox 2007 3670 2105 3740; x_wconf 87' lang='lat' dir='ltr'>qui</span> 
     </span>
    </p>
   </div>
   <div class='ocr_carea' id='block_1_39' title="bbox 511 3768 2108 3858">
    <p class='ocr_par' dir='ltr' id='par_1_39' title="bbox 511 3768 2108 3858">
     <span class='ocr_line' id='line_1_52' title="bbox 511 3768 2108 3858; baseline -0.03 2"><span class='ocrx_word' id='word_1_310' title='bbox 511 3768 761 3858; x_wconf 37' lang='lat' dir='ltr'>inid-mo</span> <span class='ocrx_word' id='word_1_311' title='bbox 785 3768 1228 3852; x_wconf 58' lang='lat' dir='ltr'>sunt.‘lidelicet</span> <span class='ocrx_word' id='word_1_312' title='bbox 1247 3783 1305 3836; x_wconf 92' lang='lat' dir='ltr'>in</span> <span class='ocrx_word' id='word_1_313' title='bbox 1337 3775 1598 3840; x_wconf 88' lang='lat' dir='ltr'>Ecclesia,</span> <span class='ocrx_word' id='word_1_314' title='bbox 1627 3785 1751 3842; x_wconf 68' lang='lat' dir='ltr'>qua:</span> <span class='ocrx_word' id='word_1_315' title='bbox 1768 3781 1883 3822; x_wconf 89' lang='lat' dir='ltr'>una</span> <span class='ocrx_word' id='word_1_316' title='bbox 1899 3768 1956 3818; x_wconf 80' lang='lat' dir='ltr'>et</span> <span class='ocrx_word' id='word_1_317' title='bbox 1985 3775 2108 3832; x_wconf 88' lang='lat' dir='ltr'>per-</span> 
     </span>
    </p>
   </div>
   <div class='ocr_carea' id='block_1_40' title="bbox 511 3848 2107 3956">
    <p class='ocr_par' dir='ltr' id='par_1_40' title="bbox 511 3848 2107 3956">
     <span class='ocr_line' id='line_1_53' title="bbox 511 3848 2107 3956; baseline -0.031 -5"><span class='ocrx_word' id='word_1_318' title='bbox 511 3893 659 3949; x_wconf 86' lang='lat' dir='ltr'>fecta</span> <span class='ocrx_word' id='word_1_319' title='bbox 681 3848 881 3946; x_wconf 80' lang='lat' dir='ltr'>domus</span> <span class='ocrx_word' id='word_1_320' title='bbox 908 3879 1263 3956; x_wconf 81' lang='lat' dir='ltr'>praedicatur.</span> <span class='ocrx_word' id='word_1_321' title='bbox 1278 3869 1383 3924; x_wconf 79' lang='lat' dir='ltr'>Vel</span> <span class='ocrx_word' id='word_1_322' title='bbox 1405 3866 1550 3921; x_wconf 87' lang='lat' dir='ltr'>forte</span> <span class='ocrx_word' id='word_1_323' title='bbox 1570 3863 1758 3916; x_wconf 86' lang='lat' dir='ltr'>luceat</span> <span class='ocrx_word' id='word_1_324' title='bbox 1768 3851 2029 3911; x_wconf 89' lang='lat' dir='ltr'>omnibus</span> <span class='ocrx_word' id='word_1_325' title='bbox 2049 3848 2107 3902; x_wconf 89' lang='lat' dir='ltr'>in</span> 
     </span>
    </p>
   </div>
   <div class='ocr_carea' id='block_1_41' title="bbox 513 3944 2111 4049">
    <p class='ocr_par' dir='ltr' id='par_1_41' title="bbox 513 3944 2111 4049">
     <span class='ocr_line' id='line_1_54' title="bbox 513 3944 2111 4049; baseline -0.031 -9"><span class='ocrx_word' id='word_1_326' title='bbox 513 3984 682 4038; x_wconf 92' lang='lat' dir='ltr'>domo</span> <span class='ocrx_word' id='word_1_327' title='bbox 710 3979 881 4049; x_wconf 89' lang='lat' dir='ltr'>hujus</span> <span class='ocrx_word' id='word_1_328' title='bbox 909 3969 1124 4032; x_wconf 88' lang='lat' dir='ltr'>mundi,</span> <span class='ocrx_word' id='word_1_329' title='bbox 1157 3979 1279 4036; x_wconf 90' lang='lat' dir='ltr'>quae</span> <span class='ocrx_word' id='word_1_330' title='bbox 1304 3957 1408 4014; x_wconf 89' lang='lat' dir='ltr'>sub</span> <span class='ocrx_word' id='word_1_331' title='bbox 1424 3971 1536 4011; x_wconf 92' lang='lat' dir='ltr'>uno</span> <span class='ocrx_word' id='word_1_332' title='bbox 1561 3951 1697 4007; x_wconf 77' lang='lat' dir='ltr'>coelo</span> <span class='ocrx_word' id='word_1_333' title='bbox 1715 3944 1876 4019; x_wconf 85' lang='lat' dir='ltr'>quasi</span> <span class='ocrx_word' id='word_1_334' title='bbox 1888 3952 2111 3997; x_wconf 89' lang='lat' dir='ltr'>camera</span> 
     </span>
    </p>
   </div>
   <div class='ocr_carea' id='block_1_42' title="bbox 515 4032 2111 4127">
    <p class='ocr_par' dir='ltr' id='par_1_42' title="bbox 515 4032 2111 4127">
     <span class='ocr_line' id='line_1_55' title="bbox 515 4032 2111 4127; baseline -0.029 1"><span class='ocrx_word' id='word_1_335' title='bbox 515 4032 886 4127; x_wconf 61' lang='lat' dir='ltr'>concluditur.</span> <span class='ocrx_word' id='word_1_336' title='bbox 916 4032 1239 4116; x_wconf 70' lang='lat' dir='ltr'>Praesertim</span> <span class='ocrx_word' id='word_1_337' title='bbox 1266 4064 1395 4105; x_wconf 89' lang='lat' dir='ltr'>cum</span> <span class='ocrx_word' id='word_1_338' title='bbox 1415 4050 1473 4100; x_wconf 89' lang='lat' dir='ltr'>et</span> <span class='ocrx_word' id='word_1_339' title='bbox 1492 4057 1664 4114; x_wconf 87' lang='lat' dir='ltr'>supra</span> <span class='ocrx_word' id='word_1_340' title='bbox 1688 4039 1784 4093; x_wconf 85' lang='lat' dir='ltr'>lux</span> <span class='ocrx_word' id='word_1_341' title='bbox 1803 4032 1977 4090; x_wconf 89' lang='lat' dir='ltr'>totius</span> <span class='ocrx_word' id='word_1_342' title='bbox 2011 4044 2111 4101; x_wconf 89' lang='lat' dir='ltr'>ge-</span> 
     </span>
    </p>
   </div>
   <div class='ocr_carea' id='block_1_43' title="bbox 519 4145 1156 4215">
    <p class='ocr_par' dir='ltr' id='par_1_43' title="bbox 519 4145 1156 4215">
     <span class='ocr_line' id='line_1_56' title="bbox 519 4145 1156 4215; baseline -0.028 0"><span class='ocrx_word' id='word_1_343' title='bbox 519 4157 787 4215; x_wconf 85' lang='lat' dir='ltr'>neraliter</span> <span class='ocrx_word' id='word_1_344' title='bbox 815 4153 931 4207; x_wconf 88' lang='lat' dir='ltr'>sint</span> <span class='ocrx_word' id='word_1_345' title='bbox 957 4145 1156 4202; x_wconf 89' lang='lat' dir='ltr'>vocati.</span> 
     </span>
    </p>
   </div>
   <div class='ocr_carea' id='block_1_44' title="bbox 592 4209 2116 4302">
    <p class='ocr_par' dir='ltr' id='par_1_44' title="bbox 592 4209 2116 4302">
     <span class='ocr_line' id='line_1_57' title="bbox 592 4209 2116 4302; baseline -0.028 -1"><span class='ocrx_word' id='word_1_346' title='bbox 592 4209 685 4302; x_wconf 74' lang='lat' dir='ltr'>Sic</span> <span class='ocrx_word' id='word_1_347' title='bbox 707 4209 883 4297; x_wconf 85' lang='lat' dir='ltr'>luceat</span> <span class='ocrx_word' id='word_1_348' title='bbox 913 4240 1010 4292; x_wconf 72' lang='lat' dir='ltr'>lux</span> <span class='ocrx_word' id='word_1_349' title='bbox 1033 4237 1213 4288; x_wconf 83' lang='lat' dir='ltr'>vestra</span> <span class='ocrx_word' id='word_1_350' title='bbox 1244 4239 1433 4281; x_wconf 86' lang='lat' dir='ltr'>coram</span> <span class='ocrx_word' id='word_1_351' title='bbox 1462 4217 1798 4277; x_wconf 85' lang='lat' dir='ltr'>hominibus,</span> <span class='ocrx_word' id='word_1_352' title='bbox 1817 4209 2116 4264; x_wconf 79' lang='lat' dir='ltr'>utuideant</span> 
     </span>
    </p>
   </div>
   <div class='ocr_carea' id='block_1_45' title="bbox 520 4293 2658 4396">
    <p class='ocr_par' dir='ltr' id='par_1_45' title="bbox 520 4293 2658 4396">
     <span class='ocr_line' id='line_1_58' title="bbox 520 4293 2658 4396; baseline -0.024 -5"><span class='ocrx_word' id='word_1_353' title='bbox 520 4337 700 4390; x_wconf 81' lang='lat' dir='ltr'>vestra</span> <span class='ocrx_word' id='word_1_354' title='bbox 721 4333 860 4384; x_wconf 89' lang='lat' dir='ltr'>bona</span> <span class='ocrx_word' id='word_1_355' title='bbox 885 4339 1070 4396; x_wconf 84' lang='lat' dir='ltr'>opera,</span> <span class='ocrx_word' id='word_1_356' title='bbox 1102 4325 1150 4375; x_wconf 86' lang='lat' dir='ltr'>et</span> <span class='ocrx_word' id='word_1_357' title='bbox 1173 4315 1479 4388; x_wconf 77' lang='lat' dir='ltr'>gloriﬁcent</span> <span class='ocrx_word' id='word_1_358' title='bbox 1506 4311 1726 4364; x_wconf 79' lang='lat' dir='ltr'>Patrem</span> <span class='ocrx_word' id='word_1_359' title='bbox 1749 4305 1991 4354; x_wconf 78' lang='lat' dir='ltr'>vestrum</span> <span class='ocrx_word' id='word_1_360' title='bbox 2019 4296 2119 4364; x_wconf 84' lang='lat' dir='ltr'>qui</span> <span class='ocrx_word' id='word_1_361' title='bbox 2133 4361 2181 4396; x_wconf 62' lang='grc' dir='ltr'>ῃ</span> <span class='ocrx_word' id='word_1_362' title='bbox 2202 4294 2406 4348; x_wconf 71' lang='lat' dir='ltr'>Catum</span> <span class='ocrx_word' id='word_1_363' title='bbox 2435 4295 2484 4344; x_wconf 90' lang='lat' dir='ltr'>et</span> <span class='ocrx_word' id='word_1_364' title='bbox 2505 4293 2658 4342; x_wconf 78' lang='lat' dir='ltr'>terra</span> 
     </span>
    </p>
   </div>
   <div class='ocr_carea' id='block_1_46' title="bbox 1247 219 2994 320">
    <p class='ocr_par' dir='ltr' id='par_1_46' title="bbox 1247 219 2994 320">
     <span class='ocr_line' id='line_1_59' title="bbox 1247 219 2994 320; baseline -0.029 2"><span class='ocrx_word' id='word_1_365' title='bbox 1247 266 1309 320; x_wconf 89' lang='lat' dir='ltr'>S.</span> <span class='ocrx_word' id='word_1_366' title='bbox 1346 253 1722 318; x_wconf 79' lang='lat' dir='ltr'>PASCHASII</span> <span class='ocrx_word' id='word_1_367' title='bbox 1761 237 2120 306; x_wconf 79' lang='lat' dir='ltr'>RADBERTI</span> <span class='ocrx_word' id='word_1_368' title='bbox 2162 227 2464 287; x_wconf 80' lang='lat' dir='ltr'>ABBATIS</span> <span class='ocrx_word' id='word_1_369' title='bbox 2501 219 2994 280; x_wconf 84' lang='lat' dir='ltr'>CORBEIENSIS.</span> 
     </span>
    </p>
   </div>
   <div class='ocr_carea' id='block_1_47' title="bbox 2152 333 3698 422">
    <p class='ocr_par' dir='ltr' id='par_1_47' title="bbox 2152 333 3698 422">
     <span class='ocr_line' id='line_1_60' title="bbox 2152 333 3698 422; baseline -0.015 -12"><span class='ocrx_word' id='word_1_370' title='bbox 2152 371 2247 411; x_wconf 91' lang='lat' dir='ltr'>eos</span> <span class='ocrx_word' id='word_1_371' title='bbox 2276 347 2591 422; x_wconf 86' lang='lat' dir='ltr'>specialiter</span> <span class='ocrx_word' id='word_1_372' title='bbox 2620 360 2789 417; x_wconf 89' lang='lat' dir='ltr'>quam</span> <span class='ocrx_word' id='word_1_373' title='bbox 2827 358 2998 414; x_wconf 90' lang='lat' dir='ltr'>supra</span> <span class='ocrx_word' id='word_1_374' title='bbox 3022 337 3356 411; x_wconf 85' lang='lat' dir='ltr'>generaliter</span> <span class='ocrx_word' id='word_1_375' title='bbox 3377 336 3442 391; x_wconf 91' lang='lat' dir='ltr'>de</span> <span class='ocrx_word' id='word_1_376' title='bbox 3471 333 3698 390; x_wconf 83' lang='lat' dir='ltr'>omnibus</span> 
     </span>
    </p>
   </div>
   <div class='ocr_carea' id='block_1_48' title="bbox 3603 209 3693 266">
    <p class='ocr_par' dir='ltr' id='par_1_48' title="bbox 3603 209 3693 266">
     <span class='ocr_line' id='line_1_61' title="bbox 3603 209 3693 266; baseline -0.022 1"><span class='ocrx_word' id='word_1_377' title='bbox 3603 209 3693 266; x_wconf 70' lang='lat'>236</span> 
     </span>
    </p>
   </div>
   <div class='ocr_carea' id='block_1_49' title="bbox 2155 421 3702 512">
    <p class='ocr_par' dir='ltr' id='par_1_49' title="bbox 2155 421 3702 512">
     <span class='ocr_line' id='line_1_62' title="bbox 2155 421 3702 512; baseline -0.014 -16"><span class='ocrx_word' id='word_1_378' title='bbox 2155 443 2224 496; x_wconf 89' lang='lat' dir='ltr'>ad</span> <span class='ocrx_word' id='word_1_379' title='bbox 2245 421 2473 512; x_wconf 79' lang='lat' dir='ltr'>plenum</span> <span class='ocrx_word' id='word_1_380' title='bbox 2499 435 2820 498; x_wconf 83' lang='lat' dir='ltr'>instituens,</span> <span class='ocrx_word' id='word_1_381' title='bbox 2851 429 3044 485; x_wconf 85' lang='lat' dir='ltr'>docuit</span> <span class='ocrx_word' id='word_1_382' title='bbox 3095 443 3315 482; x_wconf 90' lang='lat' dir='ltr'>summa</span> <span class='ocrx_word' id='word_1_383' title='bbox 3368 430 3422 478; x_wconf 89' lang='lat' dir='ltr'>et</span> <span class='ocrx_word' id='word_1_384' title='bbox 3471 421 3702 478; x_wconf 84' lang='lat' dir='ltr'>sublimia</span> 
     </span>
    </p>
   </div>
   <div class='ocr_carea' id='block_1_50' title="bbox 2156 513 3699 604">
    <p class='ocr_par' dir='ltr' id='par_1_50' title="bbox 2156 513 3699 604">
     <span class='ocr_line' id='line_1_63' title="bbox 2156 513 3699 604; baseline -0.014 -18"><span class='ocrx_word' id='word_1_385' title='bbox 2156 531 2380 604; x_wconf 87' lang='lat' dir='ltr'>quippe,</span> <span class='ocrx_word' id='word_1_386' title='bbox 2413 532 2478 582; x_wconf 88' lang='lat' dir='ltr'>ut</span> <span class='ocrx_word' id='word_1_387' title='bbox 2501 523 2766 579; x_wconf 86' lang='lat' dir='ltr'>condiant</span> <span class='ocrx_word' id='word_1_388' title='bbox 2794 521 2924 575; x_wconf 88' lang='lat' dir='ltr'>salis</span> <span class='ocrx_word' id='word_1_389' title='bbox 2953 517 3131 573; x_wconf 92' lang='lat' dir='ltr'>ofﬁcio</span> <span class='ocrx_word' id='word_1_390' title='bbox 3161 517 3230 571; x_wconf 89' lang='lat' dir='ltr'>ad</span> <span class='ocrx_word' id='word_1_391' title='bbox 3261 513 3699 583; x_wconf 87' lang='lat' dir='ltr'>incorruptionem</span> 
     </span>
    </p>
   </div>
   <div class='ocr_carea' id='block_1_51' title="bbox 2155 599 3702 681">
    <p class='ocr_par' dir='ltr' id='par_1_51' title="bbox 2155 599 3702 681">
     <span class='ocr_line' id='line_1_64' title="bbox 2155 599 3702 681; baseline -0.014 -6"><span class='ocrx_word' id='word_1_392' title='bbox 2155 599 2390 681; x_wconf 68' lang='lat' dir='ltr'>animas,</span> <span class='ocrx_word' id='word_1_393' title='bbox 2405 621 2469 670; x_wconf 89' lang='lat' dir='ltr'>ut</span> <span class='ocrx_word' id='word_1_394' title='bbox 2492 612 2812 668; x_wconf 89' lang='lat' dir='ltr'>illuminent</span> <span class='ocrx_word' id='word_1_395' title='bbox 2829 626 2923 663; x_wconf 90' lang='lat' dir='ltr'>eas</span> <span class='ocrx_word' id='word_1_396' title='bbox 2942 609 3011 662; x_wconf 90' lang='lat' dir='ltr'>ad</span> <span class='ocrx_word' id='word_1_397' title='bbox 3031 603 3450 675; x_wconf 88' lang='lat' dir='ltr'>intelligentiam</span> <span class='ocrx_word' id='word_1_398' title='bbox 3468 599 3702 665; x_wconf 84' lang='lat' dir='ltr'>veritatis,</span> 
     </span>
    </p>
   </div>
   <div class='ocr_carea' id='block_1_52' title="bbox 2155 687 3703 774">
    <p class='ocr_par' dir='ltr' id='par_1_52' title="bbox 2155 687 3703 774">
     <span class='ocr_line' id='line_1_65' title="bbox 2155 687 3703 774; baseline -0.015 -10"><span class='ocrx_word' id='word_1_399' title='bbox 2155 716 2219 764; x_wconf 91' lang='lat' dir='ltr'>ut</span> <span class='ocrx_word' id='word_1_400' title='bbox 2267 706 2572 762; x_wconf 88' lang='lat' dir='ltr'>defendant</span> <span class='ocrx_word' id='word_1_401' title='bbox 2603 718 2741 774; x_wconf 88' lang='lat' dir='ltr'>quas</span> <span class='ocrx_word' id='word_1_402' title='bbox 2771 697 3136 770; x_wconf 88' lang='lat' dir='ltr'>acquisierint</span> <span class='ocrx_word' id='word_1_403' title='bbox 3157 694 3228 748; x_wconf 88' lang='lat' dir='ltr'>ab</span> <span class='ocrx_word' id='word_1_404' title='bbox 3257 692 3495 764; x_wconf 90' lang='lat' dir='ltr'>impulsu</span> <span class='ocrx_word' id='word_1_405' title='bbox 3522 687 3703 753; x_wconf 87' lang='lat' dir='ltr'>hostili,</span> 
     </span>
    </p>
   </div>
   <div class='ocr_carea' id='block_1_53' title="bbox 2157 776 3704 852">
    <p class='ocr_par' dir='ltr' id='par_1_53' title="bbox 2157 776 3704 852">
     <span class='ocr_line' id='line_1_66' title="bbox 2157 776 3704 852; baseline -0.015 0"><span class='ocrx_word' id='word_1_406' title='bbox 2157 799 2413 852; x_wconf 87' lang='lat' dir='ltr'>defensos</span> <span class='ocrx_word' id='word_1_407' title='bbox 2441 810 2570 846; x_wconf 87' lang='lat' dir='ltr'>vero</span> <span class='ocrx_word' id='word_1_408' title='bbox 2602 796 2666 846; x_wconf 92' lang='lat' dir='ltr'>ut</span> <span class='ocrx_word' id='word_1_409' title='bbox 2691 789 2999 844; x_wconf 88' lang='lat' dir='ltr'>accendant</span> <span class='ocrx_word' id='word_1_410' title='bbox 3039 785 3109 838; x_wconf 91' lang='lat' dir='ltr'>ad</span> <span class='ocrx_word' id='word_1_411' title='bbox 3134 799 3381 838; x_wconf 88' lang='lat' dir='ltr'>amorem</span> <span class='ocrx_word' id='word_1_412' title='bbox 3411 776 3704 834; x_wconf 85' lang='lat' dir='ltr'>divinitatis.</span> 
     </span>
    </p>
   </div>
   <div class='ocr_carea' id='block_1_54' title="bbox 2157 869 3709 946">
    <p class='ocr_par' dir='ltr' id='par_1_54' title="bbox 2157 869 3709 946">
     <span class='ocr_line' id='line_1_67' title="bbox 2157 869 3709 946; baseline -0.015 -4"><span class='ocrx_word' id='word_1_413' title='bbox 2157 889 2319 942; x_wconf 85' lang='lat' dir='ltr'>Nunc</span> <span class='ocrx_word' id='word_1_414' title='bbox 2346 889 2555 946; x_wconf 87' lang='lat' dir='ltr'>autem,</span> <span class='ocrx_word' id='word_1_415' title='bbox 2590 880 2741 934; x_wconf 89' lang='lat' dir='ltr'>velut</span> <span class='ocrx_word' id='word_1_416' title='bbox 2763 877 3002 932; x_wconf 65' lang='lat' dir='ltr'>caelestis</span> <span class='ocrx_word' id='word_1_417' title='bbox 3032 879 3240 938; x_wconf 90' lang='lat' dir='ltr'>orator,</span> <span class='ocrx_word' id='word_1_418' title='bbox 3263 871 3403 925; x_wconf 84' lang='lat' dir='ltr'>forte</span> <span class='ocrx_word' id='word_1_419' title='bbox 3433 869 3556 939; x_wconf 89' lang='lat' dir='ltr'>quia</span> <span class='ocrx_word' id='word_1_420' title='bbox 3574 871 3709 937; x_wconf 87' lang='lat' dir='ltr'>pote-</span> 
     </span>
    </p>
   </div>
   <div class='ocr_carea' id='block_1_55' title="bbox 2160 961 3712 1039">
    <p class='ocr_par' dir='ltr' id='par_1_55' title="bbox 2160 961 3712 1039">
     <span class='ocr_line' id='line_1_68' title="bbox 2160 961 3712 1039; baseline -0.015 -8"><span class='ocrx_word' id='word_1_421' title='bbox 2160 981 2289 1030; x_wconf 89' lang='lat' dir='ltr'>rant</span> <span class='ocrx_word' id='word_1_422' title='bbox 2334 973 2612 1027; x_wconf 74' lang='lat' dir='ltr'>aestimare</span> <span class='ocrx_word' id='word_1_423' title='bbox 2663 968 2811 1039; x_wconf 91' lang='lat' dir='ltr'>quod</span> <span class='ocrx_word' id='word_1_424' title='bbox 2860 968 2992 1037; x_wconf 84' lang='lat' dir='ltr'>jura</span> <span class='ocrx_word' id='word_1_425' title='bbox 3043 966 3444 1035; x_wconf 71' lang='lat' dir='ltr'>praeceptorum</span> <span class='ocrx_word' id='word_1_426' title='bbox 3490 961 3712 1010; x_wconf 80' lang='lat' dir='ltr'>veterum</span> 
     </span>
    </p>
   </div>
   <div class='ocr_carea' id='block_1_56' title="bbox 2160 1045 3714 1136">
    <p class='ocr_par' dir='ltr' id='par_1_56' title="bbox 2160 1045 3714 1136">
     <span class='ocr_line' id='line_1_69' title="bbox 2160 1045 3714 1136; baseline -0.014 -17"><span class='ocrx_word' id='word_1_427' title='bbox 2160 1065 2325 1119; x_wconf 88' lang='lat' dir='ltr'>vellet</span> <span class='ocrx_word' id='word_1_428' title='bbox 2350 1061 2634 1132; x_wconf 83' lang='lat' dir='ltr'>infrigere,</span> <span class='ocrx_word' id='word_1_429' title='bbox 2682 1063 2738 1136; x_wconf 81' lang='lat' dir='ltr'>et</span> <span class='ocrx_word' id='word_1_430' title='bbox 2766 1056 2990 1127; x_wconf 88' lang='lat' dir='ltr'>penitus</span> <span class='ocrx_word' id='word_1_431' title='bbox 3029 1051 3270 1117; x_wconf 89' lang='lat' dir='ltr'>abolere,</span> <span class='ocrx_word' id='word_1_432' title='bbox 3321 1045 3553 1103; x_wconf 91' lang='lat' dir='ltr'>occurrit</span> <span class='ocrx_word' id='word_1_433' title='bbox 3589 1059 3714 1115; x_wconf 75' lang='lat' dir='ltr'>prae-</span> 
     </span>
    </p>
   </div>
   <div class='ocr_carea' id='block_1_57' title="bbox 2160 1149 3069 1216">
    <p class='ocr_par' dir='ltr' id='par_1_57' title="bbox 2160 1149 3069 1216">
     <span class='ocr_line' id='line_1_70' title="bbox 2160 1149 3069 1216; baseline -0.015 -7"><span class='ocrx_word' id='word_1_434' title='bbox 2160 1154 2307 1208; x_wconf 90' lang='lat' dir='ltr'>scius</span> <span class='ocrx_word' id='word_1_435' title='bbox 2335 1156 2467 1205; x_wconf 89' lang='lat' dir='ltr'>ante</span> <span class='ocrx_word' id='word_1_436' title='bbox 2496 1149 2843 1216; x_wconf 87' lang='lat' dir='ltr'>interrogata</span> <span class='ocrx_word' id='word_1_437' title='bbox 2857 1160 3069 1198; x_wconf 89' lang='lat' dir='ltr'>eorum.</span> 
     </span>
    </p>
   </div>
   <div class='ocr_carea' id='block_1_58' title="bbox 2233 1224 3714 1309">
    <p class='ocr_par' dir='ltr' id='par_1_58' title="bbox 2233 1224 3714 1309">
     <span class='ocr_line' id='line_1_71' title="bbox 2233 1224 3714 1309; baseline -0.015 -13"><span class='ocrx_word' id='word_1_438' title='bbox 2233 1243 2430 1306; x_wconf 78' lang='lat' dir='ltr'>Nolite,</span> <span class='ocrx_word' id='word_1_439' title='bbox 2451 1238 2653 1309; x_wconf 87' lang='lat' dir='ltr'>inquit,</span> <span class='ocrx_word' id='word_1_440' title='bbox 2685 1233 3074 1303; x_wconf 85' lang='lat' dir='ltr'>eogitarequod</span> <span class='ocrx_word' id='word_1_441' title='bbox 3087 1232 3211 1284; x_wconf 82' lang='lat' dir='ltr'>ueni</span> <span class='ocrx_word' id='word_1_442' title='bbox 3228 1231 3426 1282; x_wconf 81' lang='lat' dir='ltr'>solvere</span> <span class='ocrx_word' id='word_1_443' title='bbox 3452 1227 3605 1291; x_wconf 84' lang='lat' dir='ltr'>legem</span> <span class='ocrx_word' id='word_1_444' title='bbox 3631 1224 3714 1274; x_wconf 87' lang='lat' dir='ltr'>aut</span> 
     </span>
    </p>
   </div>
   <div class='ocr_carea' id='block_1_59' title="bbox 2160 1309 3718 1402">
    <p class='ocr_par' dir='ltr' id='par_1_59' title="bbox 2160 1309 3718 1402">
     <span class='ocr_line' id='line_1_72' title="bbox 2160 1309 3718 1402; baseline -0.015 -16"><span class='ocrx_word' id='word_1_445' title='bbox 2160 1328 2727 1402; x_wconf 84' lang='lat' dir='ltr'>prophetas.Solveret</span> <span class='ocrx_word' id='word_1_446' title='bbox 2739 1339 2872 1378; x_wconf 89' lang='lat' dir='ltr'>sane</span> <span class='ocrx_word' id='word_1_447' title='bbox 2887 1323 3092 1392; x_wconf 86' lang='lat' dir='ltr'>legem,</span> <span class='ocrx_word' id='word_1_448' title='bbox 3113 1319 3159 1373; x_wconf 87' lang='lat' dir='ltr'>si</span> <span class='ocrx_word' id='word_1_449' title='bbox 3179 1321 3392 1374; x_wconf 87' lang='lat' dir='ltr'>mentes</span> <span class='ocrx_word' id='word_1_450' title='bbox 3408 1309 3718 1368; x_wconf 87' lang='lat' dir='ltr'>credentium</span> 
     </span>
    </p>
   </div>
   <div class='ocr_carea' id='block_1_60' title="bbox 2166 1400 3719 1483">
    <p class='ocr_par' dir='ltr' id='par_1_60' title="bbox 2166 1400 3719 1483">
     <span class='ocr_line' id='line_1_73' title="bbox 2166 1400 3719 1483; baseline -0.015 -8"><span class='ocrx_word' id='word_1_451' title='bbox 2166 1421 2236 1475; x_wconf 90' lang='lat' dir='ltr'>ad</span> <span class='ocrx_word' id='word_1_452' title='bbox 2263 1400 2391 1474; x_wconf 84' lang='lat' dir='ltr'>eam</span> <span class='ocrx_word' id='word_1_453' title='bbox 2410 1417 2722 1478; x_wconf 90' lang='lat' dir='ltr'>intendere,</span> <span class='ocrx_word' id='word_1_454' title='bbox 2756 1419 2814 1467; x_wconf 90' lang='lat' dir='ltr'>et</span> <span class='ocrx_word' id='word_1_455' title='bbox 2841 1428 2964 1483; x_wconf 71' lang='lat' dir='ltr'>quae</span> <span class='ocrx_word' id='word_1_456' title='bbox 3018 1409 3171 1464; x_wconf 89' lang='lat' dir='ltr'>dicta</span> <span class='ocrx_word' id='word_1_457' title='bbox 3213 1412 3374 1462; x_wconf 89' lang='lat' dir='ltr'>erant</span> <span class='ocrx_word' id='word_1_458' title='bbox 3428 1400 3719 1474; x_wconf 86' lang='lat' dir='ltr'>spiritaliter</span> 
     </span>
    </p>
   </div>
   <div class='ocr_carea' id='block_1_61' title="bbox 2168 1491 3723 1583">
    <p class='ocr_par' dir='ltr' id='par_1_61' title="bbox 2168 1491 3723 1583">
     <span class='ocr_line' id='line_1_74' title="bbox 2168 1491 3723 1583; baseline -0.015 -17"><span class='ocrx_word' id='word_1_459' title='bbox 2168 1511 2435 1583; x_wconf 88' lang='lat' dir='ltr'>perﬁcere</span> <span class='ocrx_word' id='word_1_460' title='bbox 2462 1506 2747 1561; x_wconf 88' lang='lat' dir='ltr'>vetuisset.</span> <span class='ocrx_word' id='word_1_461' title='bbox 2769 1505 2894 1558; x_wconf 86' lang='lat' dir='ltr'>Non</span> <span class='ocrx_word' id='word_1_462' title='bbox 2913 1502 3080 1565; x_wconf 76' lang='lat' dir='ltr'>venit,</span> <span class='ocrx_word' id='word_1_463' title='bbox 3107 1498 3204 1565; x_wconf 91' lang='lat' dir='ltr'>ait,</span> <span class='ocrx_word' id='word_1_464' title='bbox 3238 1499 3458 1558; x_wconf 82' lang='lat' dir='ltr'>solvere,</span> <span class='ocrx_word' id='word_1_465' title='bbox 3473 1492 3558 1546; x_wconf 83' lang='lat' dir='ltr'>sed</span> <span class='ocrx_word' id='word_1_466' title='bbox 3572 1491 3723 1542; x_wconf 84' lang='lat' dir='ltr'>adim-</span> 
     </span>
    </p>
   </div>
   <div class='ocr_carea' id='block_1_62' title="bbox 2163 1576 3725 1670">
    <p class='ocr_par' dir='ltr' id='par_1_62' title="bbox 2163 1576 3725 1670">
     <span class='ocr_line' id='line_1_75' title="bbox 2163 1576 3725 1670; baseline -0.017 -14"><span class='ocrx_word' id='word_1_467' title='bbox 2163 1576 2331 1670; x_wconf 61' lang='lat' dir='ltr'>plere.</span> <span class='ocrx_word' id='word_1_468' title='bbox 2365 1597 2624 1670; x_wconf 90' lang='lat' dir='ltr'>Implevit</span> <span class='ocrx_word' id='word_1_469' title='bbox 2661 1593 2810 1648; x_wconf 88' lang='lat' dir='ltr'>enim</span> <span class='ocrx_word' id='word_1_470' title='bbox 2838 1591 2979 1661; x_wconf 88' lang='lat' dir='ltr'>legis</span> <span class='ocrx_word' id='word_1_471' title='bbox 3015 1593 3072 1644; x_wconf 89' lang='lat' dir='ltr'>et</span> <span class='ocrx_word' id='word_1_472' title='bbox 3118 1585 3516 1659; x_wconf 83' lang='lat' dir='ltr'>prophetarum</span> <span class='ocrx_word' id='word_1_473' title='bbox 3563 1576 3725 1633; x_wconf 86' lang='lat' dir='ltr'>omnia</span> 
     </span>
    </p>
   </div>
   <div class='ocr_carea' id='block_1_63' title="bbox 2171 1665 3726 1760">
    <p class='ocr_par' dir='ltr' id='par_1_63' title="bbox 2171 1665 3726 1760">
     <span class='ocr_line' id='line_1_76' title="bbox 2171 1665 3726 1760; baseline -0.017 -15"><span class='ocrx_word' id='word_1_474' title='bbox 2171 1706 2293 1760; x_wconf 70' lang='lat' dir='ltr'>quae</span> <span class='ocrx_word' id='word_1_475' title='bbox 2312 1686 2599 1760; x_wconf 89' lang='lat' dir='ltr'>praemissa</span> <span class='ocrx_word' id='word_1_476' title='bbox 2625 1681 2838 1739; x_wconf 88' lang='lat' dir='ltr'>suntad</span> <span class='ocrx_word' id='word_1_477' title='bbox 2867 1677 3284 1734; x_wconf 89' lang='lat' dir='ltr'>inchoationem</span> <span class='ocrx_word' id='word_1_478' title='bbox 3306 1671 3528 1744; x_wconf 74' lang='lat' dir='ltr'>agendae</span> <span class='ocrx_word' id='word_1_479' title='bbox 3552 1667 3632 1722; x_wconf 86' lang='lat' dir='ltr'>vel</span> <span class='ocrx_word' id='word_1_480' title='bbox 3662 1665 3726 1720; x_wconf 88' lang='lat' dir='ltr'>si-</span> 
     </span>
    </p>
   </div>
   <div class='ocr_carea' id='block_1_64' title="bbox 2167 1757 3731 1850">
    <p class='ocr_par' dir='ltr' id='par_1_64' title="bbox 2167 1757 3731 1850">
     <span class='ocr_line' id='line_1_77' title="bbox 2167 1757 3731 1850; baseline -0.015 -17"><span class='ocrx_word' id='word_1_481' title='bbox 2167 1757 2498 1850; x_wconf 66' lang='lat' dir='ltr'>gniﬁcanda:</span> <span class='ocrx_word' id='word_1_482' title='bbox 2526 1777 2670 1840; x_wconf 87' lang='lat' dir='ltr'>vitae,</span> <span class='ocrx_word' id='word_1_483' title='bbox 2700 1773 2835 1827; x_wconf 93' lang='lat' dir='ltr'>dum</span> <span class='ocrx_word' id='word_1_484' title='bbox 2864 1775 2922 1824; x_wconf 92' lang='lat' dir='ltr'>et</span> <span class='ocrx_word' id='word_1_485' title='bbox 2951 1769 3114 1840; x_wconf 88' lang='lat' dir='ltr'>plura</span> <span class='ocrx_word' id='word_1_486' title='bbox 3139 1759 3519 1836; x_wconf 89' lang='lat' dir='ltr'>superaddidit</span> <span class='ocrx_word' id='word_1_487' title='bbox 3541 1757 3606 1811; x_wconf 87' lang='lat' dir='ltr'>ad</span> <span class='ocrx_word' id='word_1_488' title='bbox 3627 1771 3731 1826; x_wconf 84' lang='lat' dir='ltr'>per-</span> 
     </span>
    </p>
   </div>
   <div class='ocr_carea' id='block_1_65' title="bbox 2170 1848 3731 1932">
    <p class='ocr_par' dir='ltr' id='par_1_65' title="bbox 2170 1848 3731 1932">
     <span class='ocr_line' id='line_1_78' title="bbox 2170 1848 3731 1932; baseline -0.015 -11"><span class='ocrx_word' id='word_1_489' title='bbox 2170 1868 2466 1924; x_wconf 84' lang='lat' dir='ltr'>fectionem</span> <span class='ocrx_word' id='word_1_490' title='bbox 2495 1863 2794 1920; x_wconf 89' lang='lat' dir='ltr'>moralium</span> <span class='ocrx_word' id='word_1_491' title='bbox 2848 1862 3277 1932; x_wconf 83' lang='lat' dir='ltr'>praeceptorum,</span> <span class='ocrx_word' id='word_1_492' title='bbox 3309 1857 3365 1907; x_wconf 91' lang='lat' dir='ltr'>et</span> <span class='ocrx_word' id='word_1_493' title='bbox 3418 1848 3595 1906; x_wconf 88' lang='lat' dir='ltr'>omnia</span> <span class='ocrx_word' id='word_1_494' title='bbox 3629 1860 3731 1914; x_wconf 66' lang='lat' dir='ltr'>quae</span> 
     </span>
    </p>
   </div>
   <div class='ocr_carea' id='block_1_66' title="bbox 2172 1939 3730 2015">
    <p class='ocr_par' dir='ltr' id='par_1_66' title="bbox 2172 1939 3730 2015">
     <span class='ocr_line' id='line_1_79' title="bbox 2172 1939 3730 2015; baseline -0.017 -1"><span class='ocrx_word' id='word_1_495' title='bbox 2172 1959 2240 2014; x_wconf 91' lang='lat' dir='ltr'>de</span> <span class='ocrx_word' id='word_1_496' title='bbox 2270 1958 2365 2012; x_wconf 91' lang='lat' dir='ltr'>illo</span> <span class='ocrx_word' id='word_1_497' title='bbox 2385 1957 2472 2010; x_wconf 87' lang='lat' dir='ltr'>vel</span> <span class='ocrx_word' id='word_1_498' title='bbox 2492 1953 2736 2010; x_wconf 87' lang='lat' dir='ltr'>Ecclesia</span> <span class='ocrx_word' id='word_1_499' title='bbox 2756 1955 2918 2006; x_wconf 90' lang='lat' dir='ltr'>erant</span> <span class='ocrx_word' id='word_1_500' title='bbox 2936 1948 3006 2003; x_wconf 89' lang='lat' dir='ltr'>ab</span> <span class='ocrx_word' id='word_1_501' title='bbox 3027 1963 3090 2001; x_wconf 91' lang='lat' dir='ltr'>eo</span> <span class='ocrx_word' id='word_1_502' title='bbox 3103 1939 3730 2015; x_wconf 84' lang='lat' dir='ltr'>completadeclarantur,</span> 
     </span>
    </p>
   </div>
   <div class='ocr_carea' id='block_1_67' title="bbox 2173 2025 3734 2120">
    <p class='ocr_par' dir='ltr' id='par_1_67' title="bbox 2173 2025 3734 2120">
     <span class='ocr_line' id='line_1_80' title="bbox 2173 2025 3734 2120; baseline -0.017 -16"><span class='ocrx_word' id='word_1_503' title='bbox 2173 2065 2295 2120; x_wconf 89' lang='lat' dir='ltr'>quae</span> <span class='ocrx_word' id='word_1_504' title='bbox 2315 2048 2448 2102; x_wconf 90' lang='lat' dir='ltr'>olim</span> <span class='ocrx_word' id='word_1_505' title='bbox 2477 2046 2538 2100; x_wconf 92' lang='lat' dir='ltr'>in</span> <span class='ocrx_word' id='word_1_506' title='bbox 2579 2044 2671 2098; x_wconf 90' lang='lat' dir='ltr'>his</span> <span class='ocrx_word' id='word_1_507' title='bbox 2719 2042 2942 2113; x_wconf 86' lang='lat' dir='ltr'>signata</span> <span class='ocrx_word' id='word_1_508' title='bbox 2986 2035 3338 2108; x_wconf 85' lang='lat' dir='ltr'>tegebantur.</span> <span class='ocrx_word' id='word_1_509' title='bbox 3379 2031 3560 2086; x_wconf 83' lang='lat' dir='ltr'>Virtus</span> <span class='ocrx_word' id='word_1_510' title='bbox 3606 2025 3734 2081; x_wconf 89' lang='lat' dir='ltr'>enim</span> 
     </span>
    </p>
   </div>
   <div class='ocr_carea' id='block_1_68' title="bbox 2170 2115 3734 2209">
    <p class='ocr_par' dir='ltr' id='par_1_68' title="bbox 2170 2115 3734 2209">
     <span class='ocr_line' id='line_1_81' title="bbox 2170 2115 3734 2209; baseline -0.018 -15"><span class='ocrx_word' id='word_1_511' title='bbox 2170 2115 2310 2209; x_wconf 75' lang='lat' dir='ltr'>legis</span> <span class='ocrx_word' id='word_1_512' title='bbox 2337 2143 2391 2193; x_wconf 89' lang='lat' dir='ltr'>et</span> <span class='ocrx_word' id='word_1_513' title='bbox 2421 2135 2821 2208; x_wconf 88' lang='lat' dir='ltr'>prophetarum</span> <span class='ocrx_word' id='word_1_514' title='bbox 2848 2128 3104 2185; x_wconf 89' lang='lat' dir='ltr'>Christus</span> <span class='ocrx_word' id='word_1_515' title='bbox 3137 2144 3149 2193; x_wconf 92' lang='lat'><strong>;</strong></span> <span class='ocrx_word' id='word_1_516' title='bbox 3185 2124 3318 2197; x_wconf 86' lang='lat' dir='ltr'>quia</span> <span class='ocrx_word' id='word_1_517' title='bbox 3358 2137 3476 2193; x_wconf 66' lang='lat' dir='ltr'>quae</span> <span class='ocrx_word' id='word_1_518' title='bbox 3528 2118 3592 2172; x_wconf 92' lang='lat' dir='ltr'>de</span> <span class='ocrx_word' id='word_1_519' title='bbox 3633 2115 3734 2186; x_wconf 88' lang='lat' dir='ltr'>ipso</span> 
     </span>
    </p>
   </div>
   <div class='ocr_carea' id='block_1_69' title="bbox 2171 2203 3734 2300">
    <p class='ocr_par' dir='ltr' id='par_1_69' title="bbox 2171 2203 3734 2300">
     <span class='ocr_line' id='line_1_82' title="bbox 2171 2203 3734 2300; baseline -0.018 -15"><span class='ocrx_word' id='word_1_520' title='bbox 2171 2203 2438 2300; x_wconf 77' lang='lat' dir='ltr'>praedicta</span> <span class='ocrx_word' id='word_1_521' title='bbox 2471 2203 2542 2280; x_wconf 52' lang='lat' dir='ltr'>et—</span> <span class='ocrx_word' id='word_1_522' title='bbox 2566 2223 2926 2296; x_wconf 89' lang='lat' dir='ltr'>praeﬁgurata</span> <span class='ocrx_word' id='word_1_523' title='bbox 2953 2218 3193 2281; x_wconf 87' lang='lat' dir='ltr'>fuerant,</span> <span class='ocrx_word' id='word_1_524' title='bbox 3224 2214 3271 2268; x_wconf 92' lang='lat' dir='ltr'>si</span> <span class='ocrx_word' id='word_1_525' title='bbox 3296 2229 3362 2267; x_wconf 89' lang='lat' dir='ltr'>ea</span> <span class='ocrx_word' id='word_1_526' title='bbox 3388 2211 3502 2282; x_wconf 90' lang='lat' dir='ltr'>ipse</span> <span class='ocrx_word' id='word_1_527' title='bbox 3521 2222 3624 2262; x_wconf 88' lang='lat' dir='ltr'>non</span> <span class='ocrx_word' id='word_1_528' title='bbox 3651 2203 3734 2258; x_wconf 87' lang='lat' dir='ltr'>im-</span> 
     </span>
    </p>
   </div>
   <div class='ocr_carea' id='block_1_70' title="bbox 2171 2296 3734 2391">
    <p class='ocr_par' dir='ltr' id='par_1_70' title="bbox 2171 2296 3734 2391">
     <span class='ocr_line' id='line_1_83' title="bbox 2171 2296 3734 2391; baseline -0.019 -17"><span class='ocrx_word' id='word_1_529' title='bbox 2171 2317 2447 2391; x_wconf 90' lang='lat' dir='ltr'>plevisset,</span> <span class='ocrx_word' id='word_1_530' title='bbox 2479 2313 2670 2369; x_wconf 89' lang='lat' dir='ltr'>omnia</span> <span class='ocrx_word' id='word_1_531' title='bbox 2697 2309 2994 2366; x_wconf 86' lang='lat' dir='ltr'>verborum</span> <span class='ocrx_word' id='word_1_532' title='bbox 3019 2305 3322 2375; x_wconf 70' lang='lat' dir='ltr'>aenigmata</span> <span class='ocrx_word' id='word_1_533' title='bbox 3349 2296 3656 2370; x_wconf 84' lang='lat' dir='ltr'>imperfecta</span> <span class='ocrx_word' id='word_1_534' title='bbox 3687 2296 3734 2345; x_wconf 88' lang='lat' dir='ltr'>et</span> 
     </span>
    </p>
   </div>
   <div class='ocr_carea' id='block_1_71' title="bbox 2170 2381 3730 2468">
    <p class='ocr_par' dir='ltr' id='par_1_71' title="bbox 2170 2381 3730 2468">
     <span class='ocr_line' id='line_1_84' title="bbox 2170 2381 3730 2468; baseline -0.018 -4"><span class='ocrx_word' id='word_1_535' title='bbox 2170 2424 2345 2464; x_wconf 89' lang='lat' dir='ltr'>vacua</span> <span class='ocrx_word' id='word_1_536' title='bbox 2373 2403 2794 2460; x_wconf 88' lang='lat' dir='ltr'>remansissent.</span> <span class='ocrx_word' id='word_1_537' title='bbox 2830 2395 3088 2468; x_wconf 89' lang='lat' dir='ltr'>Implevit</span> <span class='ocrx_word' id='word_1_538' title='bbox 3114 2397 3310 2448; x_wconf 90' lang='lat' dir='ltr'>autem</span> <span class='ocrx_word' id='word_1_539' title='bbox 3345 2406 3412 2444; x_wconf 91' lang='lat' dir='ltr'>ea</span> <span class='ocrx_word' id='word_1_540' title='bbox 3459 2381 3730 2458; x_wconf 88' lang='lat' dir='ltr'>operando,</span> 
     </span>
    </p>
   </div>
   <div class='ocr_carea' id='block_1_72' title="bbox 2172 2469 3738 2568">
    <p class='ocr_par' dir='ltr' id='par_1_72' title="bbox 2172 2469 3738 2568">
     <span class='ocr_line' id='line_1_85' title="bbox 2172 2469 3738 2568; baseline -0.018 -16"><span class='ocrx_word' id='word_1_541' title='bbox 2172 2495 2424 2568; x_wconf 91' lang='lat' dir='ltr'>implevit</span> <span class='ocrx_word' id='word_1_542' title='bbox 2463 2498 2520 2547; x_wconf 91' lang='lat' dir='ltr'>et</span> <span class='ocrx_word' id='word_1_543' title='bbox 2548 2487 2989 2564; x_wconf 71' lang='lat' dir='ltr'>perfection-ibus,</span> <span class='ocrx_word' id='word_1_544' title='bbox 3027 2487 3218 2551; x_wconf 59' lang='lat' dir='ltr'>23g</span> <span class='ocrx_word' id='word_1_545' title='bbox 3275 2495 3397 2551; x_wconf 87' lang='lat' dir='ltr'>quae</span> <span class='ocrx_word' id='word_1_546' title='bbox 3427 2477 3645 2532; x_wconf 87' lang='lat' dir='ltr'>deerant</span> <span class='ocrx_word' id='word_1_547' title='bbox 3688 2469 3738 2522; x_wconf 88' lang='lat' dir='ltr'>in</span> 
     </span>
    </p>
   </div>
   <div class='ocr_carea' id='block_1_73' title="bbox 2174 2561 3736 2660">
    <p class='ocr_par' dir='ltr' id='par_1_73' title="bbox 2174 2561 3736 2660">
     <span class='ocr_line' id='line_1_86' title="bbox 2174 2561 3736 2660; baseline -0.019 -18"><span class='ocrx_word' id='word_1_548' title='bbox 2174 2561 2335 2660; x_wconf 71' lang='lat' dir='ltr'>parte</span> <span class='ocrx_word' id='word_1_549' title='bbox 2369 2561 2598 2655; x_wconf 68' lang='lat' dir='ltr'>agendae</span> <span class='ocrx_word' id='word_1_550' title='bbox 2627 2580 2773 2646; x_wconf 73' lang='lat' dir='ltr'>vitae,</span> <span class='ocrx_word' id='word_1_551' title='bbox 2806 2571 3254 2648; x_wconf 88' lang='lat' dir='ltr'>superaddendo.</span> <span class='ocrx_word' id='word_1_552' title='bbox 3297 2566 3548 2640; x_wconf 89' lang='lat' dir='ltr'>Implevit</span> <span class='ocrx_word' id='word_1_553' title='bbox 3589 2561 3736 2617; x_wconf 88' lang='lat' dir='ltr'>etiam</span> 
     </span>
    </p>
   </div>
   <div class='ocr_carea' id='block_1_74' title="bbox 2178 2663 3739 2753">
    <p class='ocr_par' dir='ltr' id='par_1_74' title="bbox 2178 2663 3739 2753">
     <span class='ocr_line' id='line_1_87' title="bbox 2178 2663 3739 2753; baseline -0.017 -14"><span class='ocrx_word' id='word_1_554' title='bbox 2178 2690 2235 2738; x_wconf 87' lang='lat' dir='ltr'>et</span> <span class='ocrx_word' id='word_1_555' title='bbox 2258 2682 2700 2753; x_wconf 89' lang='lat' dir='ltr'>signiﬁcatarum</span> <span class='ocrx_word' id='word_1_556' title='bbox 2726 2691 2915 2730; x_wconf 90' lang='lat' dir='ltr'>rerum</span> <span class='ocrx_word' id='word_1_557' title='bbox 2943 2687 3166 2734; x_wconf 88' lang='lat' dir='ltr'>arcana,</span> <span class='ocrx_word' id='word_1_558' title='bbox 3219 2684 3321 2722; x_wconf 91' lang='lat' dir='ltr'>seu</span> <span class='ocrx_word' id='word_1_559' title='bbox 3370 2663 3739 2737; x_wconf 88' lang='lat' dir='ltr'>prophetarum</span> 
     </span>
    </p>
   </div>
   <div class='ocr_carea' id='block_1_75' title="bbox 2181 2747 3743 2844">
    <p class='ocr_par' dir='ltr' id='par_1_75' title="bbox 2181 2747 3743 2844">
     <span class='ocr_line' id='line_1_88' title="bbox 2181 2747 3743 2844; baseline -0.018 -16"><span class='ocrx_word' id='word_1_560' title='bbox 2181 2747 2423 2844; x_wconf 71' lang='lat' dir='ltr'>mystica</span> <span class='ocrx_word' id='word_1_561' title='bbox 2470 2771 2840 2829; x_wconf 82' lang='lat' dir='ltr'>sacramenta,</span> <span class='ocrx_word' id='word_1_562' title='bbox 2867 2764 3000 2817; x_wconf 91' lang='lat' dir='ltr'>dum</span> <span class='ocrx_word' id='word_1_563' title='bbox 3029 2756 3295 2832; x_wconf 88' lang='lat' dir='ltr'>quaelibet</span> <span class='ocrx_word' id='word_1_564' title='bbox 3337 2772 3458 2826; x_wconf 85' lang='lat' dir='ltr'>quae</span> <span class='ocrx_word' id='word_1_565' title='bbox 3508 2747 3743 2824; x_wconf 64' lang='lat' dir='ltr'>praedicta</span> 
     </span>
    </p>
   </div>
   <div class='ocr_carea' id='block_1_76' title="bbox 2177 2840 3744 2929">
    <p class='ocr_par' dir='ltr' id='par_1_76' title="bbox 2177 2840 3744 2929">
     <span class='ocr_line' id='line_1_89' title="bbox 2177 2840 3744 2929; baseline -0.018 -13"><span class='ocrx_word' id='word_1_566' title='bbox 2177 2840 2340 2916; x_wconf 80' lang='lat' dir='ltr'>erant</span> <span class='ocrx_word' id='word_1_567' title='bbox 2377 2860 2447 2914; x_wconf 90' lang='lat' dir='ltr'>ad</span> <span class='ocrx_word' id='word_1_568' title='bbox 2475 2857 2752 2929; x_wconf 92' lang='lat' dir='ltr'>liquidum</span> <span class='ocrx_word' id='word_1_569' title='bbox 2783 2850 3052 2916; x_wconf 84' lang='lat' dir='ltr'>exhibuit,</span> <span class='ocrx_word' id='word_1_570' title='bbox 3084 2854 3149 2904; x_wconf 94' lang='lat' dir='ltr'>ut</span> <span class='ocrx_word' id='word_1_571' title='bbox 3167 2863 3304 2902; x_wconf 90' lang='lat' dir='ltr'>vera</span> <span class='ocrx_word' id='word_1_572' title='bbox 3331 2849 3390 2900; x_wconf 90' lang='lat' dir='ltr'>et</span> <span class='ocrx_word' id='word_1_573' title='bbox 3415 2840 3592 2897; x_wconf 89' lang='lat' dir='ltr'>ﬁdelia</span> <span class='ocrx_word' id='word_1_574' title='bbox 3640 2851 3744 2890; x_wconf 85' lang='lat' dir='ltr'>ma-</span> 
     </span>
    </p>
   </div>
   <div class='ocr_carea' id='block_1_77' title="bbox 2178 2928 3746 3006">
    <p class='ocr_par' dir='ltr' id='par_1_77' title="bbox 2178 2928 3746 3006">
     <span class='ocr_line' id='line_1_90' title="bbox 2178 2928 3746 3006; baseline -0.016 -1"><span class='ocrx_word' id='word_1_575' title='bbox 2178 2954 2378 3004; x_wconf 87' lang='lat' dir='ltr'>nerent</span> <span class='ocrx_word' id='word_1_576' title='bbox 2403 2947 2682 3002; x_wconf 87' lang='lat' dir='ltr'>universa.</span> <span class='ocrx_word' id='word_1_577' title='bbox 2716 2946 2859 2999; x_wconf 90' lang='lat' dir='ltr'>Nam</span> <span class='ocrx_word' id='word_1_578' title='bbox 2887 2942 2956 2995; x_wconf 89' lang='lat' dir='ltr'>de</span> <span class='ocrx_word' id='word_1_579' title='bbox 2976 2939 3064 2994; x_wconf 91' lang='lat' dir='ltr'>his</span> <span class='ocrx_word' id='word_1_580' title='bbox 3084 2935 3347 2993; x_wconf 91' lang='lat' dir='ltr'>omnibus</span> <span class='ocrx_word' id='word_1_581' title='bbox 3371 2928 3746 3006; x_wconf 67' lang='lat' dir='ltr'>praeteritorum</span> 
     </span>
    </p>
   </div>
   <div class='ocr_carea' id='block_1_78' title="bbox 2113 3013 3747 3108">
    <p class='ocr_par' dir='ltr' id='par_1_78' title="bbox 2113 3013 3747 3108">
     <span class='ocr_line' id='line_1_91' title="bbox 2113 3013 3747 3108; baseline -0.018 -12"><span class='ocrx_word' id='word_1_582' title='bbox 2113 3013 2157 3072; x_wconf 64' lang='grc' dir='ltr'>δ</span> <span class='ocrx_word' id='word_1_583' title='bbox 2181 3039 2447 3094; x_wconf 82' lang='lat' dir='ltr'>exhibitio</span> <span class='ocrx_word' id='word_1_584' title='bbox 2479 3053 2602 3108; x_wconf 70' lang='lat' dir='ltr'>quae</span> <span class='ocrx_word' id='word_1_585' title='bbox 2632 3037 2690 3090; x_wconf 93' lang='lat' dir='ltr'>in</span> <span class='ocrx_word' id='word_1_586' title='bbox 2723 3035 2848 3105; x_wconf 91' lang='lat' dir='ltr'>lege</span> <span class='ocrx_word' id='word_1_587' title='bbox 2877 3034 3142 3102; x_wconf 88' lang='lat' dir='ltr'>aguntur,</span> <span class='ocrx_word' id='word_1_588' title='bbox 3190 3031 3294 3081; x_wconf 82' lang='lat' dir='ltr'>aut</span> <span class='ocrx_word' id='word_1_589' title='bbox 3319 3025 3388 3079; x_wconf 89' lang='lat' dir='ltr'>de</span> <span class='ocrx_word' id='word_1_590' title='bbox 3415 3024 3533 3092; x_wconf 85' lang='lat' dir='ltr'>lege</span> <span class='ocrx_word' id='word_1_591' title='bbox 3561 3014 3747 3073; x_wconf 87' lang='lat' dir='ltr'>credita</span> 
     </span>
    </p>
   </div>
   <div class='ocr_carea' id='block_1_79' title="bbox 2181 3103 3750 3200">
    <p class='ocr_par' dir='ltr' id='par_1_79' title="bbox 2181 3103 3750 3200">
     <span class='ocr_line' id='line_1_92' title="bbox 2181 3103 3750 3200; baseline -0.019 -14"><span class='ocrx_word' id='word_1_592' title='bbox 2181 3103 2580 3200; x_wconf 76' lang='lat' dir='ltr'>suscipiuntur,</span> <span class='ocrx_word' id='word_1_593' title='bbox 2594 3103 2913 3181; x_wconf 79' lang='lat' dir='ltr'>futurorum</span> <span class='ocrx_word' id='word_1_594' title='bbox 2941 3118 3187 3191; x_wconf 81' lang='lat' dir='ltr'>perfecta</span> <span class='ocrx_word' id='word_1_595' title='bbox 3215 3119 3306 3170; x_wconf 83' lang='lat' dir='ltr'>est</span> <span class='ocrx_word' id='word_1_596' title='bbox 3328 3109 3574 3168; x_wconf 79' lang='lat' dir='ltr'>veritatis</span> <span class='ocrx_word' id='word_1_597' title='bbox 3599 3103 3750 3160; x_wconf 88' lang='lat' dir='ltr'>adim-</span> 
     </span>
    </p>
   </div>
   <div class='ocr_carea' id='block_1_80' title="bbox 2182 3192 3748 3291">
    <p class='ocr_par' dir='ltr' id='par_1_80' title="bbox 2182 3192 3748 3291">
     <span class='ocr_line' id='line_1_93' title="bbox 2182 3192 3748 3291; baseline -0.019 -17"><span class='ocrx_word' id='word_1_598' title='bbox 2182 3192 2372 3291; x_wconf 78' lang='lat' dir='ltr'>pletio.</span> <span class='ocrx_word' id='word_1_599' title='bbox 2405 3216 2616 3271; x_wconf 91' lang='lat' dir='ltr'>Idcirco</span> <span class='ocrx_word' id='word_1_600' title='bbox 2646 3230 2760 3268; x_wconf 92' lang='lat' dir='ltr'>non</span> <span class='ocrx_word' id='word_1_601' title='bbox 2780 3207 3134 3283; x_wconf 88' lang='lat' dir='ltr'>percunctari</span> <span class='ocrx_word' id='word_1_602' title='bbox 3162 3204 3380 3284; x_wconf 83' lang='lat' dir='ltr'>debetis</span> <span class='ocrx_word' id='word_1_603' title='bbox 3410 3202 3477 3256; x_wconf 90' lang='lat' dir='ltr'>de</span> <span class='ocrx_word' id='word_1_604' title='bbox 3497 3192 3748 3253; x_wconf 88' lang='lat' dir='ltr'>veteribus</span> 
     </span>
    </p>
   </div>
   <div class='ocr_carea' id='block_1_81' title="bbox 2183 3279 3746 3372">
    <p class='ocr_par' dir='ltr' id='par_1_81' title="bbox 2183 3279 3746 3372">
     <span class='ocr_line' id='line_1_94' title="bbox 2183 3279 3746 3372; baseline -0.019 -8"><span class='ocrx_word' id='word_1_605' title='bbox 2183 3306 2483 3372; x_wconf 89' lang='lat' dir='ltr'>mandatis,</span> <span class='ocrx_word' id='word_1_606' title='bbox 2543 3321 2646 3358; x_wconf 91' lang='lat' dir='ltr'>nec</span> <span class='ocrx_word' id='word_1_607' title='bbox 2698 3300 2892 3356; x_wconf 90' lang='lat' dir='ltr'>mirari</span> <span class='ocrx_word' id='word_1_608' title='bbox 2951 3299 3019 3352; x_wconf 91' lang='lat' dir='ltr'>de</span> <span class='ocrx_word' id='word_1_609' title='bbox 3066 3295 3224 3351; x_wconf 90' lang='lat' dir='ltr'>novis</span> <span class='ocrx_word' id='word_1_610' title='bbox 3273 3279 3276 3284; x_wconf 60' lang='grc'><em>’</em></span> <span class='ocrx_word' id='word_1_611' title='bbox 3296 3282 3746 3366; x_wconf 86' lang='lat' dir='ltr'>promissionibus,</span> 
     </span>
    </p>
   </div>
   <div class='ocr_carea' id='block_1_82' title="bbox 2184 3369 3751 3469">
    <p class='ocr_par' dir='ltr' id='par_1_82' title="bbox 2184 3369 3751 3469">
     <span class='ocr_line' id='line_1_95' title="bbox 2184 3369 3751 3469; baseline -0.019 -16"><span class='ocrx_word' id='word_1_612' title='bbox 2184 3413 2367 3469; x_wconf 90' lang='lat' dir='ltr'>neque</span> <span class='ocrx_word' id='word_1_613' title='bbox 2397 3393 2596 3450; x_wconf 91' lang='lat' dir='ltr'>terreri</span> <span class='ocrx_word' id='word_1_614' title='bbox 2627 3392 2696 3446; x_wconf 91' lang='lat' dir='ltr'>de</span> <span class='ocrx_word' id='word_1_615' title='bbox 2720 3389 2883 3444; x_wconf 88' lang='lat' dir='ltr'>variis</span> <span class='ocrx_word' id='word_1_616' title='bbox 2897 3400 3288 3459; x_wconf 89' lang='lat' dir='ltr'>pressurarum</span> <span class='ocrx_word' id='word_1_617' title='bbox 3305 3378 3619 3452; x_wconf 89' lang='lat' dir='ltr'>angoribus,</span> <span class='ocrx_word' id='word_1_618' title='bbox 3639 3369 3751 3443; x_wconf 80' lang='lat' dir='ltr'>quia</span> 
     </span>
    </p>
   </div>
   <div class='ocr_carea' id='block_1_83' title="bbox 2186 3473 3751 3550">
    <p class='ocr_par' dir='ltr' id='par_1_83' title="bbox 2186 3473 3751 3550">
     <span class='ocr_line' id='line_1_96' title="bbox 2186 3473 3751 3550; baseline -0.017 -6"><span class='ocrx_word' id='word_1_619' title='bbox 2186 3488 2257 3544; x_wconf 90' lang='lat' dir='ltr'>ad</span> <span class='ocrx_word' id='word_1_620' title='bbox 2284 3488 2389 3541; x_wconf 91' lang='lat' dir='ltr'>hoc</span> <span class='ocrx_word' id='word_1_621' title='bbox 2417 3487 2535 3540; x_wconf 88' lang='lat' dir='ltr'>haec</span> <span class='ocrx_word' id='word_1_622' title='bbox 2563 3481 2752 3538; x_wconf 89' lang='lat' dir='ltr'>omnia</span> <span class='ocrx_word' id='word_1_623' title='bbox 2800 3473 3415 3550; x_wconf 90' lang='lat' dir='ltr'>superaccumulantur,</span> <span class='ocrx_word' id='word_1_624' title='bbox 3458 3473 3521 3523; x_wconf 92' lang='lat' dir='ltr'>ut</span> <span class='ocrx_word' id='word_1_625' title='bbox 3546 3481 3609 3521; x_wconf 89' lang='lat' dir='ltr'>ea</span> <span class='ocrx_word' id='word_1_626' title='bbox 3647 3474 3751 3532; x_wconf 61' lang='lat' dir='ltr'>quae</span> 
     </span>
    </p>
   </div>
   <div class='ocr_carea' id='block_1_84' title="bbox 2181 3559 3658 3651">
    <p class='ocr_par' dir='ltr' id='par_1_84' title="bbox 2181 3559 3658 3651">
     <span class='ocr_line' id='line_1_97' title="bbox 2181 3559 3658 3651; baseline -0.02 -17"><span class='ocrx_word' id='word_1_627' title='bbox 2181 3581 2302 3651; x_wconf 88' lang='lat' dir='ltr'>jam</span> <span class='ocrx_word' id='word_1_628' title='bbox 2331 3575 2494 3631; x_wconf 90' lang='lat' dir='ltr'>dictis</span> <span class='ocrx_word' id='word_1_629' title='bbox 2520 3579 2620 3628; x_wconf 89' lang='lat' dir='ltr'>aut</span> <span class='ocrx_word' id='word_1_630' title='bbox 2647 3570 2820 3643; x_wconf 87' lang='lat' dir='ltr'>gestis</span> <span class='ocrx_word' id='word_1_631' title='bbox 2849 3567 3076 3640; x_wconf 87' lang='lat' dir='ltr'>praeﬁxa</span> <span class='ocrx_word' id='word_1_632' title='bbox 3103 3568 3236 3618; x_wconf 90' lang='lat' dir='ltr'>sunt</span> <span class='ocrx_word' id='word_1_633' title='bbox 3264 3559 3658 3633; x_wconf 74' lang='lat' dir='ltr'>compleantur.</span> 
     </span>
    </p>
   </div>
   <div class='ocr_carea' id='block_1_85' title="bbox 2256 3638 3754 3732">
    <p class='ocr_par' dir='ltr' id='par_1_85' title="bbox 2256 3638 3754 3732">
     <span class='ocr_line' id='line_1_98' title="bbox 2256 3638 3754 3732; baseline -0.019 -12"><span class='ocrx_word' id='word_1_634' title='bbox 2256 3668 2433 3720; x_wconf 81' lang='lat' dir='ltr'>Amen</span> <span class='ocrx_word' id='word_1_635' title='bbox 2461 3638 2804 3732; x_wconf 42' lang='lat' dir='ltr'>quippe&#39;dico</span> <span class='ocrx_word' id='word_1_636' title='bbox 2831 3638 2996 3721; x_wconf 71' lang='lat' dir='ltr'>uobis,</span> <span class='ocrx_word' id='word_1_637' title='bbox 3028 3655 3193 3707; x_wconf 85' lang='lat' dir='ltr'>donec</span> <span class='ocrx_word' id='word_1_638' title='bbox 3226 3653 3473 3704; x_wconf 74' lang='lat' dir='ltr'>transeat</span> <span class='ocrx_word' id='word_1_639' title='bbox 3514 3645 3697 3699; x_wconf 73' lang='lat' dir='ltr'>caelum</span> <span class='ocrx_word' id='word_1_640' title='bbox 3714 3638 3754 3689; x_wconf 79' lang='lat' dir='ltr'>et</span> 
     </span>
    </p>
   </div>
   <div class='ocr_carea' id='block_1_86' title="bbox 2189 3730 3756 3820">
    <p class='ocr_par' dir='ltr' id='par_1_86' title="bbox 2189 3730 3756 3820">
     <span class='ocr_line' id='line_1_99' title="bbox 2189 3730 3756 3820; baseline -0.019 -10"><span class='ocrx_word' id='word_1_641' title='bbox 2189 3761 2358 3820; x_wconf 77' lang='lat' dir='ltr'>terra,</span> <span class='ocrx_word' id='word_1_642' title='bbox 2380 3757 2493 3806; x_wconf 85' lang='lat' dir='ltr'>iota</span> <span class='ocrx_word' id='word_1_643' title='bbox 2521 3765 2704 3804; x_wconf 88' lang='lat' dir='ltr'>unum</span> <span class='ocrx_word' id='word_1_644' title='bbox 2732 3752 2832 3801; x_wconf 90' lang='lat' dir='ltr'>aut</span> <span class='ocrx_word' id='word_1_645' title='bbox 2880 3760 3028 3800; x_wconf 84' lang='lat' dir='ltr'>unus</span> <span class='ocrx_word' id='word_1_646' title='bbox 3085 3757 3224 3810; x_wconf 71' lang='lat' dir='ltr'>apex</span> <span class='ocrx_word' id='word_1_647' title='bbox 3268 3755 3384 3794; x_wconf 86' lang='lat' dir='ltr'>non</span> <span class='ocrx_word' id='word_1_648' title='bbox 3423 3730 3756 3806; x_wconf 69' lang='lat' dir='ltr'>praeteribita</span> 
     </span>
    </p>
   </div>
   <div class='ocr_carea' id='block_1_87' title="bbox 2191 3816 3756 3911">
    <p class='ocr_par' dir='ltr' id='par_1_87' title="bbox 2191 3816 3756 3911">
     <span class='ocr_line' id='line_1_100' title="bbox 2191 3816 3756 3911; baseline -0.019 -12"><span class='ocrx_word' id='word_1_649' title='bbox 2191 3847 2318 3911; x_wconf 86' lang='lat' dir='ltr'>lege,</span> <span class='ocrx_word' id='word_1_650' title='bbox 2348 3816 2515 3896; x_wconf 71' lang='lat' dir='ltr'>donec</span> <span class='ocrx_word' id='word_1_651' title='bbox 2535 3840 2726 3893; x_wconf 82' lang='lat' dir='ltr'>omnia</span> <span class='ocrx_word' id='word_1_652' title='bbox 2753 3839 2912 3905; x_wconf 83' lang='lat' dir='ltr'>ﬁant.</span> <span class='ocrx_word' id='word_1_653' title='bbox 2953 3831 3191 3902; x_wconf 88' lang='lat' dir='ltr'>Quippe,</span> <span class='ocrx_word' id='word_1_654' title='bbox 3219 3829 3327 3882; x_wconf 90' lang='lat' dir='ltr'>hoc</span> <span class='ocrx_word' id='word_1_655' title='bbox 3355 3827 3474 3881; x_wconf 90' lang='lat' dir='ltr'>loco</span> <span class='ocrx_word' id='word_1_656' title='bbox 3503 3838 3598 3894; x_wconf 88' lang='lat' dir='ltr'>pro</span> <span class='ocrx_word' id='word_1_657' title='bbox 3625 3816 3756 3872; x_wconf 81' lang='lat' dir='ltr'>afﬁr-</span> 
     </span>
    </p>
   </div>
   <div class='ocr_carea' id='block_1_88' title="bbox 2190 3905 3758 4000">
    <p class='ocr_par' dir='ltr' id='par_1_88' title="bbox 2190 3905 3758 4000">
     <span class='ocr_line' id='line_1_101' title="bbox 2190 3905 3758 4000; baseline -0.018 -13"><span class='ocrx_word' id='word_1_658' title='bbox 2190 3931 2438 3988; x_wconf 89' lang='lat' dir='ltr'>matione</span> <span class='ocrx_word' id='word_1_659' title='bbox 2467 3927 2712 4000; x_wconf 87' lang='lat' dir='ltr'>ponitur,</span> <span class='ocrx_word' id='word_1_660' title='bbox 2755 3940 2876 3996; x_wconf 72' lang='lat' dir='ltr'>quae</span> <span class='ocrx_word' id='word_1_661' title='bbox 2924 3935 3204 3991; x_wconf 89' lang='lat' dir='ltr'>nusquam</span> <span class='ocrx_word' id='word_1_662' title='bbox 3243 3916 3384 3970; x_wconf 91' lang='lat' dir='ltr'>alias</span> <span class='ocrx_word' id='word_1_663' title='bbox 3421 3915 3481 3968; x_wconf 91' lang='lat' dir='ltr'>in</span> <span class='ocrx_word' id='word_1_664' title='bbox 3522 3905 3758 3967; x_wconf 66' lang='lat' dir='ltr'>Matthzeo</span> 
     </span>
    </p>
   </div>
   <div class='ocr_carea' id='block_1_89' title="bbox 2192 3999 3760 4096">
    <p class='ocr_par' dir='ltr' id='par_1_89' title="bbox 2192 3999 3760 4096">
     <span class='ocr_line' id='line_1_102' title="bbox 2192 3999 3760 4096; baseline -0.017 -18"><span class='ocrx_word' id='word_1_665' title='bbox 2192 4023 2529 4096; x_wconf 90' lang='lat' dir='ltr'>geminatur.</span> <span class='ocrx_word' id='word_1_666' title='bbox 2564 4017 2779 4075; x_wconf 76' lang='lat' dir='ltr'>Caelum</span> <span class='ocrx_word' id='word_1_667' title='bbox 2805 4019 2997 4070; x_wconf 90' lang='lat' dir='ltr'>autem</span> <span class='ocrx_word' id='word_1_668' title='bbox 3025 4015 3084 4065; x_wconf 92' lang='lat' dir='ltr'>et</span> <span class='ocrx_word' id='word_1_669' title='bbox 3101 4015 3316 4065; x_wconf 88' lang='lat' dir='ltr'>terram</span> <span class='ocrx_word' id='word_1_670' title='bbox 3329 4003 3569 4062; x_wconf 88' lang='lat' dir='ltr'>transire</span> <span class='ocrx_word' id='word_1_671' title='bbox 3589 3999 3760 4053; x_wconf 77' lang='lat' dir='ltr'>fortas-</span> 
     </span>
    </p>
   </div>
   <div class='ocr_carea' id='block_1_90' title="bbox 2199 4088 3762 4168">
    <p class='ocr_par' dir='ltr' id='par_1_90' title="bbox 2199 4088 3762 4168">
     <span class='ocr_line' id='line_1_103' title="bbox 2199 4088 3762 4168; baseline -0.021 0"><span class='ocrx_word' id='word_1_672' title='bbox 2199 4113 2277 4168; x_wconf 90' lang='lat' dir='ltr'>sis</span> <span class='ocrx_word' id='word_1_673' title='bbox 2300 4109 2437 4166; x_wconf 90' lang='lat' dir='ltr'>dicit</span> <span class='ocrx_word' id='word_1_674' title='bbox 2462 4108 2521 4163; x_wconf 91' lang='lat' dir='ltr'>in</span> <span class='ocrx_word' id='word_1_675' title='bbox 2548 4106 2837 4161; x_wconf 89' lang='lat' dir='ltr'>meliorem</span> <span class='ocrx_word' id='word_1_676' title='bbox 2891 4101 3150 4165; x_wconf 87' lang='lat' dir='ltr'>formam,</span> <span class='ocrx_word' id='word_1_677' title='bbox 3201 4096 3334 4168; x_wconf 91' lang='lat' dir='ltr'>quia</span> <span class='ocrx_word' id='word_1_678' title='bbox 3386 4088 3762 4166; x_wconf 83' lang='lat' dir='ltr'>promittuntur</span> 
     </span>
    </p>
   </div>
   <div class='ocr_carea' id='block_1_91' title="bbox 2199 4169 3758 4257">
    <p class='ocr_par' dir='ltr' id='par_1_91' title="bbox 2199 4169 3758 4257">
     <span class='ocr_line' id='line_1_104' title="bbox 2199 4169 3758 4257; baseline -0.021 1"><span class='ocrx_word' id='word_1_679' title='bbox 2199 4201 2359 4257; x_wconf 89' lang='lat' dir='ltr'>nobis</span> <span class='ocrx_word' id='word_1_680' title='bbox 2389 4197 2512 4255; x_wconf 69' lang='lat' dir='ltr'>caeli</span> <span class='ocrx_word' id='word_1_681' title='bbox 2553 4195 2680 4251; x_wconf 90' lang='lat' dir='ltr'>novi</span> <span class='ocrx_word' id='word_1_682' title='bbox 2707 4199 2764 4248; x_wconf 91' lang='lat' dir='ltr'>et</span> <span class='ocrx_word' id='word_1_683' title='bbox 2785 4197 2938 4246; x_wconf 90' lang='lat' dir='ltr'>terra</span> <span class='ocrx_word' id='word_1_684' title='bbox 2968 4204 3129 4244; x_wconf 88' lang='lat' dir='ltr'>nova.</span> <span class='ocrx_word' id='word_1_685' title='bbox 3153 4184 3314 4241; x_wconf 89' lang='lat' dir='ltr'>Unde</span> <span class='ocrx_word' id='word_1_686' title='bbox 3363 4182 3512 4237; x_wconf 89' lang='lat' dir='ltr'>idem</span> <span class='ocrx_word' id='word_1_687' title='bbox 3567 4169 3758 4230; x_wconf 85' lang='lat' dir='ltr'>aliubi:</span> 
     </span>
    </p>
   </div>
   <div class='ocr_carea' id='block_1_92' title="bbox 2687 4272 3765 4346">
    <p class='ocr_par' dir='ltr' id='par_1_92' title="bbox 2687 4272 3765 4346">
     <span class='ocr_line' id='line_1_105' title="bbox 2687 4272 3765 4346; baseline -0.024 -8"><span class='ocrx_word' id='word_1_688' title='bbox 2687 4283 3027 4346; x_wconf 79' lang='lat' dir='ltr'>transibunt,</span> <span class='ocrx_word' id='word_1_689' title='bbox 3059 4277 3221 4332; x_wconf 82' lang='lat' dir='ltr'>verba</span> <span class='ocrx_word' id='word_1_690' title='bbox 3277 4278 3465 4328; x_wconf 87' lang='lat' dir='ltr'>autem</span> <span class='ocrx_word' id='word_1_691' title='bbox 3515 4280 3630 4321; x_wconf 86' lang='lat' dir='ltr'>mea</span> <span class='ocrx_word' id='word_1_692' title='bbox 3669 4272 3765 4315; x_wconf 84' lang='lat' dir='ltr'>non</span> 
     </span>
    </p>
   </div>
   <div class='ocr_carea' id='block_1_93' title="bbox 524 4355 3765 4483">
    <p class='ocr_par' dir='ltr' id='par_1_93' title="bbox 524 4355 3765 4483">
     <span class='ocr_line' id='line_1_106' title="bbox 524 4355 2042 4396; baseline -0.029 -6"><span class='ocrx_word' id='word_1_693' title='bbox 524 4355 700 4390; x_wconf 67' lang='grc' dir='ltr'>υϐδινιι</span> <span class='ocrx_word' id='word_1_694' title='bbox 721 4355 860 4384; x_wconf 79' lang='lat' dir='ltr'>uana</span> <span class='ocrx_word' id='word_1_695' title='bbox 885 4355 999 4396; x_wconf 73' lang='grc' dir='ltr'>υΡσι</span> <span class='ocrx_word' id='word_1_696' title='bbox 1014 4355 1070 4389; x_wconf 79' lang='lat' dir='ltr'>u,</span> <span class='ocrx_word' id='word_1_697' title='bbox 1102 4355 1150 4375; x_wconf 73' lang='lat' dir='ltr'>oo</span> <span class='ocrx_word' id='word_1_698' title='bbox 1173 4355 1275 4388; x_wconf 65' lang='grc' dir='ltr'>νυνι</span> <span class='ocrx_word' id='word_1_699' title='bbox 1300 4355 1474 4382; x_wconf 71' lang='grc' dir='ltr'>ιμννη.</span> <span class='ocrx_word' id='word_1_700' title='bbox 1506 4355 1526 4364; x_wconf 89' lang='grc'>..</span> <span class='ocrx_word' id='word_1_701' title='bbox 1550 4355 1619 4360; x_wconf 77' lang='grc'>.,-.</span> <span class='ocrx_word' id='word_1_702' title='bbox 1645 4355 1658 4358; x_wconf 84' lang='grc'><strong><em>-</em></strong></span> <span class='ocrx_word' id='word_1_703' title='bbox 1692 4355 1718 4356; x_wconf 65' lang='lat'>,,</span> <span class='ocrx_word' id='word_1_704' title='bbox 2027 4355 2042 4364; x_wconf 80' lang='lat'>_</span> 
     </span>
     <span class='ocr_line' id='line_1_107' title="bbox 524 4355 3765 4483; baseline -0.025 -2"><span class='ocrx_word' id='word_1_705' title='bbox 524 4428 588 4479; x_wconf 87' lang='lat' dir='ltr'>in</span> <span class='ocrx_word' id='word_1_706' title='bbox 606 4423 749 4478; x_wconf 66' lang='lat' dir='ltr'>caelis</span> <span class='ocrx_word' id='word_1_707' title='bbox 775 4423 868 4474; x_wconf 84' lang='lat' dir='ltr'>est.</span> <span class='ocrx_word' id='word_1_708' title='bbox 892 4417 970 4470; x_wconf 83' lang='lat' dir='ltr'>Ac</span> <span class='ocrx_word' id='word_1_709' title='bbox 990 4413 1039 4468; x_wconf 92' lang='lat' dir='ltr'>si</span> <span class='ocrx_word' id='word_1_710' title='bbox 1066 4410 1327 4483; x_wconf 90' lang='lat' dir='ltr'>patenter</span> <span class='ocrx_word' id='word_1_711' title='bbox 1350 4401 1532 4456; x_wconf 90' lang='lat' dir='ltr'>dicat:</span> <span class='ocrx_word' id='word_1_712' title='bbox 1570 4393 1649 4449; x_wconf 90' lang='lat' dir='ltr'>sic</span> <span class='ocrx_word' id='word_1_713' title='bbox 1678 4392 1863 4445; x_wconf 90' lang='lat' dir='ltr'>luceat</span> <span class='ocrx_word' id='word_1_714' title='bbox 1880 4392 1945 4442; x_wconf 91' lang='lat' dir='ltr'>ut</span> <span class='ocrx_word' id='word_1_715' title='bbox 1971 4401 2114 4458; x_wconf 67' lang='lat' dir='ltr'>prte-</span> <span class='ocrx_word' id='word_1_716' title='bbox 2133 4361 2181 4420; x_wconf 80' lang='lat' dir='ltr'>D</span> <span class='ocrx_word' id='word_1_717' title='bbox 2201 4386 2473 4438; x_wconf 81' lang='lat' dir='ltr'>transient</span> <span class='ocrx_word' id='word_1_718' title='bbox 2503 4376 2722 4451; x_wconf 84' lang='lat' dir='ltr'>(Matth.</span> <span class='ocrx_word' id='word_1_719' title='bbox 2745 4389 2898 4439; x_wconf 71' lang='lat' dir='ltr'>xxnv,</span> <span class='ocrx_word' id='word_1_720' title='bbox 2934 4369 3044 4441; x_wconf 80' lang='lat'>35).</span> <span class='ocrx_word' id='word_1_721' title='bbox 3093 4367 3254 4423; x_wconf 89' lang='lat' dir='ltr'>Illinc</span> <span class='ocrx_word' id='word_1_722' title='bbox 3293 4363 3500 4435; x_wconf 87' lang='lat' dir='ltr'>quippe</span> <span class='ocrx_word' id='word_1_723' title='bbox 3531 4355 3765 4411; x_wconf 88' lang='lat' dir='ltr'>videntur</span> 
     </span>
     <span class='ocr_line' id='line_1_108' title="bbox 2293 4449 3759 4483; baseline -0.029 33"><span class='ocrx_word' id='word_1_724' title='bbox 2293 4470 2308 4483; x_wconf 78' lang='grc'><strong><em>’</em></strong></span> <span class='ocrx_word' id='word_1_725' title='bbox 2467 4470 2482 4483; x_wconf 83' lang='grc'>’</span> <span class='ocrx_word' id='word_1_726' title='bbox 2635 4466 2645 4476; x_wconf 88' lang='grc'><em>’</em></span> <span class='ocrx_word' id='word_1_727' title='bbox 2695 4464 2913 4483; x_wconf 37' lang='lat' dir='ltr'><strong>“mnu</strong></span> <span class='ocrx_word' id='word_1_728' title='bbox 2957 4457 3097 4483; x_wconf 74' lang='lat'>-----‘</span> <span class='ocrx_word' id='word_1_729' title='bbox 3117 4461 3167 4483; x_wconf 69' lang='grc' dir='ltr'>ιιι</span> <span class='ocrx_word' id='word_1_730' title='bbox 3192 4454 3303 4483; x_wconf 59' lang='grc' dir='ltr'>ἔκιε·</span> <span class='ocrx_word' id='word_1_731' title='bbox 3327 4471 3337 4483; x_wconf 86' lang='lat'>.</span> <span class='ocrx_word' id='word_1_732' title='bbox 3362 4457 3426 4483; x_wconf 56' lang='lat' dir='ltr'>ne</span> <span class='ocrx_word' id='word_1_733' title='bbox 3460 4449 3530 4483; x_wconf 64' lang='grc' dir='ltr'><strong>οςίι</strong></span> <span class='ocrx_word' id='word_1_734' title='bbox 3569 4454 3759 4483; x_wconf 49' lang='lat' dir='ltr'>comam.</span> 
     </span>
    </p>
   </div>
   <div class='ocr_carea' id='block_1_94' title="bbox 523 4473 2116 4578">
    <p class='ocr_par' dir='ltr' id='par_1_94' title="bbox 523 4473 2116 4578">
     <span class='ocr_line' id='line_1_109' title="bbox 523 4473 2116 4578; baseline -0.028 -8"><span class='ocrx_word' id='word_1_735' title='bbox 523 4511 727 4578; x_wconf 88' lang='lat' dir='ltr'>scribo,</span> <span class='ocrx_word' id='word_1_736' title='bbox 747 4509 827 4564; x_wconf 90' lang='lat' dir='ltr'>sic</span> <span class='ocrx_word' id='word_1_737' title='bbox 855 4506 1050 4577; x_wconf 90' lang='lat' dir='ltr'>utique</span> <span class='ocrx_word' id='word_1_738' title='bbox 1069 4506 1136 4556; x_wconf 89' lang='lat' dir='ltr'>ut</span> <span class='ocrx_word' id='word_1_739' title='bbox 1157 4498 1346 4553; x_wconf 92' lang='lat' dir='ltr'>doceo.</span> <span class='ocrx_word' id='word_1_740' title='bbox 1379 4491 1560 4546; x_wconf 91' lang='lat' dir='ltr'>Doceo</span> <span class='ocrx_word' id='word_1_741' title='bbox 1611 4487 1802 4537; x_wconf 88' lang='lat' dir='ltr'>autem</span> <span class='ocrx_word' id='word_1_742' title='bbox 1848 4493 1962 4532; x_wconf 90' lang='lat' dir='ltr'>non</span> <span class='ocrx_word' id='word_1_743' title='bbox 2013 4473 2116 4528; x_wconf 92' lang='lat' dir='ltr'>sub</span> 
     </span>
    </p>
   </div>
   <div class='ocr_carea' id='block_1_95' title="bbox 521 4571 2116 4669">
    <p class='ocr_par' dir='ltr' id='par_1_95' title="bbox 521 4571 2116 4669">
     <span class='ocr_line' id='line_1_110' title="bbox 521 4571 2116 4669; baseline -0.028 -9"><span class='ocrx_word' id='word_1_744' title='bbox 521 4601 710 4658; x_wconf 91' lang='lat' dir='ltr'>modio</span> <span class='ocrx_word' id='word_1_745' title='bbox 733 4614 859 4654; x_wconf 90' lang='lat' dir='ltr'>eam</span> <span class='ocrx_word' id='word_1_746' title='bbox 876 4608 1103 4669; x_wconf 89' lang='lat' dir='ltr'>ponere,</span> <span class='ocrx_word' id='word_1_747' title='bbox 1127 4586 1223 4644; x_wconf 90' lang='lat' dir='ltr'>sed</span> <span class='ocrx_word' id='word_1_748' title='bbox 1236 4598 1403 4656; x_wconf 90' lang='lat' dir='ltr'>super</span> <span class='ocrx_word' id='word_1_749' title='bbox 1432 4571 1828 4634; x_wconf 87' lang='lat' dir='ltr'>candelabrum</span> <span class='ocrx_word' id='word_1_750' title='bbox 1861 4589 1874 4624; x_wconf 88' lang='lat'><strong>:</strong></span> <span class='ocrx_word' id='word_1_751' title='bbox 1899 4571 1956 4620; x_wconf 90' lang='lat' dir='ltr'>et</span> <span class='ocrx_word' id='word_1_752' title='bbox 1983 4579 2116 4619; x_wconf 88' lang='lat' dir='ltr'>cau-</span> 
     </span>
    </p>
   </div>
   <div class='ocr_carea' id='block_1_96' title="bbox 524 4655 2119 4761">
    <p class='ocr_par' dir='ltr' id='par_1_96' title="bbox 524 4655 2119 4761">
     <span class='ocr_line' id='line_1_111' title="bbox 524 4655 2119 4761; baseline -0.028 -11"><span class='ocrx_word' id='word_1_753' title='bbox 524 4708 648 4750; x_wconf 88' lang='lat' dir='ltr'>sam</span> <span class='ocrx_word' id='word_1_754' title='bbox 673 4703 908 4761; x_wconf 88' lang='lat' dir='ltr'>expono,</span> <span class='ocrx_word' id='word_1_755' title='bbox 939 4688 1006 4738; x_wconf 92' lang='lat' dir='ltr'>ut</span> <span class='ocrx_word' id='word_1_756' title='bbox 1031 4679 1127 4753; x_wconf 89' lang='lat' dir='ltr'>qui</span> <span class='ocrx_word' id='word_1_757' title='bbox 1154 4677 1213 4732; x_wconf 93' lang='lat' dir='ltr'>in</span> <span class='ocrx_word' id='word_1_758' title='bbox 1243 4674 1408 4729; x_wconf 92' lang='lat' dir='ltr'>domo</span> <span class='ocrx_word' id='word_1_759' title='bbox 1436 4670 1570 4724; x_wconf 91' lang='lat' dir='ltr'>sunt</span> <span class='ocrx_word' id='word_1_760' title='bbox 1623 4658 1882 4718; x_wconf 90' lang='lat' dir='ltr'>omnibus</span> <span class='ocrx_word' id='word_1_761' title='bbox 1935 4655 2119 4710; x_wconf 92' lang='lat' dir='ltr'>luceat</span> 
     </span>
    </p>
   </div>
   <div class='ocr_carea' id='block_1_97' title="bbox 526 4745 2120 4842">
    <p class='ocr_par' dir='ltr' id='par_1_97' title="bbox 526 4745 2120 4842">
     <span class='ocr_line' id='line_1_112' title="bbox 526 4745 2120 4842; baseline -0.027 -4"><span class='ocrx_word' id='word_1_762' title='bbox 526 4785 623 4839; x_wconf 86' lang='lat' dir='ltr'>lux</span> <span class='ocrx_word' id='word_1_763' title='bbox 647 4745 851 4842; x_wconf 69' lang='lat' dir='ltr'>vestra,</span> <span class='ocrx_word' id='word_1_764' title='bbox 876 4745 933 4830; x_wconf 80' lang='lat' dir='ltr'>et</span> <span class='ocrx_word' id='word_1_765' title='bbox 946 4745 1195 4826; x_wconf 79' lang='lat' dir='ltr'>videntes</span> <span class='ocrx_word' id='word_1_766' title='bbox 1218 4768 1404 4819; x_wconf 90' lang='lat' dir='ltr'>vestra</span> <span class='ocrx_word' id='word_1_767' title='bbox 1425 4759 1573 4813; x_wconf 91' lang='lat' dir='ltr'>bona</span> <span class='ocrx_word' id='word_1_768' title='bbox 1593 4767 1784 4825; x_wconf 89' lang='lat' dir='ltr'>opera,</span> <span class='ocrx_word' id='word_1_769' title='bbox 1807 4745 2120 4819; x_wconf 86' lang='lat' dir='ltr'>gloriﬁcent</span> 
     </span>
    </p>
   </div>
   <div class='ocr_carea' id='block_1_98' title="bbox 526 4833 2114 4936">
    <p class='ocr_par' dir='ltr' id='par_1_98' title="bbox 526 4833 2114 4936">
     <span class='ocr_line' id='line_1_113' title="bbox 526 4833 2114 4936; baseline -0.028 -8"><span class='ocrx_word' id='word_1_770' title='bbox 526 4888 641 4927; x_wconf 90' lang='lat' dir='ltr'>non</span> <span class='ocrx_word' id='word_1_771' title='bbox 667 4885 786 4936; x_wconf 88' lang='lat' dir='ltr'>vos,</span> <span class='ocrx_word' id='word_1_772' title='bbox 820 4864 917 4920; x_wconf 90' lang='lat' dir='ltr'>sed</span> <span class='ocrx_word' id='word_1_773' title='bbox 970 4863 1194 4916; x_wconf 88' lang='lat' dir='ltr'>Patrem</span> <span class='ocrx_word' id='word_1_774' title='bbox 1230 4858 1497 4915; x_wconf 88' lang='lat' dir='ltr'>vestrum,</span> <span class='ocrx_word' id='word_1_775' title='bbox 1545 4844 1643 4917; x_wconf 93' lang='lat' dir='ltr'>qui</span> <span class='ocrx_word' id='word_1_776' title='bbox 1684 4846 1772 4897; x_wconf 90' lang='lat' dir='ltr'>est</span> <span class='ocrx_word' id='word_1_777' title='bbox 1804 4838 1864 4892; x_wconf 91' lang='lat' dir='ltr'>in</span> <span class='ocrx_word' id='word_1_778' title='bbox 1919 4833 2070 4890; x_wconf 83' lang='lat' dir='ltr'>caelis</span> <span class='ocrx_word' id='word_1_779' title='bbox 2103 4849 2114 4885; x_wconf 94' lang='lat'>:</span> 
     </span>
    </p>
   </div>
   <div class='ocr_carea' id='block_1_99' title="bbox 527 4927 2120 5034">
    <p class='ocr_par' dir='ltr' id='par_1_99' title="bbox 527 4927 2120 5034">
     <span class='ocr_line' id='line_1_114' title="bbox 527 4927 2120 5034; baseline -0.028 -15"><span class='ocrx_word' id='word_1_780' title='bbox 527 4977 700 5034; x_wconf 87' lang='lat' dir='ltr'>opera</span> <span class='ocrx_word' id='word_1_781' title='bbox 729 4957 881 5013; x_wconf 92' lang='lat' dir='ltr'>enim</span> <span class='ocrx_word' id='word_1_782' title='bbox 906 4951 1132 5022; x_wconf 90' lang='lat' dir='ltr'>requiro</span> <span class='ocrx_word' id='word_1_783' title='bbox 1159 4951 1224 5002; x_wconf 91' lang='lat' dir='ltr'>ut</span> <span class='ocrx_word' id='word_1_784' title='bbox 1235 4943 1549 5002; x_wconf 87' lang='lat' dir='ltr'>videantur,</span> <span class='ocrx_word' id='word_1_785' title='bbox 1582 4939 1640 4990; x_wconf 92' lang='lat' dir='ltr'>et</span> <span class='ocrx_word' id='word_1_786' title='bbox 1667 4937 1731 4987; x_wconf 93' lang='lat' dir='ltr'>ut</span> <span class='ocrx_word' id='word_1_787' title='bbox 1758 4927 2120 4985; x_wconf 87' lang='lat' dir='ltr'>conﬁrmetur</span> 
     </span>
     <span class='ocr_line' id='line_1_115' title="bbox 1495 5011 2118 5034; baseline -0.027 0"><span class='ocrx_word' id='word_1_788' title='bbox 1495 5025 1531 5034; x_wconf 88' lang='lat'>-.</span> <span class='ocrx_word' id='word_1_789' title='bbox 1579 5025 1629 5034; x_wconf 88' lang='lat'>..</span> <span class='ocrx_word' id='word_1_790' title='bbox 1677 5021 1765 5034; x_wconf 60' lang='grc' dir='ltr'>η,</span> <span class='ocrx_word' id='word_1_791' title='bbox 1883 5011 2118 5034; x_wconf 20' lang='lat' dir='ltr'>Mm,“</span> 
     </span>
    </p>
   </div>
   <div class='ocr_carea' id='block_1_100' title="bbox 525 5011 2120 5109">
    <p class='ocr_par' dir='ltr' id='par_1_100' title="bbox 525 5011 2120 5109">
     <span class='ocr_line' id='line_1_116' title="bbox 525 5011 2120 5109; baseline -0.028 -1"><span class='ocrx_word' id='word_1_792' title='bbox 525 5011 712 5106; x_wconf 60' lang='lat' dir='ltr'>vestra</span> <span class='ocrx_word' id='word_1_793' title='bbox 731 5011 1006 5103; x_wconf 56' lang='lat' dir='ltr'>doctrina:</span> <span class='ocrx_word' id='word_1_794' title='bbox 1037 5039 1231 5109; x_wconf 87' lang='lat' dir='ltr'>Neque</span> <span class='ocrx_word' id='word_1_795' title='bbox 1249 5040 1442 5088; x_wconf 89' lang='lat' dir='ltr'>tamen</span> <span class='ocrx_word' id='word_1_796' title='bbox 1462 5025 1636 5082; x_wconf 90' lang='lat' dir='ltr'>aliubi</span> <span class='ocrx_word' id='word_1_797' title='bbox 1672 5021 1800 5076; x_wconf 88' lang='lat' dir='ltr'>ﬁnis</span> <span class='ocrx_word' id='word_1_798' title='bbox 1829 5011 2120 5089; x_wconf 90' lang='lat' dir='ltr'>ponendus</span> 
     </span>
    </p>
   </div>
   <div class='ocr_carea' id='block_1_101' title="bbox 529 5105 2115 5211">
    <p class='ocr_par' dir='ltr' id='par_1_101' title="bbox 529 5105 2115 5211">
     <span class='ocr_line' id='line_1_117' title="bbox 529 5105 2115 5211; baseline -0.028 -13"><span class='ocrx_word' id='word_1_799' title='bbox 529 5147 617 5197; x_wconf 86' lang='lat' dir='ltr'>est</span> <span class='ocrx_word' id='word_1_800' title='bbox 650 5137 852 5211; x_wconf 90' lang='lat' dir='ltr'>operis,</span> <span class='ocrx_word' id='word_1_801' title='bbox 884 5132 1076 5187; x_wconf 90' lang='lat' dir='ltr'>nisiut</span> <span class='ocrx_word' id='word_1_802' title='bbox 1121 5142 1223 5198; x_wconf 91' lang='lat' dir='ltr'>per</span> <span class='ocrx_word' id='word_1_803' title='bbox 1251 5140 1317 5178; x_wconf 91' lang='lat' dir='ltr'>ea</span> <span class='ocrx_word' id='word_1_804' title='bbox 1351 5117 1695 5191; x_wconf 89' lang='lat' dir='ltr'>gloriﬁcetur</span> <span class='ocrx_word' id='word_1_805' title='bbox 1727 5111 1877 5164; x_wconf 91' lang='lat' dir='ltr'>Deus</span> <span class='ocrx_word' id='word_1_806' title='bbox 1929 5105 2115 5167; x_wconf 90' lang='lat' dir='ltr'>Pater,</span> 
     </span>
    </p>
   </div>
   <div class='ocr_carea' id='block_1_102' title="bbox 529 5189 2122 5303">
    <p class='ocr_par' dir='ltr' id='par_1_102' title="bbox 529 5189 2122 5303">
     <span class='ocr_line' id='line_1_118' title="bbox 534 5189 1378 5211; baseline -0.026 -14"><span class='ocrx_word' id='word_1_807' title='bbox 534 5189 616 5197; x_wconf 78' lang='lat'>---</span> <span class='ocrx_word' id='word_1_808' title='bbox 655 5189 714 5211; x_wconf 60' lang='grc' dir='ltr'>,τ</span> <span class='ocrx_word' id='word_1_809' title='bbox 729 5189 771 5193; x_wconf 76' lang='grc'>,-</span> <span class='ocrx_word' id='word_1_810' title='bbox 788 5189 799 5190; x_wconf 59' lang='lat'><strong><em>,</em></strong></span> <span class='ocrx_word' id='word_1_811' title='bbox 819 5189 852 5202; x_wconf 61' lang='lat'>,,</span> <span class='ocrx_word' id='word_1_812' title='bbox 1122 5189 1142 5198; x_wconf 85' lang='lat'>_</span> <span class='ocrx_word' id='word_1_813' title='bbox 1359 5189 1378 5191; x_wconf 97' lang='lat'>_</span> 
     </span>
     <span class='ocr_line' id='line_1_119' title="bbox 529 5189 2122 5303; baseline -0.027 -16"><span class='ocrx_word' id='word_1_814' title='bbox 529 5230 625 5303; x_wconf 87' lang='lat' dir='ltr'>qui</span> <span class='ocrx_word' id='word_1_815' title='bbox 643 5227 798 5283; x_wconf 87' lang='lat' dir='ltr'>vobis</span> <span class='ocrx_word' id='word_1_816' title='bbox 814 5226 1006 5278; x_wconf 91' lang='lat' dir='ltr'>lumen</span> <span class='ocrx_word' id='word_1_817' title='bbox 1023 5231 1214 5272; x_wconf 90' lang='lat' dir='ltr'>verum</span> <span class='ocrx_word' id='word_1_818' title='bbox 1243 5209 1468 5272; x_wconf 88' lang='lat' dir='ltr'>infudit,</span> <span class='ocrx_word' id='word_1_819' title='bbox 1489 5211 1544 5260; x_wconf 90' lang='lat' dir='ltr'>et</span> <span class='ocrx_word' id='word_1_820' title='bbox 1556 5219 1655 5276; x_wconf 89' lang='lat' dir='ltr'>per</span> <span class='ocrx_word' id='word_1_821' title='bbox 1672 5199 1914 5271; x_wconf 88' lang='lat' dir='ltr'>Spiritus</span> <span class='ocrx_word' id='word_1_822' title='bbox 1945 5189 2122 5246; x_wconf 89' lang='lat' dir='ltr'>sancti</span> 
     </span>
    </p>
   </div>
   <div class='ocr_carea' id='block_1_103' title="bbox 527 5289 2120 5392">
    <p class='ocr_par' dir='ltr' id='par_1_103' title="bbox 527 5289 2120 5392">
     <span class='ocr_line' id='line_1_120' title="bbox 527 5289 2120 5392; baseline -0.026 -17"><span class='ocrx_word' id='word_1_823' title='bbox 527 5289 770 5392; x_wconf 70' lang='lat' dir='ltr'>gratiam</span> <span class='ocrx_word' id='word_1_824' title='bbox 813 5307 1080 5383; x_wconf 87' lang='lat' dir='ltr'>operandi</span> <span class='ocrx_word' id='word_1_825' title='bbox 1110 5304 1373 5358; x_wconf 89' lang='lat' dir='ltr'>virtutem</span> <span class='ocrx_word' id='word_1_826' title='bbox 1402 5294 1574 5350; x_wconf 91' lang='lat' dir='ltr'>dedit.</span> <span class='ocrx_word' id='word_1_827' title='bbox 1624 5289 1888 5359; x_wconf 84' lang='lat' dir='ltr'>Alioquin</span> <span class='ocrx_word' id='word_1_828' title='bbox 1930 5297 2120 5337; x_wconf 91' lang='lat' dir='ltr'>cassus</span> 
     </span>
    </p>
   </div>
   <div class='ocr_carea' id='block_1_104' title="bbox 527 5373 2123 5469">
    <p class='ocr_par' dir='ltr' id='par_1_104' title="bbox 527 5373 2123 5469">
     <span class='ocr_line' id='line_1_121' title="bbox 527 5373 2123 5469; baseline -0.025 -5"><span class='ocrx_word' id='word_1_829' title='bbox 527 5373 686 5465; x_wconf 56' lang='lat' dir='ltr'>fabor</span> <span class='ocrx_word' id='word_1_830' title='bbox 713 5410 770 5458; x_wconf 91' lang='lat' dir='ltr'>et</span> <span class='ocrx_word' id='word_1_831' title='bbox 797 5373 941 5456; x_wconf 74' lang='lat' dir='ltr'>vana</span> <span class='ocrx_word' id='word_1_832' title='bbox 995 5389 1376 5469; x_wconf 77' lang='lat' dir='ltr'>praesumptio,</span> <span class='ocrx_word' id='word_1_833' title='bbox 1423 5385 1470 5439; x_wconf 89' lang='lat' dir='ltr'>si</span> <span class='ocrx_word' id='word_1_834' title='bbox 1517 5398 1630 5437; x_wconf 90' lang='lat' dir='ltr'>non</span> <span class='ocrx_word' id='word_1_835' title='bbox 1658 5380 1769 5433; x_wconf 86' lang='lat' dir='ltr'>vita</span> <span class='ocrx_word' id='word_1_836' title='bbox 1791 5373 2035 5432; x_wconf 89' lang='lat' dir='ltr'>doctoris</span> <span class='ocrx_word' id='word_1_837' title='bbox 2066 5375 2123 5425; x_wconf 90' lang='lat' dir='ltr'>et</span> 
     </span>
    </p>
   </div>
   <div class='ocr_carea' id='block_1_105' title="bbox 528 5460 2124 5568">
    <p class='ocr_par' dir='ltr' id='par_1_105' title="bbox 528 5460 2124 5568">
     <span class='ocr_line' id='line_1_122' title="bbox 528 5460 2124 5568; baseline -0.026 -13"><span class='ocrx_word' id='word_1_838' title='bbox 528 5460 736 5568; x_wconf 70' lang='lat' dir='ltr'>linguae</span> <span class='ocrx_word' id='word_1_839' title='bbox 759 5460 1022 5554; x_wconf 46' lang='lat' dir='ltr'>ofﬁcium:</span> <span class='ocrx_word' id='word_1_840' title='bbox 1056 5485 1127 5540; x_wconf 90' lang='lat' dir='ltr'>ad</span> <span class='ocrx_word' id='word_1_841' title='bbox 1154 5460 1393 5554; x_wconf 77' lang='lat' dir='ltr'>gloriam</span> <span class='ocrx_word' id='word_1_842' title='bbox 1413 5479 1469 5530; x_wconf 92' lang='lat' dir='ltr'>et</span> <span class='ocrx_word' id='word_1_843' title='bbox 1497 5470 1722 5528; x_wconf 89' lang='lat' dir='ltr'>laudem</span> <span class='ocrx_word' id='word_1_844' title='bbox 1745 5466 1847 5522; x_wconf 90' lang='lat' dir='ltr'>Dei</span> <span class='ocrx_word' id='word_1_845' title='bbox 1882 5460 2124 5519; x_wconf 89' lang='lat' dir='ltr'>devotis-</span> 
     </span>
    </p>
   </div>
   <div class='ocr_carea' id='block_1_106' title="bbox 525 5555 2125 5647">
    <p class='ocr_par' dir='ltr' id='par_1_106' title="bbox 525 5555 2125 5647">
     <span class='ocr_line' id='line_1_123' title="bbox 525 5555 2125 5647; baseline -0.027 0"><span class='ocrx_word' id='word_1_846' title='bbox 525 5555 665 5647; x_wconf 66' lang='grc' dir='ltr'>εἰῐῶ</span> <span class='ocrx_word' id='word_1_847' title='bbox 687 5584 988 5644; x_wconf 81' lang='lat' dir='ltr'>referatur.</span> <span class='ocrx_word' id='word_1_848' title='bbox 1008 5576 1078 5635; x_wconf 87' lang='lat' dir='ltr'>Et</span> <span class='ocrx_word' id='word_1_849' title='bbox 1115 5578 1183 5634; x_wconf 85' lang='lat' dir='ltr'>ut</span> <span class='ocrx_word' id='word_1_850' title='bbox 1231 5565 1421 5630; x_wconf 88' lang='lat' dir='ltr'>omnia</span> <span class='ocrx_word' id='word_1_851' title='bbox 1455 5560 1809 5637; x_wconf 84' lang='lat' dir='ltr'>colligantur,</span> <span class='ocrx_word' id='word_1_852' title='bbox 1851 5555 2125 5609; x_wconf 88' lang='lat' dir='ltr'>hactenus</span> 
     </span>
    </p>
   </div>
   <div class='ocr_carea' id='block_1_107' title="bbox 2197 4449 3760 4536">
    <p class='ocr_par' dir='ltr' id='par_1_107' title="bbox 2197 4449 3760 4536">
     <span class='ocr_line' id='line_1_124' title="bbox 2197 4449 3760 4536; baseline -0.017 -9"><span class='ocrx_word' id='word_1_853' title='bbox 2197 4470 2367 4526; x_wconf 89' lang='lat' dir='ltr'>verba</span> <span class='ocrx_word' id='word_1_854' title='bbox 2383 4470 2576 4525; x_wconf 89' lang='lat' dir='ltr'>eadem</span> <span class='ocrx_word' id='word_1_855' title='bbox 2605 4457 3170 4536; x_wconf 89' lang='lat' dir='ltr'>signiﬁcare,quodet</span> <span class='ocrx_word' id='word_1_856' title='bbox 3192 4454 3339 4520; x_wconf 87' lang='lat' dir='ltr'>iota;</span> <span class='ocrx_word' id='word_1_857' title='bbox 3362 4457 3428 4507; x_wconf 92' lang='lat' dir='ltr'>ut</span> <span class='ocrx_word' id='word_1_858' title='bbox 3460 4449 3533 4504; x_wconf 92' lang='lat' dir='ltr'>sit</span> <span class='ocrx_word' id='word_1_859' title='bbox 3569 4454 3760 4501; x_wconf 60' lang='lat' dir='ltr'>sensus,</span> 
     </span>
    </p>
   </div>
   <div class='ocr_carea' id='block_1_108' title="bbox 2200 4529 3767 4633">
    <p class='ocr_par' dir='ltr' id='par_1_108' title="bbox 2200 4529 3767 4633">
     <span class='ocr_line' id='line_1_125' title="bbox 2200 4529 3767 4633; baseline -0.02 -17"><span class='ocrx_word' id='word_1_860' title='bbox 2200 4561 2333 4633; x_wconf 89' lang='lat' dir='ltr'>quia</span> <span class='ocrx_word' id='word_1_861' title='bbox 2358 4559 2502 4613; x_wconf 92' lang='lat' dir='ltr'>sicut</span> <span class='ocrx_word' id='word_1_862' title='bbox 2522 4572 2625 4610; x_wconf 91' lang='lat' dir='ltr'>nec</span> <span class='ocrx_word' id='word_1_863' title='bbox 2644 4552 2812 4608; x_wconf 86' lang='lat' dir='ltr'>verba</span> <span class='ocrx_word' id='word_1_864' title='bbox 2842 4547 3121 4606; x_wconf 89' lang='lat' dir='ltr'>transient</span> <span class='ocrx_word' id='word_1_865' title='bbox 3144 4544 3254 4600; x_wconf 89' lang='lat' dir='ltr'>nisi</span> <span class='ocrx_word' id='word_1_866' title='bbox 3287 4540 3680 4613; x_wconf 88' lang='lat' dir='ltr'>compleantur,</span> <span class='ocrx_word' id='word_1_867' title='bbox 3697 4529 3767 4582; x_wconf 73' lang='lat' dir='ltr'>ita</span> 
     </span>
    </p>
   </div>
   <div class='ocr_carea' id='block_1_109' title="bbox 2199 4630 3766 4712">
    <p class='ocr_par' dir='ltr' id='par_1_109' title="bbox 2199 4630 3766 4712">
     <span class='ocr_line' id='line_1_126' title="bbox 2199 4630 3766 4712; baseline -0.017 -7"><span class='ocrx_word' id='word_1_868' title='bbox 2199 4667 2303 4705; x_wconf 90' lang='lat' dir='ltr'>nec</span> <span class='ocrx_word' id='word_1_869' title='bbox 2331 4650 2447 4703; x_wconf 89' lang='lat' dir='ltr'>iota</span> <span class='ocrx_word' id='word_1_870' title='bbox 2475 4660 2670 4710; x_wconf 91' lang='lat' dir='ltr'>unum,</span> <span class='ocrx_word' id='word_1_871' title='bbox 2699 4647 2816 4709; x_wconf 90' lang='lat' dir='ltr'>aut,</span> <span class='ocrx_word' id='word_1_872' title='bbox 2848 4639 2997 4712; x_wconf 91' lang='lat' dir='ltr'>quod</span> <span class='ocrx_word' id='word_1_873' title='bbox 3015 4634 3319 4691; x_wconf 88' lang='lat' dir='ltr'>minimum</span> <span class='ocrx_word' id='word_1_874' title='bbox 3343 4637 3448 4696; x_wconf 88' lang='lat' dir='ltr'>est,</span> <span class='ocrx_word' id='word_1_875' title='bbox 3477 4642 3618 4684; x_wconf 81' lang='lat' dir='ltr'>unus</span> <span class='ocrx_word' id='word_1_876' title='bbox 3645 4630 3766 4691; x_wconf 71' lang='lat' dir='ltr'>apex</span> 
     </span>
    </p>
   </div>
   <div class='ocr_carea' id='block_1_110' title="bbox 2201 4716 3768 4809">
    <p class='ocr_par' dir='ltr' id='par_1_110' title="bbox 2201 4716 3768 4809">
     <span class='ocr_line' id='line_1_127' title="bbox 2201 4716 3768 4809; baseline -0.019 -16"><span class='ocrx_word' id='word_1_877' title='bbox 2201 4755 2314 4794; x_wconf 91' lang='lat' dir='ltr'>non</span> <span class='ocrx_word' id='word_1_878' title='bbox 2339 4732 2648 4809; x_wconf 88' lang='lat' dir='ltr'>praeteribit</span> <span class='ocrx_word' id='word_1_879' title='bbox 2669 4748 2704 4785; x_wconf 90' lang='lat' dir='ltr'>a</span> <span class='ocrx_word' id='word_1_880' title='bbox 2729 4730 2871 4800; x_wconf 87' lang='lat' dir='ltr'>lege,</span> <span class='ocrx_word' id='word_1_881' title='bbox 2891 4728 3067 4782; x_wconf 88' lang='lat' dir='ltr'>donec</span> <span class='ocrx_word' id='word_1_882' title='bbox 3090 4723 3280 4779; x_wconf 90' lang='lat' dir='ltr'>omnia</span> <span class='ocrx_word' id='word_1_883' title='bbox 3308 4722 3447 4776; x_wconf 87' lang='lat' dir='ltr'>ﬁant</span> <span class='ocrx_word' id='word_1_884' title='bbox 3475 4716 3639 4772; x_wconf 89' lang='lat' dir='ltr'>etiam</span> <span class='ocrx_word' id='word_1_885' title='bbox 3662 4718 3768 4779; x_wconf 67' lang='lat' dir='ltr'>qum</span> 
     </span>
    </p>
   </div>
   <div class='ocr_carea' id='block_1_111' title="bbox 2203 4792 3769 4898">
    <p class='ocr_par' dir='ltr' id='par_1_111' title="bbox 2203 4792 3769 4898">
     <span class='ocr_line' id='line_1_128' title="bbox 2203 4792 3769 4898; baseline -0.02 -16"><span class='ocrx_word' id='word_1_886' title='bbox 2203 4829 2262 4884; x_wconf 89' lang='lat' dir='ltr'>in</span> <span class='ocrx_word' id='word_1_887' title='bbox 2292 4792 2411 4898; x_wconf 68' lang='lat' dir='ltr'>lege</span> <span class='ocrx_word' id='word_1_888' title='bbox 2443 4822 2680 4878; x_wconf 91' lang='lat' dir='ltr'>minima</span> <span class='ocrx_word' id='word_1_889' title='bbox 2705 4792 2996 4892; x_wconf 68' lang='lat' dir='ltr'>putantur.</span> <span class='ocrx_word' id='word_1_890' title='bbox 3030 4815 3156 4870; x_wconf 91' lang='lat' dir='ltr'>Non</span> <span class='ocrx_word' id='word_1_891' title='bbox 3181 4813 3304 4868; x_wconf 92' lang='lat' dir='ltr'>dico</span> <span class='ocrx_word' id='word_1_892' title='bbox 3346 4815 3536 4870; x_wconf 83' lang='lat' dir='ltr'>autem</span> <span class='ocrx_word' id='word_1_893' title='bbox 3591 4792 3769 4856; x_wconf 87' lang='lat' dir='ltr'>transi-</span> 
     </span>
    </p>
   </div>
   <div class='ocr_carea' id='block_1_112' title="bbox 2201 4891 3770 4980">
    <p class='ocr_par' dir='ltr' id='par_1_112' title="bbox 2201 4891 3770 4980">
     <span class='ocr_line' id='line_1_129' title="bbox 2201 4891 3770 4980; baseline -0.018 -7"><span class='ocrx_word' id='word_1_894' title='bbox 2201 4918 2345 4973; x_wconf 91' lang='lat' dir='ltr'>bunt</span> <span class='ocrx_word' id='word_1_895' title='bbox 2371 4932 2441 4970; x_wconf 90' lang='lat' dir='ltr'>ne</span> <span class='ocrx_word' id='word_1_896' title='bbox 2463 4915 2594 4980; x_wconf 89' lang='lat' dir='ltr'>sint,</span> <span class='ocrx_word' id='word_1_897' title='bbox 2621 4911 2719 4966; x_wconf 89' lang='lat' dir='ltr'>sed</span> <span class='ocrx_word' id='word_1_898' title='bbox 2747 4910 2922 4964; x_wconf 92' lang='lat' dir='ltr'>donec</span> <span class='ocrx_word' id='word_1_899' title='bbox 2951 4905 3152 4961; x_wconf 89' lang='lat' dir='ltr'>melius</span> <span class='ocrx_word' id='word_1_900' title='bbox 3171 4903 3312 4970; x_wconf 91' lang='lat' dir='ltr'>sint;</span> <span class='ocrx_word' id='word_1_901' title='bbox 3334 4891 3450 4955; x_wconf 84' lang='lat' dir='ltr'>iota</span> <span class='ocrx_word' id='word_1_902' title='bbox 3472 4907 3642 4952; x_wconf 89' lang='lat' dir='ltr'>unum</span> <span class='ocrx_word' id='word_1_903' title='bbox 3672 4897 3770 4940; x_wconf 78' lang='lat' dir='ltr'>non</span> 
     </span>
    </p>
   </div>
   <div class='ocr_carea' id='block_1_113' title="bbox 2201 4977 3770 5082">
    <p class='ocr_par' dir='ltr' id='par_1_113' title="bbox 2201 4977 3770 5082">
     <span class='ocr_line' id='line_1_130' title="bbox 2201 4977 3770 5082; baseline -0.023 -19"><span class='ocrx_word' id='word_1_904' title='bbox 2201 5004 2512 5082; x_wconf 68' lang='lat' dir='ltr'>praeteribit</span> <span class='ocrx_word' id='word_1_905' title='bbox 2535 4977 2644 5057; x_wconf 89' lang='lat' dir='ltr'>nisi</span> <span class='ocrx_word' id='word_1_906' title='bbox 2673 4998 2934 5072; x_wconf 89' lang='lat' dir='ltr'>operibus</span> <span class='ocrx_word' id='word_1_907' title='bbox 2980 4993 3346 5066; x_wconf 88' lang='lat' dir='ltr'>compleatur.</span> <span class='ocrx_word' id='word_1_908' title='bbox 3372 4991 3516 5044; x_wconf 87' lang='lat' dir='ltr'>Nam</span> <span class='ocrx_word' id='word_1_909' title='bbox 3556 4977 3770 5054; x_wconf 82' lang='lat' dir='ltr'>diximus</span> 
     </span>
    </p>
   </div>
   <div class='ocr_carea' id='block_1_114' title="bbox 2204 5062 3773 5164">
    <p class='ocr_par' dir='ltr' id='par_1_114' title="bbox 2204 5062 3773 5164">
     <span class='ocr_line' id='line_1_131' title="bbox 2204 5062 3773 5164; baseline -0.024 -10"><span class='ocrx_word' id='word_1_910' title='bbox 2204 5062 2492 5155; x_wconf 58' lang='lat' dir='ltr'>bhristum</span> <span class='ocrx_word' id='word_1_911' title='bbox 2533 5062 2828 5164; x_wconf 78' lang='lat' dir='ltr'>praecipuis</span> <span class='ocrx_word' id='word_1_912' title='bbox 2865 5089 3050 5157; x_wconf 90' lang='lat' dir='ltr'>legem</span> <span class='ocrx_word' id='word_1_913' title='bbox 3106 5062 3323 5137; x_wconf 84' lang='lat' dir='ltr'>duabus</span> <span class='ocrx_word' id='word_1_914' title='bbox 3380 5071 3682 5148; x_wconf 86' lang='lat' dir='ltr'>implevisse</span> <span class='ocrx_word' id='word_1_915' title='bbox 3722 5062 3773 5115; x_wconf 84' lang='lat' dir='ltr'>in</span> 
     </span>
    </p>
   </div>
   <div class='ocr_carea' id='block_1_115' title="bbox 2201 5157 3773 5254">
    <p class='ocr_par' dir='ltr' id='par_1_115' title="bbox 2201 5157 3773 5254">
     <span class='ocr_line' id='line_1_132' title="bbox 2201 5157 3773 5254; baseline -0.022 -10"><span class='ocrx_word' id='word_1_916' title='bbox 2201 5189 2402 5254; x_wconf 87' lang='lat' dir='ltr'>causis,</span> <span class='ocrx_word' id='word_1_917' title='bbox 2439 5157 2650 5239; x_wconf 78' lang='lat' dir='ltr'>scilicet</span> <span class='ocrx_word' id='word_1_918' title='bbox 2685 5157 2745 5233; x_wconf 75' lang='lat' dir='ltr'>in</span> <span class='ocrx_word' id='word_1_919' title='bbox 2770 5175 3060 5249; x_wconf 88' lang='lat' dir='ltr'>praeceptis</span> <span class='ocrx_word' id='word_1_920' title='bbox 3083 5171 3310 5242; x_wconf 86' lang='lat' dir='ltr'>agendae</span> <span class='ocrx_word' id='word_1_921' title='bbox 3344 5168 3484 5230; x_wconf 72' lang='lat' dir='ltr'>vitae,</span> <span class='ocrx_word' id='word_1_922' title='bbox 3517 5157 3658 5232; x_wconf 92' lang='lat' dir='ltr'>quod</span> <span class='ocrx_word' id='word_1_923' title='bbox 3686 5163 3773 5224; x_wconf 73' lang='lat' dir='ltr'>per</span> 
     </span>
    </p>
   </div>
   <div class='ocr_carea' id='block_1_116' title="bbox 2203 5240 3772 5343">
    <p class='ocr_par' dir='ltr' id='par_1_116' title="bbox 2203 5240 3772 5343">
     <span class='ocr_line' id='line_1_133' title="bbox 2203 5240 3772 5343; baseline -0.025 -9"><span class='ocrx_word' id='word_1_924' title='bbox 2203 5280 2320 5333; x_wconf 87' lang='lat' dir='ltr'>iota</span> <span class='ocrx_word' id='word_1_925' title='bbox 2342 5240 2517 5330; x_wconf 78' lang='lat' dir='ltr'>unum</span> <span class='ocrx_word' id='word_1_926' title='bbox 2549 5240 2789 5343; x_wconf 73' lang='lat' dir='ltr'>ﬁgurate</span> <span class='ocrx_word' id='word_1_927' title='bbox 2804 5266 2941 5322; x_wconf 89' lang='lat' dir='ltr'>satis</span> <span class='ocrx_word' id='word_1_928' title='bbox 2950 5240 3335 5326; x_wconf 74' lang='lat' dir='ltr'>monstratur;</span> <span class='ocrx_word' id='word_1_929' title='bbox 3354 5262 3411 5312; x_wconf 91' lang='lat' dir='ltr'>et</span> <span class='ocrx_word' id='word_1_930' title='bbox 3421 5240 3772 5324; x_wconf 63' lang='lat' dir='ltr'>signiﬁcanda!</span> 
     </span>
    </p>
   </div>
   <div class='ocr_carea' id='block_1_117' title="bbox 2203 5332 3774 5436">
    <p class='ocr_par' dir='ltr' id='par_1_117' title="bbox 2203 5332 3774 5436">
     <span class='ocr_line' id='line_1_134' title="bbox 2203 5332 3774 5436; baseline -0.024 -14"><span class='ocrx_word' id='word_1_931' title='bbox 2203 5369 2349 5432; x_wconf 65' lang='lat' dir='ltr'>vitm,</span> <span class='ocrx_word' id='word_1_932' title='bbox 2390 5363 2536 5436; x_wconf 92' lang='lat' dir='ltr'>quod</span> <span class='ocrx_word' id='word_1_933' title='bbox 2571 5332 2671 5433; x_wconf 74' lang='lat' dir='ltr'>per</span> <span class='ocrx_word' id='word_1_934' title='bbox 2715 5357 2930 5430; x_wconf 89' lang='lat' dir='ltr'>apicem</span> <span class='ocrx_word' id='word_1_935' title='bbox 2955 5351 3271 5425; x_wconf 84' lang='lat' dir='ltr'>expressius</span> <span class='ocrx_word' id='word_1_936' title='bbox 3315 5345 3642 5403; x_wconf 88' lang='lat' dir='ltr'>declaratur.</span> <span class='ocrx_word' id='word_1_937' title='bbox 3668 5332 3774 5388; x_wconf 73' lang='lat' dir='ltr'>Iota</span> 
     </span>
    </p>
   </div>
   <div class='ocr_carea' id='block_1_118' title="bbox 2205 5419 3772 5526">
    <p class='ocr_par' dir='ltr' id='par_1_118' title="bbox 2205 5419 3772 5526">
     <span class='ocr_line' id='line_1_135' title="bbox 2205 5419 3772 5526; baseline -0.021 -14"><span class='ocrx_word' id='word_1_938' title='bbox 2205 5457 2355 5513; x_wconf 90' lang='lat' dir='ltr'>enim</span> <span class='ocrx_word' id='word_1_939' title='bbox 2384 5452 2533 5526; x_wconf 85' lang='lat' dir='ltr'>apud</span> <span class='ocrx_word' id='word_1_940' title='bbox 2560 5451 2781 5505; x_wconf 68' lang='lat' dir='ltr'>Graecos</span> <span class='ocrx_word' id='word_1_941' title='bbox 2803 5446 2946 5501; x_wconf 90' lang='lat' dir='ltr'>sicut</span> <span class='ocrx_word' id='word_1_942' title='bbox 2970 5442 3187 5498; x_wconf 89' lang='lat' dir='ltr'>decima</span> <span class='ocrx_word' id='word_1_943' title='bbox 3209 5444 3296 5494; x_wconf 82' lang='lat' dir='ltr'>est</span> <span class='ocrx_word' id='word_1_944' title='bbox 3315 5438 3373 5492; x_wconf 88' lang='lat' dir='ltr'>in</span> <span class='ocrx_word' id='word_1_945' title='bbox 3399 5432 3591 5492; x_wconf 89' lang='lat' dir='ltr'>ordine</span> <span class='ocrx_word' id='word_1_946' title='bbox 3605 5419 3772 5494; x_wconf 73' lang='lat' dir='ltr'>alpha-</span> 
     </span>
     <span class='ocr_line' id='line_1_136' title="bbox 3629 5504 3769 5526; baseline -0.014 2"><span class='ocrx_word' id='word_1_947' title='bbox 3629 5513 3674 5526; x_wconf 61' lang='grc' dir='ltr'>υτ</span> <span class='ocrx_word' id='word_1_948' title='bbox 3719 5504 3769 5526; x_wconf 69' lang='grc'>3-</span> 
     </span>
    </p>
   </div>
   <div class='ocr_carea' id='block_1_119' title="bbox 2205 5504 3770 5616">
    <p class='ocr_par' dir='ltr' id='par_1_119' title="bbox 2205 5504 3770 5616">
     <span class='ocr_line' id='line_1_137' title="bbox 2205 5504 3770 5616; baseline -0.023 -12"><span class='ocrx_word' id='word_1_949' title='bbox 2205 5545 2340 5616; x_wconf 89' lang='lat' dir='ltr'>beti,</span> <span class='ocrx_word' id='word_1_950' title='bbox 2375 5504 2454 5601; x_wconf 58' lang='lat' dir='ltr'>sic</span> <span class='ocrx_word' id='word_1_951' title='bbox 2469 5543 2659 5600; x_wconf 85' lang='lat' dir='ltr'>decem</span> <span class='ocrx_word' id='word_1_952' title='bbox 2700 5536 2979 5613; x_wconf 84' lang='lat' dir='ltr'>signiﬁcat</span> <span class='ocrx_word' id='word_1_953' title='bbox 3003 5532 3062 5589; x_wconf 91' lang='lat' dir='ltr'>in</span> <span class='ocrx_word' id='word_1_954' title='bbox 3089 5547 3284 5589; x_wconf 88' lang='lat' dir='ltr'>eorum</span> <span class='ocrx_word' id='word_1_955' title='bbox 3329 5537 3581 5586; x_wconf 88' lang='lat' dir='ltr'>numero.</span> <span class='ocrx_word' id='word_1_956' title='bbox 3629 5504 3770 5572; x_wconf 79' lang='lat' dir='ltr'>Unde</span> 
     </span>
    </p>
   </div>
  </div>
