3938 6174
282 273 378 329 237
1057 273 1435 332 EXPOSITIO
1475 277 1553 333 IN
1593 275 2037 332 MAT’I‘HEUM.
2088 307 2152 318 —
2194 277 2328 334 LIB.
2373 278 2472 344 III,
2515 277 2672 334 CAP.
2713 278 2778 332 V.
3442 280 3548 338 238

279 397 489 470 liquido
537 397 732 452 decem
777 397 1169 454 mandatorum
1209 402 1438 471 agendae
1480 402 1606 457 vitae
1654 403 2202 475 summaASugillat
2247 420 2380 474 ergo
2419 405 2524 458 hoc
2570 405 2690 459 loco
2734 401 2955 458 Scribas
2985 406 3042 458 et
3072 402 3398 473 Pharisaeos,
3433 408 3548 478 qui,

280 487 580 557 colligitur.
618 487 933 542 Ostendens
966 491 1114 560 quod
1145 492 1363 546 nullum
1394 510 1588 548 eorum
1621 495 1876 549 Christus
1959 493 2292 564 contemptis
2338 494 2439 547 Dei
2483 493 2779 559 mandatis,
2812 493 3067 564 proprias
3096 493 3202 547 sibi
3231 495 3554 550 statuebant

282 577 500 630 venerit
529 577 762 643 solvere,
798 577 892 630 sed
925 579 1112 632 omnia
1141 587 1204 634 ut
1231 582 1527 652 perfectius
1558 585 1714 650 ﬁant,
1749 601 1876 655 per-
1961 582 2310 648 traditiones,
2344 583 2493 653 quod
2535 589 2591 636 et
2633 583 2966 636 Christianis
3010 583 3177 636 etiam
3224 590 3310 636 est
3353 601 3552 639 caven-

283 665 607 752 fectioribus
650 666 869 738 potiora
902 668 1272 739 praecipiendo
1302 672 1520 742 plenius
1550 673 1874 744 adimplere.
1963 675 2118 728 dum.
2145 676 2318 729 Porro
2340 675 2397 730 in
2426 693 2598 747 regno
2625 677 2892 730 cmlorum
2918 676 3184 730 minimus
3211 679 3396 732 vocari
3427 678 3560 732 dici-

284 753 500 810 Deinde
539 771 716 809 unum
762 756 977 826 apicem
1015 758 1354 826 litterarum,
1387 762 1622 816 minima
1650 779 1883 833 quaeque
1964 769 2076 830 tur,
2098 765 2232 835 quia
2250 765 2515 835 indignus
2537 765 2632 819 illo
2649 766 2774 819 erit.
2793 766 2856 819 In
2876 781 2941 819 eo
2959 781 3130 835 regno
3151 767 3356 837 quippe
3374 767 3558 821 nullus

287 845 496 898 scilicet
553 850 960 916 praeceptorum
1005 847 1384 917 signiﬁcanda:
1427 850 1551 904 vita;
1599 852 1884 922 praeterire
1967 853 2253 919 minimus,
2285 854 2384 907 sed
2411 870 2604 907 omnes
2633 854 2822 922 magni
2851 860 3052 920 erunt;
3085 855 3216 924 quia
3241 855 3343 908 etsi
3375 856 3564 927 pusilli

287 933 542 999 noveris;
593 933 691 987 sed
740 934 954 1005 apicem
995 951 1186 989 rerum
1218 943 1275 991 et
1305 938 1557 993 omnium
1589 940 1885 994 mandato-
1967 942 2122 1014 prius
2151 941 2578 1008 benedicuntur,
2608 959 2674 996 ea
2721 959 2948 1012 prorsus
2989 941 3377 997 benedictione
3410 945 3568 1014 digni

288 1039 436 1090 rum,
468 1023 717 1093 seipsum
764 1023 977 1078 scilicet
1013 1042 1077 1078 ex
1111 1025 1232 1095 lege
1262 1033 1318 1080 et
1355 1028 1660 1098 prophetis,
1695 1035 1758 1083 ut
1792 1045 1886 1083 ve-
1970 1037 2155 1097 erunt,
2195 1031 2329 1102 quia
2357 1031 2503 1084 inter
2544 1047 2767 1084 summa
2795 1031 3121 1084 deliciarum
3151 1033 3393 1100 paradisi
3423 1050 3565 1102 gau-

288 1113 455 1166 ritate
484 1113 920 1183 complerentur,
959 1115 1180 1185 singula
1205 1116 1504 1186 perfectius
1533 1123 1589 1171 et
1616 1117 1888 1188 integrius
1969 1121 2064 1175 dia
2091 1125 2224 1174 tunc
2269 1120 2460 1190 magni
2490 1125 2674 1173 erunt.
2706 1119 2864 1183 Quod
2913 1119 3052 1173 bene
3083 1124 3316 1191 captura
3343 1120 3439 1175 illa
3477 1121 3565 1192 pi-

289 1201 612 1256 restituere.
642 1202 902 1272 Alioquin
927 1219 1038 1257 non
1057 1204 1216 1258 video
1249 1207 1527 1276 quomodo
1555 1207 1895 1278 evangelista
1976 1209 2153 1264 scium
2184 1208 2462 1278 designat,
2505 1207 2602 1262 ubi
2631 1209 2857 1279 plenum
2897 1213 3016 1262 rete
3059 1209 3278 1279 magnis
3304 1209 3566 1280 piscibus,

292 1290 528 1344 Hebraeo
549 1307 806 1344 sermone
833 1291 950 1346 haec
970 1292 1217 1348 scribens
1239 1311 1351 1348 non
1370 1296 1550 1366 magis
1569 1297 1715 1361 Ioth,
1735 1297 1896 1366 juxta
1976 1303 2202 1352 centum
2226 1297 2482 1351 videlicet
2508 1297 2918 1368 quinquaginta
2945 1296 3143 1362 tribus,
3178 1297 3249 1350 ad
3267 1298 3424 1353 littus
3452 1305 3572 1353 tra-

291 1381 699 1450 proprietatem
728 1380 933 1450 linguae
963 1382 1227 1437 adhibere
1255 1383 1539 1438 debuisset
1567 1385 1624 1439 in
1655 1386 1895 1456 ﬁguram
1977 1387 2149 1444 hitur.
2165 1386 2358 1440 Potest
2377 1390 2434 1439 et
2454 1385 2617 1439 aliter
2634 1385 2992 1456 interpretari
3011 1404 3022 1438 :
3041 1386 3189 1456 quod
3205 1386 3472 1442 minimus
3485 1404 3578 1442 vo-

293 1473 487 1535 που
515 1486 686 1540 quam
707 1470 824 1523 iota
845 1470 1051 1540 linguae
1079 1472 1332 1539 alterius,
1357 1491 1420 1527 ex
1444 1491 1554 1545 quo
1575 1475 1780 1545 passim
1807 1475 1900 1529 de-
1981 1475 2203 1529 cabitur
2222 1475 2280 1528 in
2303 1491 2474 1545 regno
2498 1475 2785 1540 calorum,
2809 1474 2862 1528 id
2887 1479 2991 1540 est,
3014 1475 3070 1528 in
3090 1476 3351 1545 praesenti
3371 1476 3580 1531 Christi

290 1574 412 1612 cem
459 1563 856 1614 monstrantur
884 1577 1106 1632 semper
1143 1563 1203 1616 in
1243 1579 1498 1618 numero.
1531 1563 1656 1618 Ioth
1695 1564 1900 1636 quippe
1983 1565 2244 1631 Ecclesia,
2279 1581 2402 1634 qua:
2427 1565 2546 1634 jam
2575 1564 2768 1632 multis
2797 1563 2857 1616 in
2883 1563 3017 1617 locis
3046 1580 3279 1634 regnum
3313 1565 3581 1620 cmlorum

293 1649 546 1715 confusio
592 1649 675 1701 vel
724 1651 982 1704 desolatio
1030 1651 1452 1723 interpretatur,
1485 1658 1543 1707 et
1587 1653 1712 1708 ideo
1757 1654 1901 1708 hanc
1983 1654 2207 1708 dicitur.
2240 1653 2494 1708 Profecto
2523 1653 2652 1706 talis
2683 1651 2918 1723 quilibet
2949 1669 3073 1707 cum
3123 1654 3389 1709 claruerit
3434 1654 3582 1724 quod

293 1737 564 1791 adhibere
608 1754 709 1808 pro
755 1755 820 1792 eo
865 1755 978 1793 non
1007 1740 1212 1807 decuit,
1246 1742 1342 1795 sed
1387 1742 1540 1796 illam
1587 1759 1688 1813 per
1729 1748 2088 1819 quamBest,
2120 1743 2388 1796 minimus
2419 1742 2478 1796 in
2515 1741 2758 1796 Ecclesia
2791 1741 3095 1807 vocabitur,
3132 1743 3262 1812 quia
3289 1743 3583 1814 despectus

293 1827 568 1897 mysticus
595 1832 883 1898 gestorum
914 1829 1172 1899 signatur
1204 1847 1492 1886 numerus.
1524 1832 1682 1896 Quod
1711 1839 1900 1886 autem
1984 1833 2108 1887 erit.
2161 1832 2372 1886 Idcirco
2421 1831 2480 1884 in
2525 1847 2590 1884 eo
2641 1846 2833 1900 regno,
2884 1830 2980 1884 ubi
3011 1831 3365 1885 solummodo
3393 1833 3584 1902 magni

294 1915 461 1968 dicit:
484 1917 857 1971 Doneccalum
875 1924 924 1971 et
942 1923 1092 1972 terra
1116 1922 1458 1987 transibunt,
1477 1923 1588 1974 iota
1611 1939 1788 1975 unum
1803 1926 1901 1975 aut
1983 1927 2165 1986 erunt,
2203 1938 2315 1974 non
2345 1919 2454 1973 erit
2482 1920 2676 1990 utique
2711 1938 2722 1972 :
2758 1919 2891 1989 quia
2928 1921 3270 1990 praelationis
3293 1922 3492 1990 gradu,
3527 1921 3586 1974 in

298 2021 443 2058 unus
473 2021 618 2073 apes:
647 2022 758 2059 non
787 2010 1085 2074 prateribit
1114 2025 1148 2061 a
1181 2012 1306 2077 lege,
1333 2010 1445 2063 tale
1477 2016 1562 2063 est
1591 2027 1656 2064 ac
1683 2011 1730 2063 si
1759 2011 1902 2065 dice-
1985 2011 2092 2064 isto
2131 2011 2264 2064 dum
2296 2013 2464 2076 esset,
2497 2008 2760 2078 indignus
2792 2008 2915 2062 fuit.
2959 2009 3100 2061 Hinc
3136 2009 3392 2079 sequitur
3425 2028 3436 2062 :
3483 2011 3590 2077 Qui

296 2099 400 2159 ret,
428 2111 545 2148 non
571 2095 878 2165 prazteribit
898 2113 1092 2150 eorum
1114 2097 1401 2169 quidpiam
1423 2115 1487 2152 ex
1509 2099 1762 2170 utrisque
1782 2117 1905 2171 par—
1988 2105 2171 2153 autem
2201 2100 2390 2165 fecerit
2439 2103 2486 2152 et
2519 2100 2766 2151 docuerit
2803 2100 2898 2162 sic,
2930 2113 3167 2164 magnus
3214 2101 3499 2152 vocabitur
3528 2101 3592 2152 in

297 2183 467 2249 tibus,
500 2183 614 2237 nisi
643 2190 700 2237 et
729 2184 826 2237 illa
853 2202 1074 2256 semper
1101 2186 1397 2256 perfectius
1427 2193 1669 2256 agantur
1689 2205 1754 2241 ex
1779 2205 1904 2259 ope-
1988 2204 2154 2254 regno
2185 2191 2463 2241 calorum.
2497 2185 2774 2239 Fortassis
2805 2202 2936 2254 ergo
2964 2185 3097 2256 quia
3125 2187 3184 2239 in
3217 2187 3461 2241 Ecclesia
3483 2188 3592 2242 hu-

299 2289 377 2338 re,
407 2279 468 2326 et
491 2273 613 2327 haec
641 2273 710 2326 de
742 2290 831 2328 me
857 2274 1232 2344 signiﬁcantia
1261 2277 1402 2330 ﬁant
1431 2277 1488 2330 in
1516 2276 1750 2331 veritate
1783 2278 1905 2331 luce
1991 2276 2138 2330 milis
2167 2282 2224 2330 et
2251 2275 2547 2346 perfectus,
2583 2275 2714 2329 licet
2742 2274 2992 2344 abjectus
3019 2275 3207 2341 fuerit,
3237 2275 3439 2329 idcirco
3463 2278 3592 2346 jure

297 2361 508 2416 clarius
537 2370 946 2417 consummata.
975 2364 1084 2418 Sed
1113 2370 1301 2418 tamen
1331 2365 1564 2431 interea,
1591 2366 1767 2420 donec
1797 2383 1902 2420 cce-
1984 2365 2043 2418 in
2065 2365 2162 2418 illo
2184 2381 2421 2434 magnus
2443 2364 2569 2418 erit.
2588 2364 2662 2417 At
2682 2380 2812 2417 vero
2833 2369 3062 2417 econtra
3080 2363 3192 2427 ille,
3213 2365 3346 2434 quia
3367 2365 3595 2435 indigne

300 2452 419 2506 lum
450 2457 509 2506 et
539 2458 696 2506 terra
737 2459 1046 2520 transeant,
1080 2455 1127 2507 si
1170 2471 1282 2525 qua
1308 2459 1526 2510 restant
1563 2456 1648 2509 vel
1688 2456 1909 2510 modica

301 2559 424 2612 qua:
454 2541 699 2595 necdum
743 2543 983 2612 ﬁguram
1015 2543 1406 2613 aenigmatibus
1432 2544 1544 2598 sint
1572 2549 1905 2611 monstrata,

302 2647 412 2685 non
438 2630 756 2702 praeteribit
775 2647 970 2685 eorum
993 2631 1278 2703 quidpiam
1298 2638 1430 2688 ante
1452 2633 1508 2686 in
1534 2633 1909 2704 corruptionis

301 2719 562 2786 formam,
605 2720 812 2774 sensim
836 2720 1096 2776 universa
1123 2721 1298 2776 donec
1327 2723 1606 2793 completa
1628 2724 1784 2776 ﬁant.
1811 2723 1910 2776 His

303 2809 494 2880 itaque
507 2810 693 2875 dictis,
710 2826 823 2864 non
835 2809 1132 2880 praescribo
1147 2810 1544 2882 simpliciorem
1559 2828 1910 2882 quorumque

306 2899 760 2970 explanationem
790 2920 802 2965 ;
829 2899 926 2953 sed
958 2899 1152 2954 lectori
1183 2900 1373 2965 etiam,
1408 2901 1454 2954 si
1485 2901 1670 2972 aptius
1699 2900 1912 2972 aliquid

287 2989 548 3043 -inveniri
569 2989 780 3059 poterit
803 2989 951 3059 quod
970 2989 1194 3043 veritati
1216 2995 1507 3060 congruat,
1529 2990 1666 3044 illud
1697 2989 1914 3061 aperire

1990 2454 2255 2524 praelatus
2285 2457 2637 2523 contemptor
2669 2452 2793 2518 fuit,
2827 2469 2938 2506 non
2968 2453 3092 2507 dico
3122 2453 3180 2506 in
3208 2453 3303 2506 illo
3333 2471 3594 2524 magnus,

1992 2558 2188 2596 verum
2219 2542 2387 2596 etiam
2418 2541 2478 2595 in
2508 2542 2772 2612 praesenti
2803 2557 2976 2611 regno
3003 2541 3374 2596 Ecclesiarum
3405 2544 3506 2597 Dei
3540 2549 3598 2598 et

1993 2631 2287 2685 hominum
2309 2629 2541 2701 judicio,
2567 2630 2834 2684 minimus
2857 2631 2978 2701 jam
2999 2636 3245 2699 vocatus,
3269 2633 3599 2704 contempti-

1991 2719 2121 2774 bilis
2153 2720 2278 2774 erit.
2444 2788 2450 2794 υ

2064 2812 2194 2864 Dico
2243 2811 2394 2864 enim
2439 2810 2604 2874 vobis,
2637 2810 2772 2876 quia
2816 2809 2931 2862 nisi
2974 2809 3343 2864 abundaverit
3368 2813 3597 2880 justitia

1996 2903 2177 2953 vestra
2200 2902 2330 2967 plus
2368 2913 2540 2967 quam
2579 2895 2910 2952 Scribarum
2938 2903 2986 2951 et
3025 2899 3448 2966 Pharisaeorum,
3485 2915 3598 2955 non

1997 2988 2286 3042 intrabitis
2318 2989 2381 3040 in
2407 3003 2644 3054 regnum
2668 2989 2946 3040 calorum.
2979 2986 3123 3040 Sane
3151 2987 3298 3058 quod
3324 2987 3436 3042 ait:
3469 2991 3599 3044 Dico

307 3082 360 3131 et
389 3077 501 3130 ista
533 3075 836 3130 decernere
863 3077 1172 3131 committo.
1205 3078 1490 3131 Duntaxat
1519 3077 1700 3130 modis
1730 3075 1971 3138 omni-C
1994 3078 2160 3141 vobis,
2183 3091 2447 3146 magnam
2473 3074 2533 3127 in
2561 3074 2747 3129 animo
2779 3074 3002 3129 lectoris
3039 3075 3146 3128 vim
3177 3081 3234 3129 et
3261 3076 3598 3148 profundam

307 3165 406 3219 bus
437 3182 508 3219 ex
529 3165 654 3234 lege
687 3165 791 3218 hoc
820 3165 1114 3236 intelligat,
1149 3183 1272 3236 qua;
1299 3166 1533 3220 minima
1564 3171 1836 3237 putantur
1855 3165 1914 3219 in
1999 3164 2282 3234 cogitandi
2315 3163 2747 3233 intelligentiam
2769 3163 3019 3218 incussit.
3040 3164 3185 3228 Quia
3214 3181 3328 3220 non
3359 3166 3602 3237 quicun-

307 3271 390 3321 ea,
415 3255 570 3326 quod
589 3256 955 3310 sacramentis
976 3257 1142 3326 plena
1163 3255 1277 3309 sint
1298 3255 1504 3309 omnia.
1527 3256 1590 3309 In
1613 3254 1914 3325 Evangelio
1999 3271 2128 3325 que,
2173 3253 2271 3307 sed
2308 3252 2501 3307 divina
2545 3253 2830 3323 majestas,
2881 3257 2939 3307 et
2979 3252 3292 3308 immensus
3329 3255 3600 3327 Omnipo-

309 3360 532 3414 quoque
577 3350 780 3398 cuncta
830 3344 1198 3415 recapitulata
1253 3343 1421 3398 etiam
1468 3360 1757 3414 quousque
1801 3342 1916 3396 ele-
1996 3349 2122 3398 tens
2150 3360 2251 3413 per
2273 3359 2334 3397 se
2373 3342 2454 3396 ait
2493 3361 2504 3396 :
2556 3344 2685 3396 Dico
2712 3343 2884 3398 vobis.
2921 3341 3040 3409 Ille,
3084 3342 3334 3413 inquam,
3368 3350 3471 3412 est,
3505 3345 3600 3416 qui

312 3439 502 3487 menta
533 3433 734 3486 mundi
762 3437 1072 3499 transeant,
1100 3432 1362 3504 cperibus
1391 3437 1448 3487 et
1477 3433 1670 3503 ﬁguris
1699 3449 1766 3486 ea
1794 3448 1916 3503 quae
1999 3437 2056 3486 et
2085 3448 2152 3486 ea
2175 3430 2680 3502 imperfectioribus
2704 3447 2805 3500 per
2825 3429 3111 3484 ministros
3131 3431 3269 3502 legis
3289 3438 3347 3486 et
3367 3433 3602 3505 prophe-

312 3522 553 3576 necdum
586 3521 864 3576 redhibita
897 3527 1045 3588 sunt,
1078 3523 1369 3593 explenda.

387 3612 492 3677 Qui
520 3627 649 3678 ergo
679 3615 896 3665 solverit
927 3629 1108 3666 unum
1146 3614 1210 3666 de
1251 3613 1533 3665 mandatis
1560 3614 1698 3677 istis,
1742 3613 1914 3664 mini-

313 3716 436 3752 mus
458 3701 751 3754 vocabitur
771 3704 833 3754 in
856 3718 1023 3769 regno
1045 3705 1319 3756 calorum.
1341 3701 1761 3771 Signiﬁcantius
1782 3701 1919 3754 satis

308 3788 452 3844 dixit
480 3791 551 3844 de
581 3791 864 3844 mandatis
893 3791 1034 3858 istis,
1069 3808 1191 3863 quae
1219 3807 1322 3862 per
1349 3793 1465 3846 iota
1495 3796 1551 3845 et
1575 3791 1788 3861 apicem
1822 3807 1918 3843 ex-

307 3880 563 3949 pressius
596 3880 669 3934 ad
710 3881 1107 3951 perfectionem
1145 3897 1314 3952 supra
1342 3880 1753 3952 praeﬁguravit;
1796 3897 1917 3950 qum

307 3969 447 4023 licet
476 3970 718 4023 minima
744 3971 1056 4038 videantur,
1089 3971 1135 4024 si
1168 3970 1291 4042 quis
1321 3987 1385 4024 ea
1416 3971 1659 4035 solverit,
1693 3969 1789 4022 illa
1817 3968 1920 4022 sci-

306 4058 447 4112 licet
467 4075 583 4112 non
613 4059 852 4129 agendo,
886 4060 995 4113 ista
1025 4076 1154 4113 vero
1180 4076 1292 4113 non
1320 4058 1616 4122 credendo,
1642 4063 1698 4111 et
1725 4057 1923 4111 docue-

303 4147 394 4200 rit
430 4148 512 4201 sic
545 4148 825 4214 homines,
859 4148 1126 4203 minimus
1153 4147 1440 4202 vocabitur
1467 4147 1523 4200 in
1549 4163 1723 4216 regno
1753 4147 1921 4200 ccelo-

301 4253 466 4303 rum,
484 4237 734 4308 profecto
763 4254 874 4292 non
905 4238 1037 4309 quia
1057 4238 1264 4304 docuit,
1287 4238 1382 4291 sed
1416 4236 1547 4307 quia
1575 4236 1736 4290 solvit
1758 4241 1815 4289 et
1841 4235 1919 4290 sic

1997 3526 2185 3575 tarum
2211 3536 2312 3574 suo
2334 3525 2585 3590 tempore
2603 3519 2917 3585 mandavit;
2948 3524 3006 3572 et
3032 3535 3181 3574 nunc
3209 3521 3370 3576 nobis
3396 3540 3499 3594 per
3517 3539 3602 3578 se-

2000 3609 2300 3680 metipsum
2317 3610 2438 3678 jam
2460 3607 2801 3662 doctioribus
2830 3606 3243 3662 abundantiora
3272 3611 3469 3664 salutis
3500 3628 3597 3666 su-

2000 3698 2336 3770 peraddidit.
2367 3696 2764 3766 Superaddidit
2790 3712 3052 3766 namque,
3078 3703 3134 3750 et
3161 3714 3271 3751 non
3293 3715 3414 3768 qua:
3443 3701 3598 3770 prius

2001 3788 2370 3842 mandaverat
2393 3785 2648 3839 absolvit.
2681 3785 2891 3838 Idcirco
2917 3784 3102 3854 inquit
3133 3803 3145 3838 :
3189 3788 3315 3839 Nisi
3341 3790 3598 3844 abunda-

2000 3881 2139 3931 verit
2160 3878 2388 3945 justitia
2417 3879 2615 3939 vestra,
2641 3877 2698 3926 et
2721 3872 3002 3942 justitiam
3028 3889 3220 3927 eorum
3243 3874 3377 3929 dicit
3405 3879 3600 3932 omnia

2002 3966 2099 4020 illa
2119 3966 2188 4019 ad
2209 3964 2458 4018 divinum
2481 3963 2692 4017 cultum
2713 3962 3007 4015 actualiter
3026 3968 3320 4033 praecepta,
3344 3982 3440 4019 seu
3458 3967 3599 4038 ﬁgu-

2003 4072 2193 4109 rarum
2223 4053 2477 4124 mystica,
2500 4058 2690 4106 tamen
2720 4052 2790 4104 ad
2819 4052 3066 4106 litteram
3095 4052 3371 4120 instituta,
3396 4056 3598 4126 quibus

2003 4144 2262 4199 omnibus
2279 4143 2446 4196 simul
2466 4141 2700 4212 expletis
2715 4140 2936 4211 justitia
2957 4140 3276 4196 Scribarum
3296 4145 3597 4215 applaude-

2002 4232 2304 4288 batur.Sed
2320 4231 2451 4302 quia
2463 4230 2720 4285 Christus
2736 4246 2858 4301 quas
2871 4230 3106 4284 deerant
3119 4232 3347 4301 agendae
3361 4233 3486 4288 vitae
3504 4252 3598 4290 su-

297 4325 526 4380 docuit.
569 4328 715 4393 Non,
768 4328 1019 4398 inquam,
1056 4327 1360 4381 secundum
1413 4327 1560 4397 quod
1607 4325 1819 4378 invenit
1862 4329 1939 4398 et
1999 4320 2412 4394 peraddidit,et
2430 4336 2552 4390 quae
2571 4319 2796 4374 fuerant
2814 4318 3192 4389 signiﬁcandae
3219 4320 3343 4376 vitae
3363 4325 3597 4394 promisi

294 4415 476 4485 legit,
500 4415 600 4469 sed
629 4397 939 4471 secundum
961 4416 1108 4488 quod
1141 4433 1253 4470 non
1278 4420 1540 4487 operatus
1569 4419 1671 4480 est,
1693 4414 1781 4468 vel
1805 4430 1916 4468 non
1933 4397 1981 4456 D
1999 4411 2247 4466 sionibus
2261 4409 2611 4475 adumbrata,
2628 4408 2861 4461 veritate
2881 4407 2968 4461 sui
2985 4425 3048 4462 ac
3062 4409 3398 4479 perfectione
3418 4415 3595 4484 reple-

290 4509 467 4558 recte
497 4505 754 4561 credidit.
779 4505 1006 4560 Solvere
1035 4511 1223 4560 autem
1255 4521 1429 4559 unum
1459 4520 1672 4569 eorum,
1708 4507 1794 4557 est
1819 4508 1918 4558 aut

291 4610 428 4648 non
479 4611 646 4663 agere
687 4595 835 4665 quod
875 4600 1024 4650 recte
1051 4594 1335 4664 intelligit,
1374 4599 1473 4648 aut
1501 4609 1612 4646 non
1638 4597 1786 4646 recte
1824 4593 1912 4648 in-

288 4683 570 4752 telligere
619 4683 772 4754 quod
811 4699 877 4736 ex
922 4699 1026 4737 sua
1069 4683 1373 4737 traditione
1408 4680 1765 4752 depravavit;
1815 4685 1916 4734 aut

287 4776 460 4826 torte
506 4771 859 4838 imminuere,
910 4773 956 4826 si
999 4772 1132 4844 quid
1181 4771 1252 4826 ad
1291 4771 1678 4842 integritatem
1728 4770 1913 4840 perfe-

1999 4501 2278 4564 vit203
2283 4499 2412 4568 jure
2433 4495 2854 4568 perfectioribus
2862 4497 2981 4566 jam
2999 4496 3304 4567 discipulis,
3320 4501 3403 4554 vel
3415 4503 3593 4557 omni-

1997 4589 2100 4643 bus
2115 4587 2448 4643 Christianis
2463 4586 2597 4640 dicit
2613 4604 2624 4639 :
2645 4586 2768 4640 Nisi
2787 4586 3153 4639 abundaverit
3165 4590 3395 4654 juslilia
3411 4597 3590 4645 vestra

1994 4681 2118 4747 plus
2135 4693 2303 4746 quam
2315 4677 2738 4740 Pharisaeorum,
2753 4679 2857 4728 etc.
2873 4673 3005 4727 Plu's
3017 4675 3165 4728 enim
3179 4675 3446 4745 abundat,
3461 4697 3590 4735 cum

1996 4767 2076 4820 illi
2095 4766 2317 4822 oderint
2344 4764 2618 4830 inimicos,
2651 4768 2708 4817 et
2735 4779 2840 4817 nos
2869 4779 2963 4817 eos
2993 4763 3281 4834 diligimus
3306 4785 3318 4834 ;
3350 4785 3476 4823 cum
3508 4770 3590 4825 illi

281 4861 521 4917 ctionis
549 4879 613 4916 ex
643 4861 945 4933 Evangelio
964 4862 1230 4917 manavit.
1265 4860 1525 4925 Quolibet
1545 4860 1718 4930 igitur
1746 4859 1913 4912 modo

280 4951 421 5005 iota
480 4966 656 5006 unum
688 4957 788 5005 aut
830 4951 1043 5022 apicem
1087 4967 1154 5005 ex
1195 4949 1476 5005 mandatis
1514 4948 1636 5003 istis
1667 4947 1914 5001 minimis

279 5039 562 5106 solverit,
596 5046 654 5094 et
680 5041 934 5095 docuerit
960 5041 1038 5095 sic
1082 5041 1357 5106 homines,
1394 5039 1664 5093 minimus
1693 5035 1913 5090 vocabi-

279 5137 412 5197 tur,
454 5145 577 5184 non
613 5129 749 5200 quia
795 5147 927 5184 sane
969 5129 1177 5196 docuit,
1222 5130 1321 5184 sed
1368 5128 1501 5200 quia
1536 5127 1682 5181 male
1729 5125 1911 5192 solvit,

282 5226 348 5277 et
398 5219 501 5275 sic
545 5219 755 5273 docuit.
789 5219 931 5273 Hinc
959 5219 1125 5273 velim
1171 5218 1417 5290 prudens
1454 5217 1630 5272 lector
1659 5214 1916 5269 attendat

281 5325 487 5382 quam
541 5309 918 5379 periculosum
958 5309 1031 5363 sit
1077 5308 1360 5379 magistris
1407 5305 1778 5361 Ecclesiarum
1827 5304 1914 5357 vel

279 5397 571 5455 minimis
605 5398 844 5469 peccatis
874 5397 1137 5453 obnoxios
1165 5414 1306 5452 esse.
1340 5395 1484 5460 Quid
1513 5394 1662 5448 enim
1686 5393 1916 5465 prodest

280 5493 524 5546 docere
569 5488 850 5557 justitiam
895 5504 1062 5559 quem
1103 5487 1340 5542 minima
1375 5484 1615 5540 destruit
1643 5484 1824 5554 culpa,
1858 5487 1916 5536 et

283 5598 322 5637 a
360 5575 575 5657 gradu
610 5578 854 5633 maximo
898 5577 1090 5651 dejicit
1128 5577 1266 5633 levis
1293 5579 1482 5642 264
1510 5571 1915 5647 praesumptio?

1994 4861 2214 4911 tantum
2235 4871 2348 4909 non
2369 4853 2692 4908 adulterant
2711 4857 2767 4906 et
2785 4868 2886 4906 nos
2916 4853 3210 4908 mulierem
3231 4856 3300 4910 ad
3323 4859 3587 4930 concupi-

1996 4945 2261 5001 scendum
2279 4960 2393 4998 non
2416 4942 2717 5013 aspicimus
2740 4957 2753 5002 ;
2784 4957 2910 4995 cum
2941 4941 3022 4994 illi
3042 4959 3153 4996 non
3174 4945 3506 5016 occiderent,
3531 4954 3589 5003 et

1996 5052 2098 5089 nos
2114 5050 2215 5088 nec
2227 5030 2718 5086 irascamur.'l‘alia
2735 5029 3014 5101 siquidem
3030 5036 3087 5085 et
3108 5032 3180 5086 hu
3182 5034 3450 5103 jusmodi,
3465 5055 3588 5108 qua:

1998 5141 2032 5178 a
2051 5123 2271 5178 Christo
2293 5120 2550 5192 apposita
2568 5125 2716 5186 sunt,
2741 5119 3015 5189 potiorem
3036 5127 3283 5177 nostram
3305 5125 3586 5194 justitiam

1996 5213 2112 5267 Deo
2133 5210 2546 5274 commendant,
2573 5225 2684 5280 qua
2706 5207 3050 5278 justiﬁcatur
3068 5211 3250 5266 omnis
3272 5215 3367 5285 qui
3389 5233 3454 5271 ex
3479 5217 3588 5271 ﬁde

1995 5300 2145 5354 vivit.
2200 5301 2325 5354 Non
2379 5298 2529 5351 enim
2570 5297 2680 5350 alia
2719 5302 2805 5350 est
2850 5297 3298 5356 Christianorum
3341 5305 3583 5375 justitia,

1995 5406 2163 5462 quam
2193 5405 2322 5442 vera
2348 5387 2484 5442 ﬁdes
2504 5403 2571 5440 ex
2597 5387 2719 5457 lege
2749 5385 2806 5439 in
2836 5386 3135 5457 Evangelio
3163 5393 3424 5460 perfectis
3454 5406 3589 5462 cpe-

1995 5477 2150 5534 ribus
2165 5481 2569 5533 consummata.
2591 5475 2700 5530 Sed
2721 5475 2853 5546 quia
2876 5475 3081 5531 Scribae
3101 5483 3156 5531 et
3175 5480 3441 5537 Pharisaei
3459 5490 3587 5532 eum

1997 5585 2063 5624 ex
2090 5569 2213 5639 lege
2251 5567 2468 5624 venisse
2514 5566 2833 5622 nullatenus
2878 5565 3256 5637 crediderunt,
3290 5569 3495 5626 idcirco
3525 5572 3623 5631 er
