3938 6174
493 314 598 370 ‘239

1255 314 1310 366 S.
1355 311 1731 366 PASCHASII
1771 267 2127 364 RAUBERTI
2168 299 2471 354 ABBATIS
2518 297 3008 353 CORBEIENSIS.
3730 296 3796 351 24

490 455 614 511 quae
644 438 715 494 ad
743 438 1176 509 completionem
1202 441 1605 508 praeceptorum
1626 439 1774 499 sunt,
1804 434 2087 504 suscipere
2103 426 2394 487 Ascimini
2413 429 2459 476 et
2485 426 2650 477 nolite
2673 438 2892 491 peccare
2912 424 3075 479 (Psat.
3101 436 3173 511 iv,
3190 421 3266 490 5),
3295 420 3426 511 nisi
3451 420 3625 492 quod
3645 436 3790 474 omn

489 533 846 600 respuerant.
872 528 949 582 Ex
981 526 1182 598 quibus
1211 523 1490 589 omnibus,
1510 524 1616 579 nisi
1640 523 2087 578 Christianorum

488 617 713 688 justitia
739 617 864 688 plus
907 615 1274 670 abundaverit
1303 630 1469 685 quam
1512 613 1756 679 illorum,
1787 629 1899 666 non
1930 617 2088 682 pote-

489 707 624 774 rint,
653 706 904 760 Veritate
945 709 1108 770 teste,
1140 720 1376 774 regnum
1405 702 1673 756 caelorum
1715 702 1944 756 intrare.
1980 701 2090 756 Sed

490 795 762 866 quaeritur
793 794 862 848 ab
891 793 1192 864 aliquibus,
1225 808 1352 846 cum
1377 808 1546 863 supra
1575 791 1780 845 dixerit
1814 809 1824 842 :
1872 791 1935 846 Si
1964 793 2088 858 quis

487 888 706 940 solverit
741 901 918 938 unum
936 885 999 936 de
1019 883 1297 935 mandatis
1316 884 1434 934 istis
1453 883 1726 946 minimis,
1745 879 1964 942 deinde,
1982 880 2088 946 Qui

484 979 671 1028 autem
690 979 738 1026 et
754 974 999 1026 docuerit
1016 974 1111 1036 sic,
1130 971 1198 1024 de
1215 969 1418 1041 quibus
1438 969 1823 1040 accipiendum
1840 969 1915 1022 sit
1934 985 2087 1022 man-

483 1062 647 1117 datis.
684 1060 741 1115 Si
791 1061 941 1114 enim
979 1060 1047 1114 de
1077 1059 1368 1130 legalibus,
1406 1059 1684 1129 quomodo
1724 1074 1872 1111 nunc
1901 1057 2038 1111 dicit
2072 1076 2084 1111 :

480 1151 606 1205 Nisi
621 1151 988 1203 abundaverit
1005 1153 1032 1217 j
1039 1151 1150 1202 usti
1155 1151 1232 1202 tia
1250 1153 1427 1201 vestra
1438 1151 1564 1215 plus
1576 1164 1744 1214 quam
1758 1139 2087 1200 Scribarum

481 1254 594 1292 non
614 1240 902 1292 intrabitis
924 1241 988 1291 in
1008 1253 1245 1305 regnum
1275 1239 1554 1300 calorum,
1578 1251 1706 1289 cum
1726 1235 1822 1306 qui
1850 1252 1918 1289 ea
1935 1236 2080 1289 fece-

481 1327 556 1381 rit
595 1332 652 1381 et
694 1326 950 1381 docuerit
976 1326 1074 1392 sic,
1104 1341 1342 1395 magnus
1373 1325 1446 1378 sit
1474 1325 1531 1378 in
1561 1341 1735 1394 regno
1764 1325 2030 1379 ccelorum
2057 1324 2081 1378 ?

478 1416 589 1470 Vel
609 1417 744 1487 quid
764 1415 977 1469 eisdem
997 1414 1244 1468 minimis
1259 1413 1560 1484 superaddi
1579 1413 1764 1467 fuerat
1777 1430 1936 1484 opus,
1954 1429 2081 1467 cum

478 1521 546 1559 ex
573 1505 660 1558 his
684 1504 921 1576 quisque
951 1503 1233 1574 implendo
1257 1509 1315 1556 et
1333 1502 1581 1557 docendo
1602 1519 1838 1573 magnus
1858 1502 2081 1556 futurus

480 1595 662 1649 esset?
692 1593 870 1659 Unde,
895 1591 1040 1648 sicut
1063 1592 1195 1660 dixi,
1219 1592 1288 1646 de
1315 1593 1568 1664 utrisque
1589 1592 1845 1664 partibus
1869 1592 2081 1646 dictum

481 1682 696 1754 liquido
709 1687 947 1750 constat,
963 1681 1202 1753 quiaqui
1221 1698 1397 1736 unum
1417 1682 1531 1736 iota
1542 1683 1629 1736 vel
1644 1698 1819 1736 unum
1841 1680 2076 1752 apicem,

2171 514 2385 568 occasio
2415 513 2510 566 irae
2540 512 2778 577 tollitur,
2802 512 2936 565 dum
2969 510 3224 565 inimicos
3245 510 3538 582 diligere,
3565 515 3628 565 et
3644 511 3796 564 verb.

2171 603 2317 656 ranti
2341 601 2627 656 maxillam
2650 600 2896 671 praebere
2922 601 3160 654 alteram
3174 600 3499 670 jubemur.
3525 600 3796 654 Vcrumt:

2171 708 2299 746 men
2323 690 2479 762 prius
2507 690 2871 760 quierendum
2902 689 3034 760 quid
3065 689 3140 743 sit
3167 689 3324 744 inter
3359 705 3512 744 eum
3541 689 3650 760 qui
3677 689 3795 743 frat

2169 797 2271 834 suo
2302 780 2580 845 irascitur,
2615 785 2672 833 et
2701 795 2830 833 eum
2861 779 2956 850 qui
2985 778 3194 833 dixerit
3220 796 3388 846 raca,
3430 785 3498 832 et
3543 778 3652 849 qui
3685 781 3795 846 fati

2169 869 2329 924 fratri
2356 869 2718 923 conviciatur.
2759 868 3050 932 Quomodo
3081 874 3135 922 et
3166 885 3264 940 pro
3298 868 3404 922 his
3439 867 3684 939 gradus
3723 883 3796 939 pa

2168 973 2370 1012 narum
2398 975 2432 1011 a
2460 957 2762 1012 levioribus
2783 957 2854 1011 ad
2873 957 3147 1028 gravoria,
3173 957 3361 1011 donec
3386 957 3472 1011 ad
3496 957 3796 1027 gehenna

2169 1047 2317 1117 ignis
2348 1063 2526 1118 usque
2556 1047 2928 1100 intentantur.
2950 1047 3076 1100 Non
3106 1046 3256 1100 enim
3287 1046 3455 1100 ultio
3477 1045 3796 1100 delictorut

2169 1136 2353 1189 varios
2385 1135 2620 1189 haberet
2647 1134 3024 1189 damnationis
3050 1135 3354 1200 terminos,
3403 1135 3461 1189 si
3496 1151 3626 1188 non
3661 1135 3796 1189 etiai

2162 1225 2462 1278 commissa
2483 1225 2540 1278 in
2564 1225 2748 1278 divino
2771 1223 2981 1294 judicio
3005 1230 3194 1278 essent
3217 1224 3522 1295 disparia.
3552 1226 3658 1279 Ira
3679 1241 3796 1278 nan

2163 1329 2270 1383 que
2292 1313 2700 1367 discordiarum
2721 1312 2898 1366 fomes
2919 1319 2976 1366 et
2997 1311 3451 1366 homicidiorum
3475 1328 3682 1379 arma,
3699 1314 3796 1366 dun

2162 1402 2346 1456 adhuc
2376 1402 2613 1456 necdum
2645 1401 2879 1456 incitata
2908 1401 3092 1455 acrius
3122 1401 3312 1456 animo
3347 1401 3621 1472 tegitur,
3659 1402 3796 1456 levic

2164 1508 2286 1546 esse
2315 1491 2682 1558 convincitur,
2716 1507 2887 1562 quam
2915 1491 2963 1546 si
2994 1489 3052 1544 in
3082 1507 3211 1545 voce
3251 1490 3591 1546 irascentis
3623 1492 3796 1546 affect

2164 1580 2410 1634 exterius
2441 1585 2789 1652 prorumpat.
2822 1581 2973 1634 Nam
3000 1580 3087 1634 ira
3115 1580 3258 1634 nihil
3287 1580 3470 1635 aliud
3523 1586 3623 1635 est
3655 1597 3796 1652 qua!

2163 1674 2351 1725 motus
2377 1669 2554 1724 animi
2573 1669 2699 1723 felle
2725 1669 3121 1724 amaritudinis
3147 1677 3348 1724 contra
3374 1670 3733 1741 quemlibet
3752 1671 3795 1724 ii

481 1752 692 1826 scilicet
718 1771 954 1825 minima
973 1752 1377 1842 praeceptorum
1405 1771 1515 1841 legi
1544 1771 1811 1838 adhibita,
1837 1787 1949 1825 non
1971 1771 2078 1825 sol-
2099 1752 2146 1811 B
2165 1757 2388 1812 citatus.
2424 1758 2573 1811 Raca
2603 1774 2731 1811 vero
2760 1757 2845 1812 ira
2875 1762 2978 1825 est,
3009 1775 3136 1812 cum
3165 1774 3296 1812 voce
3329 1759 3693 1826 irascentis,
3735 1776 3795 1813 se

479 1861 643 1926 verit,
658 1861 850 1915 omnia
869 1860 1007 1931 legis
1028 1865 1085 1914 et
1103 1861 1519 1931 evangeliorum
1541 1860 1808 1915 mandata
1828 1877 2086 1915 consum-

481 1950 676 2006 mabit.
709 1950 986 2016 Quoniam
1026 1951 1162 2005 dum
1210 1952 1355 2005 ﬁunt
1401 1950 1498 2004 illa
1529 1967 1653 2021 quae
1681 1950 1968 2006 adduntur
2012 1950 2083 2004 ad

480 2040 899 2113 perfectionem,
931 2039 1104 2094 etiam
1133 2045 1190 2094 et
1226 2040 1324 2093 illa
1352 2039 1515 2110 longe
1552 2039 1774 2110 plenius
1811 2045 2076 2110 aguntur,

482 2146 605 2202 quae
631 2129 920 2201 praemissa
945 2134 1079 2184 sunt
1106 2128 1177 2182 ad
1206 2129 1637 2182 inchoationem.
1661 2129 1807 2192 Quia
1835 2129 1930 2200 qui
1960 2145 2080 2183 mu-

478 2219 676 2274 lierem
704 2235 818 2273 non
844 2217 1048 2272 viderit
1093 2218 1165 2271 ad
1210 2217 1732 2288 concupiscendum,
1767 2234 1870 2273 nec
1904 2217 2080 2272 forni-

479 2314 659 2363 catur.
683 2307 770 2374 Et,
793 2307 976 2361 sinon
1005 2306 1487 2373 irascitur,'multo
1515 2307 1784 2361 remotior
1807 2307 1876 2361 ab
1905 2308 2084 2361 homi-

479 2396 626 2452 cidio
655 2396 782 2450 erit.
803 2395 1126 2450 Notandum
1147 2412 1296 2460 vero,
1322 2396 1471 2466 quod
1494 2397 1614 2467 jam
1635 2413 1806 2468 supra
1825 2397 2078 2470 memini,

477 2485 760 2558 justitiam
789 2485 921 2539 ﬁdei
941 2485 1211 2540 virtutum
1230 2485 1484 2556 partibus
1513 2485 1840 2540 subsistere.
1863 2486 1934 2540 Et
1961 2487 2083 2556 pul-

480 2573 792 2630 cherrimus
830 2573 967 2628 ordo
995 2574 1370 2645 perfectionis,
1406 2580 1471 2629 ut
1496 2591 1596 2646 per
1619 2592 1746 2629 eam
1772 2590 1912 2646 opus
1941 2575 2080 2644 legis

481 2680 646 2719 verus
674 2663 906 2735 incipiat
931 2663 1287 2719 Christianus
1316 2665 1602 2729 excedere,
1637 2680 1750 2734 qua
1793 2663 2082 2718 abundan-

479 2753 612 2809 tiori
657 2753 908 2825 profectu
948 2754 1229 2824 justitiam
1283 2753 1697 2810 Pharisaeorum
1742 2753 2076 2824 praecellere.

479 2841 640 2897 Unde
661 2842 918 2913 sequitur
947 2860 958 2895 :

549 2928 799 2986 Audistis
845 2932 980 2998 quia
1005 2931 1218 2985 dictum
1246 2935 1321 2984 est
1325 2931 1608 2999 jantiquis
1640 2950 1656 2984 :
1687 2931 1809 2986 Non
1838 2934 2038 2986 occides
2061 2951 2076 2996 ;

482 3019 582 3086 qui
625 3022 812 3072 autem
859 3019 1134 3083 occiderit,
1182 3035 1308 3072 reus
1356 3022 1463 3073 erit
1487 3020 1722 3088 judicio.
1755 3019 1862 3074 Hic
1901 3021 2080 3091 Magi-

2165 1864 2295 1902 raca
2321 1847 2618 1902 Hebraeum
2647 1863 2767 1902 esse
2794 1846 3082 1918 probatur,
3114 1848 3462 1918 significans
3496 1849 3796 1920 indignam

2165 1937 2238 1991 tis
2264 1937 2439 1992 animi
2475 1943 2712 2004 motum,
2746 1953 2885 2008 quas
2918 1937 3272 2008 grammatici
3300 1944 3522 2008 partes
3573 1939 3796 2010 interje

2163 2026 2378 2080 ctiones
2411 2031 2626 2092 vocant,
2662 2027 2814 2080 velut
2853 2043 2981 2080 cum
3023 2026 3084 2080 in
3124 2026 3328 2081 Latino
3363 2027 3606 2082 dicitur
3633 2045 3670 2082 a
3714 2028 3788 2083 do

2163 2114 2332 2182 lente,
2355 2117 2491 2169 heu!
2518 2121 2702 2180 26!
2735 2115 2803 2168 ab
2827 2115 3122 2182 irascente,
3156 2117 3314 2169 hem!
3342 2116 3501 2181 Quae
3535 2116 3796 2172 nimirun

2163 2220 2322 2258 voces
2347 2204 2406 2259 in
2434 2205 2647 2258 nullam
2686 2205 2844 2260 facile
2875 2205 3048 2259 aliam
3077 2204 3378 2268 transferri
3416 2211 3663 2278 queunt
3709 2205 3790 2259 lin

2161 2308 2352 2364 gnam,
2376 2292 2523 2346 unde
2553 2309 2654 2346 nec
2681 2293 2978 2348 transferri
3003 2294 3120 2348 haec
3147 2293 3353 2364 potuit,
3393 2295 3504 2348 sed
3542 2310 3796 2365 saporen

2164 2397 2360 2436 sensus
2382 2382 2553 2437 etiam
2581 2382 2640 2436 in
2666 2383 2864 2437 Latino
2891 2399 3019 2436 cum
3049 2399 3178 2437 voce
3207 2383 3489 2438 servavit.
3519 2384 3796 2438 Caeterum

2166 2471 2261 2542 qui
2281 2471 2486 2525 dixerit
2497 2474 2650 2540 fatue
2675 2471 3084 2526 maledictionis
3101 2472 3316 2537 animo,
3339 2473 3488 2544 plus
3508 2473 3726 2544 utique
3749 2472 3796 2524 tif

2163 2575 2293 2615 reus
2336 2561 2604 2628 criminis,
2639 2577 2748 2632 quo
2797 2567 2952 2616 certa
2993 2561 3331 2632 vituperatio
3383 2567 3609 2616 contra
3641 2577 3796 2632 quen

2162 2651 2443 2723 profertur
2475 2656 2866 2723 exaggeratur.
2900 2651 3095 2722 Neque
3140 2651 3292 2706 enim
3332 2652 3618 2706 modicus
3650 2651 3796 2705 furor

2163 2746 2268 2807 est,
2301 2740 2524 2795 virtutis
2564 2741 2919 2811 gravitatem,
2953 2746 3010 2795 et
3035 2741 3454 2811 patientiarum
3487 2739 3721 2806 violari,
3753 2745 3796 2792 et

2164 2845 2332 2901 quem
2354 2830 2506 2884 Deus
2537 2829 2651 2884 sale
2681 2829 2969 2901 sapientiae
2997 2846 3111 2884 suae
3132 2829 3403 2898 condivit,
3437 2828 3796 2884 contumelia

2163 2918 2426 2973 infatuati
2449 2935 2648 2974 sensus
2675 2919 2948 2974 lacessere
2977 2925 3304 2990 operantem
3332 2935 3584 2991 quoque
3611 2935 3680 2973 ac
3707 2933 3796 2971 sa-

2163 3008 2393 3062 lientem
2421 3009 2602 3064 Deum
2629 3009 2867 3064 interius
2897 3008 3172 3064 fatuitatis
3199 3008 3371 3063 verbo
3407 3009 3598 3081 impie
3628 3009 3795 3062 dero-

481 3109 600 3160 ster
629 3105 888 3176 egregius
914 3106 1313 3178 perfectionem
1345 3123 1514 3179 quam
1533 3108 1684 3162 venit
1701 3109 1933 3180 implere
1956 3089 2078 3164 m—a-
2101 3089 2144 3150 Ο
2159 3114 2313 3169 gare-
2330 3099 2684 3170 Quapropter
2705 3099 2975 3170 magister
2993 3098 3244 3154 Veritatis
3261 3098 3678 3171 integritatem
3701 3097 3794 3151 (10°

480 3193 741 3250 nifestius
786 3193 984 3266 incipit
1025 3195 1343 3266 explanare,
1383 3201 1448 3251 ut
1503 3213 1632 3250 vera
1675 3197 2078 3269 discipulorum

474 3281 702 3354 justitia
729 3287 922 3350 πω
949 3283 1171 3354 dignior
1198 3285 1532 3340 declaretur.
1567 3287 1676 3341 Sed
1715 3288 2078 3358 quaerendum

479 3371 724 3428 arbitror
749 3388 850 3428 cur
873 3372 1094 3439 dixerit,
1111 3390 1241 3428 reus
1263 3375 1372 3428 erit
1383 3375 1628 3445 judicio?
1649 3375 1770 3430 Nisi
1792 3376 1925 3446 quia
1945 3377 2079 3432 scri-

478 3467 642 3534 ptum
673 3466 796 3517 erat
822 3462 882 3516 in
906 3463 1028 3533 lege
1052 3481 1062 3516 :
1099 3463 1157 3518 Si
1179 3463 1303 3534 quis
1331 3464 1595 3519 occiderit
1612 3465 1916 3536 hominem,
1935 3467 2079 3521 fellis

478 3551 569 3606 ira
582 3556 887 3622 permotus,
907 3557 971 3606 ut
993 3551 1112 3623 ipse
1128 3569 1324 3612 rursus
1344 3554 1482 3626 legis
1506 3555 1719 3626 judicio
1745 3573 1874 3611 reus
1897 3563 2078 3612 morte

478 3641 820 3714 plecteretur
850 3643 1036 3714 (Exod.
1069 3658 1179 3710 xxx,
1213 3642 1319 3712 12).

547 3732 658 3801 Ego
676 3736 861 3787 autem
881 3733 1000 3787 dico
1021 3733 1186 3799 vobis,
1203 3735 1336 3802 quia
1357 3735 1537 3788 omnis
1553 3737 1658 3804 qui
1677 3737 1946 3790 irascitur
1959 3737 2078 3804 fra-

479 3823 560 3876 tri
583 3837 681 3877 suo
718 3824 838 3877 sine
865 3837 1052 3890 causa,
1085 3826 1190 3876 etc.
1221 3839 1344 3893 quae
1386 3829 1724 3894 sequuntur.
1763 3825 1928 3895 Ergo,
1959 3827 2079 3879 sine

477 3927 646 3966 causa
673 3911 743 3965 de
770 3910 956 3966 medio
985 3911 1298 3966 radendum
1326 3917 1481 3983 puto,
1508 3913 1640 3984 quia
1659 3913 1718 3967 in
1740 3913 2076 3985 quibusdam

477 3999 842 4055 Hebraeorum
893 4000 1176 4055 codicibus
1229 4006 1451 4055 constat
1495 4018 1607 4056 non
1654 4003 1912 4070 inveniri,
1973 4004 2078 4059 etsi

481 4089 802 4144 Graecorum
840 4105 982 4158 pene
1020 4105 1216 4142 omnes
1267 4089 1529 4153 habeant,
1561 4108 1661 4147 seu
1703 4093 1890 4148 Latini
1927 4094 2076 4150 anti-

481 4177 724 4247 quiores.
759 4176 870 4231 Sed
895 4182 1085 4230 tamen
1112 4177 1517 4232 consideranda
1543 4186 1630 4234 est
1655 4182 1799 4236 ratio
1823 4199 1924 4238 cur
1949 4200 2078 4256 apo-

481 4265 662 4319 stolus
684 4265 892 4319 Paulus
919 4265 991 4319 ad
1016 4265 1246 4320 Galatas
1283 4266 1548 4335 scribens,
1575 4270 1775 4324 stultos
1804 4277 1862 4325 et
1888 4273 2078 4327 insen-

483 4358 635 4408 satos
664 4369 770 4416 eos
811 4358 971 4408 vocat
1002 4353 1138 4422 (Gal.
1171 4367 1256 4420 III,
1292 4354 1374 4424 1),
1408 4371 1546 4426 quos
1586 4357 1914 4428 corrigendo
1964 4378 2080 4415 mo-

2160 3188 2356 3246 ctrina
2381 3187 2804 3260 perfectioribus
2825 3189 3014 3242 volens
3043 3188 3360 3255 ostendere,
3395 3188 3524 3243 iota
3551 3187 3644 3242 vel
3675 3185 3791 3258 api-

2159 3293 2279 3332 cem
2307 3277 2714 3348 superaddidit,
2733 3293 2846 3332 non
2874 3278 3040 3332 modo
3062 3283 3126 3333 ut
3150 3277 3466 3332 homicidia
3494 3277 3572 3332 de
3603 3274 3788 3330 medio

2159 3371 2489 3434 removeret,
2515 3383 2704 3421 verum
2735 3367 2907 3421 etiam
2932 3366 3231 3421 maledicta
3258 3371 3316 3420 et
3340 3367 3529 3422 verba
3558 3366 3785 3420 iracun-

2161 3456 2284 3522 diae,
2319 3472 2537 3510 necnon
2566 3462 2623 3509 et
2651 3455 2905 3511 fomitem
2936 3456 3214 3510 irascendi
3241 3457 3480 3528 penitus
3513 3456 3588 3512 de
3617 3452 3783 3510 corde

2161 3545 2401 3600 tolleret.
2419 3545 2576 3600 Unde
2592 3561 2762 3616 quam
2777 3544 3026 3600 terribile
3040 3545 3116 3600 sit
3127 3545 3312 3614 irasci,
3326 3546 3440 3602 etsi
3458 3547 3778 3600 humanum

2161 3633 2254 3700 sit,
2274 3634 2400 3705 pius
2422 3634 2644 3688 animus
2667 3634 2964 3706 intelligat.
2992 3635 3138 3699 Quia
3161 3635 3310 3706 quod
3335 3636 3564 3690 dictum
3585 3639 3673 3689 est
3687 3647 3780 3685 an-

2160 3723 2352 3795 tiquis,
2374 3723 2438 3778 Si
2460 3727 2585 3793 quis
2613 3725 2890 3789 occiderit,
2916 3740 3040 3778 reus
3071 3727 3178 3778 erit
3197 3726 3442 3794 judicio,
3467 3725 3581 3778 hoc
3601 3727 3659 3777 et
3675 3721 3778 3774 ira-

2160 3811 2442 3866 scentibus
2461 3812 2686 3880 dicitur,
2706 3818 2770 3866 ut
2788 3818 3059 3883 appareat
3074 3813 3208 3884 quid
3229 3813 3301 3868 sit
3321 3813 3480 3868 inter
3493 3809 3774 3884 justitiam

2160 3900 2572 3956 Pharisaeorum
2604 3905 2662 3955 et
2688 3902 3156 3968 Christianorum,
3186 3918 3311 3973 quae
3339 3919 3481 3957 vera
3510 3907 3570 3956 et
3596 3896 3773 3971 perfe-

2160 3995 2250 4045 cta
2283 4007 2406 4044 esse
2438 3989 2663 4061 justitia
2689 3990 3044 4062 praedicatur.
3079 3991 3187 4046 Sed
3219 3991 3425 4062 quibus
3464 3989 3652 4045 modis
3687 3984 3769 4040 di-

2159 4079 2289 4134 vina
2313 4079 2577 4135 discretio
2606 4081 2723 4136 haec
2750 4079 3031 4147 decernat,
3056 4079 3183 4151 quis
3210 4080 3421 4152 poterit
3450 4073 3769 4151 eXplicare?

2158 4170 2305 4225 Nam
2327 4170 2476 4242 quod
2504 4169 2572 4226 de
2597 4165 2896 4225 homicidio
2914 4170 2974 4224 in
2998 4170 3141 4242 lege,
3165 4170 3270 4224 hoc
3296 4169 3367 4225 de
3392 4171 3484 4225 ira
3511 4186 3579 4224 ex
3600 4167 3766 4222 Evan-

2157 4259 2306 4330 gelio
2326 4265 2566 4314 taxatur.
2591 4259 2750 4314 Unde
2775 4259 2871 4331 qui
2890 4275 3018 4314 vere
3037 4259 3386 4330 pertimescit
3401 4257 3623 4331 judicio
3643 4267 3764 4310 reus

2160 4348 2301 4417 ﬁeri,
2333 4349 2439 4404 erit
2485 4349 2754 4403 sollicitus
2796 4365 2896 4420 pro
2925 4349 3031 4416 ira,
3061 4365 3164 4403 nec
3206 4365 3461 4420 unquam
3493 4344 3761 4402 atrociora

482 4457 642 4510 nens,
677 4458 790 4497 non
825 4442 1012 4497 minus
1041 4443 1242 4497 fratres
1284 4445 1548 4515 appellat,
1582 4446 1822 4501 maxime
1847 4452 1988 4518 :cum
2018 4456 2074 4504 et
2092 4447 2140 4505 D
2159 4438 2626 4492 contumeliarum
2657 4438 2895 4491 crimina
2923 4437 3190 4492 fratribus
3218 4437 3512 4509 irrogabit.
3536 4437 3760 4491 Verum-

483 4531 677 4587 multis
721 4531 980 4587 laudibus
1006 4549 1102 4586 eos
1141 4535 1512 4589 commendet.
1547 4535 1706 4590 Unde
1744 4553 1845 4607 pro
1883 4539 1986 4592 tali
2023 4546 2082 4594 et

481 4620 608 4674 aliis
660 4620 972 4691 quibusque
1012 4622 1215 4688 causis,
1255 4621 1508 4678 fortassis
1554 4625 1698 4679 hanc
1745 4627 2080 4697 particulam

482 4709 738 4765 nonnulli
767 4715 1089 4778 sanxerunt,
1122 4727 1234 4766 non
1279 4713 1462 4768 solum
1511 4715 1683 4770 semel
1729 4715 1959 4771 inscribi
1989 4718 2082 4772 de-

480 4797 633 4866 bere,
665 4815 860 4854 verum
881 4799 1051 4854 etiam
1085 4805 1142 4854 et
1168 4800 1228 4854 in
1256 4801 1382 4856 aliis
1410 4803 1626 4858 duabus
1655 4805 1920 4860 clausulis
1947 4806 2080 4860 sub-

483 4888 701 4956 audiri;
733 4893 798 4943 ut
825 4887 900 4942 sit
926 4904 1054 4943 cum
1079 4906 1147 4943 ea
1173 4897 1332 4961 parte
1360 4893 1515 4964 prior
1543 4893 1763 4965 integra
1785 4894 2080 4950 verborum

481 4977 763 5034 sententia
807 4995 818 5030 :
862 4993 1102 5048 sequens
1148 4995 1296 5047 vero,
1347 4985 1444 5051 qui
1495 4985 1698 5038 dixerit
1755 4987 1934 5052 fratri
1982 5001 2080 5040 suo

485 5084 636 5134 raca,
674 5074 738 5122 ut
773 5065 1229 5137 subintelligatur
1256 5069 1378 5124 sine
1406 5087 1574 5126 causa
1607 5091 1618 5126 :
1662 5073 1862 5128 deinde
1891 5074 2076 5142 tertio,

483 5157 581 5230 qui
611 5157 816 5212 dixerit
841 5158 1012 5224 fatue,
1046 5162 1111 5210 ut
1137 5158 1212 5211 sit
1239 5158 1512 5229 integrior
1540 5179 1736 5217 sensus
1765 5164 1926 5218 fratri
1955 5181 2077 5234 suo,

482 5247 604 5301 sine
649 5262 836 5311 causa,
881 5246 1040 5316 quasi
1087 5247 1317 5318 praecisa
1363 5251 1643 5306 sententia
1687 5253 2074 5310 subaudiatur.

484 5333 772 5405 Siquidem
801 5335 917 5388 haec
945 5333 1026 5386 illi
1056 5351 1120 5388 ac
1149 5337 1197 5390 si
1231 5337 1458 5407 provide
1487 5341 1922 5411 considerantes,
1952 5362 2073 5399 ces-

482 5428 679 5481 serunt
704 5421 1021 5478 infirmitati
1052 5423 1331 5491 humanae,
1357 5427 1556 5498 quibus
1583 5429 1749 5485 irasci
1778 5433 1955 5501 aiunt,
1983 5451 2079 5488 na-

447 5510 452 5515 ’
479 5519 613 5570 tura
635 5518 720 5568 est
739 5512 820 5567 ita
847 5516 1038 5567 tamen
1067 5529 1138 5568 ne
1157 5513 1278 5568 sine
1304 5532 1474 5572 causa
1497 5519 1614 5574 ﬂat.
1639 5521 1785 5576 Sane
1810 5524 1942 5578 huic
1958 5542 2083 5580 seu-

483 5601 572 5660 sui
596 5601 739 5661 forte
757 5598 978 5657 videtur
994 5600 1136 5659 illud
1157 5604 1544 5677 prepheticum
1563 5609 1694 5680 jure
1711 5611 1897 5682 aptari
1919 5630 1931 5667 :
1961 5616 2082 5669 Ira-

2161 4532 2350 4582 tamen
2377 4527 2806 4598 intelligendum
2827 4527 2978 4598 quia,
3007 4527 3111 4581 etsi
3140 4545 3242 4598 pro
3261 4528 3349 4582 ira
3372 4529 3532 4582 velut
3547 4540 3647 4597 pro
3666 4521 3755 4574 h0-

2161 4617 2384 4670 micidio
2413 4633 2544 4670 reus
2573 4616 2673 4670 Dei
2706 4616 2918 4687 judicio
2941 4616 3250 4688 judicatur,
3279 4603 3669 4688 gehennarum
3700 4608 3753 4662 in

2162 4705 2292 4776 igne
2316 4705 2484 4758 variis
2513 4722 2613 4776 pro
2641 4706 2823 4760 causis
2851 4706 3175 4760 dilferenter
3201 4707 3397 4778 utique
3429 4704 3747 4778 puniuntur.

2164 4794 2275 4849 Sed
2294 4794 2443 4848 inter
2461 4811 2620 4848 reum
2637 4795 2870 4866 judicio,
2889 4801 2946 4850 et
2964 4812 3126 4850 reum
3145 4796 3398 4863 conellio,
3417 4805 3586 4866 atque
3601 4801 3749 4844 reum

2160 4883 2430 4954 gehennae
2459 4883 2624 4954 ignis,
2654 4885 2758 4939 hoc
2784 4885 2995 4940 distare
3020 4885 3259 4953 videtur,
3288 4886 3437 4957 quod
3470 4885 3530 4940 in
3547 4875 3746 4953 judicio

2163 4973 2345 5026 adhuc
2373 4972 2680 5028 defensioni
2713 4974 2880 5029 datur
2911 4975 3086 5030 locus.
3121 4975 3404 5039 Quaeritur
3431 4972 3581 5029 enim
3609 4969 3747 5022 recte

2162 5062 2318 5134 prius
2341 5062 2398 5117 in
2421 5079 2604 5118 causa;
2620 5065 2859 5134 negotio,
2884 5069 3150 5128 utrumne
3173 5081 3305 5120 reus
3324 5064 3398 5119 sit
3420 5062 3515 5136 qui
3540 5068 3744 5114 accusa-

2161 5158 2273 5218 tur,
2308 5153 2440 5224 quia
2490 5153 2551 5207 in
2595 5170 2661 5208 eo
2707 5159 2857 5208 statu
2900 5154 3045 5225 juris
3091 5171 3202 5226 quo
3243 5171 3390 5226 saepe
3421 5149 3742 5208 deliberatur

2163 5243 2310 5314 apud
2342 5243 2578 5313 judices,
2615 5243 2871 5315 plurimae
2907 5244 3232 5316 frequenter
3261 5243 3594 5299 subveniunt
3620 5245 3741 5305 qua-

2157 5331 2382 5386 litatum
2419 5333 2787 5399 defensiones,
2839 5332 3042 5404 quibus
3087 5339 3187 5388 aut
3235 5339 3506 5405 purgatur
3546 5340 3664 5382 reus
3705 5332 3735 5370 8

2160 5421 2413 5489 crimine,
2437 5430 2536 5478 aut
2565 5431 2716 5478 certe
2745 5423 3026 5478 convictus
3055 5423 3390 5494 deprecatur
3415 5437 3514 5494 pro
3543 5432 3621 5481 eo,
3651 5423 3731 5504 ετξ·

2165 5527 2365 5565 cusans
2411 5528 2470 5566 se
2511 5529 2768 5584 peccasse
2814 5513 2919 5568 zeli
2961 5512 3358 5581 commotione,
3403 5515 3499 5567 aut
3547 5509 3728 5592 erroris

2161 5598 2540 5672 subreptione,
2567 5600 2904 5674 impulsione
2934 5617 3158 5676 quoque
3193 5614 3374 5672 casus,
3407 5591 3728 5658 necauit/nus
