3938 6174
321 213 419 273 241

1073 210 1456 267 EXPOSITIO
1494 211 1574 266 IN
1611 210 2053 266 MA‘I’I‘HKEUM.
2098 243 2164 254 —
2203 213 2339 267 LIB.
2385 213 2484 279 Ili,
2528 211 2686 266 CAP.
2733 211 2801 265 V.

3489 214 3598 292 242

319 337 644 406 constricta,
683 343 847 395 reatu
878 335 1190 392 oblivionis.
1224 336 1451 391 Talibus
1503 342 1560 391 et
1595 337 1921 407 hujusmodi
1938 337 2207 398 Aabsens
2236 343 2335 392 aut
2357 353 2528 409 quam
2557 336 2724 406 longe
2749 336 2922 390 fuerit
2949 336 3099 390 ultra
3127 351 3284 392 mare
3309 353 3409 393 seu
3437 344 3597 394 extra

322 427 754 500 quamplurimis
786 425 1114 492 ratiociniis,
1144 431 1448 496 antequam
1479 425 1538 479 in
1579 425 1812 480 concilio
1849 426 1920 480 de

317 523 480 572 reatu
506 517 815 588 judicetur,
849 532 1018 586 quam
1047 532 1192 586 saepe
1221 515 1321 580 rei,
1352 521 1418 569 ut
1453 515 1586 580 dixi,
1637 521 1735 570 aut
1782 531 1918 586 pur-

316 612 528 678 gantur
551 606 804 672 crimine,
838 611 937 659 aut
966 604 1370 676 supplicatione
1411 604 1491 658 eis
1532 603 1693 657 venia
1735 603 1915 674 impe-

317 702 504 750 tratur
530 695 804 750 criminis.
831 695 1107 749 Caeterum
1135 695 1194 748 in
1225 693 1476 757 concilio,
1506 693 1757 763 quamvis
1771 709 1916 763 saepe

314 783 704 839 indifferenter
737 789 924 849 268
932 782 1208 852 judicium
1230 787 1285 836 et
1311 781 1604 836 concilium
1635 786 1920 852 ponantur

315 873 375 928 in
407 873 734 945 Scripturis,
761 889 873 927 non
889 889 1017 927 cum
1037 871 1234 926 eodem
1259 887 1356 925 reo
1370 872 1490 941 jam
1511 871 1698 940 agitur
1725 876 1916 924 utrum

317 962 673 1017 damnandus
695 961 770 1017 sit
793 978 893 1033 pro
920 961 1172 1028 crimine,
1201 961 1299 1014 sed
1323 960 1468 1031 apud
1485 960 1703 1030 judices
1733 960 1921 1013 decer-

317 1052 490 1118 nitur,
527 1056 585 1108 et
609 1051 904 1106 conferunt
928 1051 986 1104 in
1014 1049 1269 1112 invicem,
1304 1066 1413 1120 quo
1442 1049 1715 1120 supplicio
1757 1048 1919 1102 dam-

318 1141 443 1197 nari
471 1141 678 1196 debeat
700 1157 850 1205 reus,
884 1157 1050 1211 quem
1081 1143 1302 1194 constat
1328 1139 1558 1192 omnino
1590 1155 1710 1192 esse
1757 1139 1916 1192 dam-

317 1230 590 1285 nandum.
624 1231 689 1284 In
717 1246 826 1300 quo
876 1228 1142 1283 nimirum
1195 1227 1448 1292 concilio,
1495 1244 1771 1298 nusquam
1819 1232 1918 1282 aut

317 1319 475 1373 nulla
496 1318 785 1373 interdum
827 1317 1085 1372 subvenit
1122 1317 1287 1382 ratio,
1333 1333 1621 1387 quousque
1677 1316 1917 1387 excipiat

316 1397 508 1463 reatus
535 1408 624 1462 sui
653 1407 1010 1462 sententiam.
1043 1406 1202 1461 Unde
1231 1405 1385 1476 prius
1415 1411 1636 1477 Oportet
1649 1422 1750 1460 nos
1775 1405 1915 1460 deli-

314 1496 514 1552 berare
545 1497 605 1552 in
634 1496 842 1562 animo,
875 1496 1010 1550 dum
1041 1495 1224 1549 adhuc
1244 1496 1301 1549 in
1316 1495 1652 1565 cogitatione
1681 1511 1772 1549 res
1787 1495 1916 1549 affe-

315 1592 409 1642 ctu
438 1585 820 1658 persuasionis
835 1585 1177 1656 suggeritur,
1192 1591 1459 1639 utrumne
1476 1601 1605 1638 voce
1624 1585 1914 1655 proferen-

2000 427 2285 498 regionem
2316 426 2530 498 procul,
2560 431 2617 479 et
2630 431 2764 479 tunc
2790 425 3077 496 quidpiam
3094 426 3297 479 horum
3326 427 3386 480 in
3405 433 3594 482 mente

2000 517 2206 578 veniat,
2238 515 2492 586 nunquid
2521 514 2948 585 relinquendum
2981 518 3068 568 est
3095 514 3244 585 quod
3284 515 3588 583 offerimus,

1999 610 2056 658 et
2080 604 2366 668 debemus,
2389 602 2624 675 pedibus
2638 603 2982 674 perquirere,
2998 619 3162 674 quem
3184 603 3594 660 forteinvenire

1997 694 2336 765 nequimus?
2366 693 2529 747 Patet
2557 693 2786 746 omnino
2816 709 3033 757 sensus,
3068 692 3115 746 si
3145 709 3390 764 praesens
3423 694 3596 749 fuerit

1997 783 2046 836 is
2077 783 2145 836 de
2172 798 2282 853 quo
2307 782 2512 852 agitur,
2543 781 2691 852 quod
2712 781 3141 852 eisupplicando
3161 782 3338 836 lenire
3354 782 3597 838 acsatis~

1996 871 2179 926 facere
2207 871 2474 925 debemus
2498 889 2510 938 ;
2544 871 2693 940 quod
2722 871 2770 924 si
2786 886 3016 941 prorsus
3045 886 3170 924 eum
3201 871 3480 942 attingere
3499 889 3593 927 ne-

1997 959 2239 1032 quimus,
2273 961 2461 1031 potius
2491 960 2560 1013 ad
2593 975 2720 1013 eum
2770 959 3016 1013 motibus
3073 959 3248 1013 animi
3291 965 3349 1014 et
3392 961 3593 1015 humili

1996 1051 2218 1116 affectu,
2259 1049 2552 1120 charaaque
2582 1048 2788 1102 mentis
2815 1047 3204 1102 devotioneire
3233 1050 3511 1116 convenit,
3536 1055 3596 1104 et

1997 1139 2292 1210 prostratis
2317 1144 2447 1192 ante
2471 1143 2830 1208 conspectum
2859 1138 2980 1206 ejus
3004 1138 3166 1207 cujus
3188 1153 3392 1192 munus
3412 1139 3595 1194 offeri-

1999 1246 2142 1292 mus,
2174 1228 2334 1282 fratri
2363 1227 2710 1297 benignitate
2740 1227 2923 1280 cordis
2959 1226 3201 1281 devincti
3233 1227 3452 1282 veniam
3479 1229 3593 1282 imo

1997 1318 2238 1390 plorare.
2272 1317 2427 1371 Nulli
2453 1315 2706 1382 dubium,
2734 1321 3007 1386 quantum
3038 1332 3103 1369 ex
3127 1315 3288 1370 nobis
3312 1321 3416 1383 est,
3441 1317 3593 1388 quod

1998 1423 2124 1460 cum
2156 1405 2414 1460 omnibus
2432 1421 2624 1477 pacem
2645 1403 2851 1458 habere
2879 1408 3155 1475 oporteat,
3189 1404 3322 1475 quia
3368 1421 3436 1459 ea
3472 1405 3596 1462 sola

1995 1496 2112 1550 Deo
2137 1495 2584 1550 reconciliamur.
2608 1495 2746 1548 Ecce
2767 1492 3037 1563 magister
3055 1493 3305 1548 veritatis
3316 1494 3385 1548 de
3402 1511 3594 1549 recor-

1995 1584 2222 1639 datione
2253 1589 2591 1656 przeceptum
2606 1582 2903 1637 deditante
2928 1581 3122 1636 altaris
3137 1582 3356 1637 faciem.
3381 1583 3526 1648 Quid
3543 1584 3596 1638 si

315 1675 449 1731 dum
478 1676 557 1730 sit
583 1675 732 1746 quod
762 1675 1089 1747 impellitur.
1124 1673 1285 1739 Quia,
1323 1674 1468 1728 sicut
1495 1674 1720 1744 gravior
1752 1675 1976 1745 culpaB
1994 1674 2130 1728 alibi
2161 1690 2366 1728 munus
2395 1673 2596 1738 laudis,
2627 1678 2729 1726 aut
2749 1671 2874 1726 vitae
2900 1671 3205 1742 religionis,
3235 1671 3321 1726 vel
3349 1672 3593 1728 eleemo-

315 1765 382 1820 de
421 1765 666 1836 prolatu,
699 1763 780 1818 ita
808 1763 866 1818 in
895 1763 1128 1818 concilio
1158 1763 1522 1835 periculosior
1547 1763 1827 1817 sententia
1847 1763 1915 1817 de

314 1859 494 1909 reatu.
516 1853 693 1908 Porro
724 1851 796 1906 ad
823 1851 1085 1907 ultimum
1110 1851 1180 1906 de
1206 1855 1532 1923 perpetratu
1578 1852 1780 1923 Operis,
1828 1853 1914 1907 vel

317 1943 464 2014 quod
495 1941 686 1996 minus
720 1955 841 1996 esse
886 1941 1144 2006 sentitur,
1197 1941 1266 1995 de
1313 1940 1503 1995 fratris
1550 1941 1908 2009 contumelia,

316 2049 481 2104 quam
509 2031 779 2086 terribilis
801 2037 1071 2102 sequatur
1097 2031 1398 2096 conclusio,
1431 2030 1600 2084 nullis
1646 2047 1785 2102 opus
1827 2036 1914 2086 est

315 2121 494 2176 verbis
525 2120 762 2184 edicere,
791 2120 1068 2190 quomodo
1094 2135 1221 2174 reos
1270 2135 1409 2190 quos
1455 2119 1714 2189 gehenna
1767 2119 1912 2190 ignis

316 2211 516 2277 exurit,
551 2210 773 2280 culpam
801 2209 887 2263 sui
908 2215 1098 2263 reatus
1122 2209 1374 2262 damnati
1399 2209 1580 2262 luunt.
1611 2209 1761 2272 Quos
1777 2225 1912 2263 sane

315 2301 646 2355 delictorum
674 2299 883 2371 gradus
910 2298 1161 2370 quisquis
1201 2298 1349 2369 apud
1399 2314 1458 2351 se
1491 2298 1761 2352 sollicitus
1799 2316 1912 2354 non

315 2395 611 2462 praecavet,
645 2389 961 2462 experietur
983 2387 1258 2458 judicium
1289 2387 1665 2441 damnationis
1693 2388 1761 2441 de
1806 2389 1908 2442 ad-

314 2479 519 2545 missis,
548 2479 865 2550 gehennam
884 2494 1013 2532 vero
1033 2477 1178 2547 ignis
1198 2493 1262 2530 ex
1281 2476 1708 2548 impmnitudine
1728 2478 1910 2532 cordis

315 2573 370 2622 et
394 2574 580 2622 reatu.
615 2569 842 2622 Certum
864 2567 1068 2638 quippe
1095 2571 1179 2620 est
1205 2564 1372 2637 quod,
1409 2567 1554 2620 sicut
1582 2565 1639 2619 in
1669 2567 1772 2620 hac
1797 2566 1910 2621 vita

315 2658 453 2711 nihil
482 2657 702 2711 felicius
725 2657 870 2711 bono
900 2654 1239 2721 Christiano,
1275 2655 1356 2709 ita
1383 2655 1524 2708 nihil
1554 2655 1648 2709 illo
1673 2656 1910 2710 damna-

316 2747 497 2812 bilius,
534 2746 651 2816 qui,
682 2746 853 2800 etiam
876 2747 1082 2817 lapsus,
1113 2745 1246 2798 dum
1268 2750 1444 2804 vacat,
1466 2745 1784 2815 pmnitendo
1798 2762 1908 2799 non

313 2837 428 2890 vult
456 2837 708 2906 cogitare
739 2835 808 2889 de
836 2835 1016 2893 venia,
1049 2851 1230 2904 neque
1258 2833 1510 2899 vitiosus,
1540 2833 1702 2888 bonis
1733 2834 1911 2905 operi-

311 2925 413 2980 bus
441 2925 788 2992 inhzerendo,
819 2941 1035 2978 cessare
1064 2940 1098 2978 a
1126 2924 1306 2994 culpa.
1330 2923 1436 2977 Sed
1454 2923 1587 2977 dum
1609 2924 1726 2978 haec
1751 2925 1910 2994 quasi

1997 1779 2283 1835 synarum,
2306 1779 2404 1816 seu
2419 1761 2707 1833 quodlibet
2733 1759 2864 1815 boni
2889 1760 3072 1832 operis
3089 1760 3426 1816 sacrificium
3457 1761 3595 1815 offe-

1996 1853 2173 1908 rimus
2199 1871 2211 1918 ;
2245 1851 2520 1922 nunquid,
2552 1850 2599 1904 si
2620 1849 2983 1904 recordamur
3009 1849 3221 1919 aliquid
3241 1849 3588 1920 hujusmodi,

1995 1941 2308 2013 putandum
2338 1945 2425 1994 est
2451 1941 2670 2011 placere
2688 1955 2850 2009 posse
2869 1938 3029 2005 illud,
3053 1938 3187 2008 quia
3201 1955 3392 1993 coram
3413 1939 3593 1995 altare

1994 2047 2107 2084 non
2134 2046 2328 2084 sumus
2347 2029 2372 2082 ’ἶ
2391 2029 2505 2083 Aut
2523 2045 2633 2098 quo
2654 2027 3004 2099 relinquetur
3020 2043 3245 2094 munus,
3277 2027 3324 2081 si
3353 2044 3466 2082 non
3495 2044 3593 2083 su-

1995 2136 2122 2173 mus
2149 2135 2276 2173 cum
2312 2135 2422 2190 quo
2451 2117 2771 2188 relinquere
2794 2115 3108 2188 jubemur?
3137 2117 3238 2170 Vel
3276 2116 3324 2170 si
3349 2122 3436 2171 est
3476 2117 3592 2172 tale

1995 2208 2228 2280 aliquid,
2254 2208 2402 2278 quod
2421 2207 2632 2278 absque
2646 2205 2806 2260 nobis
2827 2206 3080 2260 localiter
3099 2205 3381 2260 dimittere
3398 2206 3592 2278 nequi-

1995 2314 2140 2362 mus,
2175 2297 2306 2368 quid
2335 2312 2468 2366 ergo
2497 2296 2776 2366 agendum
2806 2295 2939 2348 est?
2969 2294 3128 2348 Unde
3176 2299 3394 2349 constat
3440 2296 3589 2366 quod

1993 2387 2110 2441 haec
2141 2386 2333 2439 omnia
2361 2402 2474 2439 non
2503 2384 2810 2439 secundum
2839 2384 3088 2438 litteram
3119 2383 3377 2454 religioni
3416 2401 3588 2440 sacrae

1993 2476 2368 2530 conveniunt:
2411 2476 2509 2529 sed
2556 2475 2742 2547 potius
2785 2474 3116 2545 spiritaliter
3159 2474 3584 2546 accipiendum;

1994 2580 2314 2634 quanquam
2345 2569 2399 2617 et
2419 2563 2727 2618 secundum
2752 2562 3043 2617 historiam
3075 2563 3312 2634 impleta
3334 2565 3404 2618 de
3433 2565 3588 2619 cultu

1992 2653 2278 2724 religionis
2310 2669 2420 2707 non
2443 2652 2800 2719 abhorreant,
2834 2657 2900 2706 ut
2923 2652 3061 2705 fides
3090 2652 3360 2723 templum
3385 2653 3591 2707 intelli-

1989 2748 2175 2812 gatur,
2210 2747 2267 2795 et
2295 2742 2472 2795 altare
2507 2741 2782 2806 Christus,
2833 2746 2963 2794 ante
3004 2756 3169 2810 quem
3206 2744 3410 2795 nostrae
3456 2741 3588 2796 fidei

1992 2831 2226 2884 donaria
2252 2831 2437 2884 devoti
2454 2830 2758 2884 offerimus.
2775 2830 2875 2884 Ille
2893 2829 3098 2901 quippe
3115 2835 3201 2884 est
3212 2829 3309 2884 illa
3331 2829 3586 2885 sublimis

1992 2921 2258 2976 ccrlorum
2292 2937 2390 2974 ara
2409 2937 2598 2974 coram
2634 2921 2817 2974 Patris
2846 2920 3022 2985 vultu,
3072 2919 3175 2974 sub
3214 2937 3327 2991 qua
3364 2925 3587 2975 sancto-

313 3014 551 3069 minima
570 3013 1002 3080 contemnimus,
1035 3029 1204 3067 causa
1233 3012 1444 3084 peccati
1469 3014 1588 3082 jam
1629 3013 1902 3082 damnati,
1922 3004 1966 3065 Ο
1989 3027 2114 3065 rum
2147 3009 2737 3080 animaerequiescunt.
2756 3010 2821 3064 In
2847 3025 2956 3080 quo
2979 3009 3248 3063 nimirum
3270 3009 3437 3063 altari
3456 3010 3588 3065 fide-

312 3103 456 3158 sicut
482 3103 789 3174 Apostolus
819 3102 998 3168 docet,
1033 3103 1102 3155 ad
1133 3102 1459 3155 nefandiora
1493 3101 1763 3156 scelerum
1795 3101 1907 3155 cri-

310 3191 467 3246 mina
496 3193 796 3264 paanaliter
823 3191 1141 3263 peragenda
1169 3191 1251 3244 rei
1281 3191 1618 3244 relaxamur.

373 3281 443 3338 Si
471 3299 602 3350 ergo
631 3283 892 3336 obtulcrz's
924 3297 1129 3334 munus
1153 3285 1312 3333 tuum
1338 3282 1409 3333 ad
1431 3284 1628 3343 altare,
1664 3285 1710 3333 ct
1733 3282 1908 3333 ibirc-

310 3373 566 3425 cordatus
593 3371 772 3439 fueris
794 3373 927 3439 quia
948 3371 1128 3437 frater
1150 3374 1276 3422 tuus
1299 3370 1455 3422 habet
1483 3371 1702 3437 aliquid
1719 3371 1906 3423 adver-

309 3475 429 3515 sum
462 3466 529 3524 te,
567 3465 627 3513 et
654 3459 888 3529 reliqua.
923 3459 1194 3529 Explanat
1223 3474 1374 3529 ergo,
1426 3475 1593 3528 quam
1641 3463 1902 3529 coeperat,

309 3549 639 3620 ampliorem
656 3547 937 3618 justitiam
960 3547 1426 3613 Christianorum,
1448 3552 1503 3601 et
1527 3547 1685 3601 fratri
1705 3548 1774 3601 de
1795 3564 1905 3618 quo

309 3639 530 3695 dixerat
549 3638 640 3692 cui
662 3655 773 3692 non
797 3643 882 3691 est
898 3639 980 3691 fas
1003 3636 1183 3702 irasci,
1219 3643 1318 3691 aut
1336 3653 1466 3689 rara
1495 3637 1580 3690 vel
1625 3639 1776 3704 fatue
1818 3638 1905 3692 di-

307 3744 448 3794 cere,
485 3728 668 3782 multo
698 3726 882 3781 minus
903 3727 984 3780 fas
1014 3726 1071 3780 in
1104 3727 1292 3779 animo
1331 3725 1616 3796 quidpiam
1662 3726 1905 3781 retinere

308 3817 449 3890 quod
483 3817 544 3871 in
572 3817 765 3870 odium
792 3815 1037 3870 converti
1057 3820 1244 3886 queat.
1278 3816 1397 3869 Imo
1440 3815 1720 3868 recordari
1771 3832 1904 3870 con-

305 3906 457 3960 venit
483 3905 623 3960 Cain
651 3910 708 3959 et
733 3921 1029 3958 munerum
1063 3904 1204 3974 ejus,
1236 3904 1305 3957 ad
1329 3920 1514 3974 quem,
1536 3921 1662 3958 cum
1681 3904 1906 3959 offerret

306 4011 416 4050 non
445 3995 698 4066 respexit
726 3993 1016 4057 Dominus,
1042 4009 1223 4063 neque
1245 3993 1316 4046 ad
1342 4009 1576 4047 munera
1599 3995 1721 4064 ejus
1741 4013 1753 4060 ;
1771 4011 1903 4065 pro-

303 4083 446 4138 fecto
473 4083 609 4155 quia
634 4083 863 4137 livorem
891 4089 1058 4152 atque
1109 4082 1549 4152 indignationem
1603 4083 1662 4136 in
1712 4083 1901 4137 animo

304 4178 500 4228 contra
525 4173 758 4226 fratrem
789 4171 1038 4243 gerebat.
1074 4171 1232 4225 Unde
1259 4171 1500 4224 dicitur:
1533 4170 1596 4224 Si
1626 4177 1763 4225 recte
1816 4175 1898 4239 of-

304 4265 430 4330 fers,
497 4268 548 4316 et
593 4278 703 4316 non
751 4267 888 4315 recte
933 4261 1157 4326 ditidis,
1205 4262 1439 4329 peccasti
1462 4279 1474 4328 ;
1502 4263 1726 4329 quiesce.
1758 4261 1900 4325 Quid

1989 3100 2125 3154 lium
2157 3105 2284 3153 vota
2310 3104 2368 3155 et
2398 3115 2636 3153 munera
2665 3098 3117 3152 holocaustorum
3145 3099 3458 3153 offeruntur
3471 3099 3585 3153 Do-

1989 3190 2160 3243 mino.
2195 3189 2374 3243 Nemo
2399 3188 2575 3258 igitur
2594 3188 2864 3242 virtutum
2883 3192 3013 3241 vota
3031 3187 3169 3241 satis
3199 3187 3380 3242 defert
3403 3187 3461 3242 in
3491 3189 3586 3242 ho-

1988 3278 2320 3343 locaustum,
2357 3278 2452 3348 qui
2484 3294 2661 3348 usque
2694 3278 2764 3330 ad
2795 3293 2925 3332 eum
2966 3276 3096 3330 fidei
3143 3276 3429 3347 gressibus
3471 3293 3585 3332 non

1988 3368 2276 3440 pertingit.
2307 3367 2414 3422 Ubi
2443 3367 2490 3420 si
2517 3367 2897 3433 recordamur,
2929 3365 3078 3420 inter
3121 3371 3440 3421 sanctorum
3469 3367 3582 3421 fre-

1988 3457 2302 3527 quentiam,
2371 3456 2519 3526 quod
2576 3455 2778 3526 aliquis
2841 3454 3048 3509 habeat
3115 3455 3328 3526 aliquid
3384 3455 3582 3510 adver-

1987 3562 2113 3599 sum
2143 3561 2262 3610 nos,
2299 3549 2520 3615 oportet
2548 3561 2736 3598 coram
2765 3560 2829 3597 eo
2871 3549 3064 3610 ωηο
3115 3560 3320 3599 munus
3374 3550 3581 3600 nostrae

1988 3633 2302 3688 devotionis
2325 3633 2661 3703 relinquere,
2708 3637 2764 3686 et
2815 3648 3037 3686 morum
3088 3633 3380 3687 affectione
3437 3634 3582 3688 infra

1987 3723 2384 3777 conscientiam
2405 3722 2621 3789 redire;
2646 3721 2855 3791 ibique,
2888 3721 2936 3775 si
2967 3721 3304 3791 abestquem
3335 3721 3580 3776 haesimus

1989 3812 2310 3866 satisfacere
2341 3811 2517 3864 donec
2550 3809 2945 3878 reconciliatis,
2997 3815 3270 3880 quantum
3317 3826 3382 3863 ex
3421 3811 3582 3866 nobis

1987 3907 2073 3956 est
2101 3917 2241 3974 pura
2267 3899 2608 3955 conscientia
2629 3915 2834 3953 munus
2865 3899 3063 3953 offerre
3088 3898 3272 3952 liceat.
3289 3899 3414 3954 Non
3427 3900 3580 3954 enim

1985 3991 2107 4046 sine
2142 4007 2311 4045 causa
2339 4005 2526 4044 coram
2559 3989 2735 4043 altare
2755 4005 2960 4043 munus
2984 3987 3302 4058 relinquere
3329 3989 3584 4061 praecipi-

1984 4097 2148 4148 mur;
2182 4080 2314 4151 quia
2340 4078 2613 4149 quidquid
2641 4094 2830 4132 coram
2863 4078 2978 4132 Deo
3012 4083 3160 4132 recte
3188 4077 3421 4132 offertur
3467 4079 3577 4133 im-

1983 4169 2193 4224 mutari
2223 4185 2336 4223 non
2363 4173 2540 4221 vacat.
2567 4167 2893 4222 Imovitium
2915 4182 3097 4238 pravae
3113 4166 3316 4221 mentis
3328 4168 3582 4239 corriga-

1983 4263 2096 4326 tur,
2130 4264 2186 4313 et
2201 4258 2557 4312 dilectionem
2581 4273 2749 4328 quam
2763 4255 2928 4310 debet
2940 4256 3096 4327 prius
3111 4256 3274 4310 fratri
3295 4258 3579 4313 restituat.

305 4352 453 4406 enim
485 4356 573 4405 est
597 4351 782 4405 dicere
809 4353 1072 4420 peccasti;
1102 4353 1327 4419 quz'csce,
1359 4349 1465 4403 nisi
1499 4351 1737 4420 peccasti
1786 4350 2249 4419 ira-DTuncque
2280 4348 2351 4401 ad
2381 4363 2510 4401 eum
2537 4345 2869 4417 quantocius
2890 4362 3077 4400 coram
3100 4362 3208 4416 quo
3225 4363 3432 4402 munus
3463 4352 3580 4401 sta-

304 4441 508 4496 scendo
529 4440 616 4494 vel
643 4440 958 4505 invidendo,
994 4444 1093 4493 aut
1121 4438 1370 4510 quolibet
1404 4445 1565 4510 pacto
1614 4439 1900 4511 quidpiam

305 4535 499 4586 contra
527 4529 844 4603 proximum
878 4529 1156 4582 moliendo
1186 4547 1198 4594 ;
1230 4528 1451 4598 quiesce
1481 4528 1550 4582 ab
1581 4529 1683 4582 hac
1714 4530 1902 4583 stulti-

303 4620 426 4687 tia;
479 4636 640 4673 cessa
685 4617 849 4672 irasci
899 4619 984 4672 vel
1028 4617 1296 4684 invidere,
1347 4619 1595 4689 alioquin
1643 4635 1752 4673 non
1805 4637 1903 4674 su-

305 4709 536 4781 scipiam
590 4724 796 4762 munus
836 4707 904 4762 de
948 4723 1118 4761 manu
1179 4706 1321 4760 tua?
1369 4709 1506 4762 Ecce
1562 4714 1899 4780 praeceptum

309 4803 569 4865 meet
587 4797 899 4868 exemplum
934 4797 1249 4851 recolimus.
1303 4798 1504 4851 Nullus
1548 4797 1650 4850 sibi
1697 4799 1894 4865 faveat,

307 4887 489 4941 nullus
517 4903 579 4940 se
607 4885 866 4957 decipiat.
899 4885 1043 4949 Quia
1071 4885 1116 4939 si
1146 4890 1342 4939 contra
1389 4885 1704 4955 proximum
1738 4887 1899 4956 quid-

307 4976 450 5047 piam
478 4975 615 5030 mali
643 4976 702 5029 in
737 4975 924 5028 animo
944 4975 1209 5046 gerimus,
1236 4991 1440 5028 munus
1463 4975 1575 5028 Deo
1606 4975 1752 5044 quod
1779 4975 1900 5046 pla-

309 5075 426 5120 ceat
454 5066 656 5120 offerre
689 5080 800 5118 non
817 5080 1133 5135 possumus.
1159 5063 1217 5118 Si
1248 5081 1377 5117 vero
1410 5063 1692 5133 proximus
1719 5082 1748 5116 e
1774 5081 1901 5118 con-

309 5156 476 5210 trario
506 5155 801 5209 adversum
828 5170 929 5208 nos
958 5152 1242 5224 quidpiam
1295 5153 1573 5212 habuerit,
1624 5168 1733 5205 non
1776 5153 1899 5206 dico

312 5243 464 5308 iram,
497 5244 596 5298 sed
627 5259 1019 5314 quamcunque
1052 5241 1334 5296 laesionem
1366 5243 1424 5295 in
1471 5257 1580 5311 qua
1627 5257 1728 5295 nos
1771 5259 1897 5295 eum

313 5333 546 5388 lazsimus
575 5339 632 5387 et
660 5332 1041 5397 recordamur,
1094 5330 1262 5386 etiam
1308 5331 1366 5383 in
1406 5335 1688 5384 momento
1730 5348 1898 5386 sacrae

316 5420 601 5477 oblationis
630 5421 927 5492 nequimus
950 5421 1096 5493 quod
1126 5425 1412 5491 acceptum
1443 5419 1517 5474 sit
1545 5420 1763 5474 offerre.
1799 5421 1898 5475 do-

314 5526 406 5567 nec
432 5511 863 5568 reconciliemur
888 5524 1015 5566 cum
1033 5526 1098 5566 eo
1117 5525 1282 5582 quem
1315 5509 1665 5565 offendimus.
1686 5507 1831 5575 Quid
1853 5510 1898 5564 si

1984 4439 2110 4502 tuit,
2147 4437 2381 4492 festinus
2404 4436 2617 4491 redeat.
2653 4435 3100 4507 Chirographum
3123 4452 3345 4507 quoque
3364 4437 3579 4491 interea

1984 4527 2124 4581 illud
2153 4543 2274 4580 esse
2301 4525 2493 4580 voluit.
2527 4525 2658 4580 Ideo
2684 4541 2796 4579 non
2816 4524 2963 4579 refer
2978 4539 3182 4580 munus
3211 4529 3392 4593 tuum,
3419 4525 3576 4593 dixit,

1985 4617 2079 4670 sed
2111 4616 2383 4686 relinque,
2417 4616 2592 4669 donec
2617 4613 2850 4669 idoneus
2872 4631 2937 4668 ex
2965 4613 3578 4686 conscientia'placabi-

1984 4705 2091 4760 lius
2121 4706 2319 4759 offeras
2351 4721 2471 4775 quae
2498 4704 2713 4758 vovisti.
2755 4705 3126 4775 Nequaquam
3169 4704 3318 4759 enim
3374 4721 3581 4760 munus

1983 4795 2206 4866 repulit,
2242 4794 2338 4848 sed
2370 4793 2701 4848 charitatem
2727 4793 2964 4864 proximi
2985 4793 3258 4866 quaesivit,
3299 4793 3421 4849 sine
3469 4810 3582 4866 qua

1984 4901 2149 4939 nemo
2180 4883 2246 4937 ad
2281 4883 2612 4937 charitatcm
2633 4883 2736 4937 Dei
2766 4883 3035 4954 pervenit.
3067 4883 3225 4938 Unde
3254 4883 3415 4938 fenus
3447 4883 3578 4938 cha-

1982 4973 2165 5027 ritatis
2197 4971 2416 5026 debitor
2443 4977 2667 5026 coactus
2689 4973 2846 5043 prius
2865 4973 3126 5040 exsolvat,
3160 4972 3205 5026 si
3232 4973 3578 5044 placereDeo

1983 5079 2186 5117 munus
2216 5062 2480 5133 legitimae
2509 5061 2794 5116 servitutis
2837 5067 3028 5133 optat;
3089 5063 3184 5133 qui
3233 5062 3480 5133 profecto
3529 5063 3579 5116 si

1984 5169 2094 5207 non
2123 5151 2291 5205 fuerit
2319 5151 2520 5222 spiritu
2551 5147 2886 5204 humilitatis
2934 5152 2991 5205 in
3043 5151 3233 5206 animo
3285 5151 3574 5216 fundatus,

1982 5241 2213 5294 minime
2242 5241 2448 5312 poterit
2470 5241 2689 5312 explere
2708 5241 2856 5312 quod
2869 5240 3117 5310 jubetur.
3145 5240 3288 5306 Quia
3315 5237 3584 5312 superbia

1981 5331 2182 5395 inﬂati,
2207 5347 2318 5385 non
2349 5330 2527 5384 solum
2561 5330 2787 5385 offensis
2815 5330 3134 5385 satisfacere
3185 5331 3583 5391 contemnunt,

1981 5436 2174 5473 verum
2199 5424 2256 5474 et
2277 5421 2454 5490 magis
2485 5419 2685 5474 laedere
2732 5419 2937 5475 fratres
2988 5437 3100 5474 non
3150 5416 3590 5492 pertimescunt.

1983 5509 2266 5565 Hactenus
2293 5509 2517 5581 quidem
2548 5509 2618 5565 de
2635 5509 2825 5565 fenore
2845 5509 3083 5581 proximi
3105 5507 3411 5567 reddendo,
3431 5508 3601 5552 nunc

3481 5651 3517 5679 ί.
