3938 6174
380 203 487 263 243

1134 205 1192 259 S.
1235 201 1618 259 PASCHASII
1656 199 2015 257 RADBERTI
2051 197 2364 254 ABBATIS
2393 197 2883 256 CORBEIENSIS.

3527 205 3619 263 244

382 329 556 384 etiam
585 333 644 385 et
657 344 785 384 cum
805 327 1122 383 adversario
1138 326 1581 382 benevolentiam
1602 325 1752 397 pacis
1765 323 1973 379 habere
1994 324 2046 384 Α
2061 327 2240 377 reatu.
2275 324 2451 378 Nemo
2500 324 2650 377 enim
2694 324 2948 396 utrisque
2992 324 3407 382 adversantibus
3443 331 3619 386 melius

377 418 559 490 jubet.

458 509 601 574 Esto,
629 507 832 580 inquit,
864 509 1203 561 consentiens
1231 506 1550 558 adversario
1580 509 1694 568 tuo,
1737 504 1872 556 dum
1926 518 1977 556 es

387 600 450 651 in
484 599 574 650 via
605 613 732 650 cum
758 613 833 650 eo.
863 595 970 650 Ubi
992 594 1354 665 quaerendum
1373 591 1496 662 quis
1519 591 1592 644 sit
1622 591 1976 645 adversarius

384 691 595 750 noster,
623 685 712 740 cui
743 685 801 739 in
831 685 918 738 via
947 683 1261 738 consentire
1286 681 1572 752 jubemur.
1609 681 1667 734 Si
1715 681 1866 734 enim
1908 680 1976 734 de

383 774 626 840 diabolo,
657 781 722 828 ut
746 774 973 845 quidam
1016 777 1234 843 putant,
1277 771 1489 825 dictum
1535 769 1838 840 accipimus
1889 771 1976 835 (eo

383 865 533 936 quod
557 863 909 919 adversarius
933 867 1124 916 noster
1151 860 1404 915 diabolus
1432 865 1705 930 tanquam
1732 860 1818 912 leo
1847 876 1975 913 con-

380 959 469 1008 tra
527 970 629 1008 nos
676 952 909 1021 saeviat),
960 950 1291 1005 convellitur
1337 949 1519 1004 omnis
1553 948 1976 1002 circumstantia

379 1041 653 1107 lectionis,
678 1045 735 1094 et
759 1039 1023 1111 perfectio
1047 1039 1312 1109 legalium
1335 1039 1728 1092 mandatorum
1761 1054 1887 1090 mox
1908 1055 1974 1091 ex

379 1131 677 1201 Evangelio
705 1146 816 1183 non
847 1128 1226 1184 continuatur.
1259 1127 1494 1181 Videtur
1535 1126 1686 1180 enim
1732 1125 1975 1180 violenta

377 1219 790 1289 interpretatio,
821 1217 1119 1271 benevolos
1149 1233 1251 1270 nos
1294 1216 1378 1270 illi
1414 1215 1532 1270 fore
1576 1214 1796 1280 debere,
1845 1232 1972 1269 cum

377 1309 499 1379 ejus
527 1324 641 1362 non
670 1306 960 1360 obedimus
989 1305 1298 1370 fraudibus,
1349 1321 1420 1358 ne
1470 1304 1565 1358 ille
1602 1309 1831 1375 propter
1873 1321 1974 1359 nos

378 1395 622 1466 amplius
651 1393 873 1448 aeternis
892 1393 1172 1447 crucietur
1190 1393 1388 1463 poenis.
1411 1393 1679 1456 Quaenam
1711 1391 1975 1462 perfectio

382 1490 484 1550 est,
501 1500 614 1538 non
633 1489 864 1554 prapter
883 1499 1134 1536 amorem
1150 1482 1271 1548 Dei,
1303 1483 1398 1535 sed
1416 1487 1644 1552 propter
1667 1497 1795 1535 eum
1808 1498 1976 1552 quem

383 1573 568 1628 odisse
602 1573 660 1625 in
675 1571 954 1642 baptismo
970 1571 1292 1634 statuimus,
1321 1570 1456 1624 vitia
1473 1571 1749 1635 deserere,
1775 1570 1976 1640 cuique

2059 412 2354 478 consentit,
2388 427 2556 484 quam
2584 413 2672 466 hic
2689 413 2784 484 qui
2815 413 3018 484 diligit,
3057 419 3114 468 et
3136 415 3255 469 sine
3272 422 3483 486 peccato
3507 437 3620 490 pro-

2059 507 2185 572 pter
2213 517 2343 555 eum
2365 501 2578 572 patitur
2599 517 2762 571 quem
2784 502 2989 572 diligit.
3025 502 3165 556 Cum
3198 520 3264 557 ea
3291 521 3418 574 ergo
3451 523 3624 562 sumus

2059 590 2118 644 in
2147 590 2250 656 via,
2284 590 2417 661 quia
2447 590 2566 660 ipse
2594 606 2780 644 sermo
2807 590 3030 645 divinus
3049 591 3191 645 nihil
3211 592 3368 647 nobis
3388 595 3526 650 aliud
3553 603 3625 652 est

2059 696 2227 749 quam
2254 678 2360 732 via.
2395 679 2538 734 Hinc
2571 696 2792 750 quoque
2835 680 3011 734 David
3040 681 3121 734 ait
3149 699 3161 734 :
3234 684 3378 736 Viam
3420 687 3626 740 manda-

2061 774 2246 822 torum
2295 773 2521 821 tuoru-m
2563 771 2814 834 cucurri,
2863 771 2999 823 dum
3046 771 3300 824 dilatasti
3340 788 3428 825 cor
3465 789 3627 828 meum

2061 859 2223 929 (Psal.
2271 871 2456 923 cxvui,
2509 854 2620 916 32).
2671 857 2775 910 Via
2833 858 3040 928 quippe
3093 858 3347 913 Christus
3398 865 3494 926 est,
3543 880 3630 932 per

2056 961 2223 1016 quem
2278 945 2426 998 etin
2476 961 2585 1016 quo
2622 950 2774 1000 recte
2832 963 2961 1000 cum
3017 947 3334 1002 adversario
3388 949 3629 1005 vitiorum

2054 1039 2376 1088 nostrorum
2409 1035 2724 1106 gradimur,
2775 1035 2986 1090 scilicet
3029 1036 3196 1091 verbo
3228 1038 3541 1109 Evangelii;
3576 1045 3631 1094 ut

2055 1123 2189 1177 dum
2231 1123 2353 1193 ejus
2397 1123 2569 1193 jussis
2617 1123 3082 1192 obsecundamus,
3134 1126 3204 1179 ad
3246 1127 3413 1180 vitam
3470 1145 3632 1198 quan-

2055 1213 2238 1282 doque
2259 1213 2380 1266 sine
2407 1213 2617 1266 offensa
2641 1213 2848 1283 judicis
2882 1219 3072 1279 πθπ
3119 1216 3304 1270 venire
3343 1217 3629 1272 valeamus.

2056 1301 2228 1365 Quasi
2277 1300 2601 1355 itinerarius
2656 1301 2948 1356 nobiscum
3024 1305 3410 1375 temporaliter
3465 1323 3629 1360 sermo

2058 1389 2356 1459 Evangelii
2372 1407 2436 1443 ac
2465 1391 2513 1443 si
2542 1407 2729 1444 comes
2760 1391 2817 1445 in
2849 1392 2936 1445 via
2955 1393 3232 1462 graditur,
3265 1395 3334 1448 ad
3365 1394 3632 1465 perfectio-

2059 1494 2187 1532 nem
2215 1495 2344 1532 vero
2370 1479 2494 1532 vitae
2520 1479 2827 1533 identidem
2849 1497 3034 1534 sermo
3059 1483 3179 1552 jam
3205 1482 3464 1554 deinceps
3494 1490 3633 1538 aeter-

2058 1584 2164 1621 nus
2192 1568 2318 1625 erit.
2343 1568 2502 1622 Unde
2531 1569 2772 1622 Joannes
2792 1569 2849 1622 in
2869 1571 3203 1641 Apocalypsi
3217 1587 3321 1625 sua
3343 1573 3477 1626 dicit
3503 1572 3635 1643 quod

382 1661 591 1715 bellum
608 1659 939 1714 indiximus?
951 1660 1052 1713 Vel
1065 1659 1342 1730 quomodo
1356 1675 1483 1714 cum
1505 1676 1571 1713 eo
1586 1660 1643 1713 in
1660 1659 1749 1712 via
1761 1675 1974 1726 sumus,
1994 1680 2040 1739 Β
2059 1656 2260 1710 viderit
2285 1656 2343 1709 in
2359 1672 2596 1726 persona
2626 1657 2830 1712 Christi
2852 1660 3135 1728 angelum,
3169 1660 3525 1731 Evangelium
3553 1662 3638 1715 ha-

385 1749 482 1821 qui
510 1765 799 1819 nunquam
829 1749 886 1803 in
918 1749 1004 1803 via
1032 1749 1207 1814 stetit,
1240 1765 1421 1819 neque
1446 1765 1571 1802 cum
1597 1765 1661 1802 eo
1691 1753 1896 1812 mente,
1930 1746 1976 1800 si

384 1843 536 1894 recte
561 1838 830 1910 sapimus,
857 1843 956 1892 aut
979 1838 1263 1892 voluntate
1285 1854 1534 1908 unquam
1563 1836 1808 1891 fuimus?
1830 1837 1981 1901 Qua-

383 1933 616 2000 propter
643 1927 843 1980 melius
872 1927 940 1981 de
979 1926 1152 1980 fratre
1201 1925 1452 1996 quolibet
1491 1926 1840 1992 adversante,
1885 1930 1984 1978 aut

383 2023 533 2071 certe
550 2033 615 2070 ex
632 2016 933 2086 Evangelio
954 2021 1359 2087 praeceptorum
1395 2015 1606 2069 dictum
1652 2015 1977 2085 accipimus,

389 2110 666 2177 quatenus
689 2110 744 2159 et
762 2110 979 2159 textum
1009 2104 1266 2159 lectionis
1307 2104 1638 2158 continuum
1673 2120 1981 2170 servemus,

385 2201 443 2249 et
471 2211 668 2248 sensus
699 2193 1115 2264 Scripturarum
1142 2193 1442 2247 concordes
1478 2193 1686 2262 ubique
1715 2177 1983 2246 restitua-

386 2300 532 2338 mus.
549 2284 576 2338 J
584 2282 820 2337 ubemur
831 2299 964 2352 ergo
987 2287 1106 2348 πα
1125 2288 1165 2347 ι
1205 2282 1590 2336 adversantem
1604 2280 1892 2335 nobiscum
1925 2281 1983 2334 in

388 2373 479 2427 via
505 2371 839 2438 consentire,
887 2371 1293 2442 benignitatem
1339 2371 1391 2425 ei
1429 2375 1788 2442 praestantes;
1835 2370 1982 2441 quod

389 2461 572 2532 magis
601 2461 670 2515 de
694 2462 892 2515 Graeco
943 2461 1142 2528 εὕνοῶν,
1172 2459 1229 2513 id
1255 2465 1341 2514 est
1369 2462 1649 2514 benevolus
1672 2475 1872 2514 sonare
1900 2459 1983 2513 vi-

391 2552 574 2606 detur.
608 2551 677 2605 Et
707 2555 793 2604 est
813 2567 1046 2604 sensus:
1078 2551 1197 2620 jam
1230 2549 1362 2620 quia
1390 2549 1568 2615 fratri,
1603 2549 1650 2603 si
1673 2549 1834 2604 laesus
1863 2549 1984 2603 fue-

390 2641 466 2696 rit
491 2656 662 2711 supra
681 2644 737 2694 te
776 2639 1123 2694 reconciliari
1161 2639 1356 2706 docui;
1411 2655 1559 2693 nunc
1607 2638 1755 2709 quod
1805 2637 1985 2708 magis

393 2736 480 2784 est
507 2746 782 2800 exsequor
805 2749 816 2783 :
847 2729 1066 2783 etiamsi
1085 2728 1438 2784 adversarius
1466 2727 1760 2788 exstiterit.
1793 2733 1910 2780 esto
1937 2726 1989 2780 ei

390 2819 693 2874 benevolus
721 2819 856 2873 dum
877 2835 936 2872 es
965 2835 1089 2872 cum
1125 2835 1190 2872 eo
1223 2818 1282 2872 in
1315 2817 1423 2882 via,
1465 2816 1667 2870 affectu
1711 2815 1985 2886 placabili,

394 2913 452 2961 et
482 2908 734 2962 consenti
756 2912 820 2960 ut
846 2906 1124 2960 aemuleris
1146 2906 1379 2959 meliora
1391 2906 1609 2971 salutis,
1627 2905 1795 2959 verbo
1818 2907 1990 2959 Evan-

2063 1745 2284 1799 bentem
2312 1750 2606 1800 aeternum.
2658 1747 2950 1801 Eternum
2991 1755 3180 1802 autem
3224 1749 3475 1804 fortassis
3525 1750 3640 1814 erit,

2064 1835 2197 1904 quia
2217 1835 2367 1888 ultra
2393 1835 2508 1888 vita
2532 1835 2768 1889 actualis
2797 1852 2908 1889 non
2938 1837 3064 1903 erit,
3089 1854 3211 1908 quae
3229 1840 3422 1894 multis
3447 1839 3642 1894 divino-

2065 1940 2193 1977 rum
2223 1923 2497 1978 duntaxat
2517 1924 2928 1994 evangelizatur
2964 1926 3225 1997 eloquiis.
3252 1928 3525 1983 Caeterum
3551 1929 3642 1982 ad-

2065 2012 2347 2066 versarius
2392 2018 2583 2066 noster
2628 2011 2918 2067 nobiscum
2949 2016 3226 2085 quomodo
3280 2017 3569 2086 gradiatur
3593 2019 3644 2072 in

2069 2100 2152 2154 via
2175 2118 2286 2154 non
2308 2100 2549 2154 absurde
2569 2102 2838 2172 quaeritur
2864 2121 2876 2169 ;
2909 2103 3058 2173 quia,
3102 2103 3147 2156 si
3176 2103 3468 2160 nobiscum
3489 2106 3542 2160 in
3568 2106 3647 2160 via

2067 2207 2188 2260 quae
2211 2190 2466 2244 Christus
2489 2196 2591 2256 est,
2619 2191 2746 2256 iret,
2770 2191 2964 2262 utique
2980 2193 3336 2247 adversarius
3364 2211 3474 2249 non
3494 2201 3644 2251 esset.

2065 2279 2224 2333 Unde
2245 2279 2456 2349 liquido
2469 2280 2783 2350 patetquod
2803 2280 2990 2351 potius
3006 2281 3074 2334 de
3111 2282 3199 2335 via
3239 2284 3530 2353 praesentis
3557 2301 3650 2338 sze-

2066 2367 2176 2422 culi
2207 2367 2442 2433 dicatur,
2469 2368 2526 2422 in
2541 2385 2652 2439 qua
2677 2369 2845 2423 simul
2868 2387 3062 2423 omnes
3075 2371 3380 2438 nascendo,
3413 2372 3650 2439 vivendo,

2066 2458 2152 2511 vel
2166 2457 2454 2510 moriendo
2471 2457 2806 2512 transimus:
2833 2457 2929 2512 ubi
2951 2458 3259 2523 nobiscum.
3280 2466 3534 2532 tempore
3554 2477 3652 2532 quo

2067 2547 2304 2600 vivimus
2327 2547 2527 2612 adhuc,
2561 2547 2884 2601 adversario
2930 2548 3038 2602 iter
3067 2555 3288 2618 agente,
3349 2552 3656 2605 consentire

2067 2635 2148 2689 illi
2187 2637 2469 2706 patienter
2487 2653 2587 2707 pro
2606 2637 2902 2691 dilectione
2924 2643 3162 2709 oportet,
3187 2644 3244 2693 et
3255 2641 3413 2694 omni
3439 2641 3656 2694 benevo-

2071 2725 2243 2778 lentia
2271 2725 2456 2779 fovere
2477 2744 2488 2792 ;
2521 2742 2630 2779 non
2651 2732 2715 2779 ut
2733 2727 3083 2780 adversarius
3104 2735 3456 2798 permaneat,
3476 2746 3656 2784 verum

2071 2817 2136 2867 ut
2159 2813 2217 2867 in
2233 2815 2322 2868 via
2347 2815 2448 2869 Dei
2470 2814 2684 2869 amicus
2714 2816 2830 2869 ﬁat.
2858 2816 2966 2870 Sed
2996 2817 3138 2870 forte
3174 2825 3390 2888 quaeret
3419 2820 3614 2891 aliquis
3642 2837 3652 2872 :

2070 2903 2434 2957 Adversarius
2455 2905 2500 2958 si
2519 2905 2906 2974 permanserit,
2931 2922 3057 2959 cum
3072 2910 3130 2959 et
3147 2906 3266 2977 ipse
3282 2924 3474 2962 coram
3485 2907 3660 2979 judice

394 2996 548 3066 gelii,
582 2995 732 3066 quod
761 2999 819 3048 et
845 2995 945 3048 tibi
978 2995 1325 3060 adversatur,
1363 2995 1497 3048 dum
1525 3009 1584 3048 es
1628 2994 1686 3047 in
1732 2995 1819 3048 via
1860 3011 1985 3048 cum
2005 3004 2048 3066 (ς
2073 2992 2398 3046 criminibus
2424 2994 2623 3047 saltem
2649 2993 3072 3048 inimicitiarum
3125 3013 3254 3050 reus
3291 2998 3658 3068 adjudicatur,

397 3085 540 3154 ipso.
574 3083 741 3137 Jubet
771 3082 921 3136 enim
951 3082 1311 3152 Evangelium
1340 3082 1594 3137 inimicos
1613 3083 1865 3153 diligere,
1899 3100 1993 3154 pa-

398 3178 545 3226 trem
571 3188 793 3243 quoque
823 3176 880 3224 et
900 3177 1158 3238 matrem,
1183 3171 1386 3226 fratres
1399 3172 1484 3225 vel
1523 3188 1778 3239 sorores;
1812 3173 1994 3226 adhuc

402 3266 461 3317 et
487 3261 754 3328 animam,
790 3261 939 3332 quod
969 3259 1106 3314 satis
1155 3260 1311 3314 carni
1356 3260 1717 3329 contrarium,
1763 3262 1994 3316 mandat

401 3351 604 3405 odisse.
646 3350 724 3404 Ex
767 3349 970 3422 quibus
1005 3349 1222 3404 duobus
1265 3349 1408 3404 forte
1453 3350 1802 3418 adversariis,
1848 3367 1993 3405 unus

403 3439 660 3507 efficitur,
694 3440 829 3494 dum
859 3439 1160 3511 aliquando
1191 3440 1519 3495 adversatur
1546 3441 1720 3495 frater
1761 3442 1988 3512 injuste,

403 3534 600 3584 contra
623 3546 790 3600 quem
819 3529 1135 3584 concitatur
1161 3529 1343 3584 carnis
1387 3530 1686 3601 prudentia
1742 3536 1797 3584 et
1850 3529 1994 3584 fellis

405 3619 758 3687 amaritudo;
792 3625 849 3674 et
877 3636 906 3672 e
939 3619 1223 3673 contrario
1249 3636 1434 3673 sermo
1462 3619 1683 3674 divinus
1722 3618 1884 3690 jubet
1926 3635 1996 3673 ne

407 3709 645 3763 resistas
682 3708 852 3775 malo,
885 3708 982 3763 sed
1012 3709 1200 3763 vincas
1241 3707 1300 3762 in
1343 3708 1487 3763 bono
1527 3709 1759 3764 malum.
1814 3709 1991 3774 Unde,

408 3799 539 3870 quia
577 3803 639 3853 ut
681 3798 893 3853 dictum
941 3803 1046 3864 est,
1088 3799 1314 3853 Graecus
1360 3798 1528 3852 habet
1582 3798 1898 3863 benevolus,
1942 3804 1999 3852 et

405 3894 600 3944 nostra
629 3887 1018 3960 interpretatio
1033 3888 1404 3954 consentiens,
1434 3904 1497 3942 ac
1527 3888 1574 3942 si
1595 3905 1659 3942 ex
1689 3904 1802 3942 uno
1831 3886 1997 3941 verbo

407 3978 582 4032 simus
611 3977 864 4032 benevoli
891 3977 1159 4032 fratribus
1209 3993 1532 4048 quanquam
1574 3976 1760 4031 debite
1801 3977 1998 4031 adver-

407 4066 680 4131 santibus,
715 4071 772 4119 et
799 4065 1209 4119 consentientes
1236 4066 1533 4134 Evangelia
1565 4065 1622 4119 in
1653 4083 1761 4136 quo
1787 4065 1998 4119 dictum

409 4158 522 4206 est:
559 4155 737 4206 Nolite
755 4155 1001 4206 resistere
1033 4156 1199 4205 malo.
1227 4152 1428 4205 Nullus
1456 4153 1630 4222 igitur
1650 4154 1999 4208 adversarius

411 4241 592 4309 major
618 4256 786 4310 quam
815 4241 910 4310 qui
940 4240 1132 4294 multis
1163 4240 1460 4310 impugnat
1488 4241 1760 4311 partibus,
1782 4248 1837 4296 et
1867 4242 2000 4296 resi-

2077 3082 2354 3152 quomodo
2385 3083 2592 3152 poterit
2619 3089 2780 3137 reatu
2800 3083 3016 3138 vinctus
3036 3085 3210 3154 judici
3233 3102 3392 3140 reum
3415 3086 3662 3141 tradere?

2075 3171 2283 3225 Tradet
2302 3187 2454 3241 ergo,
2479 3172 2609 3226 licet
2640 3189 2770 3226 reus
2798 3172 2894 3238 sit,
2926 3190 3027 3227 nos
3050 3175 3247 3244 judici,
3283 3175 3421 3246 quia
3440 3191 3662 3230 manens

2076 3259 2136 3312 in
2158 3276 2223 3313 eo
2249 3259 2550 3315 simultatis
2582 3267 2785 3316 nostra;
2816 3262 2919 3330 ira,
2955 3280 3120 3334 quem
3141 3264 3417 3334 placando
3439 3266 3664 3319 delinire

2075 3349 2355 3415 nolumus,
2390 3349 2458 3404 ob
2487 3351 2975 3421 impoenitudinem
3004 3369 3192 3407 coram
3235 3353 3427 3423 judice
3465 3355 3666 3425 arguit.

2073 3439 2154 3492 Ac
2181 3437 2228 3491 si
2258 3439 2506 3509 apertius
2533 3441 2746 3511 loquar,
2781 3441 2826 3494 is
2865 3442 2960 3512 qui
2987 3458 3078 3495 me
3128 3443 3446 3498 vulneravit
3476 3444 3667 3498 mortis

2077 3527 2322 3593 vulnere,
2347 3529 2579 3582 tradidit
2607 3530 2664 3583 in
2697 3529 2953 3584 manibus
2983 3530 3327 3586 medicorum
3354 3551 3364 3584 :
3393 3533 3493 3600 sic,
3543 3533 3669 3604 quia

2078 3633 2169 3670 me
2198 3617 2503 3671 adversitas
2529 3623 2813 3688 superavit
2835 3636 2904 3674 ne
2932 3620 3090 3673 illum
3108 3619 3499 3676 benevolentia
3525 3623 3667 3676 fove-

2079 3722 2198 3759 rem
2229 3711 2284 3760 et
2309 3707 2682 3760 consentirem
2713 3708 2878 3762 verbo
2909 3709 3214 3779 Evangelii,
3249 3712 3470 3766 cruenti
3504 3712 3671 3766 livore

2081 3795 2342 3862 vulneris,
2374 3795 2607 3849 tradidit
2633 3813 2721 3850 me
2729 3797 3077 3866 judicireatu
3100 3799 3368 3863 vinctum,
3404 3818 3518 3872 quo
3548 3802 3671 3856 nul-

2080 3885 2152 3950 la,
2181 3884 2311 3954 quia
2330 3884 2648 3938 adversanti
2670 3887 2985 3941 consentire
3014 3888 3196 3942 noluit
3223 3889 3287 3959 [f.
3338 3891 3538 3962 nolui],
3587 3890 3672 3945 ul-

2079 3973 2255 4027 terius
2282 3973 2499 4044 proﬁcit
2525 3975 2824 4028 excusatio.
2858 3976 3021 4030 Patet
3047 3977 3223 4047 igitur
3250 3995 3469 4046 sensus,
3529 3979 3672 4052 quod

2081 4079 2265 4117 sermo
2294 4062 2513 4116 divinus
2542 4064 2749 4116 nostris
2783 4064 3112 4120 adversatur
3132 4067 3544 4122 desideriorum
3565 4070 3677 4122 ille-

2082 4151 2280 4218 cebris,
2312 4152 2402 4206 cui
2431 4151 2538 4206 nisi
2569 4154 2882 4208 consentiat
2926 4154 3166 4222 animus,
3199 4156 3445 4210 traditur
3479 4157 3550 4212 ab
3589 4175 3673 4223 eo,

2083 4257 2249 4311 quem
2277 4240 2521 4307 violavit,
2540 4241 2715 4310 judici
2732 4248 2911 4296 morte
2927 4248 3198 4314 perpetua
3209 4245 3549 4315 puniendus.
3570 4247 3678 4302 Sed

410 4328 593 4382 stendi
620 4327 739 4383 sine
761 4328 1001 4398 graviori
1026 4329 1248 4399 jactura
1277 4329 1488 4382 nullam
1531 4329 1732 4383 tribuit
1772 4327 2062 4385 faculta-D
2085 4331 2371 4400 quaeritur,
2412 4347 2477 4384 ex
2507 4330 2732 4384 homine
2785 4331 2880 4402 qui
2924 4332 3269 4398 adversatur,
3299 4335 3344 4388 si
3375 4335 3584 4402 subito,
3617 4343 3678 4390 ut

409 4420 606 4470 tatem.
639 4417 710 4470 Et
736 4417 861 4470 ideo
890 4417 1143 4487 cogimur
1173 4418 1320 4471 hunc
1348 4433 1573 4472 sensum
1602 4424 1813 4478 tenere.
1868 4419 2000 4489 quia

411 4505 591 4575 magis
633 4505 894 4574 congruit
931 4522 994 4560 ex
1023 4506 1445 4561 circumstantia
1492 4506 1892 4573 doctrinarum,
1944 4513 2001 4561 et

411 4610 506 4648 eos
536 4601 726 4647 tamen
755 4611 864 4648 non
894 4595 1144 4649 refellere
1174 4596 1269 4666 qui
1298 4597 1541 4651 afﬂuunt
1560 4596 1688 4650 hinc
1729 4596 1859 4650 inde
1900 4614 1998 4667 pro

409 4683 644 4736 veritate
665 4683 952 4738 catholicae
970 4685 1464 4755 interpretationis.
1480 4687 1623 4741 Nam
1638 4685 1806 4740 istum
1833 4703 1999 4756 quem

409 4771 666 4828 cudimus
695 4772 858 4843 quasi
887 4789 951 4826 ex
981 4773 1196 4828 duobus
1246 4775 1488 4828 metallis
1531 4791 1769 4846 sequens
1815 4791 1999 4829 sermo

410 4861 665 4932 explicat,
697 4861 830 4915 dum
857 4866 914 4914 et
943 4863 1275 4932 percutienti
1300 4863 1583 4917 maxillam
1604 4864 1839 4918 alteram
1863 4882 2000 4935 pra:-

410 4949 542 5004 bere
561 4949 742 5021 jubet,
762 4955 818 5003 et
835 4950 1056 5004 tollenti
1075 4953 1324 5006 tunicam
1357 4953 1586 5022 pallium
1615 4953 1917 5020 dimittere,
1943 4959 2000 5006 et

409 5039 729 5110 angarianti
757 5039 970 5104 cedere,
1007 5045 1063 5093 et
1090 5057 1217 5094 cum
1249 5056 1312 5094 eo
1333 5041 1472 5094 alios
1491 5041 1644 5095 mille
1676 5059 1868 5111 passus
1893 5043 1993 5096 ire.

407 5129 538 5182 Haec
567 5129 755 5182 omnia
779 5127 918 5182 nihil
940 5128 1089 5182 aliu'd
1107 5134 1238 5183 sunt
1258 5146 1426 5198 quam
1447 5130 1763 5185 adversario
1782 5132 1838 5185 in
1862 5148 1998 5202 pra:-

408 5217 589 5270 sentia
616 5217 821 5271 favere.
840 5218 946 5271 Sed
960 5223 1149 5271 tamen
1180 5234 1247 5272 ea
1275 5218 1355 5271 sic
1389 5219 1628 5273 tolerare
1675 5227 1895 5291 oportet
1930 5236 1995 5274 ex

407 5305 676 5374 subjecto,
719 5311 783 5359 ut
823 5305 1207 5360 benevolentia
1263 5307 1319 5359 in
1369 5307 1625 5361 omnibus
1680 5310 1991 5376 comitetur,

409 5400 678 5464 quantum
713 5411 779 5447 ex
807 5400 861 5447 te
892 5399 993 5459 est,
1041 5411 1166 5447 cum
1206 5411 1278 5447 ’ρο
1336 5395 1429 5465 qui
1485 5397 1871 5466 adversantur,
1931 5415 1996 5453 ex

405 5486 646 5551 affectu;
681 5491 739 5539 et
766 5483 948 5538 divino
987 5484 1211 5539 oraculo
1258 5500 1481 5557 semper
1539 5485 1830 5542 obediatur
1875 5487 1994 5544 sine

2081 4420 2303 4484 assolet,
2337 4420 2553 4474 occisus
2579 4419 2766 4486 fuerit,
2811 4422 3089 4490 quomodo
3131 4423 3519 4494 accipiendum
3566 4425 3676 4479 sit?

2081 4509 2346 4579 Nunquid
2370 4509 2708 4580 poenitentiae
2737 4509 2890 4563 locus
2910 4510 3143 4575 tollitur,
3174 4511 3307 4581 quia
3335 4511 3395 4564 in
3416 4513 3678 4582 praesenti

2083 4598 2169 4651 via
2189 4600 2308 4668 jam
2351 4599 2640 4651 consensio
2685 4605 2741 4651 et
2791 4597 3174 4653 benevolentia
3210 4601 3680 4656 reconciliationis

2083 4686 2354 4756 negatur?
2385 4685 2541 4749 Quod
2565 4686 2610 4738 si
2632 4686 2702 4739 ad
2724 4687 3132 4757 paenitentiam,
3168 4693 3232 4742 ut
3250 4689 3539 4743 fatendum
3575 4697 3678 4757 est,

2083 4775 2192 4829 reis
2221 4774 2382 4827 venia
2408 4774 2710 4841 relaxatur,
2743 4777 3108 4832 nihilominus
3147 4759 3509 4848 quaerendum
3537 4795 3680 4851 quo-

2082 4863 2248 4918 modo
2278 4862 2347 4916 ab
2377 4879 2441 4916 eo
2463 4880 2626 4934 quem
2655 4866 2895 4936 peremit
2913 4866 3172 4920 tradatur
3194 4867 3389 4936 judici,
3419 4867 3530 4922 nisi
3548 4868 3679 4939 quia

2082 4952 2162 5006 sic
2177 4951 2429 5005 Salvator
2445 4953 2776 5024 temperavit
2787 4954 3144 5022 sententiam,
3164 4955 3372 5026 absque
3393 4955 3564 5010 dubio
3575 4972 3678 5028 pro

2080 5042 2414 5113 impunitate
2441 5043 2651 5113 peccati
2664 5043 3114 5099 reustradendus
3142 5053 3507 5112 monstretur,
3525 5054 3586 5101 et
3599 5053 3680 5102 ta-

2082 5149 2209 5186 men
2224 5132 2620 5202 pmnitentibus
2634 5133 2792 5187 venia
2807 5151 2918 5188 non
2931 5136 3353 5204 negatur.Unde
3364 5137 3674 5191 indefinite:

2153 5229 2211 5286 τε
2223 5227 2269 5284 ς
2281 5227 2339 5286 3
2360 5224 2436 5274 Νη
2449 5224 2589 5288 forte
2614 5225 2799 5276 tradat
2823 5229 2887 5288 te,
2912 5222 3114 5294 inquit,
3124 5227 3332 5293 judici.
3356 5225 3444 5280 Sic
3468 5226 3679 5297 quippe

2081 5311 2412 5380 ten'iperavit
2445 5309 2671 5364 verbum
2723 5311 3047 5379 dubietatis,
3098 5318 3162 5366 ut
3203 5313 3545 5384 paenitentiae
3602 5315 3679 5368 lo-

2078 5416 2204 5453 cum
2237 5415 2347 5452 non
2376 5400 2666 5453 adimeret.
2701 5400 2862 5454 Haud
2890 5399 3122 5455 dubium
3145 5401 3280 5472 quin
3297 5403 3574 5468 Salvator,
3587 5404 3679 5473 ju-

2077 5489 2179 5543 dex
2213 5488 2460 5545 vivorum
2498 5495 2551 5544 et
2596 5498 2946 5545 mortuorum
2990 5489 3109 5562 ipse
3157 5491 3493 5547 constitutus
3547 5497 3674 5559 est;
