3938 6174
1003 239 1390 296 EXPOSITIO
1438 241 1516 296 IN
1561 242 2009 300 MA’I'I‘HIEUM.
2054 275 2125 286 —
2163 245 2299 300 LIB.
2340 244 2440 311 ΙΙΙ,
2485 243 2641 298 CAP.
2683 244 2750 297 V.
3408 245 3514 305 246

249 239 348 299 245

248 367 375 438 quia
401 366 576 423 Pater
604 383 717 422 non
741 365 961 438 judicat
980 381 1340 437 quemquam,
1373 367 1468 420 sed
1493 382 1659 422 omne
1680 369 1834 439 judi-
1852 371 1902 431 Α
1920 369 2125 440 Joseph
2157 388 2168 423 :
2203 371 2378 424 Donec
2399 370 2610 438 peperit
2637 369 2821 436 ﬁlium
2838 369 3296 437 primogenitum.
3327 369 3514 426 Finita

244 457 387 510 cium
409 456 738 511 deditFilio.
771 456 945 510 Porro
969 454 1242 520 minister,
1273 456 1362 508 cui
1393 472 1428 509 a
1452 456 1640 526 judice
1661 457 1710 511 is
1729 464 1838 512 tra-
1923 463 2008 512 est
2036 459 2185 512 enim
2207 458 2486 512 sententia
2511 473 2576 511 ex
2605 473 2672 512 ea
2690 461 2850 528 parte
2870 457 2939 510 de
2961 473 3072 528 qua
3086 458 3292 512 dicitur
3311 477 3322 512 :
3339 461 3513 516 donec

243 545 412 612 ditur,
442 546 633 617 angeli
669 551 820 611 sunt,
849 545 918 598 de
949 543 1150 616 quibus
1171 544 1383 598 dictum
1417 551 1541 599 est:
1579 548 1728 613 Quod
1741 563 1840 601 an-
1913 551 2124 616 peperit
2169 550 2354 615 ﬁlium
2411 563 2577 601 suum
2611 549 3085 615 primogenitum;
3136 547 3360 602 inﬁnita
3379 564 3519 603 vero.

241 637 347 702 geli
373 640 722 690 accesserunt
745 640 792 688 et
823 636 1224 688 ministrabant
1255 638 1306 687 ei
1323 653 1338 697 ;
1371 650 1614 706 namque
1635 640 1693 690 et
1709 653 1837 690 cum

244 723 457 794 angelis
478 723 550 778 ad
565 723 843 795 judicium
853 727 1120 778 venturus
1145 723 1369 793 legitur,
1385 723 1480 794 qui
1497 724 1839 796 separabunt

239 813 416 868 malos
445 814 517 868 de
555 813 743 867 medio
767 814 1077 883 justorum,
1118 818 1176 866 et
1203 812 1432 867 mittent
1455 829 1550 867 eos
1576 813 1634 868 in
1661 815 1836 868 cami-

238 918 372 957 num
403 903 574 972 ignis,
607 902 705 957 ubi
733 903 843 958 erit
870 903 1037 957 fletus
1079 907 1136 957 et
1164 903 1374 957 stridor
1417 904 1693 959 dentium.
1727 905 1836 959 Sed

241 992 390 1063 quod
419 991 498 1046 ibi
532 991 815 1046 caminum
832 992 977 1062 ignis
989 992 1144 1058 dicit,
1168 992 1259 1046 hic
1272 1009 1552 1047 carcerem
1578 995 1835 1064 ﬁgurate,

237 1097 357 1152 quae
386 1097 616 1136 reorum
646 1087 733 1136 est
752 1081 1024 1148 custodia,
1061 1082 1379 1153 appellavit.
1415 1083 1523 1137 Sed
1569 1083 1837 1139 terribilis

234 1170 394 1224 valde
427 1170 703 1225 incutitur
734 1170 1031 1226 sententia.

299 1262 341 1314 A
354 1276 483 1314 men
503 1262 624 1314 dico
646 1262 764 1327 tibi,
782 1260 984 1331 inquit,
1005 1276 1115 1314 non
1139 1262 1280 1314 exies
1302 1261 1623 1327 inde,donee
1640 1262 1834 1315 reddas

234 1352 606 1404 novissimum
625 1351 1014 1418 quadrantem.
1049 1348 1191 1403 Hinc
1210 1349 1419 1419 cogitet
1447 1350 1832 1421 unusquisque

227 1438 379 1508 apud
409 1439 807 1510 semetipsum,
832 1443 890 1492 et
917 1439 1022 1493 hoc
1052 1438 1212 1509 quasi
1233 1438 1549 1508 specialiter
1567 1439 1673 1493 sibi
1693 1457 1833 1510 pra:-

227 1525 444 1580 dictum
470 1526 763 1594 advertat;
796 1527 1000 1581 veritas
1028 1526 1180 1581 enim
1212 1531 1298 1580 est
1335 1527 1430 1596 qui
1475 1527 1742 1598 loquitur,
1775 1533 1834 1583 et

225 1632 335 1670 non
367 1615 930 1686 mentitur.Singulis
959 1616 1110 1669 enim
1134 1615 1346 1669 dictum
1378 1619 1481 1681 est,
1507 1617 1712 1686 singuli
1728 1634 1830 1672 au-

1920 637 2230 691 secundum
2257 636 2586 691 catholicam
2615 635 2804 702 ﬁdem,
2843 652 2909 689 ex
2937 652 3006 690 ea
3025 637 3174 706 quod
3203 637 3368 691 modo
3396 654 3510 693 non

1919 726 2175 796 cognovit
2195 742 2319 780 eam
2362 742 2489 780 cum
2520 724 2755 796 peperit,
2805 724 2904 778 sed
2963 731 3183 780 constat
3218 742 3511 798 nunquam

1919 814 2260 885 cognovisse.
2283 815 2428 879 Quia
2455 814 2746 884 virginitas
2767 814 2889 883 ejus
2915 813 3361 870 incontaminata
3386 832 3510 887 per-

1918 903 2143 968 mansit,
2179 903 2249 958 de
2279 919 2391 974 qua
2411 903 2548 957 satis
2571 903 2691 973 jam
2721 902 2926 956 dixisse
2954 903 3509 961 sufﬁciat.Cteterum

1920 993 2150 1048 tertium
2161 992 2425 1064 loquendi
2443 1007 2621 1062 genus
2645 995 2748 1058 est,
2771 1008 2899 1046 cum
2923 991 3100 1047 amba
3118 992 3294 1064 ipsius
3320 999 3512 1064 partes

1921 1099 2022 1154 pro
2042 1082 2262 1136 inﬁnito
2282 1081 2721 1152 accipiuntur,ut
2736 1097 2978 1151 praesens
2997 1082 3151 1136 locus
3166 1075 3507 1139 manifestat:

1920 1173 1988 1226 Et
2006 1188 2118 1226 non
2138 1174 2278 1226 ea‘ies
2295 1170 2822 1241 inde,inquit,donee
2841 1174 3204 1225 novissimum
3218 1174 3508 1242 quadran-

1918 1266 2021 1315 tem
2051 1262 2272 1317 reddas.
2311 1258 2758 1330 Igiturinﬁnitus
2787 1258 2894 1312 erit
2920 1264 3158 1330 uterque
3179 1255 3373 1315 eorum
3398 1267 3509 1317 ter-

1914 1350 2120 1415 minus,
2155 1349 2303 1420 quod
2326 1365 2429 1403 nec
2452 1348 2660 1403 fenoris
2698 1364 2905 1402 nomen
2946 1348 3102 1404 illinc
3129 1364 3162 1402 a
3189 1349 3376 1404 debito
3398 1367 3506 1408 un-

1915 1455 2086 1510 quam
2117 1437 2496 1506 evacuabitur,
2529 1454 2632 1492 nec
2651 1454 2687 1490 a
2705 1453 2930 1492 carcere
2957 1437 3052 1491 illo
3082 1437 3317 1509 quisque
3345 1444 3507 1496 reatu

1912 1525 2148 1592 vinctus,
2166 1531 2293 1598 post
2318 1532 2604 1597 peractum
2616 1524 2911 1596 judicium,
2929 1525 3146 1580 solutus
3165 1526 3505 1596 egredietur.

1914 1615 2035 1669 Erit
2061 1621 2251 1670 autem
2279 1615 2443 1670 istius
2468 1621 2706 1687 uterque
2752 1615 3043 1670 sententiae
3086 1615 3215 1670 ﬁnis
3244 1615 3368 1670 sine
3393 1617 3506 1672 ﬁne

222 1703 400 1768 diant,
435 1709 495 1758 et
541 1705 728 1758 nullus
773 1705 844 1758 de
895 1703 1131 1758 audacia
1184 1709 1524 1776 praesumat;
1552 1705 1684 1776 quia
1713 1723 1826 1761 non
1845 1715 1892 1775 Β
1912 1705 2208 1772 tenendus,
2237 1705 2321 1759 ita
2349 1710 2412 1759 ut
2431 1721 2534 1763 nec
2564 1704 2797 1760 adebito
2817 1721 2877 1759 se
2914 1705 3097 1759 valeat
3122 1705 3502 1760 illucdamna-

220 1794 365 1848 exiet
398 1793 536 1848 inde
566 1793 743 1848 donec
763 1793 997 1848 minima
1017 1809 1252 1864 quisque
1276 1800 1506 1864 peccata
1524 1796 1822 1866 persolvat.

225 1884 338 1937 Hoc
368 1899 582 1954 nempe
598 1899 700 1954 per
720 1883 1092 1954 quadrantem
1109 1883 1329 1937 videtur
1342 1882 1828 1953 signiﬁcasse.Nec

221 1971 646 2037 aestimandum,
677 1971 844 2026 sicuti
887 1971 1117 2043 quidam
1167 1971 1444 2038 dixerunt,
1480 1974 1628 2045 quod
1664 1976 1831 2031 donec

223 2059 365 2114 ﬁniti
395 2060 476 2114 sit
503 2060 794 2132 temporis,
830 2066 888 2116 et
904 2061 1226 2132 aliquando,
1253 2078 1318 2116 ac
1337 2062 1400 2127 si,
1427 2063 1828 2135 postexpletio-

223 2164 348 2202 nem
383 2164 709 2220 poenarum,
739 2148 909 2204 liceat
942 2149 1092 2203 exire
1119 2150 1188 2204 de
1216 2166 1438 2206 carcere
1466 2170 1480 2220 ;
1519 2152 1825 2223 jungentes

223 2238 356 2292 illud
377 2237 575 2294 Isaiae:
603 2239 947 2294 Claudentur
972 2242 1139 2308 impii
1155 2243 1217 2294 in
1230 2256 1462 2308 carcere,
1484 2248 1534 2296 et
1541 2247 1826 2311 postmille

218 2343 393 2381 annos
411 2329 804 2383 uisitabantur
825 2330 956 2396 (Isa.
971 2343 1116 2394 xxiv,
1141 2327 1252 2399 22).
1273 2330 1592 2386 Praesertim
1617 2348 1743 2386 cum
1767 2338 1825 2388 et

220 2417 351 2470 illud
369 2416 634 2471 absolute
655 2417 896 2482 dicatur,
909 2420 1306 2486 uisitabantur,
1327 2420 1472 2490 quod
1495 2426 1552 2475 et
1569 2421 1638 2475 ad
1651 2421 1820 2477 ultio-

221 2523 343 2561 nem
366 2512 564 2578 potest
588 2507 848 2579 intelligi,
883 2515 941 2564 et
966 2525 1001 2562 a
1021 2509 1300 2580 plerisque
1316 2511 1385 2565 de
1413 2511 1503 2565 die
1523 2511 1696 2566 futuri
1716 2530 1820 2567 sae-

218 2596 320 2650 culi
351 2596 662 2651 manifeste
690 2596 1112 2669 interpretatur,
1145 2599 1368 2670 quando
1409 2616 1646 2672 corpora
1671 2618 1821 2657 rece-

223 2685 370 2756 pturi
401 2686 726 2756 graviorem
760 2688 1072 2759 suscepturi
1115 2694 1246 2742 sunt
1283 2689 1658 2745 damnationis
1687 2707 1817 2746 sen-

221 2776 477 2829 tentiam.
514 2775 673 2829 Unde
703 2775 808 2830 hoc
837 2776 957 2830 loco
986 2778 1151 2831 donec
1180 2793 1280 2848 pro
1313 2778 1534 2832 inﬁnito
1568 2780 1811 2850 ponitur.

221 2863 371 2927 Quod
397 2863 561 2936 pravi
577 2864 834 2919 homines
863 2867 1117 2920 nolentes
1137 2866 1818 2934 considerare,voluerunt

216 2969 318 3008 non
349 2970 492 3008 suos
522 2970 721 3008 sensus
764 2954 1067 3025 Scripturis
1115 2955 1335 3023 divinis,
1371 2957 1469 3011 sed
1498 2974 1591 3011 eas
1629 2958 1814 3029 pravis

1905 1799 1998 1848 tus
2026 1794 2321 1865 explicare,
2344 1811 2446 1849 nec
2465 1811 2688 1849 carcere
2715 1794 2936 1849 clausus
2959 1795 3293 1867 quandoque
3313 1800 3504 1852 reatus

1909 1883 1994 1937 sui
2024 1884 2238 1938 catenis
2258 1882 2552 1938 abducere.
2580 1883 2919 1955 Hujusmodi
2947 1900 3080 1955 ergo
3108 1883 3373 1955 loquendi
3401 1901 3504 1956 ge-

1910 1988 2045 2026 nere
2062 1972 2275 2026 dictum
2310 1977 2428 2027 est:
2457 1973 2587 2030 Sede
2615 1990 2651 2027 a
2679 1975 2888 2028 dextris
2919 1976 3072 2034 meis,
3103 1975 3270 2028 donec
3297 1989 3502 2042 ponam
3563 1980 3565 1982 ’

1907 2064 2165 2116 inimicos
2195 2067 2314 2116 tuos
2338 2063 2437 2116 sub
2457 2063 2688 2131 pedibus
2714 2066 2840 2131 ;tuis
2869 2065 2988 2133 (Ps.
3022 2075 3131 2128 cxx,
3162 2060 3240 2132 2);
3283 2078 3501 2118 necnon

1906 2155 1963 2206 et
1991 2150 2132 2205 illud
2163 2167 2176 2206 :
2213 2151 2430 2220 Oportet
2445 2167 2568 2206 eum
2595 2167 2830 2219 regnare
2858 2153 3026 2206 donec
3039 2157 3210 2221 ponat
3242 2153 3499 2207 inimicos

1907 2242 2008 2294 sub
2021 2241 2250 2308 pedibus
2274 2243 2391 2294 suis
2406 2242 2461 2308 (Ι
2471 2241 2592 2296 Cor.
2610 2257 2697 2306 xv,
2722 2240 2829 2307 25),
2855 2240 2912 2294 id
2932 2239 3220 2307 est,donec
3236 2241 3342 2296 sibi
3363 2240 3497 2297 sub-

1903 2328 2064 2398 jiciat
2083 2345 2276 2384 omnes
2295 2329 2740 2386 contradicentes
2755 2328 2881 2384 sibi.
2901 2329 3009 2384 Sed
3028 2330 3281 2402 nunquid
3301 2336 3499 2402 postea

1904 2434 2017 2472 non
2041 2418 2317 2489 regnabit,
2353 2435 2481 2473 cum
2529 2418 2582 2473 ei
2627 2418 2840 2473 fuerint
2893 2417 3104 2473 inimici
3144 2419 3399 2490 subjecti,
3441 2425 3498 2475 et

1901 2506 2078 2578 ipsius
2107 2508 2374 2578 potestati
2400 2507 2686 2578 subjugati
2703 2509 2728 2561 ?
2782 2509 3140 2580 Regnaturus
3185 2509 3382 2580 utique
3411 2513 3500 2565 est

1902 2596 2024 2651 sine
2055 2597 2185 2664 ﬁne,
2219 2597 2308 2651 cui
2338 2602 2395 2653 et
2422 2596 2528 2668 ipsi
2557 2601 2724 2650 erunt
2744 2597 2864 2651 sine
2894 2598 3007 2652 ﬁne
3036 2597 3495 2670 subjecti.Neque

1903 2691 2093 2753 275
2118 2686 2268 2740 enim
2299 2701 2646 2757 consequens
2671 2695 2772 2752 est,
2801 2702 2927 2740 cum
2949 2685 3001 2740 ei
3030 2686 3242 2741 fuerint
3255 2687 3494 2757 subjecti

1898 2773 2132 2840 inimici,
2150 2779 2213 2829 ut
2236 2779 2370 2829 tunc
2397 2775 2491 2829 ille
2510 2791 2747 2846 regnare
2762 2775 3018 2829 desistat:
3043 2780 3143 2829 aut
3171 2775 3322 2847 quia,
3339 2776 3493 2830 iden-

1897 2861 2071 2917 tidem
2091 2880 2314 2935 semper
2343 2869 2700 2934 regnaturus,
2734 2863 2815 2917 illi
2845 2880 2986 2935 quos
3033 2864 3137 2918 sibi
3166 2863 3494 2936 subjugavit

1897 2951 2158 3025 deinceps
2183 2969 2296 3007 non
2327 2952 2564 3023 subjecti
2592 2958 2876 3009 maneant.
2909 2954 3055 3008 Nam
3085 2958 3142 3008 et
3169 2969 3271 3009 nos
3291 2954 3392 3008 tali
3405 2955 3490 3009 lo-

210 3043 467 3098 sensibus
490 3043 792 3114 applicare.
817 3045 984 3098 Nulla
1014 3045 1356 3100 locutionum
1385 3063 1613 3116 genera,
1629 3064 1812 3119 neque
1828 3041 1872 3101 Ο
1897 3041 2103 3112 quendi
2130 3058 2336 3112 genere
2356 3042 2680 3113 frequenter
2693 3043 2928 3109 utimur,
2949 3059 3015 3097 ac
3030 3042 3078 3097 si
3097 3042 3309 3097 dicam:
3342 3044 3491 3100 veri-

210 3131 487 3202 Spiritum
500 3137 760 3186 sanctum
781 3149 882 3187 sua
893 3138 1170 3204 potestate
1182 3134 1502 3204 loquentem
1520 3136 1812 3191 attendere
1893 3135 1981 3185 tas
2001 3130 2164 3186 istius
2189 3148 2386 3186 sensus
2416 3132 2756 3187 sententiam
2780 3136 2956 3200 tenet,
2975 3133 3072 3203 qui
3092 3132 3338 3204 profecto
3366 3150 3490 3190 sen-

205 3221 478 3284 volentes,
496 3221 783 3276 ﬁnxerunt
793 3221 899 3275 sibi
913 3239 978 3275 ex
1008 3223 1348 3294 eloquentia,
1372 3223 1569 3278 falsam
1584 3226 1809 3297 sapien-
1894 3237 1990 3275 sus
2012 3237 2299 3291 nunquam
2322 3220 2718 3287 inﬁrmabitur,
2737 3221 2914 3276 donec
2932 3222 3136 3277 veritas
3155 3223 3484 3292 mentiatur;

205 3310 350 3365 tiam.
413 3311 695 3365 Caeterum
726 3310 784 3364 hi
816 3311 910 3381 qui
940 3327 1074 3365 sane
1137 3312 1379 3382 sapiunt,
1413 3313 1811 3370 intellexerunt
1892 3309 2022 3364 hinc
2052 3327 2273 3381 quoque
2301 3327 2366 3365 ex
2421 3311 2642 3365 inﬁnito
2685 3316 2858 3382 patet,
2893 3311 3042 3382 quia,
3095 3311 3240 3367 sicut
3279 3313 3486 3368 veritas

205 3401 343 3471 quod
368 3417 607 3470 semper
617 3416 806 3454 rerum
822 3399 988 3454 verba
1008 3405 1065 3455 et
1083 3401 1420 3472 eloquentia,
1439 3403 1591 3457 velut
1605 3404 1810 3459 ancilla
1888 3415 2177 3470 nunquam
2195 3400 2486 3467 mentitur,
2506 3400 2585 3455 ita
2608 3417 2807 3455 sensus
2825 3400 2932 3455 iste
2960 3401 3081 3456 sine
3108 3402 3220 3456 ﬁne
3243 3401 3341 3457 illa
3367 3419 3486 3458 ma-

203 3489 366 3543 servit
401 3488 695 3560 sapientiae
723 3488 940 3555 divinae,
973 3495 1140 3560 prout
1188 3491 1398 3560 placuit
1427 3492 1712 3547 utentibus
1741 3509 1808 3549 ea

201 3576 363 3648 loqui.
410 3579 556 3632 Nam
587 3578 706 3632 haec
729 3595 880 3648 pars,
913 3579 983 3633 de
1030 3595 1140 3650 qua
1184 3579 1291 3634 sibi
1329 3586 1594 3636 astruunt
1638 3581 1799 3651 falsa,

203 3668 324 3738 quia
355 3667 518 3721 velut
547 3667 714 3721 limes
742 3669 1013 3739 temporis
1041 3675 1144 3735 est,
1163 3669 1386 3724 videtur
1400 3671 1560 3742 quasi
1582 3687 1684 3743 per
1705 3672 1805 3726 ab-

199 3758 557 3826 negationem
589 3757 761 3812 unius
805 3757 902 3823 rei,
927 3758 1162 3813 alterius
1193 3759 1478 3816 interdum
1499 3762 1803 3817 concessio-

202 3860 318 3900 nem
350 3846 760 3901 determinare.
795 3847 863 3901 Et
885 3848 948 3913 fit
974 3847 1154 3903 tribus
1179 3849 1417 3904 vicissim
1444 3851 1642 3904 modis.
1660 3852 1800 3905 Cum

198 3940 376 4002 καί
425 3941 527 3990 aut
570 3935 799 4006 utrique
842 3936 1069 3991 termini
1102 3937 1270 3992 simul
1304 3955 1416 3992 uno
1447 3940 1800 4010 complentur

195 4027 468 4096 tempore,
494 4030 552 4079 et
579 4025 739 4079 ﬁnita
767 4031 1022 4080 utrarum
1051 4026 1294 4098 partium
1317 4029 1594 4082 sententia
1609 4031 1798 4084 termi-

195 4117 400 4181 natur;
443 4119 548 4168 aut
575 4131 642 4168 ex
676 4115 958 4168 contrario
1005 4131 1132 4169 cum
1180 4115 1238 4169 in
1285 4133 1392 4171 usu
1421 4117 1684 4188 loquendi
1723 4120 1794 4173 ad

196 4203 419 4256 modum
451 4203 625 4257 simul
655 4219 757 4274 pro
783 4202 1002 4258 inﬁnito
1049 4209 1274 4275 tempus
1304 4210 1359 4259 et
1384 4207 1672 4277 negotium
1703 4224 1795 4262 so-

194 4291 410 4345 ciantur
443 4310 454 4345 :
486 4297 589 4346 aut
622 4309 749 4346 cum
808 4292 986 4346 altera
1030 4309 1224 4347 eorum
1269 4295 1451 4364 portio
1484 4295 1644 4348 ﬁnita
1683 4301 1784 4362 est,

1887 3494 2056 3543 nente
2075 3505 2366 3560 nunquam
2382 3495 2701 3545 evacuatur.
2728 3491 2836 3545 Sed
2859 3491 3130 3562 quaeritur
3153 3491 3287 3562 quia
3313 3492 3482 3547 homo

1888 3594 2015 3632 cum
2043 3580 2153 3632 ﬁne
2174 3579 2438 3649 peccavit,
2477 3579 2768 3634 charitatis
2804 3579 3055 3634 debitum
3086 3581 3340 3651 proximo
3369 3597 3483 3636 non

1887 3667 2207 3735 reddendo;
2243 3668 2522 3738 quomodo
2549 3669 2768 3738 justum
2796 3669 2871 3725 sit
2887 3669 3035 3740 quod
3060 3686 3095 3723 a
3109 3671 3265 3739 justo
3291 3671 3482 3741 judice

1885 3755 2006 3810 sine
2026 3757 2136 3810 ﬁne
2159 3757 2482 3811 damnatur.
2508 3757 2613 3821 Qui
2633 3757 2879 3828 profecto
2899 3774 3096 3813 sensus
3112 3775 3177 3812 ex
3197 3760 3480 3814 sententia

1884 3845 2044 3900 Pauli
2071 3848 2236 3914 (Rom.
2264 3863 2321 3913 ιι,
2342 3845 2390 3910 5)
2411 3845 2672 3918 perfacile
2693 3850 2866 3918 patet,
2891 3847 3022 3917 quia
3038 3847 3346 3902 secundum
3367 3848 3476 3902 im-

1882 3934 2269 4005 poenitentiam
2299 3935 2386 3990 sui
2406 3935 2607 4002 cordis,
2659 3936 3047 3990 thesaurizans
3091 3935 3195 3990 sibi
3242 3935 3387 3990 iram
3415 3937 3474 3991 in

1880 4023 1970 4078 die
1999 4023 2095 4078 ira:
2125 4029 2185 4079 et
2207 4024 2561 4079 revelationis
2606 4024 2748 4094 justi
2788 4024 2984 4096 judicii
3035 4024 3157 4092 Dei,
3185 4027 3315 4096 jure
3352 4025 3472 4082 sine

1859 4113 1988 4166 'ﬁne
2018 4112 2246 4167 exsolvit
2301 4113 2593 4168 thesauros
2648 4114 2748 4169 ira;
2778 4114 2874 4185 qui
2913 4114 3035 4168 sine
3084 4115 3214 4181 ﬁne,
3242 4120 3474 4187 propter

1877 4201 2143 4256 duritiam
2174 4208 2231 4256 et
2255 4202 2741 4273 impoenitudinem
2771 4203 2974 4269 cordis,
3010 4220 3243 4275 peccare
3282 4204 3469 4276 dispo-

1875 4291 2014 4351 suit.
2047 4292 2240 4346 Noluit
2294 4291 2466 4362 igitur
2518 4291 2678 4347 fratri
2709 4293 2944 4348 reddere
2981 4293 3271 4349 charitatis
3309 4293 3468 4350 debi-

193 4379 363 4434 altera
388 4397 543 4445 vero,
577 4380 830 4451 quamvis
857 4381 910 4435 ei
948 4382 1171 4447 collata,
1204 4362 1305 4454 pro
1344 4383 1564 4438 inﬁnito
1594 4389 1786 4440 tamen
1809 4362 1857 4420 D
1875 4386 2026 4446 tum;
2051 4381 2202 4448 velit,
2230 4382 2388 4449 nolit,
2417 4381 2740 4437 redditurus
2762 4387 2850 4436 est
2867 4383 2984 4449 irae,
3013 4399 3183 4453 quam
3203 4382 3309 4438 sibi
3335 4384 3468 4439 the-

191 4469 478 4540 accipitur.
514 4470 766 4541 Exempli
797 4486 982 4536 causa,
1008 4471 1178 4525 veluti
1222 4472 1279 4525 in
1315 4473 1528 4543 psalmo
1562 4492 1572 4526 :
1611 4476 1788 4529 Perse-

1870 4469 2190 4538 saurizavit,
2224 4487 2518 4541 poenarum
2548 4471 2906 4543 supplicium.
2937 4472 3136 4527 Servat
3168 4487 3466 4544 namquea

192 4572 327 4624 quor
357 4562 620 4613 inimicos
648 4575 807 4625 meos,
856 4565 904 4612 et
935 4562 1393 4628 comprehendam
1417 4565 1560 4627 illos,
1598 4568 1645 4616 et
1675 4581 1786 4619 non
1869 4559 2146 4629 PrinCipiO
2175 4561 2588 4630 metaphoram,
2625 4561 2784 4632 quasi
2815 4561 2884 4616 ab
2919 4561 3204 4616 exactione
3237 4561 3465 4633 ΡιιδῙίοα

194 4653 483 4701 convertar
501 4649 671 4702 donec
696 4649 952 4716 deﬁciant
979 4651 1140 4716 (Psal.
1161 4665 1295 4715 xvn,
1319 4648 1431 4718 38).
1449 4652 1528 4705 Ac
1545 4651 1591 4706 si
1613 4651 1777 4720 dicat,
1868 4653 1925 4701 et
1945 4647 2247 4718 judiciaria
2281 4649 2468 4702 saeculi
2491 4653 2785 4720 potestate.
2819 4650 2926 4706 Ubi
2965 4651 3338 4719 adversarius,
3373 4652 3463 4707 cui

192 4732 293 4788 illis
322 4735 737 4802 deﬁcientibus,
763 4753 892 4790 mox
917 4743 1210 4792 convertar
1237 4745 1294 4794 et
1322 4740 1624 4811 quiescam.
1645 4743 1782 4796 Neo-
1858 4737 1987 4807 jure
2018 4737 2255 4792 debetur
2279 4737 2541 4806 charitas,
2574 4739 2877 4807 inducitur,
2927 4745 2984 4795 et
3038 4741 3234 4808 Judex,
3266 4740 3357 4796 cui
3387 4740 3459 4796 ab

189 4836 292 4876 non
312 4830 372 4878 et
394 4824 534 4878 illud
559 4842 572 4877 :
592 4826 775 4880 Sedete
793 4829 856 4879 in
877 4829 1289 4892 civitate,donec
1305 4831 1633 4884 induamini
1660 4833 1778 4884 vir-
1862 4825 1979 4891 illo,
2004 4827 2137 4896 quia
2153 4826 2312 4880 fenus
2333 4843 2443 4881 non
2466 4827 2714 4883 reddidit
2744 4828 3079 4898 dilectionis,
3102 4846 3234 4886 reus
3255 4829 3327 4884 ad
3355 4830 3457 4885 de-

188 4915 290 4964 tute
317 4929 387 4966 ea:
414 4917 528 4967 alto
558 4915 709 4980 (Luc.
743 4929 885 4980 xxiv,
920 4914 1030 4984 49),
1079 4917 1211 4986 quia
1255 4917 1518 4971 nimirum
1573 4919 1779 4974 virtute
1862 4915 2202 4970 cernendum
2233 4916 2512 4984 traditur;
2547 4916 2805 4972 minister
2833 4935 3053 4991 quoque
3083 4920 3180 4993 qui
3227 4935 3455 4975 omnem

185 5002 619 5072 percepta,illico
643 5003 900 5058 exierunt
918 5003 986 5059 de
1001 5005 1224 5060 civitate
1245 5007 1314 5060 ad
1338 5007 1774 5078 praedicandum.

187 5085 502 5143 Secundum
524 5091 675 5145 hunc
704 5091 932 5146 modum
956 5093 1205 5148 volentes
1249 5095 1498 5150 haeretici
1526 5113 1778 5166 quocun-

186 5191 285 5244 que
302 5179 474 5232 donee
491 5178 840 5245 inscribitur,
858 5187 1124 5254 utrasque
1153 5185 1580 5256 consequentias
1607 5185 1775 5241 simul

186 5264 346 5330 ﬁniri,
373 5275 702 5323 erraverunt
737 5270 928 5324 multis
967 5272 1021 5325 in
1048 5273 1200 5326 locis.
1236 5274 1636 5328 Verumtamen
1674 5293 1773 5346 pro

185 5346 399 5404 inﬁnito
422 5368 585 5422 quam
600 5371 748 5424 saepe
765 5371 877 5408 una
897 5372 1089 5410 earum
1112 5359 1266 5427 regio
1287 5359 1576 5429 accipitur,
1597 5361 1774 5415 altera

185 5452 304 5492 vero
329 5440 467 5495 satis
495 5442 660 5497 ﬁnita
685 5448 946 5514 patenter
971 5452 1340 5514 monstratur,
1376 5454 1440 5502 ut
1467 5455 1552 5503 est
1577 5450 1635 5504 in
1669 5451 1772 5505 hoc

185 5527 371 5584 eodem
402 5545 568 5602 opere
596 5533 668 5587 de
698 5549 809 5604 quo
839 5533 969 5595 dixi.
1003 5535 1161 5601 Quod
1190 5553 1301 5594 non
1357 5539 1618 5610 cognovit
1645 5555 1768 5595 eam

1862 5005 2205 5059 exactionem
2219 4993 2386 5076 pretii
2409 5006 2654 5061 ofﬁciose
2676 5007 2889 5078 exigat;
2910 5007 3111 5063 deinde
3131 5025 3322 5064 carcer
3342 5025 3454 5080 quo

1860 5109 1991 5147 reus
2022 5093 2346 5160 claudatur;
2373 5111 2438 5149 ac
2456 5097 2734 5151 sententia
2772 5113 2950 5168 usque
2979 5098 3049 5152 ad
3071 5098 3288 5153 nummi
3309 5113 3452 5169 qua-

1861 5182 2120 5237 drantem
2158 5183 2520 5240 novissimum
2568 5186 2916 5257 proponitur,
2951 5187 3101 5258 quod
3143 5203 3255 5242 non
3293 5188 3452 5261 prius

1860 5271 2036 5342 possit
2065 5272 2215 5328 exire
2236 5289 2270 5327 a
2290 5289 2456 5345 poena
2485 5275 2740 5341 carceris,
2760 5276 2934 5331 donec
2964 5276 3198 5332 minima
3215 5294 3452 5351 quaeque

1857 5361 2158 5431 persolvat.
2187 5363 2482 5427 Quadrans
2513 5364 2687 5435 igitur
2715 5366 2975 5437 exigitur,
3008 5367 3105 5421 sed
3134 5384 3300 5438 pcena
3326 5385 3450 5441 pec-

1853 5450 1962 5504 cati
1985 5451 2237 5507 solvitur.
2271 5453 2432 5507 Unde
2487 5455 2758 5520 nonnulli,
2813 5456 2947 5528 quia
2993 5456 3177 5512 omnis
3205 5458 3452 5514 mundus

1854 5545 2096 5612 quatuor
2107 5541 2360 5598 subsistit
2387 5543 2697 5610 elementis,
2713 5545 3082 5616 quadrantem
3094 5547 3332 5617 mystice
3358 5557 3452 5597 vo-

3541 5627 3599 5671 If
