3938 6174
457 272 566 332 247
1247 273 1304 329 s.
1344 271 1724 328 pssansn
1757 267 2120 328 RADBERTI
2151 264 2455 324 ABBATIS
2491 263 2982 324 communem.
3545 239 3550 246 “
3611 269 3702 332 2n

464 399 1103 472 lueruntinterpretari;
1137 413 1373 471 quorum
1395 397 1699 454 novissima
1716 393 2322 468 portioterraAsolum
2351 392 2420 447 de
2441 389 2692 463 quolibet
2715 390 2860 446 irato
2891 389 2977 444 vel
3021 394 3250 448 amante
3287 390 3501 458 dicitur,
3532 410 3704 452 verum

470 506 594 544 esse
612 489 902 560 probatur,
956 494 1014 543 et
1045 488 1171 542 ideo
1202 503 1301 559 per
1328 491 1559 552 terram,
1591 484 1774 564 omnis
1817 488 2053 538 terrenae
2140 482 2289 552 quod
2317 487 2375 534 et
2425 481 2569 534 iram
2627 496 2797 551 super
2845 480 3110 545 alterum,
3143 496 3244 534 seu
3295 480 3706 540 misericordiam

468 577 708 633 actionis
733 578 955 643 delicta,
990 581 1047 631 et
1077 575 1260 630 carnis
1283 574 1593 639 meditatio,
1633 573 1794 645 quasi
1823 573 2060 628 novissi-
2141 575 2327 635 ητα
2361 570 2448 624 vel
2493 569 3005 641 concupiscentiam
3061 575 3162 624 aut
3217 586 3461 626 amorem
3506 572 3703 628 habeat.

467 683 598 722 mus
627 667 926 738 quadrans,
951 665 1100 735 ignis
1121 662 1391 734 supplicio
1418 662 1714 734 poenaliter
1739 662 2058 732 exiguntur.
2143 661 2302 717 Unde
2325 661 2444 730 jam
2467 675 2638 730 supra
2665 676 2792 713 cum
2822 657 3077 714 dixisset:
3097 659 3348 715 Audistis
3373 663 3502 729 quia
3519 662 3708 718 dictum

471 757 619 812 Nam
662 757 825 826 juxta
860 756 1009 808 hunc
1055 769 1301 817 sensum,
1343 751 1560 822 primus
1581 752 1863 822 quadrans
1893 751 2058 821 ignis,
2143 755 2237 815 est,
2264 766 2376 804 non
2404 751 2626 812 occides,
2660 749 2986 819 adimplevit
3009 765 3134 819 quae
3160 749 3412 815 deerant,
3435 754 3490 804 et
3519 750 3711 806 addidit

471 846 606 919 quia
630 846 700 900 de
724 843 1038 900 coelestibus
1064 847 1151 896 est
1177 857 1287 913 quo
1343 841 1588 895 Charitas
1616 841 1890 910 signatur,
1933 841 2063 908 jure
2145 839 2294 910 quod
2325 839 2517 894 Omnis
2545 842 2644 908 qui
2666 841 2937 892 irascitur
2955 840 3135 906 [ratri
3161 854 3279 903 suo,
3308 855 3431 892 rcus
3458 842 3558 892 erit
3575 842 3713 908 judi-

473 935 715 1002 dicitur;
748 933 1026 988 secundus
1044 947 1159 997 aer,
1193 947 1359 1002 quem
1387 946 1609 1002 semper
1635 929 1931 1002 spiramus,
1965 944 2065 999 per
2145 932 2246 983 cio.
2275 928 2473 998 Itaque
2502 943 2614 982 non
2639 926 2970 998 simpliciter
2993 929 3173 982 omnis
3201 930 3302 996 qui
3330 931 3606 993 irascitur,
3629 930 3714 986 sed

475 1041 643 1095 quem
663 1023 778 1077 vita
807 1027 1001 1076 nostra
1019 1020 1313 1090 signatur;
1344 1019 1547 1074 tertius
1579 1035 1710 1073 vero
1742 1034 1908 1089 aqua,
1953 1033 2065 1088 qua
2145 1033 2270 1074 cum
2299 1016 2684 1071 additamenta
2715 1016 2888 1082 addit,
2916 1017 3096 1084 fratri
3135 1033 3252 1070 suo.
3303 1017 3479 1081 Quem
3510 1034 3715 1076 sensum

472 1112 823 1167 renascimur
848 1109 907 1165 in
949 1109 1164 1181 Spiritu
1219 1114 1448 1174 sancto;
1504 1106 1705 1161 deinde
1730 1106 2065 1160 novissimus
2145 1105 2287 1160 bene
2317 1107 2491 1162 David
2521 1105 2738 1162 duobus
2767 1105 3031 1178 explanat
3069 1105 3272 1173 verbis,
3317 1109 3648 1172 Irascimini,
3675 1115 3718 1163 et

475 1201 759 1272 quadrans
813 1204 967 1255 terra
1009 1203 1467 1264 connumeratur,
1500 1212 1602 1267 per
1627 1212 1796 1267 quam
1823 1194 2065 1250 carnalis
2147 1199 2314 1250 nolite
2334 1212 2553 1264 peccare
2576 1196 2684 1263 (Ps.
2721 1209 2792 1261 Iv,
2826 1195 2899 1262 5).
2932 1196 3011 1250 Ac
3041 1195 3088 1250 si
3117 1196 3269 1253 dicat
3291 1196 3462 1268 quod,
3509 1196 3556 1250 si
3600 1196 3720 1256 iras-

472 1291 606 1356 vita,
637 1294 694 1345 et
720 1293 952 1361 peccata
995 1292 1233 1343 terrena;
1292 1285 1640 1356 contagionis
1677 1285 2062 1356 designantur.
2147 1284 2373 1353 camini,
2423 1301 2548 1339 cum
2601 1283 2725 1338 sitis
2762 1283 3090 1351 irascibiles,
3139 1285 3314 1340 nolite
3360 1302 3585 1356 peccare
3619 1285 3718 1339 ira-

473 1379 620 1435 Hinc
643 1395 866 1449 quoque
893 1377 1076 1448 primo
1103 1374 1318 1430 homini
1338 1374 1548 1428 dictum
1574 1373 1814 1444 legimus
1849 1392 1860 1426 :
1898 1376 2068 1429 Terra
2149 1374 2351 1428 scendo
2376 1373 2662 1429 fratribus.
2682 1372 2844 1426 llaud
2873 1373 3105 1427 dubium
3134 1374 3271 1444 quin
3300 1374 3449 1430 sicut
3470 1374 3721 1444 προπάθεια

476 1473 613 1534 es,et
633 1470 698 1521 in
727 1473 938 1520 terram
969 1467 1074 1518 ibis
1108 1465 1259 1532 (Gen.
1283 1478 1368 1531 III,
1402 1462 1512 1533 19),
1532 1479 1598 1517 ac
1615 1463 1664 1517 si
1693 1463 1860 1528 dicat,
1892 1463 2068 1518 exsol-
2149 1463 2404 1517 accidens
2420 1467 2523 1526 est,
2548 1463 2666 1518 sine
2690 1462 3094 1516 deliberatione
3108 1461 3239 1517 boni
3259 1464 3503 1518 autmali
3523 1463 3716 1534 operis:

475 1573 572 1612 ves
603 1555 753 1626 quod
772 1571 892 1609 esse
919 1553 1142 1608 voluisti
1193 1569 1372 1623 usque
1413 1552 1486 1606 ad
1534 1551 1896 1606 novissimum
1928 1569 2066 1623 qua-
2147 1551 2228 1605 ita
2255 1551 2408 1613 πάθος
2437 1552 2654 1606 affectio
2703 1551 3001 1606 deliberati
3055 1552 3257 1617 animi,
3299 1553 3348 1606 si
3392 1553 3546 1608 locus
3593 1551 3725 1606 adsit

477 1646 755 1710 drantem,
790 1648 983 1709 ωηο
1002 1641 1136 1714 quia
1154 1641 1295 1697 nihil
1325 1646 1683 1712 peccatorum
1702 1647 1930 1696 tuorum
1959 1642 2066 1696 im-
2149 1640 2492 1712 perﬁciendi.
2527 1640 2687 1694 Unde
2744 1641 2998 1695 fortassis
3027 1657 3138 1696 non
3168 1641 3542 1696 dubitandum
3571 1641 3722 1712 quod,

477 1733 742 1807 punitum
758 1730 1308 1800 erit.Recolatigitur
1328 1730 1574 1802 prudens
1593 1714 2295 1798 animus,etiamsiBsicut
2333 1733 2393 1786 in
2445 1729 2899 1801 perfectionibus,
2927 1731 3016 1785 ira
3060 1730 3269 1796 fratris,
3304 1731 3473 1787 veluti
3512 1731 3726 1785 homici-

478 1823 576 1879 ubi
605 1822 692 1878 vel
713 1820 809 1877 ubi
831 1821 980 1892 quod
995 1836 1166 1892 supra
1180 1819 1444 1891 proposui
1465 1836 1904 1875 commemorare
1927 1837 2069 1891 prm-
2150 1823 2327 1887 dium,
2346 1837 2472 1874 reos
2487 1819 2618 1873 facit
2639 1819 2874 1890 judicio:
2894 1820 2973 1874 ita
3003 1819 3456 1892 concupiscentia
3472 1820 3722 1886 mulieris,

479 1912 752 1978 termitto,
780 1910 930 1983 quod
948 1911 1066 1965 haec
1075 1910 1264 1964 omnia
1283 1926 1346 1964 ex
1359 1909 1471 1964 illis
1495 1914 1618 1964 octo
1629 1909 2069 1965 beatitudinibus
2151 1916 2252 1967 aut
2279 1909 2458 1965 illiciti
2487 1908 2789 1978 cujuslibet
2807 1909 3135 1966 concubitus
3147 1910 3388 1964 nefanda
3415 1909 3726 1965 deliberatio

479 2001 642 2075 quasi
671 2017 705 2056 a
729 2016 937 2072 genere
964 2004 1306 2071 spectantur.
1327 2000 1471 2054 Hinc
1499 2004 1582 2054 est
1611 1999 1759 2070 quod
1782 1999 1871 2054 hic
1890 2001 2069 2055 oratio
2152 2000 2376 2063 mentis,
2393 1998 2641 2052 moechos
2672 2003 2729 2052 et
2753 2003 2933 2054 morte
2956 1999 3157 2070 dignos
3184 2016 3250 2053 ex
3276 1999 3400 2068 lege
3426 1999 3579 2056 facit.
3605 2001 3728 2055 Mte-

479 2092 612 2148 ﬁdei
637 2090 921 2162 implorat,
954 2088 1185 2143 liberari
1211 2105 1314 2143 nos
1342 2105 1378 2142 a
1406 2090 1573 2153 malo,
1596 2087 1652 2142 id
1681 2094 1769 2142 est
1794 2087 1864 2142 ab
1879 2089 2069 2142 adver-
2151 2090 2279 2145 chia
2308 2104 2552 2159 namque
2582 2087 2922 2157 generaliter
2949 2089 3100 2142 illinc
3133 2105 3233 2160 pro
3263 2089 3419 2144 omni
3454 2089 3732 2144 concubitu

479 2182 650 2246 sario,
682 2197 784 2252 per
809 2179 1069 2251 spiritum
1100 2177 1345 2248 pietatis,
1377 2182 1442 2232 ut
1477 2177 1735 2231 mitescat
1763 2177 1984 2231 animus
2014 2182 2070 2231 et
2153 2178 2350 2234 illicito
2379 2176 2676 2248 accipitur;
2713 2176 2845 2246 quia
2873 2177 2931 2230 in
2952 2193 3019 2231 eo
3049 2179 3199 2248 quod
3226 2177 3369 2232 dixit
3386 2195 3507 2232 non
3525 2179 3732 2233 inacha-

481 2270 660 2343 possit
686 2267 878 2323 omnia
913 2267 1176 2322 tolerare.
1208 2266 1492 2336 Alioquin,
1525 2265 1632 2320 nisi
1683 2265 1836 2320 mitis
1883 2265 2070 2333 fuerit,
2158 2271 2315 2332 beris,
2331 2283 2495 2321 omne
2514 2265 2761 2320 libidinis
2779 2265 2991 2320 crimen
3031 2266 3338 2334 interdixit,
3376 2268 3529 2338 quod
3557 2272 3736 2338 postea

483 2357 764 2430 quomodo
794 2356 977 2410 in.via
1015 2371 1146 2410 cum
1176 2354 1496 2409 adversario
1546 2353 1860 2409 consentire
1888 2354 2075 2409 valet?
2156 2358 2376 2428 Moyses
2400 2354 2882 2410 variiscriminum
2909 2355 3552 2426 speciebusdispertiens
3567 2357 3737 2425 singu-

485 2447 887 2502 Verumtamen
938 2443 1046 2498 etsi
1097 2443 1169 2497 ad
1197 2443 1559 2513 Evangelium
1581 2443 1936 2498 referendum
1967 2448 2069 2510 est,
2157 2446 2212 2500 la
2239 2445 2465 2517 proprio
2490 2444 2701 2515 judicio
2717 2444 3019 2499 damnavit.
3047 2445 3312 2516 Alioquin
3340 2445 3398 2499 in
3427 2444 3541 2499 illis
3561 2446 3737 2499 decem

483 2536 726 2610 qualiter
755 2535 878 2606 ejus
902 2532 1105 2604 aliquis
1135 2533 1446 2588 consentiet
1469 2532 1662 2603 jussis,
1696 2532 1805 2587 nisi
1850 2531 2076 2604 pietatis
2156 2533 2339 2590 verbis
2369 2534 2526 2604 legis,
2555 2551 2658 2588 nec
2686 2533 2998 2600 fornicatio,
3024 2534 3470 2590 necconcubitus
3487 2534 3742 2589 masculo-

482 2626 683 2700 spirilu
702 2625 949 2696 repletus
969 2622 1136 2678 fuerit
1156 2622 1294 2677 7111c
1323 2622 1472 2677 enim
1500 2622 1796 2688 consentit,
1822 2621 1918 2693 qui
1949 2638 2076 2676 eum
2157 2641 2306 2690 rum,
2329 2640 2431 2677 nec
2441 2623 2551 2677 alia
2564 2627 2826 2694 portenta
2849 2622 3096 2678 libidinis
3115 2623 3399 2694 prohibita
3413 2629 3733 2680 cernuntur.

482 2717 573 2790 pie
601 2714 764 2770 audit
787 2718 845 2768 et
870 2712 1153 2783 intelligit.
1180 2711 1392 2767 Deinde
1415 2712 1686 2783 quidquid
1717 2710 2073 2776 intellexerit,
2159 2712 2318 2767 Unde
2339 2717 2494 2783 patet
2523 2712 2670 2783 quod
2699 2711 2956 2776 moechia,
2977 2711 3229 2783 quamvis
3249 2714 3478 2784 proprie
3499 2714 3566 2767 de
3585 2727 3743 2767 uxore

484 2803 710 2862 etiamsi
739 2808 936 2858 contra
963 2803 1310 2857 voluntatem
1333 2817 1493 2856 suam
1523 2806 1706 2867 sonat,
1737 2817 1848 2855 non
1879 2800 2076 2854 adver-
2161 2801 2396 2856 alterius
2416 2801 2656 2867 dicatur,
2687 2802 3028 2872 generaliter
3057 2807 3248 2856 tamen
3283 2807 3347 2857 ut
3388 2802 3573 2858 fassus
3610 2819 3742 2866 sum,

484 2900 662 2960 satur,
697 2893 797 2947 sed
824 2891 1007 2961 magis
1031 2890 1216 2960 diligit
1244 2889 1575 2953 obediendo,
1600 2894 1658 2942 et
1679 2889 1893 2958 gaudet
1907 2888 2081 2942 adim-
2161 2909 2262 2964 pro
2293 2893 2447 2946 omni
2475 2890 2721 2945 libidinis
2750 2891 2970 2945 incestu
2999 2890 3371 2946 interdicitur.
3399 2892 3585 2946 Simili
3618 2907 3748 2963 quo-

486 2985 660 3056 plere,
693 2982 825 3036 licet
843 2984 1038 3035 contra
1066 2995 1252 3034 mores
1279 2995 1410 3033 suos
1436 2977 1640 3032 veniat.
1661 2977 1946 3048 Siquidem
1968 2993 2081 3031 non
2104 3035 2144 3056 η
2165 2997 2273 3053 que
2302 2980 2468 3034 modo
2496 2985 2555 3033 et
2582 2980 2673 3034 hic
2693 2996 2820 3034 cum
2850 2980 3104 3034 mulieris
3125 2981 3600 3052 concupiscentia,
3615 2997 3744 3051 qua.

489 3035 713 3126 eamad
734 3035 1078 3123 voluntatem
1109 3068 1393 3138 propriam
1413 3035 1818 3138 detorquendo,
1852 3067 1949 3120 sed
1967 3083 2082 3120 mo-
2103 3035 2147 3096 Ο
2165 3035 2336 3125 veluti
2366 3069 2660 3134 naturalis,
2710 3069 2780 3123 de
2809 3069 2977 3123 corde
3009 3070 3246 3135 tollitur,
3277 3035 3350 3125 ne
3377 3035 3380 3036 ν
3685 3035 3752 3124 sit

487 3177 580 3215 res
607 3164 666 3213 et
695 3173 920 3212 omnem
950 3156 1325 3211 intentionem
1353 3155 1537 3211 cordis
1560 3157 1630 3210 ad
1653 3172 1719 3211 ea
1749 3173 1871 3227 quae
1885 3156 2083 3210 dicun-
2166 3159 2540 3225 Christianus,
2577 3163 2641 3213 ut
2665 3158 2952 3228 Evangelii
2976 3159 3201 3228 justitia
3239 3159 3462 3230 plenior
3488 3177 3756 3215 commen-

488 3254 586 3305 tur
611 3246 904 3302 humiliter
931 3245 1242 3300 referendo.
2167 3249 2362 3314 detur;
2387 3248 2644 3320 protinus
2658 3247 2835 3318 liquet
2848 3248 3359 3318 concupiscentiam
3382 3251 3755 3305 masculorum

559 3339 809 3395 Audistis
839 3337 973 3404 quia
991 3336 1206 3389 dictum
1227 3339 1302 3388 est
1330 3336 1614 3402 antiquis:
1647 3334 1769 3389 Non
1799 3335 2087 3390 mwchabc-
2167 3339 2252 3393 vel
2271 3339 2509 3408 alicujus
2538 3337 2785 3392 libidinis
2812 3338 3116 3404 flammam,
3144 3355 3266 3409 quae
3292 3339 3481 3409 potius
3515 3345 3760 3394 monstra

493 3430 594 3483 ris.
618 3427 729 3494 Ego
739 3430 925 3479 autem
938 3425 1057 3479 dico
1074 3425 1240 3490 vobis,
1265 3426 1398 3492 quia
1420 3427 1600 3478 omnis
1620 3427 1720 3493 qui
1747 3424 1945 3478 viderit
1967 3440 2089 3477 mu-
2169 3428 2516 3498 ﬂagitiorum
2545 3432 2679 3482 sunt
2698 3443 2868 3498 quam
2894 3427 3027 3482 vitia
3045 3428 3441 3498 nuncupanda,
3461 3429 3713 3484 funditus
3731 3444 3761 3482 a

494 3520 686 3574 liorem
707 3515 781 3568 ad
799 3515 1289 3582 concupiscendum
1309 3529 1450 3579 eam,
1464 3514 1756 3568 moechatus
1773 3519 1847 3568 est
1878 3529 1997 3568 cam
2024 3516 2088 3567 in

495 3605 656 3662 corde
675 3620 790 3658 suo.
813 3603 1028 3658 Pendet
1045 3602 1221 3673 igitur
1240 3603 1358 3657 haec
1382 3602 1661 3658 sententia
1677 3620 1743 3658 ex
1763 3620 1828 3658 eo
1841 3601 1937 3658 ubi
1965 3602 2044 3656 ait
2072 3619 2083 3655 :

494 3697 617 3753 Non
637 3696 766 3749 veni
794 3694 1296 3763 Iegcmsotvcrc,sed
1320 3695 1641 3762 adimplere.
1683 3694 1886 3764 Implet
1899 3698 2090 3748 autem

495 3801 621 3841 eam
649 3802 716 3840 eo
745 3783 894 3856 quod
914 3782 1078 3838 dicit:
1105 3782 1212 3850 Qui
1228 3784 1426 3837 viderit
1450 3784 1883 3838 muliercm.Nec
1899 3788 2091 3838 tamen

497 3876 662 3932 solvit
688 3875 890 3945 legem,
909 3890 1038 3928 cum
1064 3873 1133 3926 de
1157 3873 1322 3927 corde
1342 3872 1633 3927 mmchiam
1664 3872 1830 3938 tollit,
1855 3877 1911 3926 et
1926 3871 2093 3926 casti-

501 3971 675 4020 tatem
696 3965 754 4019 in
771 3981 938 4019 carne
958 3978 1136 4018 serva:
1151 3979 1180 4016 e
1202 3961 1382 4032 jubet.
1404 3963 1530 4016 Non
1551 3961 1699 4016 enim
1725 3960 2089 4026 absolvitilla,

496 4053 596 4109 sed
627 4053 826 4122 implet
852 4052 911 4104 in
937 4049 1238 4120 Evangelia
1266 4049 1412 4119 quod
1433 4050 1628 4105 deerat
1644 4050 1702 4105 in
1726 4050 1868 4120 lege,
1892 4055 1957 4104 ut
1971 4066 2094 4104 ma-

2169 3516 2432 3572 cordibus
2481 3516 2728 3571 tollenda
2774 3516 3091 3571 mandasse.
3125 3517 3270 3581 Quia
3315 3517 3588 3588 profecto,
3630 3518 3764 3572 sicut

2171 3607 2354 3677 major
2385 3623 2448 3660 ex
2478 3605 2782 3675 Evangelio
2804 3605 3078 3660 castitatis
3121 3606 3346 3676 justitia
3385 3607 3637 3677 exigitur
3656 3629 3668 3664 :
3690 3607 3763 3661 sic

2173 3713 2204 3749 e
2233 3694 2513 3751 contrario
2541 3695 2726 3748 acrior
2744 3711 2909 3765 pmna
2937 3695 3050 3749 reis
3095 3712 3162 3749 ex
3190 3711 3255 3750 eo
3284 3695 3582 3752 incutitur.
3613 3696 3765 3752 Unde

2173 3799 2528 3854 summopere
2557 3784 2886 3850 curandum,
2912 3785 2959 3838 si
2988 3785 3351 3856 propassione
3371 3785 3567 3856 aliqua
3586 3787 3767 3841 titilla-

2174 3889 2322 3936 mur,
2355 3872 2619 3926 tollamus
2648 3873 2838 3927 oculos
2865 3873 3070 3928 mentis
3109 3873 3180 3927 ab
3224 3874 3430 3929 intuitu
3459 3876 3674 3946 operis,
3702 3890 3768 3929 ne

2176 3961 2317 4016 forte
2344 3960 2481 4015 levis
2530 3962 2816 4031 suggestio
2861 3967 3115 4017 transeat
3147 3962 3204 4016 in
3251 3963 3686 4019 delectationem
3720 3968 3772 4017 et

2177 4052 2438 4106 affectum
2468 4051 2681 4118 cordis;
2707 4067 2779 4104 ne
2804 4051 2888 4105 rei
2910 4068 2975 4105 ex
3004 4052 3264 4122 passione
3287 4051 3772 4108 deliberatianimi

497 4142 590 4211 jor
614 4141 688 4195 sit
711 4139 936 4209 justitia
981 4138 1452 4203 Christianorum,
1477 4155 1646 4209 quam
1689 4139 2008 4195 Scribarum
2039 4144 2096 4194 et
2177 4157 2277 4213 pro
2305 4141 2449 4195 facto
2480 4140 2833 4195 damnemur.
2864 4141 3010 4204 Quid
3039 4146 3227 4212 putas,
3261 4139 3522 4196 absentes
3553 4143 3774 4214 quando

504 4229 934 4283 Pharisaeorum.
971 4226 1076 4280 Ubi
1105 4225 1572 4281 considerandum
1599 4228 1746 4298 quod
1776 4244 1888 4282 non
1923 4228 2092 4282 dixit:
2178 4230 2371 4296 simus,
2405 4229 2452 4284 si
2477 4229 2738 4282 feminam
2785 4235 2884 4282 aut
2911 4230 3085 4299 (quod
3132 4230 3420 4284 scelestius
3475 4237 3581 4298 est)
3625 4230 3772 4284 aliud

501 4317 684 4372 omnis
713 4315 809 4386 qui
830 4314 1172 4386 concupiscit
1193 4314 1508 4379 mulierem,
1526 4316 1624 4370 sed
1644 4316 1952 4386 quividerit
1971 4334 2094 4371 eam
2117 4357 2163 4414 Β
2182 4319 2394 4390 aliquid
2413 4319 2494 4373 ita
2523 4318 2690 4373 corde
2721 4318 3043 4390 aspicimus,
3077 4323 3158 4384 ut,
3182 4319 3230 4373 si
3261 4319 3496 4374 facultas
3530 4321 3772 4385 adesset,

503 4405 578 4461 ad
624 4403 1144 4476 concUpiscendum,
1176 4403 1387 4458 scilicet
1413 4419 1478 4457 eo
1524 4404 1636 4458 ﬁne
1683 4409 1741 4458 et
1795 4405 1984 4459 animo
2023 4410 2086 4460 ut
2121 4403 2159 4414 υ
2181 4408 2476 4463 deﬁnitum
2498 4407 3053 4473 habeamusintus,et
3071 4425 3368 4480 personam
3384 4409 3778 4479 quamlibetad

507 4511 632 4550 eam
662 4492 1018 4564 concupiscat
1046 4491 1443 4547 consentiendo
1497 4491 1735 4556 libidini,
1788 4493 1835 4548 si
1865 4493 2098 4549 facultas
2179 4497 2282 4552 hoc
2315 4498 2682 4552 meditatione
2726 4497 3062 4552 revolvimus
3119 4497 3177 4551 in
3208 4498 3553 4553 conscientia
3586 4519 3598 4555 :
3644 4515 3782 4554 nun-

505 4583 678 4640 fuerit
704 4581 978 4652 explendi.
1032 4581 1211 4646 Quem
1261 4598 1395 4636 sane
1432 4582 1614 4638 locum
1671 4581 1848 4638 Graeci
1876 4583 2094 4639 duobus
2179 4585 2312 4656 quid
2345 4602 2456 4640 non
2487 4585 2840 4639 adulteratur
2868 4586 3051 4653 corde,
3085 4585 3180 4640 ubi
3207 4586 3338 4640 talis
3367 4593 3632 4642 versatur
3652 4587 3783 4641 deli-

506 4672 691 4730 verbis
719 4671 1124 4742 signiﬁcantius
1153 4671 1472 4744 explanant,
1508 4671 1660 4734 πάθος
1689 4677 1746 4727 et
1773 4673 2094 4744 προπάθειαν,
2181 4674 2416 4741 beratio,
2436 4673 2814 4728 etiamsidesit
2828 4679 3015 4740 2'38
3031 4673 3245 4746 species
3268 4691 3456 4729 coram
3481 4675 3610 4731 istis
3625 4682 3778 4731 exte-

507 4764 565 4820 id
588 4766 692 4828 est,
706 4764 1015 4831 passionem
1036 4766 1092 4816 et
1107 4765 1518 4831 propassionem
1548 4761 1815 4818 dicentes.
1834 4763 2100 4827 Quando-

511 4852 736 4924 quidem
761 4849 1079 4923 passionem
1091 4851 1283 4905 dicunt
1310 4850 1381 4905 ad
1402 4850 1601 4905 vitium
1633 4851 1807 4906 animi
1826 4853 2096 4923 reputari,

508 4941 930 5016 propassionem
955 4957 1106 5008 vero,
1127 4940 1258 4994 licet
1285 4939 1491 4995 habeat
1519 4941 1742 5020 initium
1764 4942 1958 5013 culpae,
1991 4958 2102 4996 non

510 5038 704 5088 tamen
753 5029 935 5084 teneri
984 5029 1043 5083 in
1093 5029 1346 5101 crimine.
1399 5030 1496 5086 Est
1540 5027 1783 5103 namque
1805 5031 2099 5103 προπάοεια,

510 5118 858 5192 temporalis,
889 5117 975 5172 vel
1022 5117 1347 5173 subitaneus
1374 5118 1548 5174 animi
1591 5120 1840 5185 atfectus,
1885 5123 1951 5173 ut
1997 5118 2104 5172 ira-

515 5215 606 5264 tus
633 5210 708 5264 sit
753 5207 974 5278 aliquis,
1008 5211 1108 5262 aut
1145 5224 1345 5262 amans
1369 5208 1602 5278 aliquid,
1637 5209 1789 5271 πάθος
1812 5225 1964 5274 vero,
2006 5212 2106 5262 aut

512 5289 646 5365 ἦθος,
680 5302 744 5351 ut
799 5297 1024 5367 quidam
1080 5296 1258 5364 aiunt,
1291 5296 1545 5366 quaedam
1594 5297 1766 5351 animi
1810 5298 1990 5352 forma
2024 5299 2105 5350 vel

516 5384 844 5440 deliberatio
873 5402 935 5439 ex
966 5401 1240 5439 consensu
1288 5401 1430 5455 pene
1481 5386 1638 5454 quasi
1694 5387 1967 5441 naturalis
2009 5388 2103 5440 lia-

519 5474 669 5529 bitus
698 5475 941 5541 mentis;
1001 5480 1064 5528 ut
1121 5479 1206 5528 est
1262 5475 1392 5528 dum
1452 5474 1687 5528 dicimus
1748 5476 2101 5541 iracundum,

516 5571 618 5620 aut
668 5566 940 5636 cujusque
991 5569 1320 5620 amatorem.
1370 5563 1587 5634 Quippe
1635 5564 1766 5634 quia
1814 5564 1966 5626 τεάοος
1995 5582 2104 5622 non

2185 4762 2428 4818 rioribus
2451 4761 2644 4828 oculis,
2679 4779 2802 4833 quae
2841 4763 2961 4817 visu
2989 4763 3451 4834 concupiscatur?
3498 4765 3625 4820 lmo
3665 4771 3784 4821 tum

2186 4852 2569 4906 adulteramus
2593 4852 2777 4912 corde,
2804 4869 2930 4906 cum
2965 4852 3045 4907 illi
3077 4853 3408 4924 aperiuntur
3438 4854 3610 4923 oculi,
3645 4872 3788 4927 quos

2187 4946 2416 5013 propter
2436 4957 2663 5012 plenam
2687 4943 2899 5012 peccati
2913 4942 3111 5012 primis
3122 4942 3449 5013 parentibus
3465 4944 3618 4998 male
3629 4961 3788 5015 aper-

2185 5037 2272 5085 tos
2321 5031 2380 5084 in
2411 5030 2669 5102 paradiso
2720 5030 2978 5101 legimus,
3028 5036 3087 5085 et
3140 5031 3326 5088 carnis
3371 5033 3654 5088 incentiva
3695 5050 3791 5088 eos

2186 5120 2454 5176 afﬁciunt.
2479 5121 2633 5175 Tunc
2654 5136 2789 5174 sane
2820 5120 2878 5174 in
2907 5120 3166 5176 allectum
3227 5120 3472 5176 libidinis
3523 5122 3792 5177 laxantur

2186 5210 2343 5265 frena
2390 5209 3004 5280 concupiscentiarum;
3065 5214 3319 5264 versatur
3373 5211 3584 5282 species
3657 5218 3794 5266 ante

2189 5299 2395 5353 mentis
2424 5299 2632 5362 oculos,
2662 5297 2756 5350 ubi
2785 5314 2896 5352 non
2915 5298 3189 5364 voluntas,
3208 5300 3304 5353 sed
3322 5300 3441 5353 sola
3461 5301 3620 5354 deest
3637 5319 3794 5355 occa-

2188 5389 2270 5442 sio
2299 5388 2583 5458 peccandi.
2605 5389 2737 5452 Quae
2760 5386 3024 5440 nimirum
3056 5388 3314 5450 intentio,
3342 5405 3455 5443 non
3471 5391 3789 5460 prepassio,

2189 5479 2281 5531 sed
2308 5479 2459 5540 πάθος
2493 5484 2738 5543 vocatur,
2766 5476 2900 5547 quia
2948 5493 3106 5531 mens
3137 5477 3282 5531 male
3313 5478 3501 5531 illecta
3524 5480 3795 5532 transivit

2188 5567 2254 5620 ad
2286 5567 2610 5637 passionem
2652 5583 2976 5622 consensus.
3005 5568 3137 5622 Jure
3169 5567 3342 5637 igitur
3374 5583 3440 5621 ex
3478 5567 3791 5638 Evangelio
