3938 6174
251 311 349 368 ω

1041 311 1420 371 EXPOSITIO
1457 312 1537 368 IN
1573 309 2017 368 MATTHMM.
2060 341 2126 354 —
2163 311 2301 368 LIB.
2342 312 2442 380 III,
2485 311 2642 368 CAP.
2683 313 2750 367 V.

3412 318 3521 379 250

250 439 370 493 talis
397 437 735 496 deliberatio
765 440 824 495 in
872 445 1026 499 omni
1069 441 1356 499 molimine
1403 440 1689 506 vitiorum,
1741 441 2135 511 proAnerastz'
2155 456 2248 494 cor
2277 456 2479 507 meum,
2513 454 2669 494 soror
2696 434 2834 505 mea,
2873 443 3185 497 vulnerasti
3211 459 3302 497 cor
3332 461 3517 500 meum

249 544 409 599 opere
437 535 740 600 reputatur
768 536 897 586 ante
933 534 1122 588 oculos
1163 531 1389 587 interim
1413 529 1651 602 judicis;
1689 528 1837 600 quod

247 633 308 670 ex
347 618 453 671 hoc
495 620 735 690 quisque
771 628 1030 678 censetur
1059 623 1207 694 quod
1250 627 1337 676 est
1367 622 1450 674 vel
1492 619 1640 691 quod
1671 619 1838 673 corde

243 706 398 777 gerit.
425 707 574 762 Nam
603 709 723 763 sola
759 709 902 764 bona
931 713 1188 766 voluntas
1223 718 1279 766 et
1327 714 1589 782 prompta
1618 709 1839 763 devotio

243 795 602 862 mentis,cum
633 799 789 854 deest
805 802 1010 871 agendi
1039 802 1217 873 copia,
1245 801 1394 872 quod
1415 815 1516 871 pro
1549 799 1839 853 charitatis

243 885 442 940 affectu
470 888 623 958 apud
647 889 803 959 pium
833 897 1316 945 remuneratorem
1355 887 1710 960 acceptabilis
1739 888 1830 954 sit,

241 990 402 1028 nemo
433 991 573 1030 sane
604 977 701 1048 qui
729 979 997 1050 ambigat,
1029 997 1194 1035 nemo
1225 980 1320 1050 qui
1363 978 1596 1033 dubitet.
1647 977 1837 1031 Placet

236 1062 411 1134 igitur
429 1065 580 1136 quod
601 1069 663 1120 in
689 1072 852 1122 terris
877 1086 993 1138 pax
1010 1071 1327 1124 hominibus
1340 1071 1487 1122 bonae
1511 1070 1831 1133 voluntatis,

237 1151 302 1205 ab
332 1154 574 1223 angelis,
602 1155 748 1210 sicut
773 1163 830 1211 et
848 1159 949 1212 Deo
969 1162 1152 1225 gloria
1165 1162 1226 1212 in
1247 1160 1464 1212 excelsis
1479 1156 1831 1228 praedicatur.

239 1239 342 1306 Sic,
371 1242 455 1295 sic
486 1243 654 1314 plane
683 1262 714 1299 e
743 1247 1044 1314 contrario,
1076 1264 1314 1319 quorum
1348 1247 1603 1301 voluntas
1632 1246 1834 1317 depra-

234 1335 414 1396 vatur,
442 1337 500 1386 et
524 1332 757 1388 illicitur
781 1335 969 1390 fratris
988 1337 1071 1391 ira
1104 1337 1191 1390 vel
1229 1336 1377 1404 odio,
1413 1352 1511 1390 seu
1542 1336 1834 1406 concupis-

232 1420 420 1473 centia
441 1420 641 1476 incesti
661 1424 746 1477 vel
779 1425 997 1496 ﬂagitii,
1032 1426 1165 1480 luxu
1191 1431 1290 1480 aut
1321 1424 1666 1495 quibuslibet
1714 1441 1837 1479 ma-

231 1507 364 1563 litiae
401 1511 817 1578 all‘ectionibus,
857 1520 914 1568 et
941 1515 1343 1569 deliberatione
1366 1514 1630 1568 vitiorum
1661 1514 1835 1585 pasci-

229 1599 338 1664 tur,
359 1599 492 1668 jure
513 1607 705 1655 reatus
733 1604 1066 1674 supplicium
1097 1603 1212 1658 illis
1243 1604 1643 1670 denuntiatur;
1701 1605 1833 1674 quia

228 1703 337 1740 non
367 1689 684 1744 secundum
715 1692 862 1762 quod
887 1693 1012 1764 quis
1043 1710 1153 1747 non
1173 1693 1374 1764 potuit,
1396 1698 1495 1746 aut
1515 1709 1628 1746 non
1653 1693 1828 1758 licuit,

1923 531 1984 582 in
2007 544 2120 581 uno
2150 532 2304 582 crine
2332 531 2460 583 colli
2489 531 2578 582 tui
2608 529 2784 596 (Cant.
2810 545 2882 594 Iv,
2907 528 2982 598 9.)
3016 530 3344 587 Vulneravit
3367 534 3517 588 enim

1923 634 2018 672 cor
2047 618 2234 688 sponsi
2265 619 2321 671 in
2351 634 2463 672 uno
2493 618 2804 683 oculorum,
2837 618 3126 673 charitatis
3151 621 3357 691 gladio,
3387 623 3520 693 quia

1921 708 2077 762 nulla
2108 707 2292 761 carnis
2308 707 2618 778 petulantia
2629 708 2908 762 maculata
2919 707 3092 762 aliubi
3113 726 3282 780 quam
3298 711 3355 764 in
3370 711 3518 767 idem

1923 797 2372 869 propitiatorium
2401 797 2677 868 respicere
2720 803 3103 864 consueverat,
3136 801 3296 869 cujus
3325 816 3517 854 amore

1920 887 2093 941 nimio
2115 887 2338 958 perfusa
2361 887 2530 940 etiam
2559 886 2628 940 de
2657 903 2715 940 se
2743 885 2963 940 dicebat
2989 906 2999 939 :
3027 887 3336 943 Vulnerata
3382 890 3517 943 cha-

1919 975 2058 1029 ritas
2086 992 2192 1045 ego
2222 991 2366 1028 sum.
2398 973 2548 1028 Talis
2568 974 2774 1045 quippe
2799 975 2992 1029 oculus
3018 975 3406 1031 columbarum
3435 978 3518 1032 di-

1919 1065 2084 1130 citur,
2105 1082 2226 1136 quae
2248 1064 2497 1118 resident
2524 1064 2594 1117 ad
2633 1064 2904 1118 fenestras
2951 1081 3101 1120 suas.
3144 1065 3355 1120 Idcirco
3403 1083 3516 1121 non

1917 1155 2265 1220 scandalum,
2291 1154 2388 1206 sed
2418 1169 2612 1223 pacem
2643 1153 2848 1218 ferens,
2872 1154 3015 1207 nihil
3035 1153 3102 1208 ad
3125 1155 3518 1226 concupiscen-

1917 1245 2050 1299 dum
2081 1243 2327 1298 exterius
2357 1242 2611 1308 attrahit,
2637 1243 2733 1295 sed
2768 1259 2890 1313 quae
2919 1243 3118 1297 salutis
3144 1250 3277 1298 sunt
3305 1245 3517 1299 munda

1918 1335 2106 1388 omnia
2119 1334 2354 1388 interius
2369 1338 2681 1387 servantur.
2697 1331 2877 1401 Igitur
2905 1337 3133 1402 propter
3152 1333 3515 1388 circumstan-

1915 1424 2056 1478 tiam
2082 1423 2354 1488 lectionis,
2381 1422 2510 1492 quia
2523 1422 2653 1475 hinc
2673 1421 2804 1475 inde
2830 1421 2899 1474 de
2911 1421 3145 1475 muliere
3164 1421 3514 1489 dicitur,me—

1917 1513 2072 1566 dium
2104 1513 2343 1566 duarum
2377 1511 2642 1583 partium,
2676 1516 2740 1565 ut
2764 1526 2948 1564 sermo
2979 1510 3198 1564 divinus
3227 1511 3517 1566 continua-

1913 1608 2088 1666 retur,
2104 1602 2302 1656 melius
2333 1601 2403 1654 ad
2423 1601 2572 1654 hunc
2590 1614 2819 1654 sensum
2840 1599 3308 1654 retulimus.Nam
3322 1617 3513 1672 supra,

1915 1693 2010 1762 qui
2031 1691 2233 1744 viderit
2265 1690 2562 1744 mulierem
2589 1690 2658 1743 ad
2684 1689 3212 1760 concupiscendum,
3232 1691 3514 1744 moechum

227 1775 318 1830 sed
336 1777 656 1833 secundum
686 1761 834 1851 quod
862 1761 971 1836 fuit
989 1787 1045 1836 et
1071 1761 1360 1854 proposuit
1381 1799 1444 1837 ex
1474 1782 1832 1838 conscientia.
1853 1761 1898 1821 B
1919 1761 2039 1835 esse
2057 1797 2185 1834 eum
2202 1781 2259 1834 in
2277 1779 2441 1833 corde
2457 1779 2940 1833 denuntiat.Nunc
2954 1777 3515 1850 iterum,priusquam

226 1870 319 1920 aut
346 1873 654 1922 accusatur
680 1875 780 1923 aut
808 1870 1128 1926 defenditur
1153 1871 1211 1926 in
1240 1871 1328 1925 die
1352 1888 1478 1926 cum
1497 1872 1838 1942 judicaverit

226 1954 370 2009 Deus
399 1957 623 2012 occulta
650 1958 963 2014 hominum.
1001 1961 1270 2031 Sequitur
1303 1980 1314 2014 :

293 2046 523 2112 Quodsi
537 2051 726 2101 oculus
741 2053 868 2101 tuus
882 2051 1069 2104 dexter
1091 2053 1436 2104 scandalizat
1451 2057 1516 2118 te,
1539 2067 1666 2105 erue
1680 2068 1824 2119 eum,

225 2138 272 2185 et
291 2135 511 2202 proﬁce
527 2137 623 2189 abs
653 2142 721 2190 te.
758 2138 946 2192 Haeret
965 2139 1081 2194 haec
1115 2140 1396 2195 sententia
1419 2139 1822 2211 superioribus,

228 2220 315 2275 ubi
345 2222 434 2276 ait
455 2241 468 2276 :
489 2225 601 2290 Qui
613 2227 815 2279 viderit
835 2231 1127 2282 mulierem
1146 2231 1220 2282 ad
1233 2231 1718 2298 concupiscendum
1731 2230 1832 2284 .Ex

229 2326 330 2381 quo
358 2311 569 2382 liquet,
593 2317 815 2369 oculum
831 2317 1108 2382 dextrum,
1128 2317 1398 2389 quidquid
1422 2319 1628 2372 mentis
1655 2319 1833 2372 delec-

227 2400 440 2454 tatione
459 2399 702 2458 interius
721 2405 1152 2476 concupiscitur,
1175 2407 1414 2477 intelligi
1440 2407 1674 2475 debere;
1698 2409 1830 2478 quia

227 2489 496 2559 profecto,
529 2507 658 2546 cum
682 2492 1038 2548 ille'interior
1065 2496 1134 2549 ad
1165 2497 1668 2568 concupiscendum
1695 2514 1830 2568 ape-

224 2577 383 2644 ritur,
419 2596 554 2633 mox
591 2580 807 2637 turbati
853 2590 1010 2638 motu
1042 2584 1288 2640 libidinis
1317 2586 1501 2640 acrius
1548 2587 1828 2640 scandali-

226 2682 437 2722 zamur.
456 2669 668 2724 Dexter
697 2688 826 2726 vero
857 2689 922 2726 ex
942 2673 1160 2728 meliori
1189 2681 1348 2746 parte
1379 2676 1582 2730 mentis
1609 2693 1720 2730 non
1748 2677 1830 2731 in-

226 2757 629 2812 convenienter
655 2759 879 2814 dicitur.
935 2762 1077 2824 Quia
1106 2764 1252 2817 sicut
1301 2765 1654 2835 praestantior
1698 2783 1828 2837 pars

225 2847 475 2917 corporis
506 2847 706 2902 dextra
735 2856 927 2904 vocata
947 2857 1033 2905 est
1068 2870 1078 2903 :
1124 2852 1203 2906 ita
1249 2853 1397 2907 visus
1428 2854 1520 2907 ille
1549 2854 1618 2908 ab
1652 2855 1826 2924 intus,

228 2935 350 3005 quia
381 2937 750 3007 praestantius
780 2939 947 3005 videt,
964 2945 1114 2994 recte
1135 2941 1328 2996 dexter
1347 2949 1434 2997 est
1449 2949 1824 3015 nuncupatus.

228 3023 587 3080 Scandalizat
598 3032 940 3094 autem,cum
955 3029 1026 3082 ad
1038 3031 1541 3102 concupiscendum
1555 3034 1825 3104 aperitur,

227 3120 278 3167 et
307 3131 476 3169 mens
509 3131 615 3185 per
644 3115 828 3171 varias
854 3123 912 3171 et
939 3117 1160 3173 illicitas
1191 3121 1591 3189 cogitationum
1625 3124 1830 3178 formas

221 3218 253 3255 a
276 3208 435 3257 statu
458 3204 729 3275 puritatis
758 3211 815 3259 et
835 3207 1071 3276 justitia:
1099 3209 1314 3280 captiva
1347 3211 1585 3264 ducitur.
1612 3213 1718 3276 Qui
1753 3214 1834 3267 ni-

221 3292 429 3347 mirum
455 3293 655 3347 oculus
676 3294 872 3350 dexter
890 3297 1024 3351 dum
1049 3298 1118 3351 ad
1133 3299 1584 3370 concupiscentia
1613 3302 1832 3357 illectus

220 3381 490 3449 trahitur,
527 3388 585 3436 et
613 3385 895 3439 eruendus
921 3391 977 3439 et
1003 3387 1383 3457 projiciendus
1406 3394 1492 3443 est
1511 3406 1544 3442 a
1573 3390 1831 3458 nobis,ne

219 3486 314 3540 per
341 3487 482 3525 eum
506 3471 673 3525 noxia
701 3489 1017 3545 carpamus.
1053 3477 1345 3531 Eruendus
1366 3494 1499 3532 sane
1527 3484 1832 3550 antequam

219 3565 412 3625 219
436 3560 665 3615 labatur
685 3561 742 3616 in
775 3564 995 3631 vitium,
1019 3582 1088 3620 ne
1118 3567 1265 3636 quod
1297 3567 1355 3620 in
1376 3567 1534 3622 nobis
1557 3571 1831 3639 optimum

219 3653 298 3701 est
315 3651 433 3702 cito
452 3650 720 3704 flectatur
747 3652 818 3706 ad
848 3653 1088 3724 culpam.
1109 3655 1254 3718 Quid
1280 3655 1452 3725 igitur
1480 3657 1658 3726 magis
1677 3675 1831 3712 scan-

218 3735 465 3791 dalizare
497 3745 686 3809 potest
719 3757 886 3811 quam
923 3743 1072 3813 quod
1101 3760 1202 3796 nos
1231 3750 1452 3798 revocat
1481 3761 1515 3798 a
1545 3747 1829 3818 proposito

218 3831 271 3879 et
296 3835 558 3882 removet
587 3829 657 3882 de
687 3829 776 3883 via
795 3831 1074 3900 justitiaa?
1118 3833 1281 3903 Ergo,
1315 3833 1421 3887 nisi
1451 3835 1696 3904 primum
1727 3853 1832 3906 pa-

217 3922 440 3971 rentem
461 3917 554 3970 hic
567 3917 763 3972 oculus
778 3920 1227 3986 scandalizasset,
1250 3937 1607 3993 nequaquam
1623 3924 1827 3978 timore

218 4019 277 4057 ac
307 4005 532 4076 pudore
561 4023 791 4077 pressus
819 4025 851 4062 a
893 4007 1030 4063 facie
1060 4009 1180 4074 Dei,
1221 4010 1433 4064 locatus
1462 4012 1518 4065 in
1545 4012 1824 4083 paradiso,

221 4109 277 4147 se
301 4094 717 4150 abscondisset.
746 4096 922 4160 Quem
951 4097 1355 4170 si,priusquam
1371 4101 1684 4170 petulantia
1699 4118 1829 4155 eum

219 4181 476 4250 fedaret,
542 4183 615 4238 ab
663 4184 872 4239 intuitu
920 4186 1073 4240 vetiti
1105 4195 1435 4255 revocasset,
1470 4205 1825 4261 nequaquam

224 4273 558 4326 scandalum
610 4279 900 4342 pateretur
927 4276 1153 4329 erroris.
1188 4277 1256 4330 Et
1289 4278 1414 4332 ideo
1453 4279 1830 4350 projiciendus

219 4367 304 4414 est
330 4362 486 4416 illico
518 4362 649 4416 talis
677 4369 954 4434 aspectus,
989 4371 1291 4436 antequam
1321 4384 1479 4422 mens
1510 4367 1733 4424 labatur
1771 4370 1828 4425 in

1918 1869 2193 1934 deveniat,
2227 1869 2484 1923 eumdem
2515 1868 2696 1922 cordis
2725 1868 2945 1922 oculum
2973 1867 3267 1937 jubeterui
3299 1873 3352 1922 et
3381 1884 3514 1939 pro-

1908 1960 2102 2032 jicere,
2136 1975 2206 2012 ne
2235 1958 2471 2029 aspiciat
2500 1973 2609 2028 quo
2641 1958 2782 2011 male
2812 1957 3078 2027 deceptus
3099 1957 3266 2010 homo
3296 1961 3510 2027 pereat.

1914 2051 1984 2104 Et
2007 2049 2316 2103 notandum
2349 2065 2361 2100 :
2397 2047 2444 2101 si
2473 2063 2539 2100 ea
2569 2064 2690 2118 quae
2720 2047 2778 2100 in
2807 2045 2968 2100 nobis
2999 2046 3194 2099 dextra
3221 2051 3372 2110 sunt,
3404 2045 3514 2099 sci-

1913 2139 2047 2192 licet
2075 2138 2267 2192 oculus
2300 2141 2400 2191 aut
2431 2153 2650 2202 manus,
2676 2153 2777 2190 nos
2798 2135 3083 2190 interdum
3109 2134 3508 2201 scandalizent,

1915 2234 2124 2300 quanto
2152 2227 2333 2297 magis
2359 2244 2425 2280 ea
2454 2243 2576 2296 quze
2601 2225 2827 2279 sinistra
2856 2225 3024 2278 sunt?
3054 2223 3198 2288 Quia
3241 2222 3287 2277 si
3323 2223 3512 2278 anima

1915 2317 2190 2372 introrsus
2221 2315 2447 2378 labitur,
2468 2316 2646 2369 multo
2664 2313 2844 2384 magis
2868 2329 3089 2384 corpus,
3107 2312 3256 2383 quod
3281 2313 3348 2365 ad
3380 2328 3514 2383 pec-

1912 2407 2152 2460 candum
2184 2405 2480 2476 proclivius
2493 2404 2670 2458 est.Et
2698 2408 2888 2469 0‘80
2907 2402 3032 2456 ideo
3052 2400 3406 2472 praestantior
3418 2400 3514 2455 ille

1913 2496 2238 2567 purgandus
2267 2500 2353 2548 est
2377 2495 2590 2558 oculus,
2607 2498 2663 2547 et
2680 2492 2960 2546 eruendus
2975 2491 3205 2545 illicitus
3228 2496 3508 2561 aspectus.

1915 2585 2190 2649 Quoniam
2222 2584 2356 2638 dum
2398 2583 2446 2636 is
2496 2582 2616 2635 sine
2662 2581 2922 2636 seandalo
2971 2597 3153 2652 pravae
3181 2579 3409 2633 visionis
3453 2580 3511 2634 in

1912 2673 2366 2744 propitiatorium
2417 2671 2674 2725 assiduus
2729 2669 2986 2735 refertur,
3034 2669 3140 2723 iste
3185 2668 3408 2722 sinister
3456 2674 3514 2722 et

1911 2763 2173 2827 exterior,
2205 2761 2327 2831 lege
2361 2761 2509 2815 illius
2540 2759 2897 2822 frenatus,ab
2919 2758 3072 2811 omni
3092 2757 3216 2811 labe
3246 2757 3512 2812 vitiorum

1909 2851 2179 2906 immunis
2209 2851 2458 2922 quotidie
2478 2849 2808 2903 custoditur.
2827 2848 3252 2912 Verumtamen,
3285 2851 3342 2901 et
3355 2846 3403 2900 si
3431 2847 3514 2900 ita

1911 2941 2165 3006 dixerim,
2199 2957 2309 2994 non
2341 2938 2750 3011 praescribimus
2769 2937 3214 2992 numerosiorem
3243 2951 3510 2990 sensuum

1912 3030 2380 3101 explanationem.
2417 3030 2609 3082 Potest
2638 3027 2785 3082 enim
2816 3027 2873 3081 in
2900 3026 3094 3081 dextro
3126 3025 3304 3091 oculo,
3339 3025 3425 3078 vel
3453 3024 3512 3079 in

1915 3120 2119 3174 dcxtra
2144 3136 2335 3185 manu,
2370 3119 2606 3173 fratrum
2637 3122 2693 3171 et
2731 3117 2940 3182 uxoris,
2967 3133 3032 3169 ac
3078 3114 3384 3170 liberorum
3414 3130 3514 3168 seu

1915 3224 2171 3262 carorum
2211 3209 2520 3262 amicorum
2551 3206 2812 3270 affinitas,
2844 3206 2929 3258 vel
2969 3203 3347 3276 quorumlibet
3389 3219 3515 3274 pro-

1915 3299 2252 3368 pinquorum
2285 3297 2586 3351 monstrari
2609 3297 2868 3350 affectus:
2892 3295 3026 3366 quia
3054 3294 3193 3348 nihil
3214 3294 3400 3348 minus
3418 3309 3514 3347 eos

1914 3403 2083 3457 quam
2111 3387 2300 3441 oculos
2329 3392 2550 3440 nostros
2580 3385 2888 3456 diligimus.
2934 3385 3088 3439 Solet
3137 3383 3288 3437 enim
3325 3382 3394 3437 ab
3425 3382 3514 3436 his

1915 3476 2010 3546 qui
2041 3493 2100 3530 se
2125 3476 2486 3530 vehementer
2509 3475 2741 3545 diligere
2768 3472 3074 3545 quemlibet
3112 3473 3309 3526 volunt
3333 3477 3516 3527 osten-

1914 3563 2068 3630 dere,
2102 3565 2181 3618 ita
2217 3565 2325 3618 dici
2354 3583 2364 3618 :
2399 3565 2582 3634 Diligo
2612 3581 2741 3618 eum
2772 3569 2836 3618 ut
2864 3563 3053 3617 oculos
3083 3577 3256 3616 meos.
3300 3561 3370 3616 Et
3388 3561 3514 3615 ideo

1913 3651 2164 3707 fortassis
2196 3655 2266 3707 ad
2305 3658 2674 3724 augmentum
2716 3651 3031 3707 dilectionis
3065 3650 3514 3721 exaggerandum

1913 3743 2156 3814 positum
2186 3749 2290 3807 est,
2326 3743 2373 3796 si
2394 3743 2586 3796 oculus
2608 3748 2737 3796 tuus
2753 3741 2948 3794 dexter
2966 3745 3066 3794 aut
3086 3757 3285 3794 manus
3313 3740 3512 3794 dextra

1911 3831 2249 3884 scandalizet
2278 3837 2353 3896 te,
2387 3837 2664 3901 quatenus
2706 3829 2776 3882 ad
2806 3827 3297 3898 contemplandum
3322 3842 3512 3880 veram

1911 3919 2090 3974 lucem
2123 3919 2588 3991 impedimentum
2611 3919 2730 3985 ﬁat,
2763 3916 2968 3972 debeas
2995 3916 3134 3970 illud
3163 3915 3508 3981 abscindere,

1913 4014 1970 4062 et
1991 4009 2259 4080 quidquid
2280 4007 2546 4080 praecipui
2578 4007 2786 4062 amoris
2823 4023 2942 4061 esse
2970 4010 3173 4077 potest,
3199 4020 3269 4058 ne
3287 4003 3392 4058 tibi
3413 4003 3512 4058 ob-

1913 4099 2094 4165 sistat,
2115 4099 2337 4170 penitus
2358 4099 2710 4153 detruncare.
2735 4097 3055 4152 Cavendum
3078 4095 3354 4167 igiturne,
3377 4095 3513 4149 dum

1911 4188 2170 4242 volumus
2200 4188 2339 4243 alios
2369 4188 2655 4254 lucriﬁeri,
2677 4187 2782 4258 ipsi
2817 4187 2874 4241 in
2896 4191 3168 4241 aeternum
3190 4201 3505 4257 pereamus.

1915 4277 2058 4332 Hinc
2087 4295 2223 4333 sane
2245 4279 2376 4332 etin
2396 4278 2645 4333 Levitico
2665 4278 2734 4331 de
2754 4277 3042 4331 sacerdote
3063 4292 3268 4347 magno
3283 4275 3509 4342 dicitur,

1912 4369 2073 4437 cujus
2092 4369 2281 4422 anima
2314 4368 2416 4422 Dei
2449 4367 2624 4421 cultui
2650 4366 2967 4438 mancipata
2995 4371 3096 4431 est,
3131 4381 3202 4419 ne
3223 4381 3395 4436 supra
3409 4380 3511 4436 pa-

218 4449 437 4515 vitium,
470 4467 587 4506 non
642 4451 776 4522 quia
813 4453 1008 4508 dexter
1046 4455 1158 4521 est,
1189 4456 1286 4509 sed
1336 4457 1476 4527 quia
1492 4459 1833 4514 scandalizat
1852 4450 1895 4506 ι)
1917 4462 2062 4510 trem
2084 4463 2184 4512 aut
2200 4464 2439 4512 matrem
2461 4457 2545 4510 vel
2570 4456 2715 4510 filios
2737 4456 3041 4528 polluatur,
3061 4455 3116 4509 id
3129 4459 3214 4509 est
3226 4460 3290 4509 ut
3302 4454 3512 4508 nullius

219 4554 318 4593 nos
348 4541 504 4594 male
532 4541 997 4612 concupiscendo,
1039 4543 1098 4597 in
1149 4545 1270 4615 lege
1309 4547 1702 4601 mandatorum
1730 4549 1831 4602 Dei

221 4644 390 4698 quam
434 4629 580 4684 bene
615 4631 845 4701 positos.
876 4632 1142 4704 Alioquin
1185 4634 1430 4704 quandiu
1470 4636 1527 4688 in
1559 4637 1831 4692 charitate

220 4717 508 4789 deﬁgitur,
542 4720 958 4776 continuandus
983 4728 1040 4776 et
1069 4724 1377 4778 servandus
1393 4730 1477 4778 est
1498 4724 1555 4778 in
1577 4731 1824 4797 aspectu,

222 4808 354 4877 quia
383 4825 496 4879 pax
531 4810 713 4864 multa
748 4810 1111 4881 diligentibus
1145 4813 1322 4882 legem
1353 4813 1451 4867 Dei
1482 4814 1676 4868 adesse
1707 4832 1829 4869 cre-

221 4889 397 4958 ditur,
432 4901 490 4947 et
515 4894 739 4948 nullum
775 4895 886 4949 illis
933 4897 1260 4950 scandalum
1289 4898 1553 4952 devenire
1600 4901 1825 4970 poterit.

227 4979 392 5044 Quod
418 4982 467 5036 si
497 5000 599 5037 nos
619 4984 998 5039 scandalizare
1041 4986 1275 5057 creperit
1291 4986 1362 5040 ab
1384 4987 1647 5042 illecebra
1673 4990 1828 5044 dele-

220 5070 506 5138 ctationis,
542 5089 672 5127 mox
703 5074 984 5128 eruendus
1013 5081 1099 5129 est
1124 5075 1272 5130 visus
1294 5077 1722 5147 cogitationum,
1759 5096 1830 5134 ne

223 5157 369 5213 forte
421 5160 611 5217 videat
657 5163 952 5217 mulierem
1000 5149 1069 5218 ad
1116 5166 1638 5236 concupiscendum.
1680 5168 1831 5238 Abji-

222 5248 460 5304 ciendus
488 5257 573 5306 est
595 5269 748 5322 ergo,
773 5270 845 5306 ne
871 5254 941 5306 ad
969 5271 1035 5308 ea
1057 5272 1179 5325 quae
1209 5257 1395 5309 carnis
1425 5261 1557 5310 sunt
1587 5257 1831 5312 exterius

224 5354 281 5390 se
303 5339 713 5407 ditfundat,sed
731 5350 1004 5412 purgatus
1023 5344 1331 5415 disciplinis
1348 5345 1833 5409 coelestibus,sem-

223 5443 324 5496 per
371 5429 547 5484 veluti
578 5430 869 5486 cherubim
903 5432 1048 5487 circa
1073 5451 1228 5487 aram
1276 5435 1333 5487 in
1373 5435 1826 5505 propitiatorium

224 5531 282 5568 se
314 5516 614 5573 referendo
657 5521 961 5576 custodiat.
1011 5523 1092 5576 De
1136 5539 1244 5592 quo
1291 5522 1558 5578 nimirum
1606 5525 1832 5581 visionis

226 5605 388 5661 oculo
417 5605 480 5662 in
507 5609 754 5664 Canticis
784 5611 1040 5667 Ecclesiae
1087 5629 1121 5666 a
1169 5629 1373 5684 sponso
1405 5615 1626 5670 canitur
1655 5635 1665 5669 :
1714 5618 1832 5671 Vul-

1914 4547 2172 4601 affectum
2203 4547 2345 4600 sciat
2397 4551 2599 4617 praeter
2644 4545 2765 4614 ejus
2808 4545 2970 4615 cujus
2999 4544 3174 4599 cultui
3222 4542 3514 4598 dedicatur

1916 4638 2054 4703 (Lev.
2124 4650 2230 4700 xxx,
2297 4635 2402 4703 11).
2458 4635 2860 4689 Verumtamen
2914 4649 3114 4688 manus
3171 4637 3227 4688 et
3295 4633 3508 4704 oculus,

1915 4723 2170 4796 quamvis
2223 4723 2392 4778 unius
2468 4723 2718 4795 corporis
2775 4723 3065 4794 praecipuae
3121 4727 3310 4795 partes
3374 4721 3508 4789 sint,

1913 4814 2045 4884 quia
2069 4829 2180 4867 non
2213 4813 2471 4867 eumdem
2501 4819 2686 4866 actum
2702 4813 2932 4879 habent,
2959 4827 3248 4884 nunquam
3274 4810 3510 4866 dixerim

1913 4903 2060 4974 quod
2109 4919 2284 4956 unum
2313 4902 2487 4956 velint
2514 4902 2850 4972 significare.
2883 4902 2951 4956 Et
2980 4902 3104 4956 ideo
3133 4918 3235 4973 per
3262 4901 3507 4967 oculum,

1911 4997 2174 5046 manente
2215 4991 2309 5045 illo
2349 5008 2516 5062 quem
2548 5008 2720 5062 supra
2768 4991 2988 5062 praetuli
3029 5007 3276 5058 sensum,
3326 4995 3513 5062 potest

1912 5081 2146 5152 intelligi
2204 5080 2438 5152 quilibet
2490 5081 2910 5152 magistrorum,
2971 5097 3209 5153 quorum
3267 5080 3512 5135 officium

1914 5176 2000 5224 est
2049 5170 2350 5241 praevidere
2395 5187 2579 5225 mores
2630 5188 2693 5225 ac
2743 5171 2916 5225 vitam
2973 5169 3345 5235 subditorum,
3383 5170 3514 5240 ,iaut

1915 5259 2057 5312 forte
2097 5259 2405 5313 amicorum
2452 5260 2673 5331 aliquis,
2711 5261 2870 5331 cujus
2927 5261 3160 5315 consilio
3215 5260 3392 5315 utaris
3440 5261 3512 5315 ad

1915 5349 2348 5402 considerandos
2394 5356 2552 5404 actus
2595 5357 2722 5404 tuos
2776 5356 2833 5404 et
2881 5351 3125 5405 caelestia
3166 5351 3507 5406 meditanda.

1916 5438 2022 5501 Qui
2045 5439 2090 5490 si
2124 5439 2369 5509 profecto
2405 5441 2865 5495 scandalizaverit
2903 5446 2958 5494 te
3001 5441 3379 5513 projiciendus
3406 5447 3511 5507 est,

1914 5544 1984 5580 ne
2015 5529 2160 5581 malo
2189 5528 2336 5583 illius
2362 5531 2618 5601 exemplo
2646 5530 2914 5602 pellectus
2946 5547 3159 5602 pereas,
3209 5531 3292 5584 vel
3323 5547 3513 5586 errore

1913 5616 2248 5688 depravatus
2299 5619 2358 5673 in
2407 5625 2647 5675 mortem
2699 5635 2847 5674 ruas.
2904 5621 3078 5676 Porro
3128 5635 3231 5688 per
3259 5635 3511 5686 manum,
