3938 6174
479 267 588 326 251-
1253 269 1310 324 S.
1352 263 1730 322 PASCHASII
1769 259 2129 320 RADBERTI
2165 263 2468 324 ABBATIS
2506 266 2996 323 CORBEIENSIS.
3609 269 3701 328 252

472 393 664 466 aliqua
691 397 936 468 locuples
974 397 1100 452 vitae
1130 394 1365 452 actualis
1393 393 1478 447 vel
1508 406 1775 463 prospera
1816 388 2066 460 operatio
2088 390 2139 450 Α
2158 391 2416 448 ctoritate
2460 392 2633 447 libelli
2683 392 2901 464 repudii
2934 389 3251 448 libertatem
3299 391 3415 446 dari
3455 393 3699 464 jussisset,

466 485 631 554 juxta
657 487 1003 556 superiorem
1026 502 1255 541 sensum
1289 503 1300 538 :
1331 481 1641 537 secundum
1682 481 1831 534 hunc
1858 485 2069 545 autem,
2158 482 2291 536 dum
2315 482 2657 537 deliberatur
2683 499 2750 536 ex
2770 498 2835 536 ea
2859 481 2928 535 ob
2957 481 3368 552 recogitandam
3390 484 3628 552 gratiam,
3657 489 3706 539 et

473 590 640 644 quem
652 575 1024 642 subdidimus,
1039 576 1182 630 forte
1197 572 1431 644 quilibet
1447 576 1712 624 strenuus
1749 569 1975 639 adjutor
1994 568 2076 622 in-
2157 571 2368 626 vitandi
2388 572 2594 643 pejoris
2626 572 2876 626 criminis
2897 571 3139 642 culpam,
3162 570 3361 625 indixit
3383 587 3489 626 non
3503 571 3612 626 dico
3629 590 3709 627 vo-

472 668 562 717 ter
590 663 718 718 vitae
747 665 972 734 negotia
997 664 1340 734 designatur,
1361 658 1820 730 cujusjuvamine
1843 675 2072 729 prospe-
2156 660 2445 724 luntatem,
2489 662 2642 732 pacis
2669 681 2681 730 ;
2737 677 2933 714 verum
2961 677 3138 715 exosa;
3166 660 3351 714 uxoris
3377 660 3704 726 adulterium,

471 752 551 806 ris
565 754 910 808 successibus
935 754 1106 808 etiam
1129 753 1243 806 vita
1257 756 1448 804 nostra
1471 749 1530 804 in
1551 749 1751 803 saeculo
1769 752 1944 819 queat
1961 748 2072 821 pol-
2156 751 2291 805 dum
2336 750 2567 806 dimissa
2608 751 2942 816 moechatur,
2989 750 3061 803 ad
3101 748 3281 802 virum
3307 750 3580 804 contorsit.
3621 751 3709 817 Qui

471 840 607 896 lere.
647 842 754 906 Qui
781 842 1026 913 profecto
1075 842 1209 896 dum
1242 839 1475 911 coeperit
1498 837 1659 893 nobis
1689 836 1980 903 obsistere,
2017 841 2074 891 et
2156 843 2450 908 dimiserit,
2486 840 2686 912 inquit,
2715 841 2947 894 uxorem
2962 844 3372 908 suam,ea:cepta
3389 855 3543 893 causa
3561 841 3713 907 forni-

475 932 801 985 scandalum
831 931 1022 986 essein
1043 932 1165 1001 lege
1186 930 1580 985 mandatorum
1600 927 1720 992 Dei,
1750 926 1951 980 melius
1967 931 2070 994 est,
2157 933 2409 994 cationis,
2445 946 2508 984 ac
2547 930 2594 984 si
2636 930 2786 984 dicat
2815 946 2828 981 :
2863 928 3192 1000 Quicunque
3213 927 3391 982 foedus
3419 928 3714 999 nuptiarum

475 1021 570 1075 illo
599 1021 846 1091 praeciso,
887 1020 1096 1092 absque
1143 1019 1292 1074 illius
1332 1017 1612 1088 adjutorio
1643 1016 1866 1080 salvari,
1905 1033 2074 1087 quam
2155 1035 2256 1090 pro
2286 1019 2523 1090 alicujus
2552 1021 2633 1073 rei
2658 1017 2902 1088 negotio,
2947 1017 3034 1071 vel
3084 1034 3186 1088 pro
3231 1016 3474 1071 fceditate
3521 1034 3714 1072 morum

474 1115 540 1163 ut
567 1125 694 1163 cum
719 1126 783 1163 eo
807 1114 988 1164 totum
1011 1126 1212 1181 corpus
1227 1113 1484 1164 nostrum
1509 1111 1703 1178 pereat
1716 1105 1770 1158 in
1783 1105 2068 1175 gebenna.
2155 1113 2256 1162 aut
2282 1125 2577 1179 corporum
2609 1108 2899 1178 spreverit,
2924 1113 2981 1161 et
3009 1123 3147 1178 quos
3171 1107 3325 1160 Deus
3352 1106 3624 1176 conjunxit
3645 1107 3714 1160 vi-

474 1198 667 1252 Potest
706 1203 897 1253 autem
945 1216 1044 1270 per
1092 1199 1344 1252 dextram
1388 1212 1638 1263 manum,
1664 1195 1833 1250 etiam
1864 1200 1921 1248 et
1949 1195 2077 1266 ipsa
2155 1203 2276 1252 ctus
2297 1197 2520 1268 injuriis
2538 1197 2902 1269 separaverit,
2926 1196 2974 1250 is
2991 1195 3516 1267 cogitinﬁrmiorem
3530 1211 3587 1250 se
3605 1211 3714 1249 cum

475 1286 723 1358 practica
736 1287 850 1341 vita
865 1287 1190 1357 signiﬁcari,
1224 1291 1400 1355 29]
1443 1284 1546 1340 sub
1572 1285 1909 1356 quaMartha
1929 1291 2075 1339 sata-
2157 1288 2267 1341 alio
2284 1286 2564 1353 fornicari,
2589 1291 2646 1341 et
2667 1303 2838 1341 causa
2861 1290 3052 1340 reatus
3081 1287 3204 1356 ejus
3228 1286 3350 1356 ipse
3379 1283 3622 1350 efﬁcitur,
3635 1284 3717 1355 qui

473 1389 612 1444 gens
625 1374 1116 1429 variisofliciorum
1138 1373 1375 1444 negotiis
1388 1379 1712 1444 occupatur.
1737 1372 1918 1426 Simili
1933 1389 2072 1443 quo-
2157 1393 2282 1431 eam
2303 1394 2404 1432 sua
2435 1376 2763 1447 depulsione
2794 1375 2926 1429 facit
2955 1375 3242 1429 moechari.
3275 1373 3584 1428 Praesertim
3605 1373 3718 1444 quia

476 1479 586 1533 que
605 1463 769 1516 modo
800 1469 858 1517 et
883 1480 984 1534 per
1012 1464 1238 1518 oculum
1285 1463 1398 1516 vita
1427 1461 1678 1516 theorica
1719 1461 2069 1532 exprimitur,
2157 1467 2292 1520 olim
2321 1467 2510 1537 plures
2535 1471 2697 1520 erant
2733 1481 2914 1519 causa:
2944 1463 3242 1518 omittendi
3270 1479 3503 1530 uxores;
3532 1462 3716 1516 scilicet

475 1567 646 1622 quam
658 1551 1117 1622 saepeimbecilles
1131 1568 1243 1606 non
1260 1551 1506 1606 valentes
1521 1551 1591 1604 ad
1611 1567 1815 1621 purum
1827 1556 2074 1606 contem-
2158 1556 2205 1609 si
2249 1557 2490 1627 leprosa,
2521 1554 2568 1609 si
2618 1554 2843 1620 sterilis,
2885 1554 2932 1608 si
2959 1552 3173 1619 odiosa,
3208 1552 3256 1606 si
3299 1551 3602 1616 fornicaria,
3629 1557 3720 1609 etc.

474 1640 1193 1711 plari,scandalizantur.Hi
1217 1657 1317 1712 pro
1329 1641 1503 1694 nimia
1515 1641 1640 1695 vitae
1659 1640 1875 1695 desidia
1890 1646 1944 1694 et
1965 1647 2077 1695 tor-
2157 1647 2234 1699 At
2254 1661 2382 1698 vero
2425 1644 2680 1699 Christus
2709 1642 3060 1698 solummodo
3076 1658 3246 1696 causa
3263 1640 3632 1696 fornicationis
3641 1639 3723 1694 de-

475 1729 629 1800 poris
649 1730 876 1797 otio,illi
906 1745 1055 1797 vero,
1071 1747 1171 1801 pro
1204 1730 1499 1801 multiplici
1522 1730 1708 1784 saeculi
1730 1729 2065 1801 frequentia,
2087 1729 2136 1791 B
2158 1733 2381 1788 serendi
2411 1733 2694 1788 licentiam
2720 1731 2892 1786 dedit.
2925 1732 3059 1786 Jure
3087 1730 3282 1801 igitur,
3334 1729 3465 1802 quia
3490 1729 3580 1782 illo
3606 1732 3726 1782 tam-

479 1823 537 1872 et
563 1819 820 1890 plurimaa
851 1820 1232 1890 occupationis
1259 1819 1444 1874 taedio.
1482 1819 1875 1883 Quorumlibet
1899 1819 2074 1890 igitur
2156 1828 2280 1878 tum
2306 1822 2441 1877 vitio
2473 1822 2608 1876 ﬁdes
2631 1820 2927 1887 castitatis,
2961 1824 3019 1874 et
3055 1818 3401 1874 connubium
3426 1817 3725 1889 nuptiarum

480 1907 716 1979 quisque
736 1910 895 1964 oculo
925 1910 1010 1964 vel
1042 1926 1212 1964 manu
1238 1909 1486 1981 patiatur
1518 1909 2076 1975 scandalum,melius
2158 1912 2313 1984 prius
2342 1910 2642 1981 rumpitur,
2676 1909 2880 1964 idcirco
2898 1925 3012 1963 non
3034 1925 3158 1963 eam
3181 1908 3276 1962 ille
3301 1907 3434 1962 facit
3461 1905 3723 1971 mmehari,

477 2002 581 2063 est,
615 1997 662 2051 si
718 2014 889 2053 unam
930 2015 1125 2053 earum
1171 1999 1458 2054 interdum
1486 2015 1598 2052 non
1639 2004 1824 2069 potest
1874 1999 2077 2053 sectari
2161 2001 2260 2055 sed
2289 2000 2412 2071 ipsa
2439 2005 2629 2054 reatus
2653 1998 2738 2053 sui
2768 2014 2938 2052 causa
2965 2002 3067 2063 est,
3103 2003 3161 2052 et
3185 1996 3475 2053 dissolutio
3503 1994 3725 2052 fcederi.

477 2086 670 2154 vitam,
693 2087 929 2142 alteram
949 2089 1300 2143 solummodo
1318 2088 1577 2153 retinere,
1596 2104 1764 2159 quam
1785 2104 1888 2158 pro
1913 2104 2078 2142 enor-
2159 2090 2312 2145 Alias
2362 2093 2550 2143 autem
2598 2088 2885 2159 diligenda
2919 2093 3005 2142 est
3059 2092 3116 2142 et
3143 2087 3407 2152 tenenda,
3439 2088 3502 2140 ut
3535 2081 3731 2155 justitia

479 2176 677 2231 mitate
707 2177 948 2232 duarum
973 2178 1321 2232 inﬁrmitatis
1349 2177 1612 2231 seandalo
1642 2175 1915 2247 deperire.
1937 2176 2078 2231 Hinc
2161 2178 2612 2234 Christianorum
2633 2177 2818 2248 potior
2835 2177 3277 2243 commendetur,
3298 2180 3356 2231 et
3373 2174 3604 2230 Charitas
3623 2187 3730 2227 con-

479 2281 836 2336 summopere
865 2267 1177 2323 curandum
1205 2283 1277 2320 nc
1314 2271 1414 2319 aut
1450 2266 1546 2320 ille
1589 2266 1684 2336 qui
1733 2283 1845 2321 non
1892 2272 2081 2338 potest
2158 2267 2304 2339 jugii
2322 2267 2538 2322 ﬁrmior
2565 2284 2744 2338 usque
2769 2267 2840 2321 ad
2871 2271 3106 2321 mortem
3130 2270 3405 2321 servetur.
3435 2265 3500 2320 In
3534 2277 3633 2334 quo
3659 2259 3728 2315 ni-

475 2355 910 2424 contemplativa
945 2354 1074 2421 frui,
1117 2360 1338 2426 torpeat
1377 2354 1511 2422 otio,
1544 2355 1750 2408 actuali
1782 2356 2078 2426 neglecta;
2165 2358 2370 2412 mirum
2419 2357 2694 2411 castitatis
2722 2361 2998 2427 praecepto
3025 2360 3257 2427 propter
3285 2351 3567 2409 brevitatis
3599 2365 3727 2405 com-

479 2447 578 2497 aut
596 2443 738 2497 forte
767 2444 990 2515 aliquis,
1023 2444 1157 2498 dum
1191 2449 1497 2515 occupatur
1526 2445 1785 2516 practicis
1837 2445 2084 2515 negotio-
2163 2447 2433 2519 pendium
2459 2445 2714 2516 plurimae
2742 2446 2873 2499 hinc
2901 2445 3030 2500 inde
3061 2444 3397 2516 quaestiones
3425 2444 3726 2512 emergunt:

484 2548 614 2586 rum
643 2532 863 2599 studiis,
897 2539 1114 2588 arescat
1140 2533 1209 2588 ab
1233 2534 1459 2588 interna
1486 2533 1800 2600 dulcedine,
1827 2551 1954 2588 cum
1966 2551 2077 2588 me-
2163 2537 2265 2592 sed
2293 2536 2474 2591 solum
2506 2551 2601 2589 eas
2647 2540 2880 2606 tangere
2911 2535 3148 2600 decrevi,
3181 2551 3325 2605 quas
3348 2531 3634 2588 necessitas
3657 2544 3732 2583 ex-

480 2620 590 2676 lius
633 2621 695 2676 in
736 2623 1170 2693 contemplativa
1207 2629 1398 2694 posset
1429 2625 1718 2695 proﬁcere.
1770 2625 1894 2678 Jam
1947 2624 2082 2696 quia
2162 2627 2358 2699 poscit.
2391 2626 2459 2679 Et
2482 2624 2614 2695 quia
2644 2625 2692 2678 si
2723 2641 2862 2678 uxor
2885 2624 3157 2679 fornicata
3177 2624 3273 2689 sit,
3304 2622 3609 2696 quidliceat
3625 2617 3726 2671 viro

482 2711 740 2765 dextrum
763 2711 1032 2782 jubemur
1049 2713 1272 2767 oculum
1301 2714 1386 2768 vel
1410 2731 1662 2779 manum,
1685 2713 1730 2767 si
1753 2713 1896 2768 forte
1925 2730 2081 2768 scan-
2163 2715 2298 2770 satis
2327 2728 2648 2785 expressum
2698 2719 2801 2778 est,
2834 2713 3199 2784 quaerendum
3247 2729 3384 2784 ergo
3416 2711 3520 2767 fuit
3554 2725 3582 2764 e
3617 2721 3731 2762 con-

480 2800 845 2856 dalizaverint
888 2819 1008 2868 nos,
1040 2801 1364 2857 abscindere
1402 2819 1501 2857 seu
1531 2819 1566 2856 a
1596 2802 1754 2857 nobis
1782 2803 2075 2873 projicere,
2160 2804 2357 2870 trario,
2392 2803 2438 2856 si
2484 2802 2565 2856 vir
2614 2801 2918 2856 fornicatus
2971 2802 3160 2868 fuerit,
3205 2801 3343 2872 quid
3375 2799 3637 2871 agendum
3671 2794 3735 2849 sit

481 2889 624 2943 nihil
655 2889 1028 2945 dubitandum
1053 2892 1122 2944 de
1151 2891 1512 2957 sinistris,ubi
1527 2892 1797 2962 quidquid
1813 2897 2080 2960 praastan-
2161 2893 2340 2948 uxori.
2375 2892 2534 2947 Unde
2555 2891 2762 2946 Paulus
2790 2891 2924 2945 dicit
2953 2892 3101 2962 quod
3122 2891 3314 2946 nullus
3343 2906 3531 2946 eorum
3547 2882 3734 2960 proprii

483 2978 597 3033 tius
621 2985 707 3032 est
725 2979 784 3033 in
803 2996 1053 3050 corpore,
1071 2979 1456 3034 dctruncatur.
1490 2980 1649 3044 Quod
1669 2980 1715 3033 si
1736 2980 1807 3033 ad
1828 2980 2078 3034 litteram
2095 3007 2139 3068 Ο
2161 2982 2409 3054 corporis
2431 2985 2769 3052 potestatem
2793 2979 2999 3034 habeat
3023 2983 3068 3045 (Ι
3098 2981 3219 3034 Cor.
3245 2995 3344 3047 vu,
3379 2980 3455 3049 4),
3484 2983 3538 3032 et
3570 2974 3736 3068 Domi-

484 3066 719 3138 quisque
762 3067 893 3121 velit
945 3067 1216 3138 accipere,
1267 3068 1396 3122 licet
1427 3069 1496 3123 de
1537 3069 1744 3138 pietate
1777 3069 2080 3125 descendat
2105 3062 2138 3068 ⁷
2161 3090 2266 3128 nus
2289 3073 2471 3127 solum
2490 3071 2874 3126 fornicationis
2892 3083 3118 3125 causam
3148 3069 3447 3141 excipiens,
3480 3083 3586 3122 non
3612 3062 3734 3119 dixit

483 3157 606 3226 ejus
653 3157 904 3222 affectus,
961 3173 1074 3211 non
1129 3164 1213 3212 est
1249 3158 1562 3212 audiendus
1602 3165 1665 3212 ut
1697 3158 2077 3215 membrorum
2161 3164 2321 3233 cujus
2342 3179 2557 3227 eorum,
2592 3160 2697 3214 viri
2722 3160 2934 3215 scilicet
2961 3176 3034 3218 an
3067 3159 3313 3214 feminae.
3346 3160 3574 3230 Propter
3598 3150 3726 3226 quod

482 3244 744 3299 abscissio
770 3246 1122 3322 praedicetur,
1156 3246 1254 3300 sed
1274 3252 1338 3300 ut
1365 3247 1695 3318 improbitas
1733 3264 1974 3315 morum,
2023 3254 2080 3303 et
2161 3252 2272 3306 duo
2301 3250 2531 3306 termini
2575 3251 2697 3319 lege
2727 3265 2841 3304 una
2883 3249 3052 3303 simul
3091 3248 3360 3304 videntur
3407 3243 3634 3310 adnecti,
3674 3255 3736 3294 ne

485 3334 732 3405 pravitas
778 3333 1066 3389 actionum
1119 3341 1420 3393 resecetur.
1473 3335 1632 3390 Unde
1692 3336 1963 3407 quidquid
2021 3337 2080 3391 in
2166 3343 2310 3396 alter
2342 3357 2536 3395 eorum
2567 3339 2733 3393 faciat
2761 3338 2909 3409 quod
2930 3338 3094 3392 alteri
3115 3337 3398 3403 nonlicet,
3423 3333 3619 3391 etsivir
3651 3346 3736 3402 po-

483 3422 644 3478 oculo
671 3423 876 3477 mentis
903 3423 1142 3478 interius
1169 3423 1239 3478 de
1267 3423 1353 3477 via
1383 3424 1460 3494 inj
1471 3424 1674 3479 ustitize
1713 3430 1770 3480 et
1797 3425 2077 3503 probitate
2161 3435 2422 3486 testatem
2455 3428 2662 3483 habeat
2680 3443 2849 3499 super
2873 3427 3462 3482 mulierem.Potestas
3491 3427 3665 3478 autem
3693 3418 3736 3472 ei

479 3528 708 3566 morum
728 3527 829 3566 nos
859 3511 1180 3567 subvertere
1201 3510 1456 3579 voluerit,
1491 3513 1637 3568 illico
1669 3519 1905 3569 eruatur
1924 3531 1959 3568 a
1987 3531 2083 3569 no-
2163 3539 2229 3576 ex
2259 3537 2324 3574 eo
2354 3520 2542 3582 datur,
2565 3518 2698 3589 quia
2727 3517 3083 3588 praestantior
3106 3522 3192 3570 est
3219 3516 3279 3570 in
3300 3521 3520 3580 natura,
3552 3516 3607 3566 et
3626 3524 3735 3563 mu-

481 3600 585 3668 bis,
619 3607 676 3656 et
700 3602 970 3674 quidquid
999 3608 1192 3658 contra
1223 3603 1607 3675 operationem
1637 3604 1911 3659 virtutum
1927 3611 2080 3660 exte-
2161 3609 2267 3664 lier
2292 3609 2360 3663 de
2385 3608 2502 3662 viro
2531 3607 2677 3660 facta
2705 3605 2930 3676 legitur,
2955 3610 3012 3659 et
3052 3621 3165 3660 non
3195 3622 3261 3660 ex
3293 3621 3360 3660 eo
3392 3603 3538 3676 quod
3565 3613 3736 3655 servus

483 3691 602 3746 rius
629 3693 1056 3763 ΡΐοΡαῙεθονθΐίε,
1090 3693 1194 3748 etsi
1213 3693 1413 3748 dextra
1432 3711 1633 3749 manus
1663 3695 1747 3749 vel
1783 3696 1977 3750 oculus
1997 3694 2078 3749 vi-
2162 3698 2352 3754 uxoris
2383 3702 2490 3763 est,
2533 3702 2591 3750 et
2617 3711 2687 3750 ne
2719 3699 2934 3766 quaerat
2959 3694 3316 3758 solutionem,
3357 3693 3409 3749 ei
3438 3689 3732 3747 mandatur.

479 3781 867 3854 deatur,quasi
883 3782 1208 3838 scandalum
1230 3789 1432 3839 nostra:
1453 3784 1673 3852 salutis,
1693 3802 1726 3839 a
1747 3801 1978 3856 corpore
1995 3800 2082 3839 so-
2161 3786 2423 3858 Alioquin
2445 3785 2689 3840 occurrit
2702 3785 2838 3839 illud
2868 3784 2936 3838 de
2962 3783 3250 3854 Apostolo.
3284 3785 3354 3838 In
3381 3799 3484 3852 quo
3504 3782 3644 3835 enim
3669 3777 3740 3829 al-

481 3872 700 3928 cietatis
725 3873 917 3944 procul
941 3873 1202 3945 pellatur;
1225 3889 1298 3928 ne
1320 3874 1479 3940 forte,
1503 3875 1651 3945 quod
1681 3873 1854 3928 absit!
1880 3872 2074 3928 morbo
2160 3877 2595 3944 terumjudicas,
2630 3877 2975 3941 temetipsum
3004 3873 3356 3938 condemnas,
3399 3872 3579 3926 eadem
3607 3866 3738 3921 enim

480 3964 632 4018 illius
653 3963 932 4034 corruptis
951 3968 1135 4017 totum
1163 3979 1364 4034 corpus
1391 3968 1585 4034 pereat
1609 3963 1668 4017 in
1693 3964 1971 4033 gehenna.
2157 3970 2277 4036 agis
2308 3981 2426 4034 qua:
2445 3965 2670 4033 judicas
2705 3963 2883 4031 (Rom.
2913 3977 2974 4028 Ii,
3011 3961 3083 4030 1).
3128 3961 3252 4026 Qua
3299 3961 3370 4016 de
3421 3973 3585 4015 causa
3610 3953 3739 4027 quis-

555 4053 774 4106 Dictum
793 4056 866 4105 est
897 4057 1082 4104 autem
1112 4071 1127 4104 :
1158 4052 1496 4119 Quicumque
1536 4053 1815 4106 dimiserit
1844 4067 2074 4105 uxorem
2161 4056 2286 4129 quis
2299 4052 2686 4109 fornicationis
2705 4051 2886 4121 elogio
2916 4051 3036 4105 vult
3061 4051 3318 4105 deserere
3339 4043 3740 4112 uxorem,debet

481 4154 640 4192 suam
663 4141 749 4192 det
780 4141 870 4192 illi
886 4141 1134 4192 libellum
1155 4140 1396 4206 repudii.
1421 4141 1528 4207 Ego
1547 4146 1731 4194 autem
1761 4144 1879 4196 dico
1909 4143 2074 4196 vobis:
2159 4153 2216 4202 et
2243 4147 2364 4216 ipse
2383 4160 2416 4197 a
2449 4141 2813 4198 fornicatione
2845 4140 3111 4194 immunis
3151 4156 3292 4206 esse,
3325 4141 3460 4211 quia
3488 4135 3622 4192 nihil
3650 4130 3740 4186 ini-

484 4227 805 4295 Quicunque
815 4227 1090 4279 dimiserit
1105 4243 1328 4280 uxorem
1341 4243 1498 4281 suam
1507 4234 1743 4298 ,excepta
1756 4231 2078 4296 fornicatio-
2161 4235 2324 4308 quius
2336 4249 2505 4304 quam
2523 4229 2904 4286 fornicationis
2918 4245 3088 4284 causa
3098 4244 3328 4283 uxorem
3345 4226 3659 4299 abjicere,et
3668 4235 3739 4274 se-

483 4318 574 4369 nis
603 4331 788 4381 causa,
808 4317 944 4383 facit
965 4331 1087 4369 eam
1122 4315 1402 4381 mwchari,
1416 4321 1464 4368 et
1485 4320 1584 4384 qui
1606 4319 1894 4372 dimissam
1908 4321 2075 4374 duxe-
2093 4321 2142 4380 D
2158 4325 2343 4396 ipsum
2363 4323 2433 4378 ab
2449 4321 2645 4376 eodem
2665 4323 2852 4384 233
2872 4317 3004 4372 vitio
3023 4334 3138 4373 non
3153 4311 3733 4385 custodire.Sequitur:

482 4407 579 4468 rit,
605 4404 1089 4458 machaturﬂunc
1110 4404 1293 4459 locum
1313 4404 1585 4459 Dominus
1613 4411 1669 4460 et
1691 4407 1944 4462 Salvator
1978 4426 2075 4464 no-
2229 4415 2289 4468 Et
2313 4415 2410 4482 qui
2441 4415 2680 4466 solutam
2711 4425 2746 4462 a
2767 4411 2888 4462 viro
2907 4409 3150 4472 duxerit,
3174 4408 3496 4462 machat-ur.
3519 4399 3736 4459 Moecha-

481 4497 597 4547 ster
623 4493 791 4564 paulo
817 4499 942 4564 post
969 4494 1188 4565 plenius
1216 4494 1495 4565 explanat,
1531 4496 1678 4566 quod
1709 4496 1812 4550 hoc
1853 4497 2073 4570 Moyses
2157 4508 2252 4558 tur
2278 4499 2629 4570 autem,quia
2653 4497 2964 4552 secundum
2992 4494 3524 4567 Apostolum,debet
3543 4502 3739 4564 perma-

480 4588 711 4654 propter
743 4582 1012 4637 duritiam
1039 4583 1222 4638 cordis
1261 4601 1454 4640 eorum
1479 4585 1731 4655 jusserit,
1766 4603 1878 4641 non
1907 4589 2070 4643 disci-
2155 4609 2290 4647 nere
2318 4591 2577 4660 innupta,
2604 4591 2703 4642 aut
2729 4586 2872 4640 forte
2915 4585 3031 4639 viro
3061 4602 3162 4640 suo
3193 4583 3541 4640 reconciliari
3562 4582 3607 4656 (Ι
3629 4578 3737 4634 Cor.

481 4671 638 4726 dium
658 4672 867 4739 volens,
890 4674 986 4726 sed
1008 4674 1266 4728 auferens
1281 4674 1898 4730 homicidiidiscrimen.
1927 4677 2070 4742 Quo-
2154 4678 2489 4748 v11,1‘l).Ubi
2518 4681 2752 4747 apparet
2770 4675 2920 4748 quod
2935 4691 3036 4729 nec
3063 4674 3148 4728 vir
3177 4674 3274 4746 qui
3297 4691 3424 4730 eam
3461 4664 3735 4727 dimiserit.

479 4761 633 4816 niam
660 4763 838 4816 multo
866 4763 1046 4818 lenius
1075 4768 1196 4818 erat
1224 4763 1476 4835 quamvis
1528 4764 1823 4835 lugubrem
1854 4767 2074 4822 evenire
2157 4771 2292 4824 dum
2319 4767 2419 4821 illa
2445 4764 2686 4831 advenit,
2722 4769 2906 4836 potest
2927 4764 3163 4818 alteram
3184 4764 3466 4835 suscipere
3493 4761 3550 4816 in
3569 4755 3738 4826 conju-

479 4850 1010 4922 discordiam,quam
1025 4870 1125 4924 per
1152 4854 1344 4908 odium
1369 4859 1424 4908 et
1451 4855 1866 4909 intestationem
1890 4857 2075 4911 uxoris
2157 4859 2334 4930 gium,
2367 4855 2512 4910 sicut
2532 4855 2830 4926 Apostolus
2869 4853 3216 4910 manifestat.
3260 4853 3369 4908 Sed
3395 4849 3654 4924 quaeritur
3675 4839 3735 4896 ab

477 4940 635 4996 fundi
664 4941 1016 5011 sanguinem.
1034 4943 1151 4997 Hoc
1180 4944 1385 5015 quippe
1407 4960 1520 4998 non
1549 4943 1822 4999 Dominus
1853 4951 2076 5000 amator
2159 4943 2460 5017 aliquibus,
2493 4949 2685 4999 utrum
2715 4948 2772 4998 et
2800 4943 2898 4997 illa
2926 4943 3258 5009 merebatur,
3306 4958 3428 5013 quae
3454 4938 3582 4995 facit
3620 4944 3736 4988 eum

478 5031 631 5104 pacis
652 5035 1009 5102 praeceperat,
1041 5031 1140 5086 sed
1168 5033 1386 5104 Moyses
1415 5049 1481 5087 ex
1501 5050 1622 5100 suo,
1643 5039 1874 5106 propter
1892 5035 2073 5105 pejus,
2159 5052 2285 5091 cum
2317 5051 2427 5104 quo
2456 5033 2668 5100 coierit,
2720 5033 3005 5097 moechari,
3058 5031 3207 5103 quod
3253 5031 3390 5085 satis
3440 5029 3565 5083 hinc
3599 5020 3732 5078 inde.

479 5138 550 5176 ne
604 5122 786 5185 ﬁeret,
819 5119 1110 5173 concessit.
1163 5120 1373 5175 Idcirco
1420 5126 1616 5176 auctor
1658 5122 1990 5190 dilectionis,
2023 5127 2081 5177 et
2160 5130 2260 5180 aut
2295 5141 2359 5180 ex
2382 5123 2681 5194 Evangelio
2705 5127 2803 5176 aut
2832 5138 2898 5175 ex
2927 5121 3212 5192 Apostolo,
3244 5125 3419 5192 patet,
3448 5118 3574 5172 licet
3600 5111 3687 5167 illa
3707 5121 3738 5159 ει

479 5208 750 5279 magister
807 5208 1077 5276 veritatis,
1139 5210 1386 5264 restituit
1444 5210 1862 5282 perfectioribus
1929 5213 2078 5284 quod
2161 5215 2281 5269 viro
2313 5212 2632 5268 discesserit
2661 5227 2830 5266 causa
2851 5208 3252 5277 fornicationis,
3277 5209 3425 5280 quod
3454 5222 3560 5261 non
3589 5198 3736 5256 liceat

480 5299 692 5367 deerat,
725 5304 781 5353 et
807 5299 1104 5371 abnegavit
1129 5299 1426 5355 discidium
1469 5301 1868 5369 insectationis,
1928 5306 2076 5376 quod
2160 5304 2210 5359 ei
2242 5304 2352 5358 alio
2394 5302 2594 5358 sociari
2622 5300 2757 5367 viro,
2807 5305 3016 5371 quanto
3051 5299 3233 5369 magis
3272 5298 3320 5352 si
3361 5295 3668 5351 dimittatur
3695 5301 3737 5383 ,α

480 5388 886 5456 duricordibus,
919 5395 976 5443 et
995 5405 1106 5442 non
1137 5389 1244 5460 piis
1283 5395 1468 5457 πρε
1500 5408 1564 5445 ac
1609 5391 1835 5447 mitibus
1883 5393 2079 5450 datum
2162 5393 2319 5447 viro?
2361 5393 2554 5447 Potest
2581 5391 2728 5446 enim
2756 5390 2876 5444 ﬁeri
2917 5394 2979 5443 ut
3000 5393 3099 5442 aut
3124 5388 3223 5441 illa
3250 5387 3516 5451 discedat,
3545 5384 3639 5436 aut
3663 5388 3736 5427 νιν

479 5479 682 5535 fuerat.
741 5477 895 5533 Nihil
949 5478 1124 5550 igitur
1176 5479 1282 5535 hoc
1333 5479 1452 5535 loco
1484 5480 1758 5548 Christus,
1808 5483 1894 5537 vel
1944 5483 2077 5539 alibi
2161 5499 2283 5537 eam
2316 5481 2539 5536 nolente
2567 5481 2665 5535 illa
2687 5479 2954 5534 dimittat.
2986 5477 3094 5533 Sed
3122 5476 3256 5549 quid
3287 5476 3486 5530 horum
3513 5467 3734 5535 contige-

480 5566 725 5647 dempsit
747 5567 878 5640 legi,
911 5568 1073 5641 plura
1093 5584 1223 5624 vero
1252 5568 1485 5625 addidit.
1517 5569 1677 5626 Unde
1705 5571 1791 5625 lex
1819 5587 1947 5628 cum
1978 5588 2074 5626 au-
2158 5572 2372 5640 rit,non
2385 5571 2514 5627 licet
2534 5569 2778 5642 aliquem
2792 5585 3006 5636 eorum,
3032 5567 3168 5624 dum
3197 5565 3432 5639 quilibet
3460 5553 3730 5618 advixerit,
