3938 6174
177 266 268 327 253

928 263 1312 322 EXPOSITIO
1349 266 1429 323 IN
1467 265 1914 325 MATTHEUM.
1959 294 2024 309 —
2063 263 2200 320 LIB.
2242 261 2344 329 III,
2387 259 2544 316 CAP.
2583 259 2650 313 ν.

3324 253 3429 311 254

173 393 396 465 cuipiam
447 392 615 447 alteri
656 391 925 464 copulari.
965 392 1110 456 Quia
1153 389 1449 445 discidium
1501 390 1985 462 quamvisAquod
2009 386 2343 443 enormitate
2378 382 2763 439 membrorum
2801 381 3002 436 caelum
3032 378 3344 450 praesideat,
3372 383 3430 434 et

169 499 318 539 causa
345 482 733 536 fornicationis
762 480 1010 552 qualibet
1029 497 1096 534 ex
1113 484 1272 551 parte
1301 481 1400 534 ﬁat
1422 496 1534 534 non
1563 486 1754 535 tamen
1837 482 1986 534 hunc
2005 477 2147 532 vasti
2177 477 2322 530 acris
2352 475 2596 546 spatium
2626 471 2882 526 cruribus
2909 469 3299 535 interclaudat,
3332 485 3426 522 ve-

170 591 226 628 ex
262 572 515 642 imperio,
568 572 667 626 sed
697 587 764 625 ex
803 570 1154 641 indulgentia
1194 571 1346 640 juste
1403 569 1749 624 conceditur.

167 662 326 726 Unde,
360 661 496 732 quia
525 661 782 714 voluntas
816 660 985 714 unius
1018 676 1184 714 usum
1216 659 1321 712 sibi
1357 659 1665 724 interdixit,
1694 665 1752 714 et

165 758 337 806 reatus
364 751 600 804 alterius
619 749 676 804 id
699 749 900 820 coegit,
927 749 1078 802 haud
1097 748 1333 802 dubium
1347 755 1614 820 utrosque
1636 765 1751 802 ma-

164 857 279 895 nere
303 839 508 894 debere
537 839 659 893 sine
685 839 901 910 c0pula,
918 839 1026 892 nisi
1046 838 1188 892 forte
1214 839 1273 892 in
1295 837 1531 892 invicem
1559 854 1750 892 recon-

162 931 428 993 cilientur,
464 929 668 1000 quibus
698 929 872 1000 prius,
909 929 956 982 si
983 928 1208 994 vellent,
1241 927 1400 982 licuit
1429 944 1540 982 non
1568 927 1746 981 disce-

165 1020 300 1072 dere.
336 1018 407 1072 Et
454 1018 558 1072 hoc
597 1034 731 1071 sane
778 1018 912 1088 quia
950 1034 1062 1072 non
1109 1033 1175 1070 ex
1205 1022 1332 1071 voto
1376 1017 1498 1084 fuit,
1544 1017 1642 1071 sed
1683 1033 1748 1070 ex

159 1107 395 1162 discidio.
429 1107 641 1161 Idcirco
694 1113 794 1161 aut
840 1107 1007 1160 simul
1059 1107 1311 1171 redeant,
1345 1112 1444 1160 aut
1477 1106 1647 1161 simul
1687 1123 1747 1160 se

159 1197 513 1263 contineant;
549 1202 826 1266 quatenus
869 1195 1163 1250 fornicatio
1206 1212 1276 1249 ne
1308 1196 1432 1266 plus
1465 1196 1647 1249 valeat
1688 1195 1746 1249 in

159 1294 330 1342 causa,
367 1293 540 1347 quam
569 1276 748 1330 fmdus
777 1277 1123 1347 nuptiarum.
1151 1276 1446 1340 Caeterum,
1472 1275 1566 1330 ubi
1597 1281 1747 1330 utro-

158 1383 385 1437 rumque
419 1370 547 1419 vota
573 1365 929 1430 conveniunt,
963 1365 1095 1435 quia
1121 1365 1270 1419 Deus
1295 1369 1381 1418 est
1407 1365 1466 1418 in
1495 1365 1740 1436 negotio,

158 1472 247 1510 nec
275 1455 414 1509 licet
451 1471 709 1508 revocare
745 1453 1087 1508 connubium
1119 1454 1322 1520 carnis,
1355 1470 1420 1507 eo
1450 1455 1598 1525 quod
1631 1472 1744 1509 non

157 1545 330 1612 homo,
365 1543 469 1598 sed
498 1545 649 1597 Deus
679 1543 1029 1613 conjunxerit
1059 1559 1173 1600 eos.
1215 1543 1496 1614 Scriptum
1537 1544 1745 1615 quippe

159 1641 245 1696 est,
279 1634 440 1700 Quod
481 1635 623 1686 Deus
652 1634 962 1700 conjunxit,
1005 1633 1162 1685 homo
1194 1649 1259 1686 ne
1287 1638 1496 1701 separet
1529 1635 1740 1701 (Matth.

1835 569 1939 623 luti
1970 564 2555 638 Anthropomorphitze
2584 562 2956 634 suspicantur,
2996 564 3273 630 quatenus
3312 574 3429 611 sca-

1835 659 2044 714 bellum
2065 663 2230 710 terrae
2262 653 2495 726 pedibus
2520 652 2791 721 attingat:
2818 650 2916 704 sed
2939 648 3071 720 quia
3091 663 3191 718 per
3216 652 3426 700 terram

1833 753 2028 802 sancta
2059 746 2163 800 Dei
2214 744 2455 798 Ecclesia
2502 743 2795 812 ﬁguratur,
2834 756 2955 809 quae
2992 737 3263 792 nimirum
3303 751 3424 789 sca-

1835 836 2039 890 bellum
2064 834 2269 904 pedum
2300 833 2420 901 ejus
2440 831 2568 900 jure
2610 827 2834 892 dicitur,
2858 827 2990 897 quia
3009 824 3233 879 subdita
3262 824 3428 878 Crea-

1832 926 1961 990 tori,
1993 922 2280 994 gressibus
2308 921 2430 990 ejus
2456 923 2753 989 prostrata,
2791 915 2942 969 ﬁdeli
2973 914 3266 969 devotione
3297 913 3426 966 sub-

1831 1014 2119 1068 sternitur.
2156 1011 2296 1064 Hinc
2340 1025 2559 1080 quoque
2609 1007 2669 1060 in
2716 1005 2930 1076 psalmo
2966 1022 2976 1056 :
3009 1006 3185 1058 Donec
3217 1019 3426 1072 ponam

1831 1106 2086 1158 inimicos
2106 1108 2223 1155 tuos
2243 1100 2437 1154 scobe-tl
2446 1113 2540 1150 um
2566 1098 2766 1165 pedum
2793 1101 3018 1148 tuorum
3041 1096 3206 1161 (Psal,
3222 1090 3422 1161 01x,‘2).

1831 1192 2144 1246 Scabellum
2165 1189 2368 1261 quippe
2389 1185 2600 1274 inimici
2625 1189 2910 1274 ponuntur
2927 1184 3061 1274 dum
3083 1179 3427 1274 reconciliati

1830 1283 1939 1336 Deo
1969 1279 2163 1334 ditioni
2198 1279 2319 1347 ejus
2365 1269 2548 1329 devoti
2577 1273 2934 1328 inclinantur.
2985 1273 3113 1341 Ipsa
3153 1275 3238 1324 est
3274 1269 3424 1324 enim

1828 1377 1980 1425 terra
2003 1368 2305 1424 viventium
2338 1364 2619 1420 soliditate
2651 1361 2859 1418 Christi
2897 1377 3066 1430 super
3095 1376 3269 1430 aquas
3300 1359 3425 1412 fun-

1827 1461 1978 1526 data,
2012 1475 2133 1529 qua:
2163 1459 2326 1526 longe
2366 1455 2475 1508 alio
2504 1452 2732 1506 visionis
2765 1454 3138 1512 sacramento,
3171 1464 3205 1501 a
3233 1448 3424 1518 Moyse

1829 1555 1886 1603 et
1913 1551 2123 1613 Aaron,
2154 1544 2348 1600 Nadab
2374 1559 2597 1614 quoque
2627 1547 2684 1594 et
2711 1539 2873 1605 Abiu,
2911 1554 3020 1592 una
3049 1553 3176 1591 cum
3205 1542 3426 1607 septua-

1829 1639 1986 1707 ginta
2007 1635 2340 1694 senioribus,
2373 1632 2476 1686 sub
2498 1629 2732 1702 pedibus
2754 1628 2854 1683 Dei
2885 1627 3076 1693 Israel,
3099 1625 3257 1696 quasi
3283 1642 3424 1695 opus

157 1738 249 1785 xu,
284 1718 358 1786 6).
419 1722 602 1774 Homo
650 1721 824 1790 igitur
870 1737 964 1774 eos
1011 1737 1123 1774 non
1157 1726 1398 1790 separat,
1451 1721 1549 1774 sed
1593 1723 1743 1778 Deus
1767 1727 2180 1798 Bsaphirinum
2209 1723 2476 1788 cernitur,
2509 1727 2565 1775 et
2589 1718 2748 1791 quasi
2777 1717 2978 1772 coelum
3007 1733 3134 1771 cum
3163 1731 3422 1770 serenum

158 1810 338 1864 melius
372 1809 486 1863 sibi
519 1810 713 1876 sociat,
738 1826 879 1881 quos
907 1810 1115 1864 Christi
1143 1809 1385 1864 Charitas
1415 1811 1484 1864 ad
1515 1811 1745 1866 liberta-

157 1905 254 1953 tem
266 1899 396 1953 vitae
421 1916 488 1952 ex
508 1905 633 1952 voto
650 1899 864 1954 felicius
881 1898 1097 1953 invitat.
1120 1899 1227 1954 Sed
1242 1899 1372 1970 quia
1387 1899 1748 1956 circumcirca

159 1989 598 2059 quamplurimas,
624 1993 688 2042 ut
706 1989 838 2053 dixi,
863 1988 1197 2059 quaestiones
1219 1987 1516 2054 ebulliunt,
1538 1990 1656 2044 haec
1675 1991 1744 2046 de

157 2078 228 2131 his
248 2077 589 2148 simpliciter
616 2077 766 2132 dicta
785 2077 1084 2143 sufﬁciant,
1116 2077 1250 2132 licet
1270 2077 1510 2132 brevitas
1539 2096 1605 2133 ea
1633 2096 1745 2134 non

157 2167 218 2220 sit
254 2183 426 2238 passa
473 2172 831 2238 prazstruere,
866 2172 922 2221 et
952 2167 1368 2238 Scripturarum
1411 2168 1746 2224 testimoniis

155 2256 323 2310 omnia
351 2256 709 2310 conﬁrmari.

216 2349 447 2412 Iterum,
471 2345 676 2416 inquit,
713 2346 950 2398 audistis
969 2349 1102 2414 quia
1123 2347 1336 2400 dictum
1356 2352 1431 2400 est
1459 2350 1740 2416 antiquis:

152 2435 259 2487 Non
283 2435 584 2504 pejerabis,
619 2436 804 2488 reddes
829 2439 1015 2488 autem
1043 2436 1275 2488 Domino
1306 2437 1406 2490 ί)εο
1445 2442 1536 2489 tuo
1572 2440 1744 2504 jura-

155 2529 384 2577 mentum
408 2528 598 2576 tuum.
623 2524 761 2578 Ecce
787 2524 890 2577 hoc
917 2523 1057 2589 loco,
1085 2524 1521 2595 sicutetubique
1542 2525 1602 2578 in
1622 2526 1745 2580 istis

155 2613 398 2666 cumulus
411 2612 655 2683 justiti‘ae
675 2612 1109 2682 redintegratur.
1136 2614 1279 2667 Nam
1299 2630 1400 2684 per
1420 2614 1567 2684 quod
1589 2615 1743 2684 quis-

152 2717 243 2770 que
263 2702 449 2771 jurat,
477 2707 580 2755 aut
599 2706 914 2767 veneratur,
949 2707 1047 2755 aut
1070 2701 1270 2772 diligit,
1304 2708 1403 2755 aut
1431 2702 1594 2756 timet
1618 2721 1630 2769 ;
1663 2703 1745 2756 id-

152 2789 277 2844 circo
296 2791 524 2844 carnali
545 2791 750 2861 populo
762 2791 958 2860 jurare
980 2807 1082 2860 per
1101 2791 1279 2844 Deum
1301 2807 1364 2844 ex
1386 2792 1507 2862 lege
1527 2791 1744 2847 licitum

153 2885 273 2932 erat.
299 2880 367 2934 Et
396 2881 517 2933 hoc
545 2879 703 2950 quasi
732 2880 977 2951 parvulis
997 2891 1320 2935 Concessum
1358 2886 1496 2947 erat,
1522 2888 1586 2936 ut
1611 2899 1744 2952 quo-

149 2968 295 3022 modo
323 2969 598 3023 victimas
629 2968 997 3023 immolabant
1018 2969 1152 3036 Deo,
1179 2985 1247 3024 ne
1272 2969 1435 3024 idolis
1461 2988 1554 3025 eas
1583 2972 1743 3025 oﬁ‘er—

149 3065 274 3122 rent,
307 3058 386 3113 sic
439 3062 499 3112 et
526 3058 721 3128 jurare
763 3057 873 3112 illis
911 3059 970 3112 in
998 3059 1178 3113 Deum
1206 3060 1542 3130 permissum
1574 3066 1693 3116 erat
1727 3029 1803 3126 ;C

151 3163 247 3200 non
275 3149 425 3218 quod
462 3154 620 3201 recte
657 3148 765 3201 hoc
810 3148 1058 3202 facerent
1105 3149 1202 3202 sed
1234 3149 1365 3220 quia
1395 3150 1595 3204 melius
1623 3157 1747 3206 erat

151 3234 249 3288 Deo
275 3236 330 3289 id
361 3235 638 3290 exhibere
668 3253 838 3306 quam
869 3243 1055 3302 284
1104 3238 1469 3293 daemonibus.
1502 3241 1578 3294 At
1618 3256 1744 3295 vero

150 3322 217 3376 illi
242 3341 340 3395 per
371 3326 668 3379 elementa
690 3326 920 3396 jurandi
940 3343 1161 3397 semper
1179 3327 1479 3398 pessimam
1509 3345 1744 3384 consue-

149 3414 388 3469 tudinem
417 3423 687 3481 tenuere,
720 3416 863 3470 sicut
891 3433 924 3469 a
953 3417 1240 3487 prophetis
1279 3435 1446 3489 quam
1474 3437 1620 3490 smpe
1651 3437 1744 3474 ar-

148 3510 402 3572 guuntur.
431 3503 722 3558 Jurabant
749 3521 991 3576 namque
1012 3523 1113 3577 per
1131 3508 1380 3578 angelos,
1399 3509 1670 3578 jurabant
1689 3516 1746 3564 et

148 3610 234 3662 per
261 3593 465 3648 urbem
503 3594 860 3648 Hierusalem
887 3611 951 3648 ac
990 3611 1089 3666 per
1115 3598 1389 3668 templum
1415 3617 1428 3663 ;
1457 3604 1743 3653 creaturas

151 3697 354 3752 quoque
386 3698 606 3753 resque
636 3683 888 3736 carnales
907 3682 1173 3754 obsequio
1203 3691 1260 3738 et
1287 3686 1497 3740 honore
1526 3687 1627 3741 Dei
1659 3705 1745 3741 ve-

147 3770 509 3826 nerabantur.
540 3771 753 3825 Idcirco
785 3773 1240 3844 superstitionem
1271 3776 1634 3831 contumacia:
1660 3795 1745 3831 ve-

147 3860 266 3914 teris
293 3861 668 3924 condemnat,
694 3866 752 3914 et
778 3861 1106 3932 religionem
1129 3863 1359 3932 jurandi
1390 3881 1491 3934 per
1517 3866 1740 3932 ccelum,

146 3948 218 4002 vel
247 3955 486 4013 terram,
528 3956 629 4004 aut
655 3955 842 4021 caput,
870 3951 1071 4018 aufert,
1107 3953 1237 4022 quia
1259 3951 1317 4006 in
1347 3955 1742 4010 contumeliam

147 4036 232 4091 Dei
265 4039 622 4094 sacramenti
651 4039 1065 4094 venerationem
1085 4040 1421 4097 reterebant.
1448 4043 1619 4098 Porro
1641 4046 1742 4099 Ju-

145 4125 234 4180 daai
252 4129 361 4183 alia
390 4146 463 4183 ex
497 4130 628 4198 lege
653 4128 910 4198 agebant,
934 4130 1044 4183 alia
1075 4146 1141 4184 ex
1158 4131 1458 4185 traditione
1478 4137 1534 4187 et
1552 4150 1743 4204 super-

145 4216 355 4271 stitione
377 4218 829 4284 Pharisaeorum,
857 4218 969 4271 alia
995 4218 1254 4274 falsitatis
1283 4236 1472 4275 errore
1502 4221 1737 4293 decepti.

1829 1824 1936 1874 est.
1965 1818 2080 1870 Nec
2109 1813 2328 1868 mireris
2368 1813 2602 1875 interea,
2637 1809 2684 1863 si
2725 1824 2875 1862 nunc
2908 1812 3078 1871 terra,
3121 1821 3270 1860 nunc
3298 1821 3424 1859 sca-

1828 1907 2035 1961 bellum
2065 1906 2269 1977 pedum
2293 1905 2432 1974 ejus,
2467 1907 2662 1955 sancta
2685 1899 2784 1954 Dei
2808 1897 3050 1952 Ecclesia
3076 1895 3419 1961 nominatur,

1829 1996 2113 2050 interdum
2146 2010 2274 2048 vero
2304 1990 2463 2063 quasi
2491 1991 2710 2054 caelum,
2744 2003 2870 2041 cum
2900 2002 3161 2041 serenum
3180 1991 3284 2050 est,
3319 1985 3423 2039 sub

1828 2084 2062 2156 pedibus
2083 2085 2203 2154 ejus
2220 2082 2467 2137 cernitur
2487 2099 2499 2148 ;
2519 2079 2652 2150 quia
2676 2094 2790 2132 una
2810 2076 3118 2146 eademque
3139 2091 3228 2128 res
3256 2074 3424 2129 variis

1829 2175 2139 2244 ﬁgurarum
2169 2169 2578 2242 aenigmatibus,
2607 2172 2797 2233 235
2825 2165 2894 2219 ob
2941 2166 3270 2218 meritorum
3299 2157 3420 2217 efﬁé

1829 2262 2090 2317 cientiam
2123 2268 2181 2316 et
2222 2259 2686 2330 signiﬁcationem
2723 2271 3018 2310 causarum
3055 2254 3180 2308 luce
3217 2253 3422 2307 clarius

1828 2358 2128 2407 reseratur.
2154 2352 2276 2416 Qua
2304 2351 2372 2404 de
2401 2365 2572 2403 causa
2595 2349 2788 2418 jurare
2810 2361 2909 2416 per
2935 2350 3146 2398 terram
3177 2342 3423 2414 aliquem

1826 2442 2021 2508 vetuit,
2056 2441 2150 2512 qui
2179 2439 2481 2494 scabellum
2508 2437 2713 2508 pedum
2735 2436 2876 2506 ejus,
2899 2451 2964 2488 ac
2991 2433 3038 2486 si
3067 2433 3266 2486 caelum
3294 2447 3423 2486 cum

1827 2547 2086 2585 serenum
2117 2534 2219 2593 est,
2254 2529 2520 2582 ﬁrmitate
2548 2530 2838 2598 perpetua,
2871 2527 3064 2577 sancta
3084 2521 3186 2576 Dei
3211 2521 3423 2575 scilicet

1829 2619 2078 2674 Ecclesia
2099 2618 2391 2673 solidatur.
2417 2617 2596 2684 Unde,
2620 2614 2668 2668 si
2697 2613 2822 2684 quis
2849 2618 3059 2666 terram
3090 2615 3190 2665 aut
3218 2610 3421 2665 caelum

1827 2709 1912 2763 vel
1940 2708 2292 2763 Hierusalem
2317 2706 2470 2760 illam
2489 2703 2670 2774 magis
2697 2701 2911 2772 aliquid
2941 2699 3222 2754 existimat
3250 2715 3422 2769 quam

1825 2803 2164 2860 creaturam,
2212 2800 2380 2850 errat.
2415 2795 2473 2849 Si
2505 2794 2629 2864 quis
2659 2808 2788 2846 vero
2819 2807 2932 2844 non
2960 2806 3020 2842 se
3064 2787 3243 2842 teneri
3266 2788 3422 2857 jura-

1824 2892 2032 2953 mento,
2067 2885 2198 2957 quia
2217 2890 2477 2940 creatura
2503 2899 2624 2938 esse
2654 2881 2922 2945 cernitur,
2950 2878 3157 2949 cogitet
3184 2877 3333 2947 quod
3361 2876 3421 2930 in

1825 2977 1910 3030 his
1939 2975 2196 3036 omnibus
2225 2973 2617 3045 praestantiora
2642 2970 2982 3025 clauduntur
3003 2973 3060 3022 et
3087 2965 3426 3021 adumbran-

1824 3071 1919 3120 tur
1948 3082 2171 3120 arcana.
2224 3064 2360 3128 Quis
2412 3062 2563 3117 enim
2613 3061 2835 3131 ignorat
2878 3058 3025 3129 quod
3067 3055 3422 3110 Hierusalem

1827 3155 1922 3209 illa
1945 3160 2172 3208 terrena
2199 3154 2350 3208 illius
2379 3151 2617 3206 caelestis
2646 3149 2950 3220 imaginem
2973 3146 3177 3217 gerat?
3197 3143 3269 3198 Et
3297 3144 3423 3198 ideo

1828 3243 2082 3314 quisquis
2109 3259 2209 3313 per
2237 3259 2361 3296 eam
2380 3243 2554 3312 jurat,
2582 3237 2980 3310 jusjurandum
3005 3235 3058 3290 ei
3079 3233 3244 3288 debet
3261 3234 3423 3304 cujus

1827 3339 1914 3387 est
1953 3333 2164 3395 civitas,
2197 3349 2298 3386 nec
2343 3331 2505 3385 alteri
2535 3346 2704 3400 quam
2753 3327 2834 3381 illi
2878 3324 3226 3381 reddendum
3273 3326 3423 3378 recte

1827 3427 2077 3494 putatur.
2113 3421 2220 3476 Sed
2247 3425 2309 3474 ut
2330 3419 2636 3490 simplicius
2655 3419 2854 3488 loquar
2883 3412 3265 3486 argumentati
3293 3416 3425 3466 sunt

1826 3527 1885 3564 se
1909 3527 2021 3564 non
2051 3509 2229 3564 teneri
2253 3511 2598 3580 juramento,
2629 3507 2677 3561 si
2707 3523 2807 3578 per
2835 3522 2902 3560 ea
2925 3509 3149 3559 tantum
3181 3503 3253 3557 ad
3276 3502 3423 3557 litte-

1827 3615 1948 3654 ram
1971 3601 2277 3669 jurassent,
2311 3598 2444 3668 quia
2481 3597 2692 3651 dictum
2735 3595 2918 3650 fuerat
2956 3613 2967 3647 :
3014 3595 3207 3649 Reddes
3235 3598 3423 3646 autem

1826 3690 2058 3742 Domino
2087 3689 2190 3742 Deo
2214 3691 2607 3756 juramentum
2639 3691 2816 3739 tuum.
2845 3684 3056 3738 Idcirco
3085 3683 3246 3736 docet
3282 3680 3423 3734 nihil

1824 3783 1942 3831 tam
1975 3777 2080 3830 vile
2102 3776 2161 3830 in
2189 3775 2463 3830 creaturis
2492 3775 2611 3841 Dei,
2636 3779 2700 3828 ut
2720 3790 2822 3844 per
2846 3773 2950 3826 hoc
2980 3771 3215 3842 quisque
3237 3769 3421 3840 perju-

1827 3884 1953 3922 rare
1995 3865 2213 3932 debeat,
2258 3865 2501 3936 quando,
2533 3880 2566 3917 a
2613 3863 2849 3917 summis
2888 3877 3066 3932 usque
3103 3861 3175 3914 ad
3223 3859 3420 3913 inﬁma

1826 3972 2060 4027 quaeque
2089 3955 2275 4008 divina
2296 3952 2653 4007 Providentia
2677 3956 2878 4006 cuncta
2904 3955 3094 4004 creata
3123 3951 3415 4018 reguntur.

1827 4045 1969 4100 Hinc
2009 4061 2231 4115 quoque
2261 4041 2456 4114 incipit
2493 4059 2527 4095 a
2553 4042 2756 4096 throno
2788 4039 2908 4105 Dei,
2946 4039 3095 4110 quod
3123 4035 3418 4092 sublimius

1825 4141 1928 4200 est,
1946 4141 2003 4189 et
2016 4133 2268 4206 pervenit
2288 4149 2462 4204 usque
2483 4132 2555 4186 ad
2576 4130 2839 4202 capillum
2859 4128 3048 4183 album
3066 4128 3147 4182 vel
3167 4127 3412 4197 nigrum,

1825 4225 1973 4295 quod
1991 4223 2155 4278 vilius
2176 4228 2279 4277 est.
2305 4223 2372 4276 Et
2395 4222 2641 4276 insinuat
2663 4237 2764 4275 nec
2782 4237 2882 4292 per
2897 4224 3066 4290 caput
3087 4216 3289 4271 debere
3305 4231 3418 4270 non

148 4302 264 4367 Quae
292 4307 501 4361 omnia
541 4305 807 4376 Magister
853 4308 1106 4363 veritatis
1160 4326 1468 4376 removens,
1515 4327 1582 4365 ea
1619 4328 1740 4381 quae
1819 4313 2032 4383 jurare,
2064 4312 2317 4384 quamvis
2345 4311 2486 4366 nihil
2508 4310 2686 4381 magis
2711 4310 2781 4364 ad
2807 4325 2909 4364 nos
2931 4307 3212 4380 pertinere
3237 4305 3420 4359 videa-

146 4393 240 4464 legi
257 4396 509 4450 deerant
533 4395 895 4467 adimplebat.
925 4397 1067 4451 Hinc
1099 4414 1320 4470 quoque
1349 4399 1431 4453 ait
1460 4418 1471 4453 :
1504 4401 1613 4468 Ego
1641 4418 1742 4455 au-
1765 4391 1934 4456 Dtur.
1967 4402 2075 4457 Sed
2107 4401 2386 4473 quomodo
2415 4406 2673 4454 nostrum
2711 4405 2814 4466 est,
2841 4398 2938 4452 ubi
2968 4400 3304 4469 potestatem
3333 4395 3418 4448 fa-

149 4487 237 4537 tem
255 4486 375 4540 dico
398 4487 558 4540 vobis
581 4501 694 4539 non
709 4487 912 4552 jurare
931 4490 1159 4541 omnino
1173 4504 1273 4556 per
1288 4493 1379 4545 cwl
1387 4506 1500 4555 um,
1521 4495 1578 4544 et
1591 4490 1746 4544 addi-

147 4572 234 4636 dit,
252 4578 388 4642 quia
416 4576 665 4628 thronus
683 4575 783 4628 Dei
800 4580 891 4628 est.
913 4576 1168 4630 Thronus
1191 4577 1383 4648 utique
1404 4578 1529 4646 Dei,
1550 4585 1607 4633 et
1632 4596 1744 4634 non

149 4659 298 4729 Deus,
345 4663 488 4735 quia
519 4668 783 4717 creatura
809 4680 930 4718 esse
973 4665 1260 4736 probatur.
1294 4668 1465 4722 Porro
1502 4669 1559 4722 in
1597 4669 1737 4739 lege,

150 4750 350 4818 Reddas,
380 4751 602 4822 inquit,
622 4755 1017 4820 juramentum
1049 4761 1210 4809 tuum
1231 4758 1462 4811 Domino
1490 4759 1594 4812 Deo
1617 4765 1734 4816 tuo.

149 4836 223 4892 Illi
253 4857 378 4896 vero
408 4859 441 4895 e
474 4842 788 4908 contrario,
820 4847 918 4896 aut
945 4843 1147 4898 ccelum
1177 4845 1299 4916 plus
1329 4845 1538 4916 aliquid
1566 4849 1744 4919 suspi-

149 4937 339 4997 cantes,
373 4937 487 4985 aut
517 4930 664 4986 forte
713 4931 760 4984 si
799 4949 899 5002 per
937 4949 1065 4987 eum
1092 4934 1370 5003 jurarent,
1411 4952 1743 5006 persuasum

151 5013 414 5073 habebant
439 5035 567 5074 non
597 5037 655 5074 se
678 5020 1000 5090 juramento
1017 5023 1216 5076 teneri.
1242 5024 1547 5095 Propterea
1565 5026 1746 5096 provi-

150 5105 236 5160 dus
261 5109 486 5163 arbiter
523 5108 608 5162 sic
647 5109 987 5164 sententiam
1029 5116 1328 5183 temperat,
1361 5117 1424 5166 ut
1453 5118 1509 5167 et
1544 5115 1745 5169 caalum

153 5193 236 5248 Dei
272 5203 552 5252 creatura
597 5197 875 5264 credatur,
923 5205 980 5254 et
1022 5206 1211 5254 tamen
1256 5201 1388 5272 quia
1439 5203 1744 5257 secundum

153 5285 445 5353 spiritalem
478 5286 918 5356 intelligentiam
942 5290 1177 5344 thronus
1215 5290 1316 5344 Dei
1345 5297 1448 5356 est,
1481 5308 1540 5345 se
1567 5294 1744 5348 teneri

149 5372 478 5440 juramento,
504 5375 750 5446 quisque
773 5393 872 5446 per
892 5394 1017 5431 eum
1029 5379 1322 5448 juraverit,
1341 5387 1638 5435 asseverat.
1661 5382 1746 5436 Ita

155 5477 353 5534 quoque
383 5472 444 5519 et
474 5465 553 5518 de
588 5469 738 5518 terra
767 5466 1138 5534 sentiendum,
1170 5485 1269 5539 per
1307 5485 1474 5540 quam
1517 5471 1742 5526 omnino

153 5548 321 5614 jurare
355 5558 539 5619 vetat,
590 5557 721 5622 quia
771 5556 1066 5611 scabeilum
1089 5559 1289 5627 pedum
1335 5561 1450 5628 ejus
1477 5565 1569 5614 est.
1617 5557 1740 5616 Non

1827 4490 2008 4544 ciendi
2049 4491 2133 4544 vel
2161 4489 2545 4544 commutandi
2574 4489 2817 4542 colorem
2850 4487 2998 4558 nigri
3038 4489 3138 4539 aut
3166 4483 3276 4538 albi
3306 4500 3421 4539 non

1827 4579 2170 4634 habeamus?
2199 4583 2500 4650 PrOpterea
2530 4576 2886 4632 ineifabiliter
2903 4580 3098 4630 tenent
3125 4573 3333 4638 omnia,
3363 4577 3421 4627 et

1823 4667 2029 4738 ubique
2050 4669 2310 4739 praesenti
2327 4669 2714 4738 juramentum
2727 4665 2965 4720 debetur
2986 4662 3420 4718 veritatis.Unde

1827 4758 2064 4828 quisque
2094 4774 2194 4830 per
2221 4763 2390 4828 caput
2412 4759 2586 4828 jurat,
2619 4755 2700 4809 illi
2723 4755 2916 4826 utique
2945 4753 3112 4808 debet
3133 4754 3420 4824 jusjuran-

1826 4847 1981 4913 dum,
1998 4847 2094 4917 qui
2115 4853 2448 4918 potestatem
2477 4845 2678 4917 capitis
2706 4844 2892 4909 habet,
2914 4849 2972 4898 et
2999 4845 3160 4914 cujus
3181 4844 3419 4914 ﬁguram

1827 4941 1996 5008 caput
2016 4937 2339 4990 tenet.Nam
2359 4940 2527 5006 caput
2546 4939 2800 4989 nostrum
2817 4933 3092 5001 Christus,
3107 4937 3276 5004 caput
3289 4948 3418 4987 vero

1829 5024 2039 5079 Christi
2069 5026 2219 5079 Deus
2254 5041 2264 5077 :
2303 5029 2360 5078 et
2387 5024 2512 5078 ideo
2543 5024 2777 5096 quisque
2814 5040 2915 5095 per
2942 5027 3110 5094 caput
3129 5024 3303 5093 jurat,
3337 5020 3420 5074 illi

1829 5113 2022 5185 utique
2052 5113 2219 5168 debet
2240 5115 2629 5184 juramentum
2646 5113 3008 5184 suum,cujus
3038 5114 3222 5184 ﬁgura
3245 5116 3302 5166 et
3327 5127 3421 5182 po-

1828 5210 2002 5260 testas
2021 5207 2080 5260 in
2106 5224 2171 5261 eo
2203 5212 2407 5260 manet.
2426 5207 2827 5262 Verumtamen
2851 5206 2983 5277 quia
3006 5205 3114 5259 ista
3132 5205 3201 5259 de
3227 5220 3418 5276 super-

1828 5295 2056 5350 stitione
2105 5296 2189 5349 vel
2241 5313 2429 5351 errore
2481 5297 2800 5351 Iudaeorum
2859 5301 3146 5360 venerant,
3204 5299 3423 5349 resecat

1829 5384 1988 5438 noxia
2014 5391 2072 5438 et
2099 5387 2403 5456 superﬂua,
2427 5387 2669 5458 complet
2688 5392 2878 5440 autem
2907 5386 2977 5440 ad
2998 5385 3417 5456 perfectionem,

1825 5473 1959 5528 dum
1990 5474 2137 5529 tollit
2160 5476 2389 5545 jurandi
2410 5476 2774 5543 occasionem,
2812 5491 2934 5546 quae
2962 5475 3275 5530 defuerant.
3309 5473 3417 5529 Sed

1824 5567 2012 5618 tamen
2034 5563 2169 5636 quia
2187 5565 2406 5623 videtur
2432 5567 2728 5638 Apostolus
2749 5582 2919 5636 quam
2944 5584 3089 5638 saepe
3105 5567 3345 5636 jurasse,
3364 5567 3421 5617 et
