3938 6174
548 160 662 220 255·
1309 161 1366 216 S.
1407 160 1786 217 PABGHASII
1824 159 2199 216 RA‘DBERTI-
2223 160 2529 217 ABBATIS
2571 161 3063 218 CORBEIENSIS.
3653 163 3742 225 ⁸156

543 286 793 341 veritatis
821 291 1175 343 sacramenta
1207 286 1356 344 inter
1381 284 1729 340 Christianos
1763 299 1866 356 pro
1906 283 2131 339 satisfa-
2149 284 2197 343 A
2214 284 2585 356 quodcunque
2609 301 2716 339 nos
2737 301 2955 352 sumus,
2986 283 3135 355 quod
3163 283 3222 339 in
3243 283 3396 342 nobis
3423 285 3586 348 vale:
3612 286 3741 342 nobis

543 376 727 430 ctione
756 376 1008 444 alterius,
1041 376 1170 430 licet
1193 392 1228 429 a
1254 375 1401 428 malo
1421 375 1551 439 sint,
1577 374 1924 444 frequentius
1943 389 2136 428 conce-
2217 379 2320 438 est,
2349 390 2449 428 seu
2491 374 2860 445 quodcunque
2888 374 3037 427 circa
3072 390 3174 428 nos
3211 379 3311 439 est,
3354 372 3420 428 ab
3468 391 3526 430 eo
3563 381 3742 430 constat

542 463 773 530 duntur,
807 465 983 534 liquet
1033 464 1178 535 quod
1227 463 1484 517 Christus
1536 462 1758 532 penitus
1798 463 1985 528 iurare
2023 477 2135 516 non
2217 478 2355 528 esse,
2383 463 2532 532 quod
2565 470 2668 517 est.
2693 463 2791 517 Sin
2820 468 3010 517 autem
3042 479 3110 516 ex
3137 479 3201 517 eo
3230 479 3338 517 non
3366 461 3598 518 habuerit
3621 479 3736 527 esse,

542 553 856 625 prohibuit;
890 553 986 608 sed
1027 559 1257 624 propter
1286 552 1633 605 occasionem
1665 552 1916 622 perjurii,
1947 551 2138 605 docuit
2218 551 2415 622 utique
2437 569 2549 606 non
2573 558 2684 610 est.
2711 553 2949 624 Propter
2969 552 3119 623 quod
3136 552 3278 606 mira
3289 552 3559 622 dispositio
3577 567 3748 616 rerum,

545 644 693 714 quod
723 643 1021 715 perfectius
1051 648 1164 705 est;
1197 647 1254 694 et
1292 641 1537 694 ostendit
1584 641 1855 712 quidquid
1901 641 2139 694 ulterius
2221 657 2386 695 omne
2404 643 2551 712 quod
2581 658 2692 696 non
2721 647 2824 708 est,
2851 642 2985 712 quia
3011 658 3125 696 non
3149 640 3314 695 habet
3331 657 3445 695 esse
3472 639 3533 694 ab
3555 657 3612 694 eo
3631 641 3748 710 quod

543 733 625 799 ﬁt,
663 739 782 786 esto
819 732 985 786 liceat
1024 730 1277 785 veritatis
1321 729 1572 796 obtentu,
1607 730 1755 800 quod
1788 748 1822 783 a
1851 731 1998 785 malo
2030 736 2135 796 est,
2221 737 2329 800 est,
2359 748 2472 786 non
2491 732 2678 786 minus
2706 748 2900 786 verum
2917 738 3020 798 est,
3046 733 3180 802 quia
3205 748 3315 785 non
3343 735 3442 796 est,
3465 745 3614 800 quam
3632 729 3751 799 quod

545 827 737 888 τεο
751 822 885 876 dum
907 820 1161 891 quisque,
1186 836 1287 891 pro
1312 819 1599 874 dubietate
1620 819 1871 884 alterius,
1887 826 1952 873 ut
1971 820 2141 874 ﬁdem
2223 828 2325 886 est,
2359 826 2417 875 et
2441 822 2686 892 partitur
2701 837 2824 876 esse
2853 838 2918 876 ex
2933 838 3000 876 eo
3025 821 3176 892 quod
3205 825 3306 875 est.
3331 819 3465 874 Hinc
3479 818 3632 888 igitur
3653 834 3753 873 con-

540 909 708 965 faciat
732 919 759 949 ι
783 910 877 981 qui
899 926 1012 964 non
1042 908 1237 975 credit,
1251 910 1442 978 jurare
1457 909 1694 978 cogitur.
1725 909 1866 962 Hinc
1886 914 1973 962 est
1993 909 2142 980 quod
2223 916 2357 974 stat,
2388 911 2536 982 quod
2560 911 2618 964 in
2641 927 2736 964 ore
2761 911 3086 976 Christiani,
3103 927 3213 964 non
3241 909 3419 963 minus
3445 908 3499 962 in
3524 907 3751 976 negando,

537 999 1172 1070 Apostolusssepejurat,
1195 998 1507 1053 utinﬁrmis
1521 998 1590 1051 ad
1603 998 1771 1052 ﬁdem
1783 999 2137 1069 persuadeat.
2225 1016 2396 1070 quam
2424 1000 2484 1053 in
2513 1001 2814 1055 asserenda
2841 1016 3064 1071 semper
3098 999 3301 1054 veritas
3327 1014 3443 1052 mea
3470 995 3632 1050 debet.
3671 993 3756 1049 Sed

534 1087 678 1142 Hinc
710 1092 796 1142 est
820 1088 969 1160 quod
1018 1088 1261 1142 Ecclesia
1297 1105 1429 1142 suos
1489 1104 1591 1158 pro
1634 1089 1786 1158 pacis
1835 1088 2040 1142 foedere
2072 1089 2140 1142 fi-
2223 1092 2414 1141 tamen
2443 1088 2580 1142 talia
2608 1105 2730 1160 quae
2757 1095 2876 1143 tam
2907 1088 3085 1142 ardua
3114 1092 3247 1142 sunt
3274 1092 3331 1140 et
3372 1083 3618 1148 difﬁcilia,
3654 1082 3767 1152 quia,

460 1241 468 1248 .
536 1176 740 1248 deique
767 1194 998 1231 assensu
1019 1176 1557 1248 frequenterjurare
1589 1178 1862 1232 concedit.
1892 1177 1997 1231 Sed
2027 1178 2139 1231 Do-
2222 1177 2486 1248 peccandi
2538 1177 2623 1231 via
2672 1178 2809 1232 satis
2858 1177 3069 1232 lubrica
3103 1182 3207 1242 est,
3243 1191 3404 1230 nemo
3443 1173 3554 1226 sine
3599 1170 3758 1242 spiritu

536 1266 724 1320 minus
753 1266 944 1320 docuit
973 1267 1119 1337 quod
1153 1266 1452 1338 perfectius
1483 1272 1585 1332 est,
1618 1266 1852 1320 indulsit
1882 1266 2030 1336 quod
2060 1265 2140 1319 in-
2226 1266 2569 1321 fortitudinis
2581 1268 2854 1334 custodit;
2879 1284 3044 1322 nemo
3063 1266 3173 1320 nisi
3189 1265 3400 1320 esuriat
3412 1269 3466 1318 et
3482 1261 3620 1316 sitiat
3629 1258 3759 1330 justi-

541 1354 844 1420 firmitatis,
907 1355 1177 1409 resecavit
1225 1357 1373 1427 quod
1423 1355 1876 1426 superstitiosum
1915 1360 2039 1410 erat
2088 1361 2146 1409 et
2225 1355 2382 1422 tiam,
2415 1361 2602 1427 partes
2625 1357 2749 1411 vitae
2772 1357 3148 1428 perfectiores,
3181 1361 3239 1409 et
3265 1357 3759 1408 consummatamre—

541 1444 795 1498 noxium.
829 1443 973 1508 Quia
992 1445 1258 1515 profecto,
1281 1445 1426 1499 sicut
1451 1444 1676 1499 mentiri
1702 1461 1814 1498 non
1836 1449 2020 1515 potest
2044 1444 2141 1515 qui
2222 1444 2320 1514 gni
2347 1445 2588 1499 caelestis
2611 1445 2892 1515 justitiam
2919 1443 3266 1516 adimplebit.

543 1547 657 1586 non
686 1532 937 1602 loquitur
969 1551 980 1585 :
1027 1533 1106 1587 sic
1135 1535 1426 1605 perjurare
1453 1534 1680 1588 omnino
1701 1550 1814 1588 non
1851 1534 2014 1599 valet,
2047 1532 2142 1604 qui
2171 1586 2181 1595 ,
2294 1535 2558 1600 Audistis,
2601 1538 2738 1604 quia
2765 1539 3036 1605 scriptum
3066 1553 3081 1588 :
3115 1535 3348 1589 Oculum
3373 1547 3473 1601 pro
3492 1530 3646 1593 oculo,
3665 1526 3765 1580 den-

540 1637 829 1692 nunquam
853 1623 1028 1693 jurat.
1062 1623 1274 1677 Idcirco
1303 1640 1468 1678 nemo
1496 1623 1641 1678 sicut
1671 1622 1878 1677 bonum
1910 1627 2139 1694 appetat
2158 1637 2204 1697 Β
2226 1628 2330 1677 tem
2358 1639 2461 1692 pro
2490 1625 2664 1677 dente.
2701 1623 3161 1679 Subaudiendum
3207 1627 3296 1676 est
3337 1619 3544 1680 reddet,
3573 1626 3629 1671 ut
3658 1619 3764 1669 aetas

533 1711 953 1781 jusjurandum,
985 1713 1086 1766 sed
1135 1729 1235 1785 pro
1277 1713 1606 1768 inﬁrmitate
1657 1712 1892 1766 alterius
1946 1729 2068 1783 quae
2107 1728 2138 1766 a
2224 1711 2379 1766 rudis
2411 1711 2556 1777 vitae,
2589 1712 2750 1782 quasi
2774 1711 3009 1783 justitiae
3037 1711 3262 1766 initium
3293 1711 3654 1782 praestruatur.
3679 1704 3767 1757 Ce-

539 1800 709 1870 malo:
745 1806 849 1865 est,
892 1801 1025 1872 quia
1069 1802 1364 1858 inﬁrmitas
1410 1803 1558 1856 mala
1605 1807 1709 1868 est,
1753 1808 1948 1856 utatur
1976 1803 2138 1872 jura-
2221 1806 2407 1854 terum
2437 1801 2694 1856 Christus
2725 1801 3007 1872 justitiam
3045 1801 3306 1872 perfectae
3343 1799 3468 1853 vitae
3503 1795 3766 1856 insinuans,

541 1893 733 1946 mento
754 1890 1002 1945 veritatis
1016 1891 1262 1946 subsidio
1283 1891 1607 1959 fretus,utci
1622 1891 1959 1962 persuadeat
1971 1905 2138 1960 quem
2223 1889 2440 1944 addidit
2465 1891 2612 1961 quod
2639 1891 2850 1945 deerat.
2882 1891 3042 1946 Unde
3071 1895 3229 1961 patet
3263 1889 3412 1944 sicut
3435 1891 3492 1941 et
3515 1885 3571 1939 in
3596 1879 3770 1937 caeteris

535 1978 666 2049 jure
685 1981 1000 2034 necessaria
1030 1981 1139 2034 ﬁde
1168 1981 1372 2036 viderit
1400 1981 1696 2035 infirmari.
1723 1979 1907 2034 Aliter
1925 1984 2135 2033 autem.
2223 1979 2378 2046 locis,
2426 1979 2576 2050 quod
2604 1996 2672 2034 ea
2706 1997 2828 2051 quae
2856 1980 2926 2034 de
2957 1981 3079 2050 lege
3108 1985 3258 2045 sunt,
3288 1979 3440 2033 inter
3465 1971 3772 2048 prudentiam

614 2068 805 2123 Sermo
845 2075 1034 2136 vester,
1086 2071 1286 2141 inquit,
1333 2073 1444 2124 sit:
1491 2071 1602 2136 Est,
1650 2075 1761 2132 cst;
1809 2069 1948 2135 Non,
2004 2085 2131 2123 non.
2221 2068 2426 2132 carnis,
2455 2075 2512 2122 et
2541 2075 2988 2124 consummatam
3018 2068 3304 2140 Evangelii
3331 2064 3599 2138 justitiam
3623 2058 3774 2115 media

543 2154 686 2221 Quia
725 2157 953 2211 omnino
993 2159 1314 2228 evangelica
1357 2159 1560 2212 veritas
1602 2174 1715 2212 non
1753 2158 1953 2228 recipit
1975 2158 2139 2227 jura-
2220 2163 2370 2212 sunt.
2407 2159 2637 2212 Manent
2664 2158 2836 2228 igitur
2866 2158 2996 2212 hinc
3038 2158 3169 2212 inde
3203 2158 3369 2229 quasi
3414 2156 3523 2209 duo
3566 2146 3770 2210 termini.

541 2249 816 2312 mentum,
843 2247 939 2299 sed
961 2247 1194 2301 alterius
1215 2247 1515 2301 inﬁrmitas
1539 2247 1596 2300 id
1623 2247 1793 2318 cogit,
1817 2248 1950 2301 dum
1977 2246 2139 2318 quili-
2219 2262 2364 2300 unus
2390 2246 2485 2316 qui
2514 2246 2763 2300 detrahit
2789 2246 2860 2301 ad
2899 2247 3140 2318 culpam,
3177 2247 3325 2300 alter
3354 2260 3483 2302 vero
3522 2240 3611 2313 qui
3648 2233 3773 2306 regni

542 2332 635 2388 bet
658 2335 965 2405 simplicem
985 2352 1099 2390 non
1119 2342 1304 2407 potest
1321 2337 1571 2407 recipere
1590 2337 1904 2390 veritatem.
1925 2337 2136 2390 Verum
2213 2335 2495 2406 justitiam
2537 2335 2836 2406 perfectius
2865 2335 3080 2407 implet.
3112 2335 3386 2390 Medietas
3416 2347 3574 2405 porro
3609 2329 3774 2382 horum

543 2424 688 2495 quod
722 2425 905 2479 omnis
926 2442 1110 2480 sermo
1139 2426 1319 2480 ﬁdelis
1347 2431 1497 2480 recte
1527 2443 1626 2498 pro
1652 2426 2023 2497 jurejurando
2049 2442 2137 2479 ac-
2217 2425 2454 2496 legalem
2482 2424 2665 2479 adhuc
2687 2425 2921 2479 rudibus
2943 2425 3142 2496 pandit
3161 2424 3533 2496 disciplinam.
3556 2420 3668 2474 Non
3684 2429 3774 2468 mo-

539 2512 766 2583 cipitur,
814 2519 872 2568 et
897 2514 1022 2568 ideo
1051 2514 1108 2569 in
1137 2515 1233 2570 illo
1261 2533 1485 2587 semper
1525 2533 1646 2570 esse
1677 2515 1842 2570 debet
1887 2516 1944 2570 in
1985 2515 2140 2569 afﬁr-
2221 2516 2378 2569 dicus
2398 2514 2624 2586 quidem
2640 2515 2875 2585 justitiae
2893 2515 3102 2586 gradus
3119 2520 3222 2580 est,
3241 2515 3371 2585 plus
3390 2509 3621 2574 laedenti,
3640 2519 3778 2578 quam

540 2603 767 2670 mando,
799 2609 892 2669 est,
916 2609 1008 2671 est,
1026 2604 1083 2658 in
1104 2606 1386 2676 negando,
1411 2623 1542 2669 non,
1576 2622 1722 2669 non;
1755 2605 1963 2660 sufﬁcit
1990 2605 2140 2659 enim
2222 2605 2431 2669 intulit,
2465 2620 2577 2658 non
2618 2605 2944 2675 rependere.
2978 2606 3123 2658 Nam
3155 2602 3459 2675 prudentia
3485 2597 3654 2655 carnis
3679 2609 3778 2665 qua

541 2691 728 2746 dicere
757 2709 874 2762 ore,
895 2700 982 2748 est
999 2695 1158 2759 illud,
1186 2695 1334 2768 quod
1360 2694 1417 2748 in
1444 2695 1610 2748 corde
1641 2700 1727 2748 est
1751 2713 1762 2761 ;
1793 2711 1905 2748 non
1931 2700 2017 2747 est
2045 2711 2141 2748 au-
2221 2693 2292 2748 ab
2321 2694 2589 2764 Apostolo
2620 2710 2770 2748 mors
2801 2694 3008 2748 dicitur
3040 2696 3209 2760 (Rom.
3238 2707 3361 2757 vm,
3392 2690 3469 2759 6),
3502 2694 3582 2744 est
3603 2682 3779 2746 ulcisci,

539 2785 676 2847 tem,
705 2781 764 2834 in
794 2799 909 2848 ore,
944 2783 1099 2849 illud,
1124 2785 1272 2854 quod
1301 2784 1360 2838 in
1385 2785 1551 2837 corde
1577 2800 1688 2837 non
1723 2789 1826 2837 est.
1852 2782 2133 2852 Quidquid
2222 2783 2495 2849 insidiari,
2517 2783 2853 2854 concupisci,
2881 2800 3003 2854 quae
3023 2781 3209 2837 carnis
3229 2788 3366 2838 sunt
3381 2779 3571 2836 callide
3591 2771 3776 2833 sectari,

540 2885 670 2923 vero
699 2876 853 2924 extra
904 2871 1048 2924 hanc
1100 2873 1352 2943 regulam
1389 2889 1547 2925 secus
1579 2877 1681 2937 est,
1737 2877 1887 2925 certe
1933 2876 2033 2925 aut
2072 2887 2139 2925 ex
2221 2877 2278 2926 et
2321 2877 2520 2926 caetera
2573 2872 2917 2943 hujusmodi.
2953 2872 3178 2926 Justitia
3205 2887 3338 2925 vero
3379 2869 3520 2941 legis
3563 2867 3786 2936 segregat

542 2958 833 3012 mendacio
864 2966 965 3022 est,
999 2965 1099 3013 aut
1126 2977 1192 3014 ex
1226 2960 1556 3014 inﬁrmitate
1595 2961 1845 3027 alterius,
1882 2961 2012 3014 licet
2042 2978 2134 3014 ve-
2156 2952 2201 3022 C
2225 2977 2326 3014 nos
2355 2960 2424 3014 ab
2453 2961 2558 3026 his,
2585 2966 2642 3014 et
2671 2961 2895 3016 initium
2926 2960 3182 3032 perfectae
3202 2960 3330 3015 vitae
3353 2976 3487 3015 suos
3505 2957 3675 3012 adhuc
3696 2956 3785 3005 ter-

539 3061 667 3100 rum
702 3046 777 3100 sit
804 3048 951 3117 quod
980 3049 1224 3118 juratur.
1266 3049 1336 3102 Et
1381 3049 1506 3103 ideo
1537 3065 1648 3102 non
1679 3049 1833 3113 dicit,
1866 3049 2137 3120 quidquid
2219 3067 2384 3105 renos
2421 3050 2617 3122 incipit
2652 3051 2892 3105 erudire.
2942 3051 3158 3105 Deinde
3193 3050 3407 3104 Christi
3449 3045 3680 3120 justitia,
3705 3054 3786 3112 per

540 3135 781 3206 amplius
811 3141 913 3201 est,
951 3137 1158 3191 malum
1191 3141 1292 3201 est,
1328 3137 1424 3191 sed
1462 3143 1740 3208 temperat
1773 3139 2133 3202 sententiam,
2219 3155 2389 3211 quam
2419 3156 2655 3211 regnum
2686 3140 2952 3193 caelorum
2981 3140 3148 3210 digne
3178 3140 3470 3210 quaeritur,
3505 3137 3657 3190 docet
3686 3145 3785 3185 om-

541 3229 600 3280 et
635 3223 733 3290 ait,
766 3241 800 3278 a
829 3225 976 3279 malo
1019 3230 1120 3280 est.
1162 3226 1302 3290 Quia
1333 3226 1380 3280 si
1411 3227 1697 3298 quidpiam
1729 3228 1854 3298 plus
1882 3228 2136 3284 minusve
2219 3229 2352 3283 nino
2383 3246 2493 3282 non
2515 3229 2776 3283 resistere
2799 3227 3149 3283 malo.Esset
3169 3229 3378 3300 quippe
3402 3225 3621 3299 justitia
3640 3222 3789 3277 Evan-

539 3314 922 3381 subterfuerit,
954 3331 986 3369 a
1035 3317 1183 3371 malo
1217 3333 1339 3371 esse
1387 3316 1750 3372 convincitur.
1787 3318 2140 3389 Quapropter
2217 3318 2349 3389 gelii
2380 3319 2580 3390 major,
2603 3319 2649 3372 si
2680 3318 2902 3372 laedenti
2933 3318 3121 3373 minus
3149 3317 3492 3388 injuriarum
3515 3328 3673 3386 quam
3690 3323 3791 3380 per-

539 3406 688 3477 quod
716 3412 801 3461 est
826 3407 885 3462 in
913 3407 1097 3474 corde,
1131 3408 1206 3462 sit
1233 3413 1289 3462 et
1313 3408 1373 3462 in
1403 3425 1498 3462 ore
1530 3427 1542 3475 ;
1573 3409 1719 3480 quod
1751 3424 1883 3464 vero
1914 3427 2023 3465 non
2052 3416 2139 3464 est
2218 3413 2443 3480 ceperat
2469 3407 2705 3479 quisque
2737 3406 2964 3478 juberet
2991 3407 3262 3478 reddique
3283 3423 3438 3461 nunc
3467 3404 3697 3459 multum
3721 3411 3793 3451 su-

537 3495 599 3550 in
628 3496 1184 3568 corde,'nequaquam
1202 3497 1293 3565 sit,
1319 3497 1452 3568 quia
1473 3514 1585 3552 non
1607 3497 1776 3553 debet
1796 3515 1916 3553 esse
1937 3500 1993 3554 in
2017 3517 2130 3556 ore.
2218 3497 2540 3569 perexcellit
2595 3513 2718 3550 cum
2763 3495 2928 3566 jubet
2963 3512 3066 3550 nec
3117 3496 3386 3550 resistere
3437 3493 3602 3548 malo.
3656 3485 3791 3543 Unde

537 3585 716 3653 Unde,
766 3586 813 3640 si
842 3586 968 3658 quis
997 3603 1190 3642 verum
1221 3587 1374 3659 loqui
1405 3593 1582 3650 curat,
1615 3588 1892 3642 calamum
1931 3589 2136 3660 linguae
2212 3587 2436 3657 justitia
2456 3585 2863 3640 Pharisaeorum
2885 3585 3012 3656 plus
3038 3585 3248 3655 aliquid
3275 3584 3500 3639 habeta
3523 3574 3794 3654 prudentia

535 3675 693 3748 prius
713 3692 941 3731 necesse
959 3682 1046 3732 est
1073 3676 1226 3731 intus
1251 3677 1310 3731 in
1340 3677 1574 3731 veritate
1592 3676 1798 3747 tingat;
1815 3678 2134 3732 deindidem
2217 3675 2402 3729 carnis
2421 3694 2434 3734 ;
2450 3676 2615 3745 longe
2628 3680 2815 3729 tamen
2833 3675 3068 3729 inferius
3090 3675 3197 3728 sita
3219 3683 3305 3728 est
3324 3691 3359 3728 a
3382 3672 3610 3746 justitia
3630 3665 3790 3738 regni;

535 3781 603 3822 ex
653 3765 847 3820 eadem
899 3765 1134 3821 veritate
1175 3765 1325 3821 foras
1373 3767 1431 3820 in
1483 3782 1580 3820 ore
1630 3783 1822 3820 verum
1865 3766 2129 3836 proferat.
2217 3771 2275 3820 et
2299 3765 2426 3818 ideo
2448 3763 2780 3819 Christianis
2798 3765 2928 3835 jure
2947 3763 3320 3819 dicitur:Nisi
3339 3761 3705 3817 abundaverit
3721 3760 3796 3826 ju-

536 3855 717 3910 Omne
748 3857 955 3927 quippe
984 3872 1177 3910 verum
1200 3871 1234 3909 a
1261 3856 1498 3910 veritate
1525 3871 1717 3909 verum
1749 3860 1852 3920 est,
1887 3861 1944 3909 et
1968 3871 2135 3910 omne
2216 3856 2373 3908 stitia
2401 3857 2578 3907 vestra
2599 3856 2728 3922 plus
2762 3869 2932 3922 quam
2951 3851 3281 3907 Scribarum
3301 3857 3351 3906 et
3382 3853 3792 3909 Pharisarorum,

537 3945 685 4014 quod
715 3949 801 3998 est
822 3961 887 3998 eo
917 3943 1087 3997 habet
1114 3959 1254 4010 esse,
1281 3945 1411 4014 quia
1437 3950 1522 3998 est
1553 3944 1622 3998 ab
1651 3961 1716 3998 eo
1737 3944 1885 4015 quod
1914 3949 2018 3999 est.
2039 3945 2129 4000 Sic
2215 3959 2327 3998 non
2359 3944 2648 3996 intrabitis
2677 3944 2739 3995 in
2767 3957 3005 4010 regnum
3037 3945 3313 3996 calorum.
3349 3940 3463 3995 Sed
3489 3940 3634 3994 hanc
3652 3949 3795 3990 nemo

534 4030 726 4102 itaque
756 4031 940 4085 omnis
965 4031 1165 4085 veritas
1189 4047 1370 4086 avero
1400 4032 1571 4087 habet
1598 4038 1662 4087 ut
1679 4034 1908 4088 omnino
1927 4034 2130 4088 veritas
2212 4032 2404 4102 digne,
2437 4031 2558 4086 sine
2587 4030 2791 4102 spiritu
2820 4030 3061 4094 consilii,
3093 4035 3152 4085 et
3179 4029 3364 4100 gratia
3394 4023 3798 4090 misericordiae,

532 4119 622 4184 sit,
640 4126 694 4173 et
716 4119 840 4174 ideo
862 4136 979 4174 Ion
1002 4119 1350 4191 simpliciter,
1371 4122 1467 4174 sed
1490 4121 1773 4191 geminate
1788 4123 1999 4178 dictum
2022 4129 2128 4191 est,
2212 4121 2638 4178 consummabit.
2667 4121 2758 4175 Sic
2780 4119 2928 4174 enim
2951 4125 3140 4186 ’38
3166 4120 3448 4174 tolerandi
3470 4123 3607 4174 sunt
3625 4118 3679 4171 in
3699 4113 3799 4184 spi-

533 4208 617 4264 Sit
634 4212 1208 4263 omnissermovester:
1228 4210 1337 4276 Est,
1352 4214 1446 4272 est;
1463 4211 1604 4276 Non,
1622 4227 1752 4265 non.
1769 4212 1963 4284 Neque
1980 4213 2128 4267 enim
2150 4212 2326 4284 _ritu
2356 4209 2824 4275 mansuetudinis,
2859 4209 3018 4280 quasi
3049 4209 3360 4281 phrenetici
3391 4215 3452 4264 et
3479 4209 3606 4264 sine
3633 4209 3800 4260 mente

536 4295 776 4350 vicissim
803 4312 870 4350 ea
893 4297 1232 4352 confundere
1253 4297 1402 4363 licet,
1429 4303 1491 4351 ut
1512 4299 1584 4352 sit
1613 4297 1669 4351 in
1699 4315 1764 4353 eo
1784 4305 1877 4366 est,
1911 4305 1968 4354 et
1996 4317 2127 4368 non,
2150 4271 2489 4366 Dhomines,
2525 4307 2590 4355 ut
2634 4299 2969 4371 quandoque
3006 4299 3355 4371 resipiscant,
3398 4305 3459 4354 et
3495 4300 3614 4353 sint
3654 4291 3800 4350 amici

535 4386 682 4458 quod
710 4386 1013 4458 Apostolus
1028 4387 1288 4458 denegat,
1320 4387 1416 4441 sed
1437 4387 1496 4441 in
1519 4403 1586 4442 ea
1609 4404 1776 4459 quam
1797 4390 1964 4444 corde
1990 4391 2135 4461 geri-
2213 4392 2518 4446 tolerantes
2549 4390 2645 4460 qui
2667 4395 2831 4444 erant
2849 4389 3004 4460 prius
3025 4393 3441 4461 persequentes.
3477 4389 3689 4446 Parum
3715 4384 3800 4438 ita.

533 4490 660 4530 mus
681 4475 927 4531 essentia
947 4475 1218 4543 veritatis,
1235 4482 1321 4531 est
1337 4476 1473 4531 illud
1497 4477 1644 4548 quod
1660 4495 1755 4532 ore
1775 4479 2128 4550 proferimus;
2215 4497 2323 4551 que
2343 4485 2430 4534 est
2461 4478 2670 4533 Christi
2700 4477 2976 4550 discipulo
3007 4477 3064 4532 in
3091 4478 3195 4533 hac
3223 4483 3382 4549 parte
3411 4479 3486 4533 ad
3521 4473 3800 4550 perfectio-

533 4563 737 4618 veritas
767 4570 957 4620 autem
991 4566 1142 4620 Deus
1168 4571 1272 4633 est,
1307 4572 1362 4620 et
1381 4565 1632 4638 quisquis
1663 4584 1855 4622 verum
1885 4569 2135 4640 loquitur
2215 4583 2346 4623 nem
2365 4567 2621 4638 justitiaa,
2648 4583 2761 4622 non
2791 4569 2971 4622 solum
3010 4584 3076 4621 ex
3109 4567 3231 4638 lege
3259 4567 3523 4634 laedendi,
3553 4581 3669 4622 non
3695 4577 3800 4618 am-

532 4651 910 4724 utiqueexillo
929 4653 1196 4726 loquitur.
1223 4654 1386 4721 Quia,
1400 4655 1547 4709 sicut
1571 4655 1841 4727 quidquid
1859 4663 1961 4723 est,
1984 4657 2054 4711 ab
2069 4672 2134 4712 eo
2215 4659 2362 4730 plius
2393 4673 2563 4729 quam
2607 4662 2898 4729 acceperat
2936 4656 3294 4728 reinﬂigere;
3328 4673 3528 4711 verum
3571 4655 3740 4710 etiam
3767 4649 3800 4703 si

533 4739 702 4796 habet
720 4758 841 4796 esse
869 4742 1018 4812 quod
1040 4743 1418 4798 essentialiter
1447 4749 1533 4798 est
1563 4763 1574 4798 :
1609 4743 1686 4798 ita
1717 4761 1782 4798 ex
1812 4745 1927 4812 illo,
1961 4746 2132 4816 quiin
2216 4746 2401 4801 minus
2444 4751 2544 4801 aut
2588 4745 2732 4801 nihil
2761 4746 3090 4809 reddiderit,
3121 4745 3270 4817 quod
3296 4745 3621 4816 integritas
3651 4743 3800 4814 hujus

533 4829 697 4902 nobis
717 4837 774 4886 et
797 4830 855 4884 in
871 4830 979 4884 ﬁde
998 4837 1192 4886 nostra
1204 4833 1353 4887 Deus
1373 4832 1578 4887 veritas
1597 4833 1877 4899 est,debet
1893 4851 1990 4889 ore
2009 4850 2135 4906 pro-
2213 4835 2570 4909 perfectionis
2595 4841 2697 4904 est,
2721 4837 2884 4907 juxta
2913 4841 3254 4907 praeceptum
3271 4836 3527 4906 Domini,
3540 4851 3658 4890 non
3687 4829 3800 4886 resi‘

532 4919 666 4975 ferri
687 4921 835 4992 quod
859 4936 1048 4976 verum
1070 4927 1256 4988 28'!
1279 4923 1674 4994 est.Alioquin,
1698 4924 1920 4978 etiamsi
1938 4940 2132 4978 verum
2213 4930 2361 4980 stere
2387 4925 2556 4979 malo.
2592 4925 2715 4988 Qua
2753 4924 2823 4978 de
2865 4940 3036 4978 causa
3063 4929 3379 4979 statuamus
3408 4923 3559 4978 duos
3583 4918 3800 4994 justitia

529 5009 804 5076 videatur,
827 5008 933 5063 nisi
955 5027 1020 5064 ex
1036 5009 1131 5064 illo
1151 5010 1355 5065 habeat
1371 5028 1511 5079 esse,
1527 5013 1725 5084 utique
1745 5029 1856 5069 non
1877 5017 1963 5067 est
1995 5013 2128 5067 Esse
2212 5012 2501 5080 terminos,
2521 5018 2586 5068 ut
2601 5013 2930 5068 medietates
2952 5029 3145 5067 eorum
3169 5012 3476 5067 secundum
3501 5009 3800 5083 proportio

529 5099 737 5171 quippe
769 5099 882 5153 Deo
908 5097 1352 5166 substantialiter
1372 5106 1457 5155 est
1485 5116 1497 5153 :
1533 5101 1692 5156 nobis
1713 5103 1938 5173 quidem
1964 5108 2021 5156 et
2045 5119 2129 5157 re-
2211 5120 2337 5158 nem
2351 5103 3153 5174 diligentiuscontemplemur.
3170 5103 3314 5157 Nam
3335 5101 3568 5158 initium
3579 5098 3800 5172 justitia

529 5187 654 5255 bus,
702 5204 766 5243 ac
798 5188 1038 5259 negotiis
1081 5189 1356 5244 universis
1407 5191 1844 5247 accidentaliter.
1893 5192 2124 5258 Idcirco,
2210 5197 2313 5258 est,
2345 5209 2457 5248 non
2488 5191 2748 5264 amplius,
2776 5193 2874 5247 sed
2905 5209 3065 5263 aequo
3085 5191 3572 5264 judicio,lzedenti
3599 5207 3670 5246 ex
3700 5190 3800 5259 legi

603 5396 628 5423 ⁸
649 5396 760 5472 Hic
789 5395 1243 5472 interserendum
1274 5400 1522 5472 illigant
1550 5399 1751 5472 saltem
1779 5399 2230 5472 subaudiendum
2255 5418 2268 5467 ;
2303 5416 2472 5472 quam
2505 5416 2695 5456 vocem
2723 5404 2779 5455 et
2807 5399 2937 5455 huic
2968 5397 3197 5465 similes,
3231 5397 3398 5454 solita
3425 5396 3641 5470 ellipsi,
3671 5391 3800 5448 illius

531 5471 712 5524 aetatis
740 5473 997 5524 auctores
1025 5468 1084 5524 in
1112 5467 1438 5540 hujusmodi
1465 5469 1768 5542 phrasium-
1791 5476 2074 5528 structura
2098 5467 2386 5530 omittunt.
