3938 6174
206 285 303 342 ῗ57

975 282 1367 340 ΕΧΡΟΞΙἸἿΟ
1407 285 1485 339 ΙΝ
1523 282 1968 340 ΜἉἸἾἯᾹΞῊΜ.
2014 305 2075 326 -έ-
2120 284 2255 342 LIB.
2287 288 2400 355 'Ill,
2442 279 2709 357 GKRV.

3374 287 3488 350 258

205 409 474 483 pendere;
504 409 772 481 perfectio
792 425 940 476 vero,
955 410 1105 463 malo
1134 425 1248 464 non
1277 409 1556 474 resistere,
1589 408 1688 464 sed
1711 410 2230 480 pa-Acruciatibus
2267 411 2560 480 afficimur,
2592 417 2692 468 aut
2741 413 2984 468 exterius
3027 413 3248 470 damnis
3293 430 3483 472 rerum

203 506 390 555 ratum
425 516 546 554 esse
586 499 658 553 ad
692 498 882 553 omnia
909 498 1319 570 patientissime
1367 499 1677 553 toleranda.
1729 498 1809 552 De

201 595 399 645 caetero
425 589 761 643 medietates
778 589 980 642 horum
1010 589 1188 642 multo
1212 588 1398 642 minus
1421 604 1589 658 quam
1611 604 1807 659 passus

201 679 295 744 sis,
326 683 430 733 aut
465 678 608 733 nihil
638 677 891 732 reddere.
927 674 1038 731 Sed
1068 677 1222 748 prior
1247 676 1544 741 terminus,
1579 677 1806 753 dentem

197 783 300 840 pro
331 769 524 835 dente,
557 767 781 822 oculum
827 783 929 837 pro
975 767 1154 831 oculo,
1198 770 1298 820 aut
1338 771 1486 820 certe
1534 766 1804 820 damnum

201 873 360 928 sequo
408 856 660 928 pondere
712 872 812 927 pro
841 854 1047 908 damno
1091 854 1332 925 exigere,
1367 855 1621 925 quamvis
1660 853 1806 908 infra

201 947 342 1000 fines
376 946 614 1016 justitize
631 944 944 1009 claudatur,
959 944 1262 1014 prudentia
1277 948 1469 998 tamen
1497 943 1679 997 carnis
1712 960 1803 1014 pa-

198 1036 393 1100 scitur,
427 1040 486 1088 et
527 1052 593 1088 ex
635 1034 918 1088 vicinitate
957 1033 1126 1099 illius,
1183 1033 1316 1087 licet
1357 1033 1595 1103 gradum
1635 1032 1804 1102 justi-

200 1125 290 1179 tize
341 1129 573 1191 teneat,
631 1125 952 1178 oll'uscatur.
1025 1124 1294 1177 Paratum
1368 1139 1496 1176 vero
1555 1139 1677 1177 esse
1733 1122 1804 1176 ad

199 1213 391 1268 omnia
421 1213 719 1267 toleranda
745 1230 847 1284 pro
889 1212 1134 1277 Christo,
1182 1228 1285 1266 nec
1333 1211 1594 1265 resistere
1632 1211 1800 1278 malo,

196 1303 501 1374 integritas
552 1303 679 1357 vita:
711 1343 725 1366 ,
782 1308 840 1356 et
878 1307 1270 1356 consummata
1335 1301 1513 1354 virtus
1571 1301 1805 1370 justitiaa

193 1392 560 1464 pradicatur.
621 1385 918 1457 Caeterum,
978 1390 1248 1445 medietas
1319 1390 1522 1444 horum
1547 1430 1560 1456 ,
1630 1407 1807 1460 quan-

191 1489 340 1549 tum,
395 1483 576 1538 multo
627 1485 819 1536 minus
877 1483 1108 1550 exigere,
1163 1481 1340 1534 heret
1391 1480 1574 1534 adhuc
1622 1479 1802 1547 initio,

191 1579 253 1630 et
277 1573 478 1644 aliqua
506 1571 694 1627 carnis
739 1571 1042 1643 prudentia
1083 1570 1409 1640 frequenter
1453 1569 1800 1640 exagitetur;

193 1667 424 1716 tantum
455 1661 606 1714 nihil
645 1663 788 1714 mali
829 1660 1071 1726 reddere,
1103 1659 1283 1713 haeret
1305 1660 1424 1728 jam
1452 1658 1801 1729 perfectioni,

1889 500 2212 570 affligimur,
2262 507 2360 556 aut
2415 508 2566 556 certe
2605 501 2774 556 variis
2825 502 3179 573 negotiorum
3224 504 3485 576 cperibus

1889 591 2268 660 angariamur.
2303 591 2410 646 Sed
2441 591 2496 645 in
2523 591 2610 645 his
2651 591 2912 647 omnibus
2964 593 3149 661 parati
3191 594 3261 647 ad
3303 595 3485 664 perfe-

1889 679 2080 746 renda,
2101 680 2489 751 patientesque
2509 697 2631 735 esse
2655 680 2942 735 debemus.
2975 682 3134 736 Unde
3166 683 3443 754 Propheta
3468 701 3480 736 :

1878 770 2159 822 Paratum
2190 785 2283 822 cor
2309 786 2511 835 meum,
2547 771 2792 836 Domine,
2821 777 3088 838 paratum
3141 787 3235 826 cor
3275 788 3480 827 meum.

1888 856 2130 910 Cantabo
2148 862 2197 911 et
2221 859 2464 926 psallam
2495 861 2557 912 in
2585 861 2768 925 gloria
2791 874 2912 912 mea
2940 861 3106 928 (Psal.
3128 873 3255 927 cvn,
3283 860 3355 927 1).
3383 862 3487 916 Pa-

1887 950 2043 999 ratus
2057 962 2302 1017 namque
2313 947 2480 1001 'corde
2493 953 2580 1001 est
2599 947 2695 1001 ille
2715 947 2812 1018 qui
2837 953 2894 1002 et
2923 949 3160 1003 interius
3189 955 3484 1022 promptus

1888 1040 1974 1088 est
2001 1035 2117 1106 pati
2147 1051 2248 1106 pro
2277 1036 2520 1102 Christo,
2546 1041 2603 1090 et
2631 1036 2872 1091 exterius
2892 1037 3022 1092 licet
3041 1037 3099 1092 in
3129 1039 3364 1109 auguria
3390 1040 3485 1095 de-

1886 1127 2047 1177 votus
2077 1129 2179 1190 est,
2212 1124 2259 1178 si
2281 1141 2392 1195 qua
2419 1124 2749 1191 inferantur,
2785 1126 3190 1196 patientissime
3218 1127 3481 1184 tolerare.

1887 1212 2098 1268 Idcirco
2121 1219 2352 1284 propter
2378 1214 2480 1267 has
2507 1213 2648 1267 duas
2675 1214 2946 1281 maxillas,
2979 1231 3164 1270 sermo
3191 1217 3484 1288 propheti-

1889 1318 1987 1356 cus
2013 1303 2361 1372 geminatur.
2385 1304 2464 1356 Ac
2486 1302 2533 1357 si
2551 1303 2702 1356 dicat
2723 1304 3019 1358 :Paratum
3049 1309 3136 1359 est
3155 1322 3251 1360 cor
3269 1323 3480 1375 meum,

1875 1387 2056 1458 Deus,
2077 1393 2268 1446 omnia
2292 1392 2720 1463 malignantium
2744 1393 2981 1447 interius
3002 1392 3300 1464 opprobria
3312 1395 3485 1450 susti-

1887 1497 2052 1548 nere;
2085 1487 2346 1552 paratum
2374 1487 2461 1536 est
2484 1481 2658 1536 etiam
2687 1481 2954 1548 exterius,
2989 1498 3090 1552 pro
3126 1486 3205 1546 te,
3245 1499 3368 1552 quae
3391 1500 3484 1538 me

1886 1570 2467 1642 excruciarepossunt,
2486 1569 3036 1625 libentersustinere.
3065 1570 3187 1635 Qua
3212 1571 3282 1626 de
3312 1587 3484 1627 causa

1885 1659 2044 1714 laetus
2070 1659 2308 1714 cantabo
2335 1676 2399 1714 ac
2426 1660 2664 1729 psallam
2692 1659 2750 1714 in
2779 1660 2960 1730 gloria
2985 1675 3130 1714 mea.
3181 1661 3247 1714 In
3273 1661 3476 1730 gloria,

199 1756 255 1806 et
281 1750 329 1805 si
360 1767 430 1805 ex
456 1765 652 1804 amore
707 1748 915 1803 Christi
963 1753 1066 1814 est,
1117 1748 1318 1818 spiritu
1357 1747 2135 1824 mansuetudinisBinquam,
2187 1764 2332 1816 mea,
2364 1749 2496 1820 quia
2525 1749 2594 1802 de
2641 1748 2985 1804 conscientia
3040 1748 3187 1803 bona
3227 1766 3478 1816 securus,

199 1839 476 1895 subsistit.
513 1840 657 1905 Cum
685 1838 732 1892 si
781 1837 1028 1892 adfuerit
1068 1837 1298 1908 spiritus
1340 1837 1684 1891 fortitudinis
1733 1837 1803 1892 ad

200 1929 497 1986 toleranda
525 1928 734 1994 omnia,
772 1933 836 1982 ut
862 1927 1031 1981 etiam
1060 1943 1189 1980 cum
1219 1926 1488 1997 adpossit,
1513 1928 1660 1981 malo
1690 1943 1804 1981 non

197 2020 620 2091 resistat,plena
633 2017 923 2090 justitiain
947 2015 1155 2071 Christi
1176 2016 1448 2087 patientia
1462 2016 1798 2086 possidetur.

201 2112 610 2166 Verumtamen
639 2106 1106 2163 considerandum
1143 2111 1231 2160 est
1278 2105 1428 2176 quod
1466 2105 1603 2159 dicit
1634 2124 1645 2159 :
1682 2108 1806 2160 Non

205 2203 454 2256 resistere
480 2203 652 2254 malo.
681 2196 952 2268 Nunquid
979 2196 1115 2250 vitia
1145 2201 1204 2250 et
1249 2199 1478 2266 peccata
1520 2192 1668 2249 mala
1691 2211 1807 2249 non

205 2295 349 2354 sum,
377 2295 582 2344 contra
620 2303 745 2359 quae
778 2286 931 2341 omni
979 2290 1182 2339 conatu
1228 2285 1432 2338 mentis
1463 2285 1807 2338 reluctamur

206 2377 560 2452 pugnantes?
576 2378 694 2431 Aut
711 2375 964 2446 nunquid
977 2373 1330 2429 adversarius
1341 2377 1533 2428 noster
1551 2373 1806 2428 diabolus

205 2470 512 2524 malusnon
522 2465 1048 2536 est,cui,Apostolus
1059 2463 1397 2528 ait,resistite
1421 2465 1587 2530 fortes
1601 2466 1662 2516 in
1676 2465 1806 2530 ﬁde?

205 2558 281 2630 (II
298 2561 450 2613 Petr.
478 2573 534 2623 v,
561 2555 638 2621 9.)
661 2555 792 2608 Haec
810 2554 1005 2624 utique
1033 2552 1183 2606 mala
1202 2557 1352 2618 sunt,
1380 2551 1477 2606 sed
1495 2569 1608 2606 non
1629 2551 1698 2606 de
1718 2551 1806 2606 his

203 2648 356 2703 malis
374 2644 521 2700 dicit
531 2659 719 2700 sermo
733 2642 974 2697 divinus.
991 2643 1205 2713 Nempe
1226 2641 1338 2695 alia
1357 2646 1490 2696 sunt
1508 2641 1804 2711 mala,quze

204 2735 501 2791 vulnerant
511 2733 847 2798 animam,et
858 2731 1061 2803 quibus
1080 2736 1261 2784 morte
1279 2731 1549 2802 punimur
1567 2735 1798 2797 aeterna;

199 2825 308 2880 alia
333 2830 476 2880 sunt
501 2823 658 2877 mala
683 2819 1036 2892 temporalia,
1070 2819 1272 2891 quibus
1315 2818 1804 2890 inpmsentiarum

208 2915 532 2987 afﬂigimur,
560 2917 628 2966 ut
663 2909 1001 2983 probemur;
1032 2908 1254 2980 probati
1275 2903 1405 2962 vero
1436 2923 1547 2962 non
1576 2907 1806 2964 confun-

207 3004 404 3070 dimur,
448 3003 552 3056 sed
593 3015 857 3056 coronam
900 3004 1286 3070 exspectamus
1333 2996 1674 3052 certaminis.
1705 2997 1806 3051 His

1885 1838 2195 1892 confundor
2221 1839 2278 1892 in
2308 1838 2461 1892 nullo
2481 1855 2592 1909 quo
2609 1837 2812 1909 patior.
2833 1839 3022 1893 Gloria
3042 1844 3254 1905 nostra,
3279 1838 3483 1910 inquit,

1884 1926 2204 1998 Apostolus,
2252 1928 2360 1980 hac
2395 1932 2472 1980 est
2505 1929 2881 1980 testimonium
2920 1929 3261 1981 conscientia
3290 1934 3488 1984 nostra

1883 2017 1966 2087 (ΙΙ
1986 2017 2105 2070 σον.
2140 2031 2178 2081 1,
2216 2014 2321 2085 η),
2349 2015 2553 2086 quibus
2594 2015 2841 2086 profecto
2871 2013 3052 2068 verbis
3094 2019 3287 2081 που
3309 2016 3488 2087 liquet

1888 2105 2036 2176 quod
2068 2104 2287 2175 quoties
2316 2104 2375 2158 in
2402 2121 2518 2159 una
2537 2121 2734 2159 earum
2773 2103 3122 2160 Christianus
3169 2104 3488 2174 ﬂagellatur

1887 2194 2133 2260 maxilla,
2165 2210 2389 2265 semper
2415 2199 2646 2264 paratus
2687 2208 2808 2248 esse
2834 2192 3001 2247 debet
3023 2198 3088 2247 ut
3115 2193 3352 2248 alteram
3385 2194 3486 2249 de-

1887 2289 2048 2338 votus
2077 2283 2147 2337 ad
2177 2283 2490 2337 feriendum
2519 2283 2734 2337 offerat.
2776 2281 2936 2336 Unde
2959 2281 3249 2352 signanter
3274 2273 3488 2338 dictum

1889 2377 1975 2426 est
2004 2392 2016 2426 :
2048 2373 2113 2428 Si
2135 2376 2260 2442 quis
2305 2378 2352 2426 te
2402 2374 2731 2440 percusserit
2767 2374 2829 2424 in
2881 2372 3133 2424 dextram
3163 2373 3483 2440 maxillam,

1883 2463 2059 2532 praebe
2082 2464 2174 2516 illi
2201 2467 2250 2515 et
2277 2465 2534 2515 alteram.
2558 2458 2808 2514 Alteram
2839 2476 2974 2530 ergo
3004 2459 3162 2525 dixit,
3194 2466 3256 2515 'et
3282 2476 3397 2515 non
3416 2461 3488 2516 si-

1888 2549 2124 2604 nistram
2143 2568 2154 2602 :
2175 2549 2334 2620 quasi
2353 2550 2518 2614 dicat,
2550 2549 2734 2619 praebe
2753 2548 2836 2603 illi
2861 2553 2918 2602 et
2946 2549 3182 2603 alteram
3208 2549 3484 2605 dextram.

1888 2639 2033 2702 Quia
2046 2641 2208 2710 juxta
2225 2640 2376 2693 hunc
2414 2654 2639 2693 sensum
2683 2638 2871 2708 justus
2899 2643 3054 2693 totus
3081 2643 3169 2693 est
3191 2639 3402 2707 dexter,
3421 2645 3491 2695 'et

1883 2729 2031 2783 sicut
2057 2729 2178 2782 Aod
2208 2729 2302 2782 ille
2330 2727 2389 2782 in
2419 2726 2561 2780 libro
2591 2726 2872 2790 Judicum,
2905 2732 3144 2797 utraque
3183 2743 3355 2781 manu
3385 2743 3487 2798 pro

1887 2818 2082 2872 dextra
2099 2817 2280 2872 utitur
2311 2817 2459 2888 (Jud.
2485 2830 2568 2883 III,
2592 2815 2705 2883 15),
2738 2815 2873 2870 dum
2904 2815 3146 2870 exterior
3175 2821 3233 2870 et
3252 2816 3490 2871 interior

1887 2907 2065 2961 virtus
2095 2906 2340 2960 hominis
2387 2905 2445 2959 in
2485 2905 2873 2959 holocaustum
2905 2903 3142 2959 Domino
3185 2909 3484 2960 mactatur.

1890 2996 1982 3051 Sic
2009 2996 2215 3067 quippe
2237 2995 2445 3049 rectius
2461 2992 2795 3064 intelligitur
2815 3010 2986 3064 quam
3007 2998 3090 3058 ut,
3113 2993 3186 3048 ad
3213 2981 3486 3061 litteram,

208 3094 404 3164 quippe
417 3089 825 3162 temporalibus
844 3088 1007 3142 malis
1023 3087 1186 3158 jubet
1197 3103 1311 3141 non
1331 3086 1806 3157 resisti,quoniam
1823 3077 1868 3139 Ο
1890 3085 2121 3141 sinistra
2170 3083 2358 3151 facies,
2390 3084 2525 3138 dum
2556 3083 2751 3137 dextra
2778 3082 3111 3153 percutitur,
3141 3082 3482 3154 porrigatur.

207 3182 496 3236 nobiscum
527 3197 630 3251 per
664 3178 998 3250 patientiam
1044 3182 1418 3248 cooperantur
1462 3175 1520 3230 in
1559 3175 1796 3233 bonum.

209 3269 421 3326 Peccati
452 3285 584 3324 vero
610 3269 820 3323 malum
850 3271 1026 3322 restat
1051 3282 1360 3338 praecavere
1386 3282 1451 3320 ac
1488 3265 1703 3336 repelli,
1733 3281 1806 3320 ne

208 3359 588 3430 integritatem
618 3361 942 3427 corrumpat
968 3355 1188 3421 animae,
1208 3353 1342 3425 quia
1355 3353 1670 3408 faventibus
1697 3353 1804 3407 sibi

214 3454 543 3520 cooperatur
564 3447 626 3501 in
645 3452 904 3501 mortem.
927 3450 1119 3510 πει)
1145 3444 1305 3498 Unde
1335 3444 1379 3497 si
1408 3442 1545 3497 talia
1566 3443 1802 3497 interius

222 3538 516 3592 exteriusve
537 3535 700 3591 nobis
724 3540 1103 3606 suggeruntur
1130 3533 1299 3599 mala,
1333 3532 1645 3586 resistenda
1673 3536 1804 3586 sunt

220 3627 398 3698 utique
427 3633 487 3681 et
512 3625 746 3680 vitanda
775 3642 787 3678 :
821 3622 867 3678 si
906 3639 1036 3678 vero
1081 3623 1198 3676 hzec
1235 3621 1586 3693 temporalia,
1618 3619 1748 3674 licet
1771 3638 1806 3675 a

217 3717 426 3772 diabolo
453 3716 545 3770 vel
574 3732 610 3770 a
631 3712 879 3786 quolibet
902 3712 1219 3767 inferantur
1241 3710 1488 3778 homine,
1522 3726 1634 3765 non
1664 3710 1804 3764 resi-

218 3806 404 3860 stenda
419 3810 576 3870 sunt,
599 3804 697 3859 sed
718 3802 1121 3875 patientissime
1145 3801 1457 3856 toleranda.
1480 3799 1642 3864 Quod
1668 3799 1806 3854 satis

218 3895 314 3950 Job
337 3911 500 3950 verus
546 3892 759 3949 athleta
803 3907 1156 3964 praenoscens
1191 3893 1489 3946 conﬁrmat
1516 3891 1802 3962 exemplo;

221 3985 309 4056 qui
332 3985 526 4040 multis
554 3983 823 4055 appulsus
870 3981 1034 4036 malis
1061 3997 1167 4035 nec
1194 3981 1520 4044 reluctatur,
1553 3985 1806 4034 tentatus

220 4087 340 4128 vero
358 4073 600 4128 interius
614 4081 898 4144 peccatum
913 4085 1211 4143 perperam
1223 4085 1338 4124 non
1357 4068 1626 4124 admittit.
1646 4069 1807 4132 Quod

223 4163 336 4218 ideo
358 4163 620 4226 dixerim,
648 4166 714 4216 ut
741 4160 979 4231 diligens
1004 4160 1180 4214 lector
1213 4159 1529 4213 libertatem
1560 4157 1808 4227 Scriptu-

223 4267 402 4307 rarum
430 4251 490 4306 in
531 4249 810 4322 loquendo
839 4250 1127 4316 advertat;
1157 4248 1291 4320 quia
1319 4262 1433 4302 non
1461 4262 1684 4317 semper
1710 4260 1805 4299 ca-

223 4339 451 4396 lumnias
466 4340 859 4395 haereticorum
879 4337 1242 4410 pertimescit,
1267 4337 1364 4392 sed
1377 4336 1600 4407 regulas
1621 4335 1808 4389 catho-

228 4428 333 4483 licae
355 4429 609 4484 veritatis
637 4428 894 4482 efficaciae
916 4431 1121 4482 nostra:
1147 4425 1537 4496 intelligendas
1565 4425 1809 4478 derelin-

229 4519 354 4588 quit.
367 4520 723 4585 Idcirco,non
734 4517 822 4571 cui
844 4516 1012 4576 malo,
1045 4514 1142 4570 sed
1157 4513 1431 4580 absolute,
1460 4513 1636 4568 nolite
1665 4513 1806 4566 resi-

227 4613 360 4662 stere
376 4607 710 4674 malo,dixit.
730 4606 1133 4660 Verumtamen
1166 4604 1235 4658 de
1264 4620 1374 4677 quo
1399 4604 1610 4658 diceret
1637 4603 1805 4666 malo,

231 4698 473 4752 continuo
498 4696 669 4751 latius
689 4711 790 4767 per
814 4700 1005 4765 partes
1035 4693 1312 4765 explanat.
1338 4692 1497 4748 Unde
1514 4692 1804 4763 sequitur:

291 4785 348 4840 Si
372 4791 495 4857 quis
515 4792 563 4841 te
588 4788 918 4856 percusserit
937 4787 1001 4838 in
1025 4785 1276 4838 dextram
1306 4786 1620 4849 maxillam,
1637 4783 1812 4850 prxbe

233 4876 314 4928 illi
337 4882 381 4930 et
410 4880 669 4930 alteram.
703 4874 811 4929 Per
833 4873 1088 4928 dextram
1117 4872 1323 4944 quippe
1353 4872 1655 4938 maxillam,
1699 4886 1812 4926 non

236 4961 320 5018 abs
341 4981 402 5019 re
426 4963 768 5020 conscientia
811 4969 1024 5030 nostra,
1067 4978 1236 5034 quam
1283 4962 1588 5017 secundum
1625 4962 1807 5017 Deum

239 5051 507 5123 habemus,
530 5055 909 5126 signiﬁcatur;
931 5053 990 5107 in
1011 5068 1123 5125 qua
1141 5053 1188 5106 si
1210 5052 1333 5124 quis
1351 5069 1455 5107 nos
1472 5051 1810 5124 percusserit

243 5144 492 5216 culpanda
521 5145 674 5216 quod
702 5145 760 5199 in
791 5143 952 5198 nobis
980 5143 1335 5198 notissimum
1365 5158 1430 5197 ac
1468 5141 1810 5213 praecipuum

245 5235 632 5299 cumdel-amns
649 5229 896 5289 ultronei
909 5238 1091 5288 totum
1111 5248 1313 5304 corpus
1331 5232 1402 5286 ad
1423 5231 1804 5302 affligendum,

247 5324 565 5397 priusquam,
592 5325 742 5397 quod
770 5325 1122 5397 potissimum
1153 5329 1257 5390 est,
1279 5320 1580 5393 opprobria
1605 5335 1718 5376 non
1737 5317 1813 5375 f‘e-

250 5420 430 5481 rentes,
452 5416 801 5470 amittamus.
837 5414 931 5468 His
959 5413 1164 5484 quippe
1189 5411 1371 5466 tribus
1395 5411 1694 5482 generibus
1721 5411 1812 5464 in-

191 5525 194 5527 λ
249 5499 494 5567 juriarum
519 5520 686 5560 omne
714 5504 926 5559 malum
955 5503 1246 5575 praesentis
1274 5502 1401 5556 vitze
1426 5499 1810 5572 distinguitur.

254 5580 377 5652 Quia
410 5605 574 5652 omne
621 5593 771 5667 quod
815 5593 1080 5668 patimur,
1113 5597 1214 5650 aut
1255 5590 1317 5648 in
1351 5602 1582 5665 corpore
1621 5594 1814 5648 nostro

1887 3175 2154 3245 Alioquin
2179 3173 2437 3228 Christus
2466 3173 2524 3227 in
2548 3172 2825 3244 passione,
2859 3172 3008 3242 quod
3030 3188 3162 3226 suos
3198 3171 3390 3227 docuit
3407 3171 3488 3227 di-

1888 3263 2149 3334 scipulos,
2179 3280 2292 3318 non
2321 3262 2591 3334 implevit,
2619 3261 2715 3333 qui
2739 3261 3078 3332 percutienti
3106 3277 3166 3316 se
3197 3261 3259 3315 in
3285 3261 3487 3316 maxil-

1886 3353 2019 3418 lam,
2053 3353 2183 3407 licet
2208 3353 2325 3424 pati
2353 3356 2582 3423 paratus
2612 3356 2777 3418 esset,
2811 3351 3047 3406 alteram
3077 3367 3191 3406 non
3220 3349 3487 3421 praebuit.

1883 3443 2095 3497 Verum
2126 3441 2295 3496 simili
2318 3458 2539 3512 quoque
2568 3441 2734 3496 modo
2772 3456 2876 3495 nec
2904 3441 3130 3503 Paulus,
3165 3455 3292 3495 cum
3314 3439 3374 3494 in
3399 3439 3488 3494 fa-

1885 3532 1968 3585 cie
1987 3532 2311 3597 caederetur,
2330 3530 2688 3600 fadimplevit.
2719 3529 2816 3583 Ait
2842 3530 3032 3600 itaque
3053 3528 3291 3600 principi
3311 3545 3492 3584 sacer-

1885 3620 2080 3675 dotum
2106 3637 2118 3675 :
2143 3623 2412 3675 Percutiet
2433 3625 2480 3672 te
2508 3621 2668 3684 Deus,
2693 3622 2880 3687 paries
2899 3620 3145 3672 dealbate
3161 3620 3298 3685 (Act.
3330 3633 3485 3686 xxm,

1889 3708 2043 3781 3).Si
2061 3713 2205 3764 male
2227 3713 2438 3763 locutus
2459 3723 2602 3769 sum,
2629 3709 2851 3776 perhibe
2872 3710 3286 3772 testimonium;
3310 3710 3362 3761 si
3388 3723 3490 3761 au-

1883 3803 1995 3853 tem
2026 3801 2277 3863 bene,cur
2290 3813 2374 3850 me
2393 3795 2550 3850 caedis
2567 3801 2590 3848 'r‘
2609 3797 2792 3863 (Joan.
2815 3809 2971 3861 xvm,
2996 3793 3114 3862 ‘23.)
3133 3794 3279 3858 Quid
3299 3800 3485 3866 putas,

1887 3887 2143 3959 nunquid
2158 3885 2414 3941 Christus
2434 3883 2747 3938 contrarius
2775 3888 2862 3937 est
2889 3883 3181 3954 praeceptis
3201 3882 3355 3937 suis?
3373 3885 3490 3938 Aut

1888 3977 2096 4032 Paulus
2125 3975 2430 4046 discipulus
2458 3973 2708 4028 veritatis
2736 3971 2945 4026 oblitus
2986 3976 3073 4027 est
3115 3972 3264 4042 quod
3294 3972 3347 4026 ei
3369 3973 3488 4042 jus-

1888 4081 2014 4122 sum
2031 4071 2153 4121 erat
2171 4082 2235 4120 ex
2259 4062 2558 4134 Evangelio
2578 4063 2602 4116 ?
2633 4063 2758 4116 Non
2775 4061 2971 4134 utique
2991 4061 3125 4134 quia
3143 4066 3202 4116 et
3229 4061 3488 4118 Christus

1887 4173 1999 4212 non
2049 4155 2232 4210 solum
2265 4154 2503 4207 alteram
2533 4151 2836 4218 maxillam,
2869 4167 3064 4206 verum
3093 4167 3259 4208 omne
3286 4167 3490 4222 corpus

1889 4262 1991 4317 pro
2028 4243 2188 4298 nobis
2229 4243 2534 4296 clementer
2559 4239 2729 4295 simul
2758 4243 2815 4294 et
2842 4240 3090 4294 animam
3119 4241 3178 4294 in
3203 4255 3367 4295 cruce
3395 4238 3488 4295 ob-

1889 4334 2040 4390 tulit.
2065 4334 2136 4388 Et
2168 4332 2378 4386 Paulus
2409 4331 2557 4402 quod
2585 4329 2730 4384 mori
2772 4335 3002 4400 paratus
3031 4336 3178 4385 esset
3205 4347 3306 4401 pro
3334 4328 3492 4385 Chri-

1892 4428 1998 4488 sto,
2034 4426 2229 4493 postea
2267 4419 2451 4491 passio
2484 4418 2755 4489 probavit.
2789 4419 2911 4482 Qua
2939 4419 3008 4473 de
3037 4434 3207 4472 causa
3233 4419 3490 4474 Christus

1894 4511 2000 4564 hoc
2029 4509 2237 4573 docuit,
2271 4508 2418 4579 quod
2445 4523 2510 4560 ex
2545 4505 2808 4576 operibus
2827 4505 3096 4572 exhibuit,
3121 4511 3178 4560 et
3201 4521 3313 4560 non
3339 4507 3489 4577 quod

1891 4603 2129 4673 quisque
2142 4602 2351 4656 delirus
2380 4617 2447 4654 ex
2462 4599 2628 4654 verbo
2659 4599 2946 4669 Evangelii
2971 4599 3230 4654 frivolum
3259 4597 3364 4653 sibi
3389 4601 3491 4654 fin-

1891 4692 1990 4746 xit.
2005 4691 2159 4746 Nihil
2174 4691 2325 4744 enim
2342 4689 2572 4761 prodest
2591 4688 2929 4760 percutienti
2949 4687 3183 4744 alteram
3205 4687 3490 4743 maxillam

1893 4780 2133 4853 praeberi
2161 4779 2364 4846 carnis,
2396 4777 2445 4833 si
2472 4793 2587 4834 non
2613 4793 2742 4832 cum
2772 4793 2839 4831 ea
2868 4777 3136 4832 offeratur
3177 4777 3352 4832 etiam
3388 4777 3490 4832 de-

1891 4876 2022 4924 vota
2042 4869 2269 4924 maxilla
2296 4867 2520 4922 mentis.
2567 4867 2685 4922 Hoc
2729 4866 2935 4938 quippe
2982 4867 3238 4922 Christus
3277 4866 3486 4932 docuit,

1887 4976 2016 5015 cum
2036 4959 2140 5014 ait:
2160 4961 2359 5014 Discite
2375 4974 2410 5011 a
2423 4973 2507 5012 me
2523 4959 2657 5026 quia
2678 4959 2830 5010 mitis
2842 4973 2967 5010 sum
2989 4963 3038 5010 et
3068 4958 3302 5012 humilis
3331 4958 3489 5012 corde

1888 5051 2105 5121 (Matth.
2139 5063 2198 5114 ιι,
2222 5047 2332 5118 29).
2356 5046 2516 5112 Quod
2547 5050 2738 5100 autem
2767 5061 2834 5100 ex
2859 5062 2919 5099 se
2939 5045 3133 5100 docuit
3159 5045 3340 5117 qualis
3367 5062 3491 5101 esse

1891 5139 2093 5195 debeat
2135 5136 2444 5203 humilitas,
2494 5135 2584 5189 hic
2620 5134 2943 5207 descripsit;
3003 5134 3298 5206 descripsit
3335 5135 3491 5191 enim

1889 5231 2072 5284 virum
2101 5226 2516 5297 evangelicum;
2565 5228 2623 5279 et
2657 5224 2782 5278 ideo
2813 5223 3066 5295 quisquis
3093 5223 3152 5278 in
3180 5223 3490 5295 Evangelia

1889 5320 2118 5386 militat,
2142 5317 2308 5372 debet
2333 5319 2564 5386 paratus
2599 5331 2723 5369 esse
2755 5313 2892 5386 pati,
2924 5313 2973 5368 si
3005 5313 3309 5368 necessitas
3335 5313 3491 5371 incu-

1894 5407 2098 5475 buerit,
2129 5423 2230 5479 pro
2259 5403 2580 5476 Evangelio.
2616 5404 2758 5458 Hinc
2787 5419 3008 5474 quoque
3057 5403 3332 5458 Jeremias
3361 5405 3444 5459 ait
3472 5421 3483 5458 :

1896 5501 2109 5554 Bonum
2122 5501 2196 5551 est
2209 5497 2578 5561 homini,cum
2589 5494 2894 5562 portaverit
2901 5495 3104 5561 jugu-m
3119 5493 3490 5548 adolescentia

1897 5601 2026 5656 sum,
2041 5587 2194 5644 dabit
2203 5585 2541 5657 percutienti
2551 5594 2604 5638 se
2615 5581 3192 5653 maxillam,saturabi
3195 5586 3288 5637 tur
3302 5594 3491 5654 appro-
