3938 6174
561 315 668 374 259
1335 308 1392 362 s.
1434 300 1812 360 PASCHASII
1850 297 2210 354 RADBERTI
2248 299 2553 356 ABBATIS
2593 300 3084 358 CORBEIENSIS.
3668 310 3750 369 ξω

565 446 701 499 ὁτῆς
721 440 950 504 (Τιινεη,
970 449 1054 503 ιη,
1081 431 1168 500 27,
1193 429 1304 504 30).
1336 431 1497 496 Quod
1526 434 1713 483 autem
1742 431 2029 481 saturatur
2059 428 2220 496 op-A
2237 442 2458 498 quoque
2486 443 2583 498 spe
2607 426 2878 483 bonorum
2923 428 3240 484 futurorum
3264 431 3379 501 jam
3405 431 3691 504 locupletem
3707 437 3750 492 in

565 531 825 605 probriis,
843 529 898 582 in
912 527 1203 594 dexteram
1224 521 1461 576 interius
1488 515 2005 590 percutitur;quod
2029 531 2155 568 vero
2239 517 2462 571 Christo
2520 533 2640 572 esse
2688 519 2966 572 ostendat.
3030 520 3137 574 Sed
3185 521 3471 576 inﬁdelitas
3502 526 3752 581 multorum

565 620 808 677 exterius
839 616 1122 671 maxillam
1153 611 1397 683 praebere
1421 608 1652 679 jubetur
1679 607 1934 670 alteram,
1967 605 2157 658 dexte—
2237 611 2454 660 mentes
2474 606 2984 676 impraesentiarum
3013 610 3276 664 atrociter
3301 617 3487 666 vastat.
3515 614 3626 668 ldeo
3649 632 3756 670 non-

563 727 684 765 ram
711 708 937 770 scilicet,
963 706 1144 770 291
1185 705 1365 754 totum
1397 714 1598 768 corpus
1636 695 1821 749 offerri
1851 709 1950 765 pro
1977 694 2156 747 Evan-
2238 711 2528 765 nunquam
2560 701 2617 749 et
2647 696 2796 750 inter
2823 697 3221 754 ecclesiasticos
3241 700 3383 755 viros
3409 718 3500 772 pro
3526 702 3665 757 rebus
3688 722 3758 774 pe-

563 799 708 872 gelio
735 797 805 851 ad
817 791 1240 868 percutiendum
1262 787 1579 842 mandatur.
1599 786 1795 854 Itaque
1823 783 2156 836 tandiuver—
2241 785 2504 839 cuniariis
2535 785 2662 839 lites
2692 802 2756 840 ac
2775 786 2968 856 jurgia
2988 791 3530 858 grassantur.Frater
3550 809 3656 846 cum
3675 794 3759 847 fra-

563 881 783 943 beranti
834 880 1152 937 adversario
1219 876 1576 932 succedentes
1625 872 1852 926 sibimet
1899 872 2156 925 dexteras
2238 879 2324 930 tre
2347 875 2560 944 judicio
2589 881 2822 946 pugnat,
2847 881 2903 930 et
2925 893 3090 932 rarus
3114 879 3233 949 jam
3262 879 3355 950 qui
3380 881 3447 934 ad
3475 881 3757 952 hacagendo

563 976 809 1050 prabere
839 971 1122 1035 debemus,
1143 981 1434 1038 quousque
1451 961 1779 1018 autinimici
1810 961 1896 1014 ira
1923 976 2154 1014 conver-
2238 963 2323 1016 vel
2353 963 2600 1016 docendo
2629 979 2860 1018 manum
2890 965 3094 1020 mittat.
3126 967 3315 1022 Manet
3339 973 3518 1023 tamen
3537 971 3762 1024 sententia

559 1049 703 1122 titur
730 1066 787 1117 in
817 1061 969 1134 pacis
1007 1064 1064 1113 et
1101 1073 1246 1111 vera
1276 1053 1592 1109 dilectionis
1630 1049 2024 1116 concordiam;
2058 1054 2157 1102 aut
2241 1069 2352 1123 qua
2373 1053 2585 1106 dictum
2600 1058 2685 1106 est
2709 1072 2719 1107 :
2743 1055 2851 1120 Qui
2872 1059 3089 1109 solverit
3108 1059 3363 1111 unumde
3383 1060 3635 1112 mandatis
3653 1063 3760 1123 istis,

560 1161 713 1211 totus
739 1154 908 1206 homo
933 1149 1128 1203 dexter
1164 1143 1404 1214 ﬂagellis
1433 1159 1498 1196 ac
1538 1138 1890 1212 PaSSiOHibUS
1926 1138 2157 1191 affectus
2239 1147 2286 1195 et
2311 1143 2556 1196 docuerit
2580 1145 2677 1209 sic,
2694 1145 2967 1198 minimus
2982 1148 3265 1199 vocabitur
3281 1149 3344 1200 in
3365 1163 3520 1214 regno
3537 1151 3762 1203 calorum.

562 1245 950 1299 holocaustum
1003 1238 1120 1290 ﬁat.
1177 1236 1313 1288 Ecce
1361 1231 1574 1302 liquido
1614 1234 1770 1300 patet
1804 1225 2157 1299 perfectionis
2239 1231 2423 1301 Atque
2453 1230 2586 1284 illud
2625 1249 2636 1284 :
2684 1233 2811 1285 Nisi
2834 1235 3201 1288 abundaverit
3239 1239 3460 1304 justitia
3486 1242 3640 1290 vestra
3670 1241 3766 1306 plus

557 1351 697 1406 apex
731 1334 1007 1402 quantum
1055 1325 1228 1378 distet
1255 1321 1325 1375 ab
1381 1319 1645 1390 angustia
1689 1317 1864 1387 legis;
1907 1315 2154 1406 profecto
2236 1336 2400 1388 quam
2425 1320 2753 1376 Scribarum
2775 1326 2825 1374 et
2854 1323 3280 1390 Pharisaorum,
3308 1341 3415 1378 non
3445 1327 3694 1379 inn-abitis
3717 1329 3762 1379 ίη

560 1404 693 1495 quia
718 1421 806 1474 lex
825 1416 1109 1472 carnalem
1129 1411 1398 1484 populum
1422 1425 1534 1464 non
1553 1409 1740 1462 minus
1770 1411 1952 1460 metus
1981 1404 2156 1495 vindi-
2238 1425 2405 1474 regno
2436 1413 2713 1463 caelorum.
2745 1410 2903 1464 Unde
2924 1411 3134 1481 cogitet
3154 1413 3303 1483 apud
3325 1430 3382 1468 se
3400 1413 3564 1468 ﬁdelis
3583 1414 3768 1485 quisque

558 1494 661 1567 cta
689 1505 997 1572 coercebat,
1039 1519 1209 1574 quam
1229 1500 1466 1555 furiosas
1485 1514 1681 1552 eorum
1709 1501 1926 1550 mentes
1944 1494 2156 1548 talione
2238 1497 2478 1562 auditor,
2505 1503 2561 1551 et
2587 1515 2700 1552 non
2730 1506 2999 1569 sequatur
3019 1502 3318 1571 plurimam
3347 1503 3491 1573 vulgi
3517 1503 3769 1556 mulﬁtudj.

559 1617 717 1657 sava
745 1595 974 1652 ultionis
1003 1599 1327 1662 temperans
1364 1587 1678 1658 mitigabat.
1726 1584 1998 1639 Dominus
2027 1599 2156 1636 vero
2239 1601 2388 1638 nem.
2416 1585 2536 1639 Imo
2563 1593 2994 1657 praceptorum,
3016 1605 3081 1642 ac
3108 1606 3413 1660 paucorum
3433 1591 3608 1661 utique
3632 1591 3768 1661 ρθινῑε.

560 1691 620 1744 in
647 1685 948 1756 Evangelio
978 1682 1148 1736 ﬁdem
1189 1684 1461 1743 nostram,
1495 1693 1617 1747 qua
1666 1691 1767 1746 per
1803 1671 2212 1756 dilectionem_
2241 1678 2458 1728 ctorum
2497 1679 2690 1728 teneat
2715 1677 2969 1746 exempla
3001 1694 3012 1730 :
3039 1679 3188 1748 quod
3214 1680 3321 1750 etsi
3349 1679 3518 1734 ardua
3543 1685 3656 1733 sunt
3675 1698 3767 1750 quae

562 1781 846 1850 operatur,
879 1773 1044 1826 rebus
1069 1770 1206 1841 ipsis
1228 1769 1418 1822 volens
1449 1765 1705 1837 probare,
1739 1779 1852 1816 non
1883 1762 2064 1816 solum
2093 1750 2219 1814 utB
2232 1762 2523 1834 jubentur,
2555 1780 2769 1818 merces
2798 1782 2992 1820 eorum
3012 1767 3238 1838 capiosa
3263 1768 3320 1822 in
3348 1769 3492 1822 caelis
3523 1769 3768 1840 repromit-

562 1867 796 1939 quisque
825 1863 930 1918 sibi
959 1859 1178 1931 injuria
1206 1859 1373 1911 illata
1393 1855 1592 1908 vindex
1631 1854 1730 1907 ﬁat
1764 1850 2040 1923 prohibet,
2070 1866 2156 1904 ve-
2236 1853 2392 1906 titur.
2420 1853 2674 1906 Tradunt
2700 1861 2889 1908 autem
2919 1854 2977 1908 in
3007 1856 3109 1910 hoc
3129 1857 3326 1912 eodem
3349 1858 3589 1912 altiorem
3611 1859 3772 1912 intelli-

560 1973 687 2012 rum
717 1954 906 2017 etiam,
949 1947 1397 2004 dissimulatione
1440 1942 1791 1998 contumelia
1824 1957 1992 2012 quam
2035 1955 2157 2010 pcr-
2235 1941 2437 2013 gentia
2467 1959 2714 2010 sensum,
2745 1948 2809 1997 ut
2837 1961 2939 2014 per
2964 1945 3214 2000 tunicam
3243 1947 3578 2017 intelligatur
3604 1947 3766 2012 anima,

560 2061 756 2117 pessus
787 2047 890 2107 est,
923 2044 1218 2111 pratense,
1268 2035 1515 2107 prabere
1539 2032 1720 2104 jubet,
1754 2035 1811 2085 et
1840 2030 1988 2101 quod
2013 2027 2154 2082 resi-
2237 2048 2338 2102 per
2361 2031 2590 2101 pallium
2625 2049 2757 2086 vero
2788 2049 2990 2104 corpus
3019 2036 3299 2102 exterius;
3334 2043 3594 2108 quatenus
3615 2038 3654 2091 si
3677 2036 3772 2106 quis

558 2135 733 2189 duum
764 2137 867 2198 est,
895 2135 961 2184 ut
985 2129 1264 2198 ingenuus
1289 2126 1456 2180 homo
1485 2128 1678 2178 noster
1699 2120 1872 2175 libere
1905 2118 2052 2189 quod
2071 2123 2156 2171 est
2237 2120 2487 2174 animam
2519 2126 2676 2174 tuam
2701 2122 2935 2192 perdere
2965 2123 3222 2191 voluerit,
3257 2126 3502 2181 dimittas
3546 2127 3592 2180 ei
3615 2132 3662 2180 et
3685 2141 3772 2178 cor-

555 2241 658 2296 pro
686 2221 923 2276 Domino
944 2217 1211 2289 patiatur.
2237 2227 2342 2280 pus
2371 2211 2429 2263 in
2459 2211 2750 2281 martyrio.
2794 2212 2974 2266 Simili
3005 2213 3171 2268 modo
3196 2219 3254 2268 et
3297 2216 3366 2269 de
3407 2216 3614 2270 maxilla
3638 2215 3771 2268 alium

629 2314 695 2367 Et
717 2315 784 2377 ei,
812 2308 1017 2378 inquit,
1062 2308 1160 2374 qui
1196 2307 1313 2357 vult
1354 2307 1527 2355 tecum
1558 2301 1774 2369 judicio
1816 2298 2152 2361 contendere,
2238 2298 2427 2352 ferunt
2455 2315 2682 2353 sensum
2715 2318 2725 2352 :
2758 2305 2823 2354 ut
2843 2301 2890 2354 si
2911 2301 3035 2372 quis
3062 2303 3450 2359 hareticorum
3467 2312 3519 2359 te
3547 2319 3775 2375 percusse-

558 2406 608 2457 et
639 2402 890 2454 tunicam
923 2403 1077 2450 tuam
1109 2396 1313 2458 tollere,
1346 2392 1560 2443 remitte
1581 2391 1632 2441 ei
1658 2393 1703 2441 et
1740 2389 2001 2455 pallium.
2035 2385 2159 2449 Qua
2239 2387 2387 2442 ritin
2408 2405 2519 2442 uno
2544 2389 2958 2459 Scripturarum
2978 2391 3591 2465 testimonio,prabeilli
3611 2392 3777 2448 etalte-

558 2489 831 2546 nimirum
851 2482 1146 2547 sententia,
1174 2497 1286 2534 non
1316 2478 1480 2532 modo
1504 2476 1738 2530 humani
1763 2475 1959 2546 judicii
1990 2475 2158 2529 susti-
2240 2494 2387 2543 rum,
2414 2494 2705 2548 quousque
2725 2478 2771 2532 is
2795 2479 3026 2534 veritate
3048 2481 3245 2547 victus,
3271 2484 3492 2538 tandem
3518 2483 3773 2553 resipiscat.

559 2595 694 2634 nere
735 2575 898 2648 jubet
940 2574 1001 2627 in
1041 2571 1209 2626 rebus
1235 2567 1458 2623 caducis
1486 2567 1729 2620 violenta
1765 2565 1989 2619 decreta
2015 2564 2154 2618 diri-
2309 2568 2375 2620 Et
2405 2570 2504 2636 qui
2535 2572 2602 2633 te,
2634 2566 2837 2637 inquit,
2868 2573 3257 2636 angariaverit
3285 2575 3438 2627 mille
3461 2588 3653 2642 passus,
3676 2570 3777 2626 vade

556 2667 828 2740 Pientillm
863 2668 1074 2728 nostra,
1121 2675 1312 2714 verum
1361 2673 1485 2712 Cum
1527 2656 1813 2709 V0|untate
1854 2653 2148 2719 libertatiS,
2236 2673 2361 2711 cum
2390 2659 2488 2710 illo
2515 2661 2563 2709 et
2592 2659 2710 2710 alia
2731 2659 2858 2710 duo.
2891 2659 3016 2712 Non
3044 2659 3228 2713 solum
3274 2661 3448 2731 igitur
3493 2661 3777 2716 vestimenta

555 2757 607 2812 si
639 2756 766 2828 quis
789 2752 1028 2808 voluerit
1055 2748 1281 2804 violenti
1297 2746 1509 2818 judicio
1531 2745 1780 2799 tunicam
1802 2743 2040 2809 auferre,
2062 2759 2153 2797 re-
2236 2745 2356 2799 sine
2377 2744 2588 2814 judicio
2639 2745 3036 2813 altercationis,
3078 2749 3176 2802 sed
3223 2755 3281 2803 et
3319 2751 3553 2822 teipsum
3587 2747 3779 2803 concede

555 2847 845 2902 mittamus
874 2843 926 2897 ei
955 2846 1012 2895 et
1040 2839 1291 2912 pallium,
1325 2842 1383 2890 et
1411 2834 1653 2889 nolimus
1686 2833 1948 2886 resistere
1981 2831 2150 2886 malo.
2237 2833 2308 2888 ei.
2362 2835 2578 2904 Nempe
2621 2835 2927 2889 secundum
2967 2836 3335 2908 antiquorum
3376 2839 3780 2894 consuetudinem

545 2938 723 3002 Sane,
774 2949 876 3004 per
903 2931 1176 2993 tunicam,
1209 2925 1482 2997 quidquid
1529 2922 1690 2976 nobis
1733 2938 1797 2975 ex
1841 2919 2156 2975 substantia
2237 2927 2323 2976 est
2349 2922 2586 2978 locutus.
2612 2923 2772 2978 Unde
2793 2941 2904 2978 non
2926 2925 3091 2979 modo
3103 2927 3131 2980 J
3137 2943 3286 2994 esus,
3305 2929 3403 2983 sed
3423 2934 3478 2983 et
3504 2929 3674 2983 Simon
3701 2927 3782 2997 Cy-

556 3025 736 3093 magis
749 3019 1125 3076 necessarium
1148 3021 1251 3082 est,
1275 3020 1426 3067 recte
1445 3011 1776 3082 accipimus;
1803 3026 1902 3080 per
1924 3009 2156 3079 pallium
2237 3029 2456 3067 renaus
2485 3013 2810 3083 angariatus
2855 3020 2938 3068 est
2979 3032 3202 3070 crucem
3248 3024 3382 3088 post
3421 3035 3545 3073 eum
3581 3022 3781 3089 portare.

555 3129 707 3178 vero,
737 3111 784 3164 si
833 3108 966 3179 quid
995 3125 1060 3161 ex
1108 3105 1392 3174 superfluo
1435 3101 1678 3154 exterius
1721 3099 2011 3166 dilatatur,
2042 3111 2212 3170 nonc
2238 3103 2474 3156 Crucem
2521 3102 2581 3156 in
2626 3104 2918 3174 angariam
2963 3110 3166 3175 portat,
3216 3108 3472 3178 quisquis
3505 3107 3783 3161 necessitate

555 3198 1013 3256 inconvenienter
1047 3194 1303 3248 dicimus.
1338 3189 1551 3255 Quibus
1592 3187 1809 3242 duobus
1838 3187 2030 3241 omnia
2057 3187 2154 3241 illa
2237 3191 2342 3246 sibi
2371 3191 2654 3262 impOSita,
2683 3199 2870 3258 πθει
2900 3210 3013 3248 non
3040 3194 3163 3249 dico
3187 3196 3783 3268 evangelizandi,verum

553 3291 952 3360 intelliguntur
998 3286 1066 3339 de
1100 3282 1302 3354 quibus
1334 3279 1549 3350 judicio
1578 3277 1867 3332 nobiscum
1895 3276 2155 3330 contendi
2231 3282 2394 3351 juxta
2425 3281 2809 3351 Evangelium,
2843 3283 3052 3337 mundo
3075 3284 3392 3352 cruciﬁxus,
3424 3303 3541 3356 qua
3569 3282 3781 3356 ponderis

554 3385 772 3454 potest;
796 3379 876 3432 ita
891 3381 957 3431 ut
983 3377 1229 3429 anostro
1245 3373 1374 3442 jure
1397 3369 1456 3423 in
1479 3370 1572 3438 jus
1595 3367 1764 3433 illius,
1785 3371 2003 3437 sponte,
2033 3365 2154 3420 sine
2237 3376 2371 3424 sunt
2417 3375 2473 3423 et
2515 3375 2681 3424 astus
2712 3371 2880 3441 hujus
2929 3373 3137 3440 saeculi,
3173 3373 3409 3429 devotus
3440 3375 3676 3430 sustinet.
3703 3371 3781 3427 Cui

554 3470 726 3525 ullius
744 3467 860 3521 litis
900 3462 1277 3526 contentione,
1302 3458 1545 3528 diripere
1576 3454 1885 3526 [F.,diripi]
1904 3454 2153 3524 gaudea-
2236 3465 2386 3513 recte
2407 3459 2614 3513 dicitur
2645 3485 2655 3518 ε
2689 3460 2753 3515 Si
2781 3464 2904 3528 quis
2944 3466 2991 3514 te
3017 3465 3406 3530 angariaverit
3439 3467 3584 3519 mille
3608 3477 3780 3532 passus,

537 3575 699 3613 ‘mus-
735 3554 894 3610 unde
914 3551 1124 3606 Palllus
1141 3563 1272 3602 suos
1290 3544 1613 3600 conanda“
1633 3542 1918 3596 anditores
1944 3560 1955 3594 ε
1982 3543 2047 3595 Εἰ
2062 3557 2152 3596 να·
2233 3550 2367 3602 vade
2391 3566 2518 3602 cum
2549 3552 2648 3603 illo
2668 3554 2717 3602 et
2741 3552 2859 3604 alia
2879 3551 3005 3603 duo.
3037 3552 3117 3604 Ac
3146 3551 3193 3605 si
3222 3552 3395 3620 dicat,
3426 3553 3558 3608 vade
3584 3569 3694 3608 cum
3712 3550 3784 3604 illo

546 3650 768 3718 pinam,
789 3642 1270 3713 inquit,bonorum
1289 3640 1598 3690 vestrorum
1613 3648 1738 3686 cum
1757 3634 1959 3700 gaudio
1979 3648 2152 3686 susce-
2235 3638 2347 3692 alia
2374 3638 2503 3702 duo,
2537 3642 2602 3692 ut
2648 3638 2723 3692 sis
2769 3655 2881 3692 non
2925 3644 3043 3694 tam
3073 3640 3309 3711 pedibus
3335 3660 3502 3714 quam
3549 3659 3608 3696 ex
3633 3640 3784 3695 animo

535 3739 711 3808 “pisi-is
745 3735 923 3806 (Hebr.
966 3747 1018 3796 x,
1052 3727 1162 3798 34).
1194 3725 1348 3790 Quod
1390 3723 1437 3777 si
1466 3723 1534 3776 de
1563 3721 1892 3776 necessariis
1921 3721 2044 3774 vita
2070 3721 2088 3774 i

2234 3733 2485 3798 paratus.
2523 3727 2631 3782 Sed
2655 3744 2755 3781 cur
2783 3729 2934 3782 mille
2979 3745 3178 3800 passus
3209 3731 3417 3788 dixerit
3455 3739 3509 3787 et
3557 3748 3658 3785 non
3685 3729 3783 3801 plus

549 3821 836 3880 dumentis
855 3818 1144 3890 accipitur,
1169 3820 1378 3884 quanto
1396 3810 1576 3882 magis
1594 3810 1878 3881 superﬂua
1901 3814 2152 3863 contem-
2235 3822 2334 3871 aut
2361 3816 2568 3883 minus,
2601 3816 2830 3872 omnino
2858 3834 2971 3872 non
3001 3819 3121 3873 sine
3146 3822 3418 3891 mygteﬁo
3439 3822 3636 3876 factum
3659 3834 3782 3882 rem;

549 3931 683 3970 nere
725 3907 1028 3966 debemus?
1075 3907 1220 3961 Nam
1248 3903 1370 3956 istis
1399 3901 1616 3956 duabus
1645 3899 1953 3970 speciebus,
1985 3915 2151 3967 gene-
2231 3907 2545 3977 prasertim
2573 3912 2694 3960 tum
2725 3912 2782 3960 et
2818 3907 2928 3960 alia
2957 3908 3067 3962 duo
3096 3925 3224 3963 cum
3268 3927 3337 3964 eo
3367 3911 3466 3978 ire,
3511 3927 3606 3964 nec
3629 3914 3784 3964 tamen

547 4005 739 4060 raliter
768 3999 950 4055 omnis
975 3993 1225 4068 pecunia
1267 3990 1492 4045 habitus
1536 3988 1978 4042 contemnendus
2027 4003 2147 4040 esse
2231 4012 2263 4049 α
2286 4011 2552 4049 mensura
2569 3995 2721 4050 mille
2744 4012 3010 4066 passuum
3033 3998 3292 4053 recedere
3309 4017 3422 4054 non
3428 3999 3784 4071 jubet.Quippe

548 4094 915 4148 monstratur.
948 4083 1108 4139 Unde
1156 4080 1386 4151 quidam
1433 4079 1803 4149 interpretum
1846 4093 1945 4147 pro
1977 4076 2145 4146 pallio
2228 4085 2274 4138 si
2305 4085 2376 4138 ad
2407 4084 2560 4138 mine
2593 4084 2704 4138 alia
2731 4085 2840 4139 duo
2871 4102 3137 4156 passuum
3171 4088 3353 4142 millia
3381 4089 3667 4152 addideris,
3694 4085 3780 4139 tria

545 4181 942 4236 vestimentum
969 4168 1325 4241 interpretati
1349 4173 1498 4221 sunt
1532 4168 1601 4220 Et
1621 4169 1796 4221 Lucas
1816 4182 1976 4219 Versa
2004 4165 2139 4232 νίοθν
2225 4174 2402 4228 millia
2430 4175 2594 4228 ﬁunt.
2616 4174 2691 4228 Ut
2709 4173 2852 4229 sicut
2874 4175 3136 4246 perfectio
3153 4177 3478 4247 passionum
3499 4178 3666 4232 tribus
3683 4174 3778 4228 istis

544 4269 702 4342 prius
720 4267 1105 4320 vestimentum
1119 4256 1484 4322 dixit,deinde
1504 4259 1752 4309 tunicam
1775 4272 1840 4308 ne
1855 4256 2142 4322 prohibeas
2223 4263 2867 4334 praedicaturexemplis:
2893 4264 2971 4318 sic
3000 4265 3261 4319 ultimum
3288 4267 3443 4322 verbi
3473 4269 3631 4321 ﬁnem
3657 4263 3778 4318 trino

535 4361 698 4428 ’(Ῑιυσσ
731 4373 802 4416 Vis
832 4353 940 4421 29)ο
976 4350 1054 4404 ΕΚ
1094 4365 1203 4418 quo
1229 4350 1386 4418 Patet
1411 4361 1512 4416 Per
1547 4345 1796 4398 tunicam
1824 4343 2204 4446 necessarian
2223 4353 2496 4408 conclusit
2521 4369 2775 4418 uumero,
2818 4357 2874 4407 et
2900 4354 3297 4424 perfectionem
3323 4356 3382 4410 in
3425 4374 3489 4411 eo
3519 4349 3777 4410 millenarii

549 4461 783 4520 quaque
835 4439 1072 4510 intelligi
1123 4436 1358 4504 debere;
1413 4451 1513 4506 per
1562 4433 1952 4487 vestimentum
2007 4448 2136 4486 vero
2157 4433 2202 4446 ”
2221 4443 2581 4498 consecravit.
2614 4443 2958 4498 Millenarius
2987 4460 3230 4515 namque
3254 4445 3315 4499 in
3344 4446 3468 4516 lege
3492 4443 3690 4499 sabbati
3711 4444 3778 4494 est

545 4536 732 4592 omnia
763 4549 884 4604 qua
903 4532 1240 4601 supersunt:
1272 4529 1542 4595 tanquam
1571 4522 1618 4576 si
1645 4522 1872 4585 diceret,
1899 4520 1995 4590 qui
2023 4521 2140 4575 vult
2219 4531 2349 4601 iter,
2380 4531 2513 4602 quia
2541 4532 2665 4602 plus
2696 4549 2865 4602 quam
2902 4532 3054 4587 mille
3103 4550 3300 4604 passus
3354 4535 3436 4589 ire
3484 4535 3542 4589 in
3583 4531 3777 4588 sabbato

535 4643 614 4683 'ea
629 4628 818 4691 292
833 4617 1068 4692 (Ιυεθῖίδί
1085 4616 1156 4670 ad
1170 4631 1415 4686 Prii?sons
1429 4613 1654 4684 copiosa
1665 4611 1906 4664 afﬂuunt
1917 4611 2132 4676 ίοῙῙθΓθν
2219 4636 2332 4675 non
2363 4619 2583 4675 licebat.
2609 4622 2727 4674 Hoc
2747 4621 2920 4691 igitur
2939 4621 3156 4676 sabbati
3173 4623 3376 4678 itinere
3396 4623 3653 4695 spiritalis
3681 4634 3778 4691 per-

545 4715 778 4772 remitte
801 4711 854 4765 ei
885 4715 944 4764 et
969 4707 1018 4762 si
1051 4705 1184 4778 quid
1204 4704 1326 4758 vita
1355 4701 1733 4757 necessarium
1754 4699 1945 4755 habes.
1972 4699 2139 4753 Indu-
2218 4709 2382 4764 factio
2411 4710 2798 4779 designantun
2827 4711 2953 4765 Non
2984 4711 3115 4765 licet
3151 4713 3301 4766 enim
3351 4713 3406 4767 in
3439 4712 3658 4767 sabbato
3681 4725 3779 4763 ser.

543 4809 800 4861 mentum
827 4813 1072 4868 namque
1099 4793 1326 4848 habitus
1357 4798 1444 4847 est
1459 4790 1732 4857 hominis;
1760 4789 1986 4843 habitus
2005 4805 2136 4844 vero
2218 4797 2351 4852 vilia
2379 4815 2550 4869 opera
2579 4815 2853 4866 exercere,
2905 4800 3004 4854 sed
3041 4817 3266 4872 semper
3299 4820 3422 4873 quae
3459 4796 3778 4874 perfectionis

542 4896 715 4952 etiam
754 4889 902 4962 aP‘Jd
944 4883 1325 4958 PhilOSOPhOSa
1373 4880 1696 4936 universam
1724 4878 2135 4949 'SuPeueCtilem
2217 4893 2367 4952 sunt,
2388 4886 2631 4958 ingenue
2648 4905 2712 4942 ac
2731 4889 3038 4944 liberaliter
3057 4892 3278 4946 sectari.
3304 4892 3385 4946 Ea
3411 4893 3617 4946 scilicet
3639 4899 3778 4958 agere

542 4984 805 5055 designat
845 4974 1228 5050 possessionis.
1280 4970 1476 5027 Omnis
1509 4970 1699 5040 itaque
1745 4967 1936 5022 tunica
1974 4972 2097 5021 vest

2220 4975 2503 5044 debemus,
2528 4993 2650 5048 qua
2671 4978 2742 5032 ad
2764 4978 3019 5033 futurum
3045 4979 3366 5050 pertineant
3394 4981 3691 5044 sabbatum,
3720 4975 3775 5028 de

543 5077 801 5128 mentum
825 5071 929 5129 est,
961 5063 1059 5118 sed
1088 5078 1200 5116 non
1227 5076 1392 5115 omne
1417 5058 1816 5113 vestimentum
1838 5055 2030 5109 tunica
2048 5071 2098 5109 vc

2219 5082 2328 5136 quo
2357 5066 2531 5120 Isaias
2561 5085 2571 5118 :
2609 5068 2755 5133 Erit,
2787 5069 2990 5139 inquit,
3016 5070 3304 5124 sabbatum
3343 5087 3408 5124 ea!
3435 5072 3645 5125 sabbato
3669 5066 3772 5133 (13a.

543 5158 870 5220 catur.ldeo
889 5158 1119 5210 vocatur
1139 5150 1288 5222 quod
1316 5149 1502 5203 minus
1522 5153 1609 5202 est
1635 5145 2016 5202 necessarium
2037 5159 2136 5215 per
2215 5172 2354 5222 wa,
2395 5154 2506 5220 23).
2539 5156 2682 5220 Quia
2713 5157 2806 5228 qui
2831 5157 2920 5212 hic
2947 5158 3006 5212 in
3044 5162 3467 5229 praesentiarum
3493 5176 3526 5213 a
3549 5167 3776 5231 perverso

539 5251 939 5308 vestimentum
969 5263 982 5298 ε
1023 5248 1123 5298 aut
1146 5239 1420 5312 qnidqlﬁd
1446 5238 1684 5309 amplius
1714 5243 1772 5292 et
1798 5250 2134 5305 magnarum
2215 5243 2641 5300 sabbatizaverit
2660 5263 2843 5316 opere,
2877 5247 3031 5302 illinc
3059 5265 3124 5302 ex
3148 5247 3254 5303 isto
3282 5249 3528 5321 quiescet
3553 5249 3609 5302 in
3633 5242 3776 5298 cccle-

537 5355 734 5398 Υθῐυῐῐι
783 5336 1016 5392 Υαεαὶῐδε
1046 5337 1151 5399 est:
1185 5346 1299 5384 ηοη
1328 5328 1427 5382 abs
1456 5344 1518 5381 ΓΘ
1547 5325 1956 5381 contemnenda
1978 5341 2133 5378 mon-
2213 5332 2285 5386 sti
2315 5333 2702 5390 retributione.
2737 5335 3024 5405 Siquidem
3076 5341 3226 5391 recte
3264 5338 3415 5392 vadit
3441 5353 3566 5391 cum
3594 5351 3654 5388 eo
3681 5329 3775 5385 alia

542 5436 774 5489 stratur.
807 5422 1231 5482 Contemnenda
1267 5419 1444 5491 igitur
1484 5421 1571 5472 est
1597 5415 1877 5472 sacularis
1895 5414 2130 5469 facultas
2211 5421 2342 5487 duo,
2381 5424 2478 5494 qui
2503 5441 2734 5496 corpore
2758 5429 2980 5480 tantum
3009 5425 3067 5480 in
3117 5428 3382 5482 servitute
3429 5425 3705 5496 redigitur,
3734 5415 3772 5471 si

542 5520 884 5584 Christiano,
934 5521 1000 5572 ut
1044 5515 1271 5569 inanem
1309 5509 1610 5564 stultorum
1653 5506 2036 5577 cupiditatem,
2073 5510 2130 5558 et
2210 5510 2431 5581 integer
2463 5513 2692 5583 spiritus
2723 5518 2780 5568 et
2820 5515 3010 5570 anima
3037 5532 3163 5570 cum
3197 5533 3262 5571 eo
3288 5517 3485 5572 devota
3531 5515 3584 5568 in
3629 5507 3771 5566 servi.

536 5611 844 5672 vanitatem
858 5603 1187 5664 insatiabilis
1207 5599 1455 5657 avaritia
1469 5596 1779 5652 liberaliter
1805 5596 2042 5669 arguat;
2069 5611 2128 5654 se
2209 5599 2289 5656 tio
2316 5599 2412 5658 illo
2442 5603 2792 5676 angariante,
2819 5611 3236 5663 conservantur.
3270 5606 3372 5663 His
3399 5605 3600 5679 quippe
3623 5594 3769 5676 parti-
