3938 6174
217 216 298 276 261

979 221 1362 280 EXPOSITIO
1401 223 1477 278 IN
1518 220 1961 277 MATTHEUM.
2006 253 2070 264 --
2110 226 2246 282 LIB.
2289 229 2388 298 III,
2431 230 2587 285 CAP.
2630 231 2696 286 V.

3369 233 3474 293 262

219 343 306 398 bus
357 344 663 400 secundum
712 345 1068 416 Apostolum,
1118 352 1272 403 totus
1307 348 1475 402 homo
1516 347 1861 420 perfectusA
1880 347 2021 404 lucri
2050 356 2108 406 et
2135 369 2309 408 usura
2339 354 2546 425 passim
2578 353 3243 412 condemnantur.Fenus
3262 373 3475 414 veroex

219 439 674 500 aonnumeratur;
731 440 788 488 et
846 434 972 489 ideo
1019 452 1132 490 non
1173 437 1412 492 absurde
1452 437 1799 492 millenarius

217 538 472 576 numerus
491 523 806 595 triplicatus
845 529 946 578 est.
999 526 1086 579 Ita
1124 531 1316 581 tamen
1347 532 1411 581 ut
1440 532 1596 582 extra
1622 527 1799 599 perfe-

215 611 442 665 ctionem
473 618 532 666 et
556 612 831 667 libertatis
868 612 1166 670 sabbatum
1195 616 1486 670 consensio
1515 616 1796 670 servitutis

217 717 315 755 non
343 701 577 756 excedat
600 720 612 768 ;
641 703 739 756 sed
767 702 1006 773 ingenue
1036 704 1094 759 in
1122 721 1232 775 quo
1261 705 1643 776 angariamur,
1676 704 1799 759 abs-

216 807 310 860 que
331 795 581 861 peccato,
618 792 768 862 quod
813 797 899 846 est
951 793 1169 860 servile,
1201 810 1454 866 corpore,
1500 794 1707 860 anima,
1742 799 1799 849 et

213 879 402 950 spiritu
423 880 791 950 perferamus.
816 882 958 936 Nam
986 899 1087 953 per
1103 883 1249 938 hanc
1267 884 1487 938 itineris
1504 883 1798 954 angariam

215 969 442 1023 servitus
473 970 658 1040 operis
688 970 1033 1041 designatur,
1065 977 1130 1026 ut
1159 989 1269 1028 non
1298 975 1478 1028 solum
1498 973 1699 1044 privati
1713 989 1799 1027 re-

214 1058 303 1113 bus
333 1059 620 1130 patienter
664 1059 929 1127 feramus,
965 1078 1179 1125 verum,
1213 1068 1270 1117 et
1309 1063 1356 1116 si
1402 1062 1712 1133 redigimur
1738 1062 1798 1117 in

210 1147 510 1214 servitium,
547 1149 939 1220 aequanimiter
974 1151 1221 1205 ultronei
1246 1167 1604 1223 peragamus.
1635 1151 1794 1216 Quod

209 1235 338 1290 bene
394 1237 624 1303 Paulus,
664 1238 865 1293 harum
910 1239 1087 1294 trium
1134 1241 1460 1311 passionum
1514 1257 1795 1295 summam

206 1341 555 1393 enumerans,
576 1327 657 1382 ait
688 1345 698 1380 :
731 1326 1044 1395 Sustinetis,
1071 1331 1122 1382 si
1144 1333 1267 1397 quis
1284 1346 1372 1383 vos
1394 1333 1456 1384 in
1479 1333 1797 1392 servitutem

208 1417 422 1483 redigit,
454 1419 508 1470 si
525 1419 649 1485 quis
668 1418 907 1484 devorat,
925 1420 1117 1488 siquis
1137 1421 1350 1487 accipit,
1377 1421 1427 1472 si
1445 1422 1569 1488 quis
1589 1422 1799 1474 extolli-

205 1507 368 1570 εωθβί
386 1509 515 1574 quis
541 1508 606 1560 in
633 1506 831 1573 faciem
866 1522 953 1560 vos
983 1509 1138 1561 caedit
1171 1509 1247 1575 (II
1269 1509 1390 1564 Car.
1425 1522 1486 1574 II,
1519 1505 1630 1573 20).
1662 1509 1798 1563 Ecce

1881 446 2156 511 praecepto
2188 443 2346 512 quasi
2366 443 2602 513 justitia:
2623 442 2939 500 membrum
2969 446 3337 502 collaudatur.
3370 449 3477 504 Ne-

1881 543 1988 597 que
2019 530 2167 584 enim
2196 532 2509 602 putandum
2548 537 2636 586 est
2668 534 2817 604 quod
2848 535 3085 590 Domino
3115 553 3228 591 non
3257 537 3476 608 placeat

1880 617 1986 670 etsi
2009 619 2174 673 homo
2213 620 2539 687 reddiderit,
2571 621 2816 692 profecto
2855 639 2980 678 cum
3012 625 3069 680 id
3109 642 3172 679 ex
3201 631 3477 698 praecepto

1879 703 2066 772 facias,
2109 713 2331 763 tantum
2359 726 2430 764 ne
2461 710 2750 776 avertaris,
2792 717 2850 765 et
2879 713 3096 768 nullum
3133 715 3364 770 secteris
3392 715 3477 770 lu-

1879 813 2037 851 crum
2067 803 2439 867 terrenarum,
2469 802 2602 872 quia
2623 802 2774 872 apud
2805 819 2932 858 eum
2961 805 3056 875 qui
3079 805 3243 876 jubet
3272 806 3478 862 infruc-

1878 891 2106 940 tuosum
2136 904 2249 941 non
2300 889 2426 943 erit.
2471 890 2636 956 Nam,
2671 907 2859 962 supra,
2895 893 3028 963 quid
3058 899 3254 949 contra
3284 912 3478 967 perse-

1881 976 2161 1030 cutionem
2175 982 2232 1031 et
2247 993 2437 1032 rerum
2458 978 2775 1034 violentiam
2792 997 2958 1051 agere
2979 981 3302 1049 debeamus,
3326 1001 3478 1040 nunc

1881 1064 2014 1135 quid
2053 1065 2310 1120 beneﬁcii
2336 1067 2648 1121 voluntarie
2679 1069 2800 1123 sine
2828 1071 2998 1125 ullius
3026 1071 3078 1125 vi
3098 1073 3476 1143 querentibus

1876 1153 2219 1224 impendere.
2242 1155 2349 1210 Sed
2375 1156 2601 1226 quidam
2629 1157 2916 1228 refugiunt
2939 1159 3056 1214 haec
3082 1160 3151 1215 de
3172 1163 3474 1232 pecunario

1878 1253 1984 1293 usu
2013 1256 2174 1310 posse
2214 1233 2471 1311 intelligi.
2496 1241 2658 1307 Quia,
2707 1242 2754 1295 si
2812 1243 3225 1316 eleemosynam
3254 1247 3470 1302 cunctis

1881 1329 1978 1398 qui
2004 1333 2204 1398 petunt
2225 1328 2560 1396 tribuamus,
2585 1331 2656 1384 ad
2677 1331 2958 1386 modicum
2977 1349 3089 1387 non
3115 1335 3240 1402 erit,
3257 1335 3476 1391 etiamsi

1881 1416 2034 1471 dives
2063 1417 2138 1471 sit
2163 1417 2386 1488 aliquis,
2419 1419 2553 1490 quid
2588 1418 2814 1474 sibimet
2837 1421 3112 1491 largiatur
3152 1442 3163 1476 :
3197 1440 3379 1495 neque
3427 1425 3476 1480 si

1881 1521 2103 1570 semper
2118 1505 2406 1574 tribuitur,
2434 1507 2541 1561 erit
2555 1509 2688 1579 quid
2707 1510 2922 1579 jugiter
2951 1510 3162 1566 donare
3176 1513 3476 1583 possimus:

203 1593 264 1647 de
287 1593 579 1665 reciproco
599 1594 1189 1652 servituteminsinuat
1216 1597 1499 1667 pertinere
1529 1597 1598 1651 ad
1625 1613 1799 1668 anga-
1880 1593 2000 1648 Nisi
2056 1595 2198 1648 forte
2227 1596 2356 1650 haec
2398 1597 2680 1651 sententia
2707 1598 2804 1652 illo
2834 1598 3168 1654 defendatur
3196 1616 3384 1668 sensu,
3413 1607 3479 1657 ut

202 1682 333 1736 riam
360 1701 376 1750 ;
411 1682 682 1737 devorare
706 1700 836 1738 vero
855 1689 912 1738 et
930 1685 1199 1756 accipere,
1219 1685 1291 1740 ad
1321 1702 1514 1740 eorum
1540 1687 1797 1758 rapinam
1819 1685 1863 1744 Β
1882 1682 2035 1736 omni
2055 1683 2269 1754 petenti
2289 1689 2346 1738 et
2363 1684 2569 1738 volenti
2585 1686 2834 1740 mutuari
2846 1687 3000 1756 juste
3019 1688 3167 1758 quod
3178 1688 3478 1744 honestum

204 1771 288 1842 qui
312 1770 600 1842 diripiunt
627 1788 750 1843 qua
770 1779 965 1828 nostra
984 1780 1119 1828 sunt
1138 1775 1411 1830 violenter
1433 1780 1490 1829 et
1508 1775 1797 1832 devorant.
1882 1777 1968 1825 est
1993 1771 2295 1836 tribuatur.
2325 1773 2408 1828 ita
2433 1779 2498 1827 ut
2524 1791 2685 1845 aequo
2715 1775 2961 1846 pondere
3001 1775 3162 1830 nobis
3202 1782 3260 1831 et
3294 1778 3476 1833 officio

201 1861 476 1916 Caeterum
506 1866 692 1928 τευ
719 1865 771 1916 si
792 1865 916 1932 quis
937 1867 1242 1930 extollitur,
1266 1863 1336 1918 ad
1366 1864 1483 1918 haec
1502 1863 1612 1918 tria
1633 1864 1800 1919 refer-

199 1953 300 2016 tur,
334 1949 437 2022 qui
466 1967 636 2005 nemo
662 1951 846 2006 aliena
866 1951 1078 2023 diripit,
1107 1969 1273 2007 nemo
1312 1953 1476 2007 alteri
1507 1953 1798 2025 angariam

199 2039 456 2111 imponit,
482 2055 650 2094 nemo
671 2040 779 2094 nisi
795 2040 863 2095 de
875 2041 1199 2096 extollentia
1215 2043 1600 2114 persequendo
1623 2043 1798 2098 alium

199 2127 252 2182 in
280 2128 483 2184 faciem
506 2129 687 2184 caedit.
709 2129 818 2185 Sed
840 2130 956 2184 haec
975 2131 1166 2184 omnia
1186 2131 1504 2186 Christiano
1520 2132 1800 2202 patienter

201 2217 426 2272 terenda
440 2224 594 2285 sunt,
623 2223 681 2272 et
709 2218 988 2274 libertatis
1003 2219 1193 2274 animo
1212 2221 1552 2292 paragenda.
1577 2222 1719 2286 Quia
1739 2222 1797 2277 in

202 2307 280 2362 his
307 2307 578 2362 omnibus
609 2308 944 2378 injuriarum
972 2308 1292 2380 generibus,
1337 2310 1500 2364 docet
1528 2310 1799 2380 magister

200 2396 446 2451 veritatis
485 2395 1076 2451 misericordissimum
1106 2397 1355 2469 religiosi
1397 2398 1502 2452 viri
1544 2398 1797 2452 animum

201 2485 590 2552 exercendum,
631 2490 689 2540 et
716 2490 947 2556 propter
981 2486 1268 2540 cumulum
1293 2487 1526 2557 justitiae
1553 2487 1795 2558 paratis-

199 2573 391 2630 simam
415 2576 544 2646 ejus
573 2578 823 2629 mentem
854 2591 974 2629 esse
1000 2573 1203 2629 debere
1237 2575 1308 2629 ad
1338 2576 1671 2646 quamplura
1700 2592 1798 2630 su-

204 2665 483 2720 stinenda.
521 2664 629 2719 Sed
667 2663 801 2734 quia
832 2679 1032 2734 parum
1062 2669 1148 2718 est
1172 2664 1288 2719 haec
1318 2664 1507 2719 omnia
1532 2665 1794 2734 tolerare,

201 2753 298 2808 nisi
318 2753 661 2826 praestiteris
699 2752 926 2824 aliquod
968 2752 1304 2808 beneﬁcium
1337 2753 1485 2825 quod
1521 2755 1792 2826 potueris,

199 2848 610 2916 consequenter
636 2843 896 2914 adjungit
923 2842 1132 2898 dicens.
1199 2828 1225 2856 ⁸

265 2934 437 2989 0mm"
463 2936 672 3002 petenti
704 2939 750 2986 te
769 2935 879 2998 da;
915 2938 964 2986 et
991 2936 1092 3002 qui
1113 2935 1350 2987 voluerit
1377 2936 1638 2988 mutuari
1664 2950 1699 2988 a
1726 2938 1792 3002 te,

1882 1867 2094 1928 nostro,
2121 1878 2219 1916 seu
2248 1863 2343 1934 qui
2374 1863 2444 1917 ad
2467 1880 2569 1918 nos
2597 1864 2889 1918 domestici
2919 1865 3049 1918 fidei
3078 1866 3360 1936 pertinere
3380 1884 3477 1922 no-

1883 1957 2135 2018 scuntur,
2148 1952 2350 2007 deinde
2373 1953 3034 2024 omnibusaequanimiter
3056 1954 3392 2024 dividamus,
3409 1962 3475 2014 ut

1879 2041 1938 2094 in
1970 2041 2124 2095 nullo
2146 2041 2343 2112 injusti
2364 2047 2464 2096 aut
2493 2042 2799 2110 inhonesti,
2835 2043 2983 2114 quod
3008 2043 3236 2098 omnino
3265 2060 3364 2099 nec
3386 2045 3480 2099 de-

1881 2136 1986 2196 cet,
2011 2131 2380 2187 inveniamur.
2410 2131 2570 2197 Quod
2597 2132 2646 2187 si
2676 2132 2745 2186 de
2779 2132 3057 2203 sapientia
3081 2139 3180 2188 aut
3205 2133 3476 2204 spiritali-

1879 2218 1984 2274 bus
2003 2220 2164 2274 donis
2192 2221 2318 2290 quis
2341 2221 2474 2275 velit
2495 2221 2764 2292 accipere,
2800 2221 2938 2276 satis
2968 2227 3124 2293 patet
3150 2222 3319 2293 quod,
3347 2238 3475 2277 cum

1879 2308 2058 2362 divisa
2077 2308 2304 2374 fuerint,
2325 2315 2772 2380 augeanturquae
2790 2326 2919 2364 cum
2942 2310 3162 2365 dederis
3182 2326 3295 2365 non
3315 2310 3481 2365 amit-

1877 2397 1968 2451 tis.
1996 2397 2206 2452 Idcirco
2230 2398 2360 2452 talis
2380 2399 2616 2468 pecunia
2645 2415 2867 2470 semper
2881 2400 3213 2455 inexhausta
3235 2400 3361 2455 erit.
3371 2399 3479 2464 Qui

1877 2484 2123 2556 profecta
2146 2502 2362 2552 sensus,
2388 2487 2492 2541 etsi
2514 2504 2614 2558 pro
2629 2488 3026 2559 Apostolorum
3039 2488 3220 2543 officio
3231 2489 3476 2561 locuple-

1877 2573 1990 2627 tior
2016 2574 2288 2640 videatur,
2320 2581 2512 2629 tamen
2551 2576 2600 2630 si
2627 2577 2983 2648 accipiendas
3013 2583 3100 2631 est
3125 2583 3188 2632 ut
3215 2595 3338 2649 qua:
3366 2579 3476 2634 hu-

1879 2663 2168 2718 manitatis
2187 2669 2365 2718 sunta
2384 2665 2538 2719 nullo
2561 2666 3084 2736 pratermittantur,
3111 2667 3244 2737 quia
3259 2684 3360 2738 pro
3378 2684 3477 2722 no-

1878 2751 1964 2806 bis
1976 2753 2093 2807 haec
2105 2752 2311 2819 omnia,
2325 2758 2447 2807 tum
2467 2753 2669 2807 melius
2688 2753 2982 2824 profutura
3019 2759 3171 2820 sunt,
3195 2772 3322 2810 cum
3352 2757 3476 2813 sine

1879 2839 2122 2894 habendi
2134 2841 2339 2895 damno
2357 2841 2506 2912 apud
2525 2842 2706 2896 Deum
2726 2842 2785 2896 in
2796 2841 2985 2897 futuro
3001 2844 3472 2915 centuplicantur.

1948 2932 2194 2986 Audistis
2209 2933 2343 2999 quia
2357 2932 2569 2985 dictum
2588 2937 2697 2985 est:
2717 2932 2920 3000 Diliges
2936 2936 3262 3000 proximum
3287 2939 3470 3002 tuum,

200 3039 302 3078 non
327 3027 622 3078 aversatus
640 3023 836 3090 fueris.
870 3021 1103 3077 Constat
1120 3021 1293 3092 igitur
1312 3021 1460 3094 quod
1481 3022 1670 3077 omnia
1682 3023 1799 3078 haec
1815 3021 1859 3080 Ο
1880 3025 1929 3075 et
1951 3023 2094 3075 adies
2123 3023 2423 3075 inimicum
2444 3025 2624 3086 tuum,
2656 3025 2714 3074 et
2741 3025 2961 3075 caetera.
2999 3021 3198 3091 Igitur,
3233 3010 3366 3093 quia
3393 3023 3477 3079 le-

201 3128 314 3183 quze
332 3111 844 3182 adduntur,partes
866 3111 1101 3181 justitiae
1138 3111 1268 3175 sint,
1291 3115 1356 3165 ut
1377 3110 1595 3182 integra
1637 3112 1800 3182 justi-

199 3201 274 3255 tia
300 3216 371 3256 ex
400 3201 494 3254 his
520 3199 781 3254 omnibus
817 3199 1167 3271 praedicetur.
1201 3201 1341 3254 Hinc
1364 3215 1584 3271 quoque
1621 3201 1801 3272 liquet

202 3291 342 3362 quod
376 3289 452 3343 de
499 3288 589 3343 his
635 3288 803 3343 rebus
833 3288 1006 3343 dicit:
1046 3290 1213 3344 Omni
1246 3291 1452 3358 petenti
1475 3295 1522 3343 te
1549 3291 1640 3355 da,
1676 3305 1798 3362 qum

198 3378 435 3434 honeste
454 3395 521 3433 ac
535 3379 689 3449 juste
704 3378 826 3433 dari
856 3384 1108 3449 possunt.
1132 3378 1395 3450 Alioquin
1424 3382 1470 3432 si
1490 3384 1685 3434 contra
1704 3380 1798 3449 ju-

200 3469 416 3523 stitiam
453 3467 753 3522 inhoneste
797 3467 1010 3538 aliquid
1039 3473 1320 3538 poscatur,
1353 3467 1630 3539 quomodo
1660 3467 1799 3522 illud

197 3556 387 3612 dando
420 3554 831 3628 complebitur?
854 3555 1170 3610 Praesertim
1201 3557 1350 3626 quod
1368 3555 1801 3611 innumerabilia

201 3646 331 3713 sint,
351 3647 564 3718 quibus
592 3645 642 3698 si
669 3645 848 3716 petita
863 3643 1204 3711 tribuantur,
1216 3645 1439 3716 justitia
1459 3646 1682 3716 penitus
1705 3661 1797 3716 pe-

198 3736 449 3791 rimitur.
494 3735 707 3790 Idcirco
751 3739 929 3789 restat
963 3734 1042 3788 sic
1072 3734 1519 3805 intelligendum,
1553 3740 1618 3789 ut
1648 3734 1801 3789 omni

201 3824 419 3895 petenti
455 3831 513 3879 te
566 3825 721 3894 juste
768 3828 826 3878 et
858 3823 1110 3892 honeste,
1143 3823 1191 3876 si
1233 3823 1290 3877 id
1331 3824 1528 3894 possis,
1562 3823 1802 3878 libenter

197 3913 549 3986 impertiaris
573 3932 585 3980 ;
616 3913 705 3967 sin
732 3919 922 3968 autem
951 3912 1185 3967 facultas
1213 3912 1470 3981 defuerit,
1497 3913 1695 3967 saltem
1713 3913 1800 3984 ip-

196 4019 258 4057 sa
279 4003 515 4074 justitia
540 4002 763 4069 affectu,
793 4001 980 4069 verba,
1014 4001 1097 4055 vel
1147 4000 1411 4072 obsequio
1442 4002 1797 4073 porrigatur;

195 4091 326 4147 hinc
351 4108 580 4164 quoque
610 4093 708 4147 ﬁet
735 4095 800 4146 ut
825 4090 979 4146 omni
999 4091 1214 4162 petenti
1229 4095 1287 4145 te
1311 4090 1594 4146 interdum
1611 4097 1667 4146 et
1686 4108 1801 4146 me-

195 4181 304 4236 lius
337 4181 561 4253 aliquid
586 4180 786 4236 tribus.
821 4181 1096 4235 Caeterum
1128 4179 1278 4252 quod
1313 4179 1466 4245 dicit,
1495 4183 1594 4250 qui
1621 4185 1803 4236 volue-

1878 3126 2007 3181 gem
2038 3109 2272 3181 implere
2320 3113 2566 3174 venerat,
2623 3125 2656 3162 a
2696 3109 2970 3180 principio
3014 3109 3344 3184 cogitandus
3391 3117 3478 3168 est

1881 3203 2084 3264 textus,
2108 3203 2164 3252 et
2187 3197 2654 3253 considerandum
2684 3215 2793 3269 quo
2819 3200 2931 3252 ﬁne
2960 3203 3160 3253 cuncta
3181 3200 3471 3255 conclusit.

1880 3288 2134 3342 Profecto
2163 3287 2383 3342 bonitas
2417 3287 2519 3341 Dei
2549 3303 2671 3340 eam
2699 3287 3028 3358 complenda
3057 3305 3235 3360 usque
3258 3290 3330 3344 ad
3349 3290 3477 3344 cha-

1881 3377 2107 3432 ritatem
2138 3377 2363 3448 plenam
2393 3377 2666 3447 provexit.
2690 3377 2805 3431 Lex
2827 3377 3052 3448 quippe,
3071 3380 3273 3447 Diliges
3286 3382 3476 3448 proxi-

1882 3483 2039 3520 mum
2063 3473 2242 3533 tuum,
2275 3465 2478 3536 inquit,
2513 3471 2569 3519 et
2598 3467 2741 3519 adies
2785 3469 3084 3521 inimicum
3117 3472 3298 3538 tuum,
3330 3468 3477 3523 dixit

1881 3572 1994 3610 non
2037 3571 2168 3609 voce
2205 3555 2474 3625 jubentis,
2509 3555 2606 3608 sed
2637 3554 3045 3625 permittentis;
3078 3557 3297 3610 relaxat
3323 3557 3476 3612 enim

1880 3660 2122 3716 pronum
2159 3659 2354 3698 eorum
2384 3643 2634 3697 animum
2656 3643 2726 3696 ad
2762 3642 3084 3708 vindictam,
3104 3650 3161 3700 et
3176 3648 3366 3699 tamen
3378 3645 3479 3699 ali-

1882 3749 2051 3805 quem
2097 3732 2378 3803 zequitatis
2418 3731 2659 3801 gradum
2702 3732 3078 3798 commendat,
3110 3733 3245 3786 dum
3274 3735 3471 3802 diliges

1876 3827 2202 3892 proximum
2225 3827 2386 3875 tuum
2409 3819 2588 3891 jubet.
2621 3821 2686 3874 In
2713 3837 2824 3890 quo
2851 3820 3121 3875 nimirum
3148 3822 3328 3891 gradu
3347 3838 3475 3877 con-

1883 3912 2239 3983 stringuntur
2267 3910 2326 3964 hi
2355 3927 2513 3982 quos,
2537 3914 2767 3980 propter
2782 3909 2914 3962 vitia
2933 3909 3476 3977 dilectionis,affectu

1882 4001 2206 4072 frequenter
2229 4016 2568 4055 coercemus.
2602 3999 2757 4054 Sicut
2788 4003 2921 4052 sunt
2949 3998 3218 4054 luxuriosi
3242 3999 3364 4066 filii,
3389 4001 3476 4055 vel

1881 4089 2310 4162 proximinostri
2323 4088 2444 4143 aliis
2467 4085 2808 4159 quibuslibet
2818 4086 2968 4141 vitiis
2988 4086 3248 4154 devincti,
3282 4092 3477 4154 που

1883 4195 2020 4250 quos
2050 4177 2221 4232 etiam
2252 4194 2318 4231 ex
2344 4177 2468 4247 lege
2487 4179 2674 4247 potest
2698 4173 2931 4244 diligere
2959 4174 3019 4228 in
3047 4174 3259 4230 saevitia
3286 4192 3474 4247 perse-

200 4273 276 4323 rit
292 4273 560 4326 mutuari
577 4287 613 4324 a
637 4276 701 4338 te,
716 4287 782 4324 ne
796 4272 1090 4324 avertaris.
1114 4269 1487 4334 Quaerendum
1508 4276 1594 4324 est
1608 4275 1798 4326 utrum
1882 4272 2135 4338 quentes,
2181 4282 2246 4320 eo
2277 4265 2425 4336 quod
2455 4280 2568 4318 non
2597 4263 2666 4317 de
2702 4263 2848 4330 odio,
2893 4263 2991 4317 sed
3037 4280 3101 4317 ex
3134 4280 3325 4318 amore
3351 4266 3470 4320 fiat.

198 4359 266 4413 de
297 4360 403 4414 illo
434 4359 583 4414 dicat
609 4365 829 4415 tantum
861 4358 957 4430 qui
999 4358 1202 4430 accipit
1239 4359 1580 4427 redditurus,
1613 4377 1686 4415 an
1730 4339 2138 4427 deDExigitur
2166 4371 2299 4426 ergo
2347 4370 2508 4408 amor
2542 4352 2798 4424 proximi,
2842 4352 3010 4406 datur
3049 4353 3275 4408 licentia
3318 4354 3474 4408 odire

201 4449 358 4503 omni
385 4449 557 4503 etiam
587 4448 693 4503 etsi
717 4464 830 4503 non
856 4447 991 4503 velit
1017 4447 1265 4520 accipere
1293 4448 1635 4504 redditurus.
1670 4449 1800 4504 Om-

201 4554 302 4593 nes
333 4538 491 4594 enim
521 4538 618 4610 qui
641 4542 793 4592 recte
837 4537 962 4592 aliis
991 4537 1350 4605 miserentur,
1376 4539 1544 4610 plura
1568 4555 1696 4593 cum
1725 4537 1802 4593 fe-

200 4643 340 4682 nore
357 4626 680 4700 percepturi
701 4644 736 4682 a
760 4627 878 4682 Deo
907 4632 1251 4700 exspectant.
1275 4627 1488 4682 Idcirco
1508 4627 1690 4682 omnis
1705 4627 1804 4698 qui

204 4718 432 4789 accipit,
450 4722 763 4784 mutuatur,
787 4716 922 4772 dum
937 4722 1238 4789 patronum
1250 4733 1308 4772 se
1328 4717 1536 4788 ingerit
1549 4717 1804 4772 feneran-

199 4805 295 4872 tjs,
325 4812 390 4860 et
421 4806 514 4862 ille
542 4805 639 4877 qui
667 4804 883 4874 tribuit,
919 4806 1035 4862 haec
1076 4806 1291 4873 eadem,
1325 4823 1447 4878 quae
1478 4807 1721 4862 seminat
1747 4807 1806 4862 in

200 4910 287 4962 eo,
316 4895 628 4951 feneratur.
681 4895 791 4950 Sed
834 4900 1028 4951 tamen
1057 4896 1330 4951 Dominus
1358 4896 1445 4950 his
1481 4896 1664 4950 verbis
1692 4897 1803 4956 duo

203 4985 514 5056 praestandi
536 5001 746 5058 genera
766 4991 853 5041 est
874 4985 1213 5056 complexus.
1246 4986 1432 5041 Unum
1454 4986 1602 5057 quod
1628 4985 1806 5056 gratis

203 5091 307 5145 pro
335 5062 528 5130 amore
556 5075 764 5130 Christi
803 5080 860 5130 et
897 5075 1131 5146 justitia:
1161 5074 1485 5145 integritate
1513 5091 1805 5146 nunquam

205 5163 702 5235 inpraesentiarum
732 5163 1009 5236 recepturi
1059 5163 1260 5218 damus
1289 5182 1301 5218 :
1328 5164 1482 5218 aliud
1515 5165 1662 5236 quod
1687 5181 1807 5219 mu-

204 5256 308 5308 tuo
341 5255 660 5325 postulatur
694 5259 751 5309 et
792 5258 1142 5326 praestamus.
1176 5254 1294 5308 Hoc
1324 5253 1499 5324 igitur
1521 5252 1703 5324 jubet,
1734 5270 1806 5308 ne

205 5341 363 5412 pigri
387 5342 576 5398 simus.
601 5344 770 5398 Recte
787 5343 977 5414 itaque
994 5343 1064 5398 ad
1084 5344 1190 5398 hoc
1212 5359 1314 5398 nos
1332 5343 1520 5397 divina
1547 5343 1807 5398 hortatur

207 5428 592 5497 Providentia,
616 5431 748 5503 quia
773 5431 982 5488 talibus
1007 5433 1323 5504 indigentes
1352 5432 1530 5487 multo
1557 5433 1806 5488 relevan-

207 5522 307 5574 tur
337 5533 510 5592 quam
536 5535 681 5593 saepe
697 5521 1003 5593 juvamine,
1034 5528 1329 5596 propterea
1350 5526 1594 5595 quaestus
1615 5527 1810 5592 395

1885 4447 2196 4512 inimicum,
2224 4450 2288 4498 ut
2317 4461 2383 4498 ex
2407 4449 2646 4513 utroque
2671 4441 2827 4496 rudis
2843 4441 3035 4512 populi
3066 4441 3306 4495 infantia
3326 4447 3476 4497 tem-

1886 4541 2143 4608 peretur;
2169 4539 2228 4588 at
2270 4549 2400 4587 vero
2429 4532 2488 4586 in
2509 4531 2826 4601 Evangelia,
2858 4535 2923 4584 ut
2945 4529 3366 4601 perfectioribus
3383 4548 3478 4588 cu-

1885 4626 2072 4681 mulus
2095 4623 2329 4696 justitiae
2358 4625 2654 4692 augeatur.

1957 4717 2066 4784 Ego
2103 4719 2309 4781 autem,
2347 4711 2548 4783 inquit,
2582 4712 2701 4765 dico
2721 4711 2866 4764 vobis
2896 4729 2913 4764 :
2947 4710 3176 4778 Diligite
3213 4712 3475 4766 inimicas

1883 4809 2102 4871 vestros,
2140 4803 2430 4870 benefacite
2455 4802 2542 4854 his
2587 4802 2686 4870 qui
2730 4801 2964 4853 aderunt
2992 4815 3100 4866 vos,
3120 4804 3168 4853 et
3197 4805 3348 4854 orate
3369 4815 3475 4868 pro

1878 4894 2326 4964 persequentibus
2355 4907 2422 4946 ac
2445 4889 2924 4944 calumniantibus
2951 4903 3060 4943 vos.
3089 4889 3218 4943 Haec
3237 4894 3322 4942 est
3344 4887 3477 4943 lati-

1883 4984 2021 5038 tudo
2048 4980 2337 5036 charitatis
2385 4985 2443 5034 et
2470 4982 2862 5034 consummata
2891 4982 3184 5032 armatura
3216 4977 3474 5048 justitia,

1886 5090 2009 5144 quae
2039 5087 2215 5143 usque
2244 5070 2315 5125 ad
2345 5069 2702 5124 dilectionem
2748 5066 3105 5121 inimicorum
3134 5065 3474 5122 extenditur.

1884 5163 2031 5218 Nam
2059 5164 2476 5233 persecutorum
2497 5157 2682 5212 rabies
2712 5160 2909 5211 contra
2934 5155 3144 5210 Christi
3174 5155 3477 5211 Ecclesiam

1887 5251 2067 5308 tribus
2095 5251 2325 5306 dimicat
2349 5249 2526 5303 modis
2554 5267 2566 5316 ;
2601 5247 2806 5302 mentis
2839 5245 3051 5301 scilicet
3076 5245 3223 5313 odio,
3267 5251 3324 5302 et
3351 5263 3479 5302 ver-

1886 5342 2088 5397 borum
2134 5338 2465 5401 maledictis,
2499 5343 2669 5408 atque
2708 5335 3050 5406 injuriarum
3077 5341 3134 5391 et
3163 5341 3480 5392 tormento-

1888 5447 2014 5486 rum
2043 5428 2377 5484 cruciatibus
2409 5445 2420 5480 :
2455 5434 2649 5481 contra
2677 5442 2800 5498 quae
2839 5425 3092 5482 Christus
3134 5427 3342 5495 docuit,
3376 5441 3479 5498 pro

1886 5518 2195 5576 inimicitiis
2228 5516 2585 5577 dilectionem
2628 5513 2974 5591 impendere,
3025 5531 3126 5590 pro
3172 5516 3301 5573 odio
3345 5528 3477 5571 vero
