3938 6174
525 249 631 311 263
1293 253 1348 306 S.
1392 251 1771 308 PASCHASII
1812 249 2173 307 RADBERTI
2215 249 2519 307 ABBATIS
2559 251 3051 308 CORBEIENSIS.
3638 251 3724 312 “264

523 381 893 450 odiorumque
917 377 1141 448 injuriis
1167 376 1435 431 beneﬁcia
1465 377 1790 443 retribuere,
1819 392 2035 432 necnon
2059 373 2184 435 etA
2204 382 2296 432 tus
2316 382 2541 432 sanctus
2569 379 2628 432 in
2657 379 2837 444 nobis,
2859 395 2960 449 per
2983 391 3153 448 quem
3178 376 3408 431 charitas
3441 376 3531 431 Dei
3555 377 3726 432 diﬁ‘usa

523 486 624 542 pro
635 467 1021 540 persecutione
1043 483 1108 520 ac
1144 467 1437 520 calumniis
1462 483 1676 532 eorum,
1702 467 1982 521 orationes
1998 467 2119 520 fun-
2199 474 2284 522 est
2315 467 2372 521 in
2413 468 2672 522 cordibus
2702 467 2925 532 nostris,
2961 467 3094 538 quia
3121 482 3307 520 sumus
3336 466 3427 520 ﬁlii
3452 466 3558 520 Dei.
3607 467 3726 520 Alio-

523 560 675 614 dere.
705 558 806 612 His
834 557 1039 627 quippe
1069 555 1319 627 partibus
1345 556 1588 610 Charitas
1618 556 1868 622 dimicat,
1901 562 1966 610 ut
2004 572 2118 609 om-
2199 558 2335 628 quin
2365 557 2470 611 nisi
2500 574 2600 628 per
2627 558 2795 612 ﬁdem
2826 556 3474 618 renascamurcharitate,
3493 557 3726 625 quomodo

522 648 617 702 nia
643 647 793 701 mala
815 646 874 700 in
905 646 1049 699 bono
1079 645 1278 699 vincat.
1314 645 1562 715 Singulis
1591 646 1740 700 enim
1773 645 1997 715 singula
2024 662 2117 715 op-
2199 663 2263 700 ex
2294 648 2409 702 Deo
2439 647 2556 700 nati
2585 647 2858 701 dicimui?
2899 647 3158 700 Charitas
3186 646 3384 717 quippe
3412 646 3546 699 Deus
3569 651 3656 710 est,
3683 650 3729 698 et

520 742 826 808 ponuntur,
855 741 920 790 ut
945 751 1139 789 omnes
1168 734 1395 788 malitiae
1412 742 1598 804 partes
1628 735 1878 788 bonitate
1897 734 2118 788 vincan-
2198 736 2324 790 ideo
2371 736 2623 807 quisquis
2652 753 2717 790 ex
2748 753 2814 790 ea
2844 735 3175 802 renascitur,
3207 750 3271 788 ex
3311 735 3420 788 Deo
3456 737 3601 787 natus
3642 738 3726 786 est.

522 831 635 881 tur.
671 825 846 892 Unde,
880 824 927 878 si
960 825 1124 894 juxta
1150 829 1235 878 est
1280 823 1560 888 inimicus,
1592 823 1818 877 dilectio
1870 823 2119 877 emolliat
2198 826 2341 880 Hinc
2369 826 2678 880 notandum
2706 825 2854 896 quod
2881 841 2994 880 non
3015 825 3095 878 ait
3127 843 3138 876 :
3170 823 3352 879 Facite
3369 823 3470 877 ista
3495 822 3730 893 quiaestis

519 931 616 970 cor
646 917 766 986 ejus
791 933 802 982 ;
835 913 882 968 si
911 929 1039 967 vero
1069 913 1253 983 longe,
1284 911 1555 966 beneficia
1593 918 1786 967 nostra
1817 929 1945 966 eum
1993 913 2118 966 visi-
2201 915 2320 980 ﬁlii,
2345 915 2442 969 sed
2472 915 2551 969 ait
2581 932 2591 967 :
2618 913 2804 968 Facite
2843 931 2965 985 quae
2996 930 3217 978 moneo,
3245 917 3309 968 ut
3327 912 3444 966 sitis
3467 911 3556 966 ﬁlii
3582 911 3732 965 Patris

518 1005 690 1060 tando
704 1003 1058 1075 perquirant:
1086 1006 1142 1056 et
1179 1001 1227 1056 si
1246 1017 1355 1072 quo
1384 1002 1460 1055 sit
1483 1002 1603 1055 loco
1631 1001 1941 1072 ignoratur,
1967 1002 2119 1072 peni-
2199 1004 2388 1058 vestri.
2423 1005 2502 1058 Ex
2531 1019 2640 1074 quo
2677 1003 2822 1057 mira
2865 1003 3070 1058 locutio
3099 1007 3412 1074 generatur.
3442 1000 3572 1064 Quid
3609 999 3732 1054 enim

519 1099 610 1149 tus
641 1094 819 1148 oratio
850 1093 1076 1165 profusa
1099 1091 1250 1163 apud
1280 1091 1458 1145 Deum
1489 1091 1657 1145 etiam
1686 1092 1954 1145 latentem
1970 1092 2119 1145 inve-
2201 1093 2350 1147 ﬁlius
2379 1093 2534 1148 Patri
2559 1097 2745 1164 potest
2764 1109 2886 1146 esse
2923 1092 3030 1146 nisi
3061 1092 3235 1146 Filius
3255 1091 3283 1144 ‘l
3312 1092 3377 1145 Et
3399 1096 3574 1144 tamen
3598 1089 3735 1142 Pater

518 1184 656 1238 niat.
709 1183 1116 1237 Verumtamen
1143 1181 1202 1234 in
1250 1180 1510 1234 omnibus
1551 1181 1811 1234 discretio
1841 1181 2112 1234 virtutum

518 1273 655 1328 satis
681 1271 1025 1327 moderanda
1079 1276 1182 1336 est,
1243 1276 1299 1324 et
1336 1269 1571 1323 sollicite
1626 1270 2110 1340 perscrutandum,

517 1362 653 1435 quid
683 1362 758 1416 sit
783 1361 932 1432 quod
971 1362 1216 1415 Joannes
1243 1376 1345 1430 pro
1370 1359 1726 1430 peccantibus
1772 1359 1844 1413 ad
1876 1364 2114 1414 mortem

516 1451 786 1508 fratribus
813 1449 1107 1520 prohibeat
1141 1464 1322 1515 orare,
1355 1449 1627 1502 Dominus
1644 1465 1772 1502 vero
1815 1449 1985 1502 etiam
2013 1465 2112 1519 pro

515 1539 759 1594 inimicis
774 1538 831 1593 id
854 1537 975 1592 fieri
987 1537 1184 1608 jubeat
1215 1538 1262 1607 (Ι
1278 1540 1439 1592 Joan.
1463 1555 1515 1603 v,
1553 1537 1655 1605 16).
1682 1535 1787 1590 Ubi
1801 1537 1938 1590 nihil
1960 1537 2112 1590 aliud

520 1629 782 1695 occurrit,
799 1645 969 1699 quam
988 1627 1122 1698 quia
1141 1632 1274 1681 sunt
1294 1626 1483 1697 aliqua
1503 1633 1730 1697 peccata
1747 1627 1806 1680 in
1822 1626 2108 1692 fratribus,

2192 1183 2310 1252 jam
2342 1182 2566 1248 dicitur,
2599 1182 2728 1236 licet
2751 1183 2934 1236 adhuc
2961 1182 3195 1236 facultas
3224 1181 3389 1234 ﬁendi
3429 1177 3734 1233 credentibus

2196 1273 2483 1328 offeratur.
2520 1273 2582 1325 Ut
2615 1274 2756 1336 sitis,
2802 1271 3006 1342 inquit,
3051 1273 3160 1338 ﬁlii
3206 1273 3383 1324 Patris
3424 1271 3592 1334 vestri,
3622 1265 3737 1320 acsi

2195 1361 2344 1416 dicat
2369 1379 2379 1413 :
2405 1360 2590 1414 Facite
2617 1377 2805 1431 opera,
2834 1377 2905 1414 ne
2928 1361 3234 1430 degeneres
3245 1357 3516 1429 sitis,quia
3535 1355 3736 1410 necdum

2194 1451 2330 1504 estis
2369 1467 2447 1514 re,
2475 1449 2622 1520 quod
2647 1450 2768 1519 jam
2797 1466 2893 1520 spe
2920 1449 3186 1503 divinitus
3205 1448 3336 1503 facti
3371 1447 3515 1502 estis.
3544 1447 3669 1500 Nam
3693 1449 3738 1498 et

2193 1539 2358 1609 vulgo
2387 1539 2465 1592 sic
2494 1555 2640 1609 saepe
2661 1530 2944 1609 loquimur
2984 1556 2994 1590 :
3040 1538 3168 1592 Fias
3196 1538 3275 1592 sic
3303 1537 3445 1591 filius
3471 1535 3629 1606 patris
3651 1533 3735 1599 tui,

2195 1644 2307 1681 non
2337 1628 2531 1698 utique
2576 1634 2797 1692 natura,
2835 1627 2984 1698 quod
3022 1628 3142 1697 jam
3189 1632 3294 1694 est,
3327 1626 3422 1680 sed
3449 1623 3737 1689 imitatione,

518 1735 642 1790 quae
677 1719 1031 1774 inimicorum
1055 1716 1534 1789 persecutionibus
1552 1715 1812 1786 graviora
1829 1715 2106 1781 videntur,
2128 1733 2172 1792 Β
2194 1716 2342 1788 quod
2369 1717 2609 1772 necdum
2637 1722 2740 1771 est.
2783 1717 3004 1780 Quanto
3032 1717 3214 1787 magis
3249 1718 3318 1771 de
3360 1714 3512 1770 nobis
3546 1714 3651 1767 haec
3673 1712 3740 1766 lo-

516 1808 620 1881 pro
662 1810 867 1881 quibus
893 1825 996 1863 nec
1022 1824 1223 1878 rogare
1249 1807 1434 1861 liceat.
1470 1807 1614 1861 Sunt
1646 1811 1834 1860 autem
1864 1811 1920 1858 et
1947 1805 2106 1870 tales,

512 1900 676 1971 juxta
709 1900 1056 1972 Apostolum,
1092 1914 1218 1952 cum
1264 1897 1466 1968 quibus
1517 1913 1618 1951 nec
1669 1895 1855 1951 cibum
1886 1911 2111 1950 sumere

515 1987 865 2058 permittitur
894 1989 942 2055 (I
971 1987 1091 2042 Cor.
1123 2003 1174 2052 v,
1210 1986 1228 2042 1
1251 1985 1299 2056 l)
1327 2003 1339 2038 :
1372 1985 1452 2039 ita
1469 1992 1661 2039 tamen
1680 1989 1744 2038 ut
1764 1983 1898 2038 vitia
1921 1983 2111 2055 sintin

513 2076 662 2143 odio,
691 2082 896 2132 natura
927 2093 1057 2131 vero
1089 2093 1123 2130 a
1151 2075 1329 2141 nobis,
1360 2074 1492 2145 quia
1512 2073 1768 2128 homines
1793 2078 1943 2137 sunt,
1979 2073 2108 2126 dili-

511 2178 698 2238 gatur.
724 2168 1004 2222 Caeterum
1027 2183 1095 2220 ea
1105 2181 1226 2235 quae
1256 2181 1290 2217 a
1315 2165 1520 2217 sanctis
1545 2162 1805 2218 Patribus
1827 2163 1960 2215 sunt
1978 2179 2111 2233 pro-

512 2257 647 2321 lata,
683 2261 739 2309 et
769 2255 829 2308 in
855 2253 1160 2324 Scripturis
1181 2252 1380 2305 divinis
1401 2252 1559 2322 quasi
1579 2251 1880 2305 maledicta
1908 2267 2108 2305 sonare

513 2346 790 2411 videntur,
826 2343 1013 2414 potius
1041 2341 1347 2414 prophetiae
1368 2347 1502 2394 sunt
1523 2341 1593 2395 de
1617 2341 1806 2395 futuro
1839 2357 2007 2411 quam
2037 2341 2107 2394 li-

513 2433 661 2488 voris
678 2433 764 2486 vel
795 2432 1054 2498 odiorum
1082 2429 1574 2484 inﬂammationes.

584 2523 780 2592 Neque
826 2519 1236 2585 aestimandum,
1281 2520 1442 2589 juxta
1498 2518 1788 2590 quosdam,
1822 2518 1970 2588 quod
2000 2517 2110 2572 ista

513 2615 919 2683 praeceptorum
941 2609 1164 2662 decreta
1190 2607 1557 2678 impossibilia
1585 2607 1715 2671 sint,
1751 2623 1817 2660 eo
1851 2607 1999 2677 quod
2019 2607 2106 2660 di-

513 2705 652 2756 cunt
683 2718 694 2753 :
732 2699 881 2754 Satis
913 2704 1035 2752 erat
1062 2697 1351 2751 inimicum
1380 2713 1495 2751 non
1531 2696 1714 2750 odisse
1740 2715 1753 2763 ;
1796 2714 1900 2751 nec
1927 2702 2107 2750 atten-

509 2791 726 2857 dentes,
753 2789 902 2861 quod
927 2787 1098 2842 etiam
1125 2787 1184 2841 in
1212 2786 1401 2841 Veteri
1427 2787 1786 2840 Testamento
1812 2786 1916 2840 hoc
1941 2785 2105 2840 multi

509 2881 1048 2952 implevere,quanto
1068 2877 1247 2947 magis
1277 2876 1388 2930 illis
1410 2875 1616 2946 poterit
1629 2891 1752 2929 esse
1773 2879 1958 2941 που,
1983 2891 2107 2946 pos-

509 2968 669 3022 sibile
702 2968 904 3038 quibus
933 2965 1136 3020 Christi
1165 2965 1349 3036 gratia
1377 2965 1736 3034 suffragatur,
1767 2968 1824 3017 et
1851 2968 2107 3034 oporteat

2192 1806 2344 1860 cutio
2374 1811 2431 1861 et
2453 1807 2569 1860 Deo
2602 1807 2768 1860 Patre
2799 1806 3032 1860 dicenda
3064 1810 3167 1872 est,
3201 1810 3388 1870 τεθῇ
3416 1802 3506 1858 ubi
3525 1818 3625 1856 non
3649 1817 3742 1855 una

2193 1900 2397 1950 natura
2425 1895 2526 1949 Dei
2557 1899 2614 1950 et
2638 1900 2831 1949 nostra
2851 1894 3202 1966 praedicatur,
3227 1894 3328 1949 sed
3354 1894 3630 1948 hortamur
3643 1907 3742 1962 per-

2193 2001 2524 2039 maneamus
2550 1985 2609 2038 in
2637 1985 2822 2055 gratia
2858 1984 3190 2055 adoptionis,
3217 2001 3320 2054 per
3347 1999 3506 2054 quam
3530 1981 3638 2051 jam
3661 1977 3742 2032 ﬁlii

2192 2075 2572 2139 nominamur,
2607 2080 2664 2128 et
2691 2073 2852 2128 nobis
2883 2073 3032 2128 idem
3060 2074 3230 2128 Pater
3252 2073 3472 2127 dicitur.
3505 2072 3744 2125 Praeterea

2193 2164 2554 2234 quaerendum
2583 2163 2816 2229 aestimo,
2851 2168 3040 2217 utrum
3089 2162 3206 2216 haec
3234 2161 3511 2216 sententia
3540 2157 3745 2230 pendeat

2190 2270 2255 2308 ex
2277 2270 2342 2307 eo
2370 2258 2611 2319 tantum,
2644 2252 2741 2306 ubi
2771 2252 2982 2306 dictum
3014 2256 3118 2318 est,
3149 2254 3378 2319 Diligite
3418 2251 3655 2303 inimicos
3673 2262 3744 2298 ve-

2189 2348 2343 2408 stros,
2359 2359 2432 2396 an
2451 2343 2522 2396 ad
2549 2342 2741 2396 omnia
2759 2358 2881 2411 quas
2891 2358 3063 2412 supra
3089 2340 3381 2411 praemissa
3402 2336 3561 2394 sunt?
3576 2336 3746 2405 Liquet

2189 2432 2363 2502 igitur
2409 2433 2544 2486 satis
2575 2431 2708 2502 quia
2735 2431 2834 2484 illa
2861 2431 2966 2484 hac
2993 2431 3112 2484 sola
3138 2429 3456 2494 dilectione,
3487 2443 3582 2499 per
3604 2439 3748 2496 quam

2191 2527 2248 2574 et
2272 2521 2526 2575 inimicos
2566 2520 2800 2591 diligere
2835 2519 3119 2590 jubemur,
3161 2519 3515 2590 complentur
3544 2520 3597 2571 et
3620 2514 3672 2567 in
3695 2527 3749 2566 ea

2189 2616 2390 2664 cuncta
2431 2610 2890 2680 recapitulantur.
2939 2607 3320 2673 Quamobrem
3366 2624 3478 2662 non
3506 2605 3672 2660 solum
3693 2601 3751 2655 ad

2189 2700 2350 2762 hanc,
2383 2716 2576 2753 verum
2603 2703 2661 2753 et
2699 2699 2770 2753 ad
2806 2699 2903 2752 illa
2929 2698 3136 2764 omnia,
3164 2714 3230 2752 ex
3260 2697 3466 2770 quibus
3494 2691 3753 2750 conﬁcitur

2189 2789 2456 2856 Charitas,
2489 2789 2844 2843 referendum
2869 2793 2986 2842 est:
3023 2789 3085 2842 Ut
3112 2790 3236 2841 sitis
3255 2791 3371 2854 ﬁlii
3387 2787 3562 2857 patris
3589 2781 3751 2836 vestri.

2186 2880 2266 2933 Ac
2297 2879 2343 2932 si
2373 2883 2632 2950 patenter
2662 2877 2811 2932 dicat
2842 2899 2854 2931 :
2889 2876 3116 2948 Diligite
3143 2875 3407 2931 inimicos
3434 2877 3636 2929 vestros
3663 2868 3754 2924 mi-

2188 2967 2562 3035 sericorditer,
2595 2973 2652 3022 et
2682 2967 2786 3022 hac
2813 2967 2932 3021 sola
2971 2966 3269 3020 dilectione
3309 2965 3561 3038 supplete
3589 2958 3756 3016 omnia

510 3056 656 3111 ﬁlios
676 3055 993 3126 adoptionis
1017 3055 1173 3107 illum
1195 3053 1526 3122 imitari,qui
1541 3053 1650 3106 huc
1668 3052 1894 3106 veniens
1913 3069 2104 3107 omnes
2125 3069 2169 3132 ο
2189 3075 2311 3128 quae
2340 3057 2692 3123 mandavi,ut
2704 3056 2825 3110 sitis
2841 3054 2940 3108 ﬁlii
2953 3053 3135 3108 Patris
3153 3054 3591 3123 vestri.Accepta
3606 3047 3757 3119 igitur

508 3145 765 3200 inimicos
807 3143 1036 3208 invenit,
1067 3149 1124 3197 et
1151 3143 1219 3196 de
1251 3142 1386 3213 ipsis
1426 3142 1556 3195 fecit
1599 3141 1701 3196 sibi
1731 3142 1957 3210 amicos.
1993 3142 2102 3196 Sed

509 3234 781 3306 quaeritur
809 3232 1087 3303 quomodo
1115 3247 1230 3285 non
1259 3231 1487 3285 solverit
1515 3232 1718 3301 legem,
1752 3230 1884 3300 quia
1911 3230 2052 3284 dixit
2084 3249 2094 3284 :

507 3324 733 3390 Diligite
750 3323 1008 3375 inimicos
1037 3325 1254 3385 vestros,
1283 3319 1592 3390 praesertim
1624 3335 1751 3372 cum
1777 3319 1863 3372 lex
1903 3319 2050 3372 dicat
2083 3337 2093 3372 :

507 3413 665 3469 0dies
688 3413 986 3464 inimicum
1009 3415 1189 3464 tuum.
1226 3409 1351 3462 Haec
1371 3408 1648 3478 siquidem
1678 3408 1910 3479 quaestio
1941 3409 2101 3463 solvi-

504 3505 602 3556 tur
629 3500 722 3553 illo
751 3498 918 3553 verbo
941 3498 1089 3570 quod
1118 3515 1291 3570 supra
1318 3497 1712 3569 praemisimus,
1732 3498 1864 3568 quia
1884 3513 1995 3552 non
2018 3504 2102 3552 est

504 3589 854 3661 imperantis,
888 3589 986 3642 sed
1026 3587 1423 3659 permittentis,
1466 3592 1696 3658 propter
1745 3587 2011 3641 duritiam
2043 3594 2100 3642 et

501 3679 983 3752 imperfectionem
1015 3694 1228 3732 eorum.
1261 3679 1336 3731 At
1376 3693 1506 3731 vero
1543 3693 1670 3731 cum
1711 3677 1937 3731 advenit
1964 3695 2095 3748 gra-

499 3770 600 3838 tia,
635 3787 747 3842 qua
773 3773 966 3824 nostra
1000 3768 1303 3822 inﬁrmitas
1330 3767 1630 3832 relevetur,
1660 3767 1985 3821 restitutum
2011 3772 2098 3820 est

497 3859 609 3931 legi
648 3857 718 3914 ad
760 3858 1158 3930 perfectionem
1203 3856 1454 3926 justitiae,
1511 3856 1658 3926 quod
1698 3857 2093 3910 detruncatum

497 3955 621 4004 erat
645 3954 877 4020 propter
901 3946 1343 4002 imbecillitatem
1364 3946 1604 4000 carnalis
1618 3947 1810 4016 populi
1840 3951 1898 3999 et
1913 3945 2094 4015 segni-

495 4039 635 4092 tiem
660 4053 875 4091 eorum.
918 4036 1061 4090 Hinc
1092 4043 1178 4089 est
1219 4035 1368 4105 quod
1398 4040 1457 4088 et
1483 4034 1656 4088 aliubi
1683 4034 1752 4087 de
1795 4034 2092 4088 dilectione

492 4125 730 4196 loquens
755 4125 894 4178 dicit
921 4143 933 4176 :
964 4125 1294 4176 Mandatum
1324 4139 1529 4177 novum
1552 4125 1618 4177 do
1649 4125 1811 4190 vobis,
1847 4124 1974 4178 licet
1996 4140 2092 4178 an-

494 4219 590 4267 tea
599 4214 770 4267 fuerit
784 4211 1368 4282 praemissum,Diligcs
1377 4214 1701 4279 proximum
1719 4218 1879 4266 tuum
1905 4216 2084 4280 (Joan.

495 4315 614 4366 xm,
648 4300 985 4371 34).Novum
1012 4305 1202 4354 autem
1230 4299 1354 4353 ideo
1380 4306 1561 4369 vocat,
1592 4300 1726 4370 quia
1757 4301 1816 4354 in
1847 4302 1942 4354 illo
1964 4318 2090 4355 car-

2183 3151 2479 3218 potestate,
2513 3146 2668 3216 agite
2698 3143 2976 3216 operibus,
3007 3149 3073 3198 ut
3100 3143 3224 3197 sitis
3249 3143 3374 3210 filii,
3403 3141 3535 3213 quia
3550 3140 3640 3194 ille
3655 3138 3757 3207 jam

2182 3238 2352 3291 Pater
2372 3237 2606 3290 est.Non
2623 3235 2771 3289 enim
2791 3239 2976 3304 potest
3002 3249 3116 3287 non
3136 3247 3257 3286 esse
3273 3231 3426 3303 quod
3445 3234 3546 3285 est.
3569 3227 3756 3284 Idcirco

2184 3343 2279 3382 vos
2309 3332 2486 3380 estote
2517 3323 2857 3379 renascendo
2886 3339 2987 3392 per
3015 3321 3372 3386 charitatem,
3409 3319 3558 3392 quod
3599 3313 3756 3371 vocati

2182 3415 2606 3487 estis.Alioquin
2632 3414 2761 3468 licet
2789 3413 2884 3466 ille
2914 3412 2989 3466 sit
3008 3411 3196 3477 Pater,
3223 3427 3322 3464 vos
3351 3410 3453 3464 ﬁlii
3472 3424 3581 3463 non
3598 3404 3756 3468 eritis,

2182 3507 2289 3561 nisi
2318 3523 2384 3559 ex
2413 3506 2530 3560 Deo
2559 3504 2677 3558 nati
2701 3503 2856 3569 sitis;
2887 3502 3037 3556 Deus
3054 3500 3262 3572 quippe
3282 3500 3530 3554 Charitas
3553 3494 3758 3551 est.Hoc

2180 3596 2385 3667 quippe
2409 3595 2662 3648 insinuat
2699 3593 2849 3646 filius
2895 3591 2990 3644 ille
3036 3589 3324 3660 prodigus,
3364 3589 3483 3660 qui,
3528 3583 3760 3658 quamvis

2179 3702 2291 3740 non
2320 3685 2544 3751 audeat,
2568 3699 2671 3736 nec
2695 3682 2928 3751 dignum
2967 3679 3214 3733 fateatur
3259 3695 3322 3733 se
3363 3679 3546 3732 ﬁlium
3571 3671 3756 3735 vocari,

2177 3781 2368 3829 tamen
2390 3771 2755 3827 nihilominus
2785 3774 3002 3840 patrem
3031 3783 3160 3821 eum
3174 3765 3445 3837 appellat,
3468 3780 3630 3837 quem
3643 3760 3762 3816 scie-

2176 3868 2268 3917 rat
2293 3879 2407 3917 non
2436 3877 2597 3933 posse
2624 3858 2832 3913 mutari
2856 3876 2868 3924 ;
2894 3874 2957 3911 ac
2978 3856 3025 3910 si
3046 3859 3308 3927 patenter
3327 3855 3571 3909 clamet:
3596 3851 3650 3906 Si
3669 3863 3759 3918 ego

2177 3951 2397 4025 peccavi
2426 3950 2486 4004 in
2515 3948 2737 4011 coelum,
2778 3952 2834 4002 et
2871 3963 2984 4001 non
3011 3962 3137 3999 sum
3157 3944 3360 4015 dignus
3391 3943 3582 4000 vocari
3609 3939 3759 4003 ﬁlius,

2175 4047 2232 4097 te
2262 4055 2550 4111 nunquam
2579 4042 2742 4110 pater
2787 4037 2904 4090 fore
2942 4032 3183 4099 desistis,
3217 4050 3404 4105 neque
3434 4033 3647 4088 viscera
3672 4044 3762 4100 pa-

2173 4131 2321 4186 terni
2357 4130 2588 4184 alfectus
2624 4142 2876 4199 unquam
2925 4122 3331 4196 praetermittis,
3363 4124 3455 4179 fac
3500 4139 3594 4176 me
3632 4119 3763 4174 sicut

2171 4237 2350 4278 unum
2382 4221 2452 4275 de
2481 4216 2877 4282 mercenariis;
2903 4213 3051 4285 quod
3063 4212 3402 4267 etDominus
3424 4212 3569 4267 Novi
3587 4210 3763 4265 Testa-

2172 4311 2348 4366 menti
2381 4310 2568 4364 volens
2621 4321 2928 4378 praecavere
2969 4319 3041 4357 ne
3083 4303 3330 4356 itatenus
3359 4299 3764 4372 degenerarent

495 4387 610 4444 nali
659 4389 864 4461 ΡοΡιιῙο
920 4389 1294 4443 inveteratum
1347 4395 1468 4444 erat
1510 4394 1567 4443 et
1610 4389 1985 4456 semidictum,
2021 4407 2086 4444 80
2106 4389 2490 4471 Dadoptionis
2522 4396 2644 4460 ﬁlii,
2677 4393 2874 4464 implet
2897 4391 3178 4462 justitiam
3208 4389 3364 4459 legis,
3413 4391 3667 4446 removet
3693 4385 3762 4438 si-

495 4479 645 4551 quod
674 4479 762 4532 vix
790 4495 985 4533 eorum
1025 4477 1227 4548 aliquis
1275 4478 1595 4548 quempiam
1651 4478 1930 4547 diligeret,
1978 4479 2085 4535 nisi

492 4583 660 4623 carne
706 4569 992 4639 proximus
1033 4567 1246 4620 fuisset.
1296 4569 1371 4621 At
1427 4584 1556 4621 vero
1605 4567 1878 4633 Christus,
1910 4585 2085 4624 novus

491 4658 661 4712 homo
681 4662 892 4725 noster,
906 4656 1184 4711 renovatis
1204 4656 1264 4709 in
1283 4673 1342 4710 se
1356 4655 1712 4711 dilectionem
1731 4659 2080 4729 praecipiens,

491 4761 686 4802 omnes
715 4752 812 4801 aut
837 4747 897 4800 in
923 4748 1036 4803 Deo
1057 4752 1158 4801 aut
1185 4751 1416 4817 propter
1442 4746 1622 4802 Deum
1652 4747 1886 4818 diligere
1900 4749 2079 4818 jubet.

490 4837 702 4892 Idcirco
731 4852 937 4890 novum
965 4836 1292 4890 mandatum
1321 4837 1648 4908 proposuit;
1683 4837 1816 4907 quia
1841 4838 1978 4892 illud
2002 4839 2085 4893 in-

489 4931 756 4982 novatum
782 4925 972 4980 omnia
998 4925 1244 4989 innovat,
1277 4931 1334 4980 et
1377 4926 1446 4981 de
1492 4926 1624 4980 ﬁliis
1651 4927 1750 4982 ira
1779 4927 1922 4982 ﬁlios
1945 4928 2085 4983 ado-

489 5016 699 5089 ptionis
725 5015 875 5070 facit.
897 5014 1057 5070 Unde
1087 5016 1364 5087 sequitur.

563 5105 627 5160 Ut
644 5107 766 5160 sitis
776 5107 886 5174 filii
895 5106 1077 5159 Patris
1103 5109 1272 5159 vestri
1289 5108 1390 5173 qui
1401 5108 1463 5160 in
1480 5109 1622 5162 cretis
1649 5114 1742 5163 est.
1776 5109 1914 5164 Ecce
1934 5108 2080 5163 ﬁlio-

485 5207 612 5250 rum
639 5189 863 5266 adoptio
883 5194 1002 5248 sola
1025 5193 1299 5248 charitate
1329 5195 1657 5266 acquiritur,
1684 5198 1928 5253 Charitas
1948 5215 2078 5254 vero

485 5283 789 5356 praemissis
829 5282 1062 5354 justitim
1104 5282 1358 5354 partibus
1396 5285 1665 5355 expletur,
1694 5293 1752 5343 et
1780 5288 2078 5344 dilectione

482 5373 839 5428 inimicorum
867 5373 1142 5427 ﬁrmatur.
1173 5371 1303 5427 Haec
1322 5379 1425 5439 est,
1443 5373 1691 5445 inquam,
1716 5377 1814 5431 illa
1828 5383 2076 5448 potestas

483 5462 552 5518 de
571 5477 681 5535 qua
695 5463 908 5517 dictum
927 5467 1013 5516 est
1038 5478 1139 5534 per
1158 5463 1428 5517 Joannem
1455 5465 1637 5519 :Dcdit
1662 5469 1737 5521 eis
1759 5473 2076 5535 potestatem

484 5555 625 5627 ﬁlios
639 5553 740 5608 Dei
757 5553 1128 5627 ﬁeri(Joan.I,
1154 5550 1257 5624 12).
1285 5551 1402 5608 Hoc
1417 5551 1621 5625 quippe
1644 5559 1887 5610 testatur
1897 5557 2075 5629 Spiri-

2169 4489 2434 4543 multates
2449 4485 2780 4549 carnalium,
2801 4480 3050 4536 extendit
3060 4484 3467 4550 praeceptorum
3491 4489 3762 4532 summam

2166 4594 2344 4648 usque
2359 4578 2429 4632 ad
2447 4575 2807 4630 inimicorum
2836 4571 3212 4631 dilectionem,
3226 4568 3496 4638 proponit
3515 4563 3764 4635 exempla

2168 4674 2421 4740 paterna,
2455 4681 2579 4736 quae
2610 4663 2854 4717 debeant
2871 4657 3002 4714 boni
3026 4657 3127 4711 ﬁlii
3145 4655 3443 4711 sollicitius
3462 4654 3694 4718 imitari,
3713 4655 3765 4705 et

2167 4757 2353 4811 reddit
2375 4769 2604 4809 causam
2642 4751 3036 4806 mandatorum
3091 4745 3365 4813 omnium,
3411 4747 3476 4800 Ut
3505 4749 3649 4810 sitis,
3681 4742 3763 4795 in-

2167 4846 2307 4917 quit,
2336 4847 2443 4912 ﬂlii
2475 4845 2660 4897 Patris
2687 4843 2853 4895 vestri
2873 4840 2971 4908 qui
2998 4840 3060 4891 in
3089 4838 3231 4892 cadis
3255 4840 3348 4889 est.
3382 4835 3449 4889 In
3481 4833 3640 4888 caelis
3667 4846 3764 4886 au-

2164 4941 2299 5001 tem,
2333 4934 2463 4986 licet
2502 4931 2709 5002 ubique
2735 4930 2809 4983 sit
2836 4929 2984 4983 Deus
3013 4926 3198 4992 Pater,
3235 4924 3362 4978 ideo
3391 4927 3764 4985 monstratur,

2163 5028 2228 5079 ut
2267 5022 2600 5094 dignitatem
2643 5035 2801 5074 suam
2859 5015 3108 5071 haeredes
3160 5015 3301 5084 ejus,
3339 5018 3398 5068 et
3444 5009 3764 5069 coheredes

2163 5112 2388 5178 Christi,
2421 5111 2536 5166 illic
2565 5108 2896 5173 evindicent,
2929 5122 3000 5160 ne
3026 5104 3170 5159 forte
3195 5118 3456 5175 peccasse
3482 5101 3547 5156 in
3581 5095 3767 5166 eo,ubi

2160 5203 2426 5275 prodigus
2454 5201 2549 5256 ille
2573 5197 2837 5272 peccavit,
2871 5196 3101 5250 demum
3133 5191 3411 5264 gemenda
3439 5191 3696 5245 doleant.

2233 5295 2340 5360 Qui
2357 5295 2521 5346 solem
2551 5306 2737 5354 suum,
2762 5285 2964 5357 inquit,
2988 5286 3136 5338 oriri
3164 5283 3302 5352 facit
3326 5296 3492 5350 super
3525 5281 3766 5333 bonosac

2156 5385 2349 5448 malos,
2371 5386 2419 5435 et
2445 5383 2595 5450 pluit
2613 5393 2776 5447 super
2805 5379 2985 5444 justas
3026 5378 3074 5428 et
3113 5375 3368 5441 injustas.
3402 5369 3524 5423 Hoc
3555 5367 3764 5450 quippe

2156 5468 2382 5542 pietatis
2411 5449 2747 5540 exemplum,
2770 5463 3026 5536 quamvis
3039 5459 3369 5533 spiritaliter
3383 5455 3570 5529 possit
3586 5449 3764 5524 accipi

2157 5559 2227 5616 de
2247 5557 2468 5615 Christo
2491 5557 2588 5630 qui
2616 5561 2702 5612 est
2728 5553 2810 5610 sol
2825 5552 3079 5625 justitia,
3115 5547 3264 5623 quod
3284 5552 3441 5604 ortus
3463 5544 3545 5600 sit
3564 5543 3642 5602 ad
3670 5557 3760 5598 re-
