3938 6174
258 222 362 283 265

1031 222 1410 313 EX_POSITIO
1447 226 1526 282 IN
1564 226 2008 289 MATTHIEUM.
2050 264 2115 276 —
2154 233 2290 290 LIB.
2333 231 2433 299 III,
2476 231 2633 286 CAP.
2674 229 2741 283 V.

3422 231 3530 289 266

257 349 639 421 demptionem
661 348 721 403 in
747 364 915 404 carne
934 364 1103 422 super
1129 349 1307 407 bonos
1328 356 1384 407 et
1402 354 1596 421 malos,
1626 359 1684 409 et
1696 355 1853 427 pluat
1867 360 1918 420 Α
1937 361 2107 415 etiam
2128 361 2196 415 de
2218 362 2415 414 mutua
2437 355 2839 413 benedictionis
2867 355 3203 412 salutatione
3232 358 3382 414 inter
3419 376 3526 414 caa-

258 438 498 493 imbrem
544 438 874 509 evangelicae
910 439 1319 510 praedicationis
1365 459 1536 514 super
1579 446 1762 515 justos
1799 452 1856 500 et
1936 455 2057 503 tera
2094 453 2437 504 sanxerunt:
2475 446 2607 518 quia
2645 446 2691 499 si
2721 462 2823 501 nec
2863 446 2986 511 hoc,
3018 451 3247 517 propter
3282 446 3528 503 insolen-

258 529 525 599 injustos;
559 528 764 582 melius
802 533 992 583 tamen
1033 529 1102 582 de
1130 531 1246 585 sole
1272 530 1381 585 isto
1412 538 1468 586 et
1514 534 1701 603 pluvia
1746 533 1855 588 ista
1936 538 2095 605 tiam,
2155 537 2456 607 dignamur
2506 536 2831 613 alternatim
2856 537 3208 610 impendere,
3251 538 3530 594 minorem

261 622 453 684 πω
474 617 818 688 quotidianis
862 617 1055 672 usibus
1101 620 1416 675 necessaria
1457 622 1671 676 dictum
1711 623 1856 678 acci-
1937 626 2173 697 paganis
2205 630 2485 679 sectamur
2512 625 2882 680 honestatem.

259 706 464 779 pimus.
494 706 641 770 Quia
660 706 934 772 Christus,
954 707 1059 761 etsi
1087 709 1349 764 omnibus
1377 712 1546 777 venit,
1579 711 1856 783 siquidem

2008 717 2184 770 Eslote
2208 731 2334 783 ergo
2356 731 2448 771 cos
2472 716 2719 783 perfecti,
2749 717 2891 769 sicut
2919 717 3082 770 Pater
3112 721 3283 771 vester
3312 720 3533 772 cwlestis

262 812 371 850 non
390 795 656 850 omnibus
678 801 834 850 ortus
861 796 1082 851 reluxit.
1112 798 1271 853 Unde
1289 799 1348 853 in
1371 816 1437 853 eo
1462 799 1604 854 libro
1635 801 1729 872 qui
1750 801 1859 856 ins-
1933 806 2205 875 perfectus
2230 808 2322 857 est.
2366 803 2503 857 Ecce
2546 801 2616 857 ad
2655 803 2803 874 quod
2832 804 3053 858 culmen
3096 805 3352 860 Christus
3403 822 3534 861 suos

259 884 498 939 cribitur
526 884 843 940 Salomonis
875 901 888 936 :
920 886 987 939 Et
1014 889 1093 941 sol
1122 889 1379 955 justitis,
1422 888 1705 960 inquiunt,
1748 907 1861 945 non

262 977 408 1029 lusit
437 976 613 1029 nobis.
645 973 907 1046 Alioquin
935 976 980 1030 si
1006 975 1265 1031 omnibus
1293 977 1527 1045 luceret,
1560 983 1617 1033 et
1644 979 1864 1050 plueret

260 1062 502 1118 imbrem
532 1062 943 1134 praedicationis
971 1080 1085 1118 suae
1115 1081 1284 1135 super
1313 1066 1620 1132 universos,
1648 1085 1861 1139 nequa-

261 1170 431 1226 quam
469 1153 670 1224 injusti
700 1154 819 1207 sine
846 1152 1033 1209 fructu
1060 1153 1402 1225 paenitentiae
1438 1155 1583 1210 aridi
1611 1173 1863 1212 remane-

260 1247 425 1311 rent;
454 1258 642 1314 neque
671 1243 943 1314 propheta
971 1260 1039 1298 ex
1079 1260 1145 1297 eo
1191 1243 1403 1299 diceret
1443 1261 1456 1298 :
1502 1247 1661 1300 l’luit
1698 1262 1863 1315 super

260 1349 441 1387 unam
454 1332 754 1394 civitatem,
767 1338 815 1387 et
834 1348 999 1402 super
1014 1336 1188 1387 aliam
1209 1350 1319 1387 non
1333 1337 1483 1403 pluit
1499 1336 1858 1405 (Amos.Iv,7).

262 1422 475 1477 Idcirco
496 1427 656 1492 patet
673 1437 888 1485 sensus,
914 1421 1063 1492 quod
1091 1422 1160 1477 de
1186 1422 1291 1476 hoc
1319 1423 1435 1477 sole
1463 1429 1520 1477 et
1543 1423 1647 1478 hac
1676 1424 1866 1495 pluvia

262 1510 504 1565 dicatur.
524 1511 590 1565 In
609 1509 811 1581 quibus
825 1526 937 1564 non
958 1510 1179 1565 modica
1197 1511 1514 1583 benignitas
1535 1512 1718 1567 Patris
1732 1531 1866 1584 prae-

261 1600 505 1667 dicatur,
531 1601 666 1655 dum
684 1600 803 1655 haec
825 1599 971 1654 bona
990 1600 1324 1671 temporalia
1343 1602 1634 1673 aequaliter
1651 1602 1865 1657 cunctis

262 1689 482 1755 tribuit,
512 1694 725 1744 aeterna
749 1704 882 1744 vero
910 1690 1043 1743 solis
1073 1696 1323 1745 reservat
1346 1691 1537 1761 justis.
1571 1692 1730 1756 Quod
1760 1679 1923 1746 evi-B

264 1780 467 1834 denter
485 1778 570 1833 eis
593 1779 652 1832 in
680 1779 996 1851 exemplum
1020 1779 1116 1850 qui
1136 1780 1477 1851 adoptantur
1494 1781 1770 1851 congruit,
1803 1787 1868 1836 ut

265 1868 479 1923 imitari
507 1867 753 1922 debeant
779 1875 1016 1940 paterna
1041 1869 1268 1940 pietatis
1297 1886 1485 1940 opera,
1510 1875 1568 1924 et
1595 1869 1768 1924 bonos
1803 1886 1868 1924 ac

266 1957 466 2023 malos,
480 1958 671 2027 justus
695 1963 751 2011 et
779 1957 1039 2028 injustos,
1063 1974 1258 2012 omnes
1286 1958 1402 2012 suis
1429 1957 1869 2025 beneﬁciis,abs-

267 2063 374 2118 que
407 2047 528 2100 ulla
557 2046 902 2118 exceptione,
934 2047 1374 2102 circumfoveant
1410 2052 1468 2101 et
1511 2047 1865 2119 illuminent;

264 2135 505 2206 irrigent
534 2153 665 2190 vero
695 2136 986 2191 charitatis
1027 2136 1207 2192 imbre
1237 2143 1295 2191 et
1320 2137 1618 2203 inebrient,
1651 2138 1698 2191 si
1727 2138 1869 2192 forte

266 2226 361 2297 qui
390 2226 620 2280 steriles
640 2225 916 2295 videntur,
942 2226 1277 2298 quandoque
1297 2227 1368 2281 ad
1393 2226 1596 2281 melius
1617 2226 1866 2281 conversi

266 2314 510 2369 fructum
542 2313 744 2369 ferant.

335 2402 399 2458 Si
423 2407 581 2458 enim
612 2406 849 2472 diligitis
877 2420 960 2458 eos
991 2407 1091 2473 qui
1125 2421 1214 2458 vos
1235 2406 1501 2473 diligunt,
1523 2421 1690 2473 quam
1719 2421 1870 2459 mer-

267 2495 442 2548 cedem
464 2494 735 2548 habebitis
750 2499 774 2546 ἲ
799 2493 906 2548 Ubi
931 2493 1194 2557 ostendit,
1228 2493 1479 2564 quamvis
1504 2494 1711 2547 nostris
1734 2499 1871 2547 tem-

264 2582 498 2653 poribus
548 2582 638 2636 vix
682 2581 885 2653 aliquis
924 2582 1167 2652 perfecte
1214 2582 1512 2652 diligentes
1544 2600 1603 2636 se
1648 2581 1866 2653 diligat,

267 2672 412 2742 quod
438 2688 557 2726 non
596 2671 775 2726 multa
799 2671 1023 2741 justitia
1056 2670 1148 2738 sit,
1181 2671 1229 2725 si
1261 2688 1374 2737 eos,
1401 2673 1565 2741 juxta
1601 2671 1743 2740 legis
1770 2671 1869 2725 de-

267 2766 437 2827 creta,
470 2766 700 2815 tantum
729 2760 1015 2831 diligimus
1042 2760 1137 2831 qui
1176 2776 1278 2814 nos
1326 2760 1587 2830 diligunt.
1621 2760 1753 2814 Ideo
1784 2760 1871 2814 di-

266 2850 343 2903 cit
381 2868 393 2903 :
435 2851 619 2917 Quam
650 2850 948 2904 mercedem
994 2849 1305 2903 habebitis?
1331 2851 1412 2903 Ac
1438 2850 1484 2903 si
1513 2849 1869 2919 respondeat,

266 2939 501 2993 nullam.
520 2939 650 2993 Non
673 2938 820 3009 quod
840 2938 1086 3008 aliquam
1113 2938 1313 2992 exinde
1334 2954 1444 2992 non
1464 2937 1708 2992 habeant
1727 2955 1870 2993 mer-

263 3028 481 3094 cedem,
513 2998 765 3099 profecto
795 2998 1174 3097 quia-dilectio
1203 3043 1315 3098 qua
1354 3027 1609 3098 diligitur
1645 3027 1715 3080 ab
1762 2998 1931 3081 alioC

265 3134 433 3188 quem
464 3117 673 3187 diligit,
701 3117 820 3187 jam
854 3133 1063 3171 merces
1108 3116 1422 3171 dilectionis
1450 3121 1554 3170 est.
1600 3116 1709 3171 Sed
1738 3116 1873 3186 quia

262 3223 366 3277 pro
396 3205 613 3261 talibus
632 3222 846 3260 merces
868 3206 966 3259 illa
994 3222 1116 3277 quae
1133 3206 1191 3260 in
1213 3206 1371 3261 caelis
1393 3205 1616 3276 copiosa
1635 3205 1870 3276 promit-

259 3295 425 3361 titur,
472 3310 589 3349 non
616 3295 805 3363 datur,
837 3295 1046 3349 idcirco
1076 3294 1235 3366 quasi
1262 3293 1419 3348 nulla
1450 3293 1673 3348 dicitur.
1708 3293 1868 3360 Quia,

257 3385 372 3439 etsi
421 3400 641 3439 merces
676 3400 800 3438 esse
828 3388 1031 3455 potest,
1063 3384 1211 3454 apud
1253 3384 1431 3437 Deum
1478 3388 1669 3437 tamen
1718 3383 1875 3437 nulla

255 3479 370 3541 est,
393 3479 700 3546 propterea
726 3478 875 3527 recte
904 3489 1008 3527 nec
1035 3489 1248 3527 merces
1268 3477 1526 3539 vocatur;
1546 3489 1759 3526 merces
1779 3488 1876 3526 au-

254 3568 381 3617 tem
414 3563 686 3627 ﬁliorum,
719 3562 838 3616 sola
882 3561 1110 3633 adoptio
1150 3562 1415 3616 creditur.
1449 3561 1630 3625 Unde,
1670 3561 1718 3615 si
1749 3560 1873 3632 quis

252 3668 389 3706 eam
419 3651 711 3706 desiderat
737 3651 989 3722 adipisci,
1032 3652 1287 3722 exempla
1313 3650 1630 3722 adoptionis
1657 3654 1869 3704 teneat.

250 3741 536 3813 Alioquin
566 3741 701 3812 quid
723 3740 849 3812 plus
872 3739 1183 3811 publicanis
1212 3740 1374 3794 affert
1397 3746 1581 3794 vestra
1609 3738 1875 3794 dilectio?

250 3831 473 3884 Nonne
493 3836 552 3884 et
564 3829 672 3901 ipsi
690 3829 988 3900 diligentes
1007 3846 1067 3884 se
1087 3829 1363 3900 diligunt?
1378 3829 1666 3884 Publicani
1686 3833 1875 3884 autem

249 3925 433 3975 erant
464 3924 754 3973 exactores
782 3918 1184 3984 Romanorum,
1210 3935 1350 3989 quos
1374 3918 1551 3973 Judaei
1584 3918 1663 3973 sic
1691 3917 1878 3989 appel-

247 4008 488 4074 labant,
522 4008 658 4079 quia
685 4008 755 4062 de
798 4007 1085 4079 republica
1125 4023 1316 4062 curam
1359 4006 1633 4078 gerebant
1684 4008 1876 4062 Secta-

248 4096 487 4152 bantur
505 4103 695 4151 autem
725 4096 899 4164 lucra,
932 4096 1232 4166 exigebant
1269 4096 1597 4168 vectigalia;
1630 4096 1879 4166 negotia-

242 4187 454 4241 tiones
481 4202 724 4257 quoque,
753 4185 979 4239 fraudes
998 4201 1063 4240 ac
1079 4185 1246 4250 furta,
1265 4191 1323 4240 et
1350 4184 1880 4256 scelerataperjuria

243 4276 611 4332 exercebant
634 4293 649 4344 ;
673 4290 912 4346 quorum
935 4273 1221 4328 dilectioni
1234 4274 1303 4328 ad
1322 4274 1555 4328 invicem
1575 4273 1771 4343 legalis
1791 4273 1880 4327 di-

1941 893 2215 965 provehit,
2247 896 2304 946 et
2332 907 2501 962 quam
2533 890 2804 963 perfectos
2824 909 2919 947 eos
2939 909 3060 948 esse
3091 893 3294 948 debere
3323 895 3381 949 in
3402 896 3535 950 cha-

1942 982 2109 1036 ritate
2136 980 2450 1035 denuntiat.
2482 979 2661 1039 Unde,
2697 980 2744 1034 si
2770 982 3027 1036 volumus
3057 999 3177 1036 esse
3208 982 3329 1051 ﬁlii,
3362 983 3539 1054 perfe-

1943 1071 2180 1125 ctionem
2223 1075 2503 1123 sectemur
2540 1068 2849 1136 charitatis,
2883 1071 3015 1142 quia
3043 1077 3320 1143 praecepta
3346 1077 3534 1127 custo-

1943 1159 2146 1215 diendo
2175 1158 2386 1214 erimus
2417 1158 2537 1225 ﬁlii,
2565 1174 2677 1212 non
2705 1165 2910 1213 natura
2939 1160 3185 1231 quidem,
3208 1161 3304 1215 sed
3327 1162 3533 1232 gratia,

1943 1266 2045 1321 per
2072 1265 2241 1320 quam
2269 1247 2328 1302 in
2360 1251 2552 1302 nostro
2581 1248 2824 1318 positum
2845 1248 3069 1303 videtur
3090 1249 3322 1305 arbitrio
3343 1256 3408 1305 ut
3434 1249 3538 1304 ﬁlii

1944 1353 2296 1392 maneamus.
2329 1336 2411 1390 Ad
2459 1336 2605 1407 quod
2641 1336 2893 1390 fortassis
2921 1337 3072 1391 dicat
3099 1337 3301 1408 aliquis
3336 1354 3348 1390 :
3384 1338 3536 1403 Quo-

1947 1427 2111 1481 modo
2133 1425 2386 1480 mortalis
2418 1430 2672 1479 nostrum
2707 1424 2983 1497 quispiam
3002 1430 3119 1480 tam
3141 1426 3421 1497 perfectus
3443 1443 3540 1498 po-

1945 1516 2081 1569 terit
2102 1531 2243 1581 esse,
2276 1513 2438 1568 sicuti
2478 1514 2627 1568 Deus
2674 1514 2844 1568 Pater
2870 1514 3147 1586 perfectus
3177 1520 3280 1583 est,
3313 1532 3541 1586 praeser-

1945 1604 2049 1659 tim
2077 1620 2204 1659 cum
2232 1619 2521 1674 nunquam
2541 1602 2600 1657 in
2629 1603 2826 1657 eodem
2854 1608 3006 1658 statu
3033 1603 3344 1658 subsistat?
3364 1606 3541 1660 Inter-

1947 1710 2031 1760 ea,
2064 1692 2319 1764 quisquis
2347 1692 2451 1746 hoc
2476 1691 2732 1762 requirit,
2767 1692 2910 1747 sciat
2938 1693 3085 1764 quod
3116 1709 3232 1747 non
3276 1691 3428 1747 aliud
3456 1698 3544 1748 est

1947 1783 2184 1837 similem
2208 1782 2323 1836 Deo
2346 1782 2501 1835 Patri
2530 1781 2669 1846 ﬁeri,
2700 1797 2867 1852 quam
2902 1798 3004 1852 per
3030 1782 3382 1841 charitatem.
3418 1798 3542 1854 quae

1948 1873 2148 1928 diffusa
2178 1878 2265 1926 est
2301 1872 2359 1926 in
2388 1870 2646 1925 cordibus
2674 1872 2901 1938 nostris,
2929 1871 3185 1925 eamdem
3215 1871 3541 1926 similitudi-

1948 1979 2098 2023 nem.
2148 1961 2204 2015 in
2237 1978 2349 2032 qua
2387 1965 2609 2014 creatus
2653 1965 2738 2013 est
2765 1960 2980 2031 primus
3008 1961 3195 2027 homo,
3237 1961 3309 2014 ad
3340 1960 3541 2015 melius

1948 2050 2217 2123 reparari.
2236 2049 2396 2113 Quod
2417 2066 2582 2104 nemo
2608 2048 2856 2103 ﬁdelium
2878 2053 3077 2119 negat;
3103 2064 3235 2103 nam
3256 2049 3325 2102 ad
3346 2049 3545 2120 imagi-

1948 2157 2077 2194 nem
2108 2145 2166 2194 et
2207 2138 2631 2193 similitudinem
2676 2139 2851 2192 totius
2886 2138 3179 2193 Trinitatis
3225 2142 3402 2192 tactus
3434 2144 3539 2193 est.

1950 2229 2162 2285 Idcirco
2194 2228 2328 2300 quid
2369 2228 2577 2282 mirum
2617 2227 2664 2281 si
2694 2232 2995 2282 renovatur
3021 2227 3341 2291 admodum,
3378 2232 3442 2282 ut
3470 2227 3546 2282 sit

1947 2318 2245 2391 perfectus,
2277 2317 2425 2371 sicut
2450 2317 2598 2372 Deus
2622 2316 2900 2388 perfectus
2942 2333 3065 2372 esse
3102 2317 3326 2385 dicitur,
3355 2317 3444 2372 cui
3487 2322 3545 2373 et

1950 2409 2086 2463 olim
2130 2406 2395 2478 perfectio
2441 2405 2704 2475 imaginis
2748 2422 2813 2460 ac
2847 2406 3232 2461 similitudinis
3273 2406 3547 2462 attributa

1949 2496 2099 2551 fuit?
2138 2495 2248 2550 Sed
2277 2494 2409 2565 quia
2436 2494 2697 2549 subtilius
2724 2495 2870 2548 hanc
2904 2495 3331 2549 similitudinem
3360 2495 3546 2567 perfe-

1950 2584 2153 2640 ctionis
2180 2582 2409 2654 quidam
2433 2582 2802 2654 requirentes,
2833 2583 3020 2636 nescio
3051 2600 3221 2653 quam
3249 2584 3547 2655 caliginem

1952 2674 2329 2744 impegerunt,
2344 2672 2544 2725 saltem
2557 2687 2627 2724 ne
2647 2670 2718 2723 ad
2739 2670 2887 2741 quod
2902 2670 3034 2724 facti
3054 2677 3188 2725 sunt
3204 2677 3543 2740 remearent,

1952 2762 2126 2817 libeat
2153 2761 2321 2833 paulo
2364 2760 2531 2816 latius
2560 2759 2824 2813 intimare
2862 2759 3031 2813 etiam
3064 2759 3196 2830 quid
3228 2760 3547 2832 philosophi
3642 2754 3659 2773 κ

1953 2852 2022 2907 de
2074 2852 2179 2905 hoc
2233 2849 2499 2921 loquendi
2548 2865 2755 2919 genere
2808 2854 3121 2903 senserunt.
3178 2850 3320 2904 Nam
3380 2866 3550 2904 omne

1954 2941 2103 3012 quod
2157 2938 2343 2993 simile
2380 2943 2483 3004 est,
2534 2954 2635 3008 per
2666 2937 2814 3008 quod
2858 2937 3093 3008 quisque
3138 2937 3300 2992 alteri
3346 2937 3548 2993 similis

1954 3027 2213 3094 efﬁcitur,
2244 3027 2464 3082 duobus
2508 3026 2689 3081 modis
2719 3027 3140 3094 consideratur;
3173 3033 3273 3081 aut
3302 3027 3547 3098 quadam

1956 3116 2283 3171 habitudine
2310 3116 2639 3181 formarum,
2672 3121 2773 3170 aut
2810 3121 3014 3170 natura
3045 3132 3253 3170 rerum.
3289 3116 3390 3171 llis
3420 3116 3547 3187 qui-

1954 3206 2080 3260 dem
2111 3206 2328 3261 duabus
2357 3204 2611 3277 partibus
2651 3205 2832 3259 omnis
2872 3205 3182 3260 similitudo
3210 3206 3551 3278 contempla-

1952 3299 2065 3349 tur.
2098 3297 2219 3366 Age
2269 3311 2417 3350 nunc
2467 3311 2634 3365 quam
2684 3294 2886 3348 harum
2929 3294 3164 3365 elegeris
3209 3299 3449 3366 partem,
3491 3295 3551 3349 in

1956 3401 2069 3455 qua
2122 3401 2224 3456 per
2281 3384 2709 3439 similitudinem
2755 3383 2856 3438 Dei
2913 3383 3098 3438 Patris
3151 3384 3553 3455 perfectionem

1958 3473 2162 3528 habere
2215 3490 2408 3545 queas.
2461 3473 2520 3527 Si
2572 3478 2762 3527 autem
2800 3472 3107 3527 secundum
3161 3472 3551 3527 habitudinem

1953 3563 2259 3617 formarum
2291 3562 2568 3633 perfectus
2597 3578 2718 3615 esse
2746 3560 3003 3631 elegeris,
3033 3561 3174 3615 scias
3214 3562 3363 3632 quod
3392 3562 3448 3615 in
3483 3578 3550 3615 eo

1955 3653 2111 3707 nulla
2152 3650 2422 3705 habitudo
2450 3656 2558 3721 est,
2588 3650 2697 3704 nisi
2732 3650 2879 3720 quod
2911 3650 3030 3721 ipse
3059 3654 3146 3703 est
3178 3668 3191 3717 ;
3230 3650 3351 3720 ipse
3399 3650 3550 3704 enim

1956 3742 2054 3795 illa
2118 3740 2297 3794 forma
2383 3745 2470 3793 est
2539 3755 2609 3792 ex
2682 3754 2794 3809 qua
2856 3737 3049 3792 omnia
3108 3738 3439 3792 formantur.
3493 3738 3553 3793 Si

1957 3827 2135 3897 θυι
2174 3845 2305 3883 vero
2330 3829 2492 3899 juxta
2532 3832 2792 3881 naturam
2823 3831 2879 3879 te
2908 3825 3337 3880 similitudinem
3368 3826 3552 3897 perfe-

1958 3918 2160 3973 ctionis
2188 3915 2395 3971 habere
2420 3914 2645 3981 dixeris,
2665 3913 2907 3969 occurrit
2928 3913 3097 3981 illico,
3120 3913 3268 3985 quod
3297 3930 3410 3968 non
3440 3915 3554 3970 alia

1958 4012 2162 4061 natura
2191 4008 2333 4077 ejus,
2366 4005 2413 4059 si
2433 4003 2786 4075 praedicanda
2814 4002 2873 4056 in
2903 4018 2969 4056 eo
2997 4007 3203 4056 natura
3234 4008 3338 4070 est,
3362 4008 3421 4057 et
3440 4003 3553 4058 alia

1958 4095 2266 4149 formarum
2289 4091 2589 4159 habitudo;
2617 4091 2749 4162 quia
2770 4090 2890 4162 ipse
2910 4090 3059 4144 idem
3080 4090 3261 4145 forma
3279 4097 3337 4145 et
3351 4096 3556 4146 natura

1960 4190 2063 4239 est.
2091 4184 2170 4237 Ac
2198 4198 2301 4254 per
2322 4182 2428 4236 hoc
2456 4179 2752 4251 erigendus
2781 4185 2867 4234 est
2892 4179 3128 4234 interior
3150 4180 3319 4235 homo
3340 4187 3552 4248 noster,

1961 4277 2026 4327 ut
2063 4271 2211 4343 quod
2259 4270 2353 4324 ille
2382 4268 2552 4323 habet
2580 4284 2682 4340 per
2727 4268 3050 4334 essentiam,
3091 4284 3193 4322 nos
3222 4267 3555 4340 incipiamus

239 4366 431 4421 lectio
465 4370 814 4436 comparata,
846 4362 988 4418 nihil
1015 4363 1235 4418 videtur
1263 4362 1468 4417 habere
1496 4362 1705 4429 meriti,
1730 4354 1943 4433 quodI)
1960 4360 2165 4415 habere
2193 4377 2295 4431 per
2319 4358 2637 4430 adoptionis
2663 4357 2926 4428 gratiam.
2946 4357 3037 4423 Ut,
3069 4358 3214 4412 sicut
3236 4357 3464 4410 relative
3484 4355 3555 4410 ad

240 4471 367 4510 non
403 4472 485 4510 ex
507 4453 695 4509 ofﬁcio
715 4452 917 4508 debita:
942 4452 1233 4508 charitatis
1255 4452 1421 4521 venit,
1445 4452 1543 4507 sed
1574 4469 1640 4506 ex
1668 4468 1879 4507 recom-

239 4544 610 4616 pensatione
638 4542 800 4597 lucri.

316 4633 405 4688 Et
428 4636 495 4688 si
511 4633 894 4687 salutaveritis
912 4632 1119 4699 fratres
1138 4636 1338 4685 vestros
1358 4635 1599 4697 tantum,
1614 4631 1751 4699 quid
1762 4646 1881 4684 am-

234 4726 408 4793 plius
438 4724 681 4791 facitis?
706 4722 903 4775 Nonne
921 4726 969 4774 et
988 4722 1196 4775 ethnici
1216 4721 1313 4774 hoc
1332 4720 1553 4788 faciunt
1574 4719 1882 4774 ?Dicuntur

236 4818 454 4867 autem
487 4811 623 4876 ista,
644 4826 761 4865 non
790 4809 937 4881 quod
965 4814 1065 4864 aut
1088 4808 1387 4879 diligentes
1413 4813 1605 4875 300
1627 4808 1876 4879 diligere,

236 4909 349 4958 aut
381 4901 661 4957 salutare
689 4900 893 4953 fratres
928 4898 1219 4953 humiliter
1255 4903 1313 4953 et
1339 4897 1740 4953 ofﬁciosissime
1769 4913 1881 4953 non

236 4995 543 5063 oporteat
563 5006 575 5041 :
597 4989 693 5043 sed
721 4989 855 5060 quia
872 4988 1014 5058 haec,
1034 4988 1117 5043 vel
1134 4987 1524 5059 hujuscemodi
1547 4987 1883 5058 perfectione

238 5078 681 5153 przetermissa,
714 5094 888 5149 parva
915 5093 1037 5132 esse
1073 5076 1387 5132 videantur.
1422 5075 1514 5142 Et,
1547 5076 1694 5146 quod
1724 5077 1884 5147 pejus

238 5179 349 5236 est,
362 5172 511 5242 jam
545 5184 651 5221 nec
677 5168 785 5221 hoc
811 5167 1097 5222 interdum
1119 5166 1253 5221 sinit
1273 5164 1641 5237 quorumdam
1672 5168 1885 5219 nostro-

237 5279 378 5317 rum
416 5259 645 5315 inﬂata
670 5256 954 5329 superbia,
978 5261 1044 5311 ut
1069 5254 1404 5310 salutatione
1434 5270 1494 5308 se
1524 5253 1881 5324 praeveniunt,

241 5351 406 5422 quod
426 5367 467 5404 a
506 5347 754 5419 paganis
774 5346 1085 5401 honestatis
1102 5344 1289 5416 gratia
1315 5343 1406 5413 agi
1437 5340 1723 5413 probatur.
1756 5342 1887 5397 Haec

240 5439 378 5497 ideo
400 5435 696 5502 dixerim,
720 5441 788 5490 ut
814 5434 1179 5507 simpliciores
1204 5432 1385 5486 sciant
1402 5430 1711 5485 doctrinam
1742 5430 1889 5501 prio-

242 5548 381 5587 rum
412 5530 485 5585 in
520 5524 688 5582 nullo
711 5523 1066 5596 praetermitti
1090 5521 1313 5589 debere,
1346 5519 1493 5592 quod
1509 5524 1627 5574 tam
1653 5518 1889 5575 sollicite

569 5623 837 5685 Parnm.
868 5620 1045 5687 CXX.

1958 4467 2061 4505 nos
2074 4450 2168 4504 ille
2187 4465 2287 4520 per
2305 4447 2685 4519 adoptionem,
2704 4463 2816 4517 qua
2837 4462 2940 4500 nos
2960 4445 3246 4516 adoptavit
3264 4445 3368 4499 sibi
3386 4445 3552 4511 ﬁlios,

1960 4540 2130 4595 Pater
2158 4543 2346 4593 noster
2370 4536 2595 4599 dicitur,
2624 4535 2705 4589 ita
2733 4540 2790 4589 et
2817 4551 2920 4589 nos
2946 4551 3049 4606 per
3065 4535 3323 4589 eamdem
3355 4534 3557 4589 simili-

1960 4628 2213 4682 tudinem
2245 4643 2357 4698 qua
2382 4642 2578 4681 sumus
2608 4623 2708 4678 ﬁlii
2737 4624 3073 4696 adoptionis,
3106 4624 3337 4678 relative
3371 4623 3430 4677 in
3460 4622 3560 4677 illa

1961 4716 2191 4790 perfecti
2218 4731 2568 4770 maneamus.
2596 4713 2859 4785 Alioquin
2887 4714 3166 4784 quomodo
3202 4713 3250 4767 is
3280 4713 3558 4784 perfectus

1962 4806 2185 4872 dicitur,
2216 4805 2312 4876 qui
2340 4820 2629 4875 nunquam
2657 4802 2854 4869 factus,
2887 4818 3177 4874 nunquam
3200 4801 3425 4856 initium
3460 4806 3562 4856 aut

1963 4894 2503 4951 consummationem
2529 4891 2735 4947 habere
2750 4890 3038 4946 creditur?
3062 4890 3348 4945 Perfectus
3367 4895 3558 4946 autem

1966 4986 2135 5049 Deus,
2167 5001 2280 5039 non
2309 4983 2536 5055 proprio
2564 4980 2749 5047 verbo,
2795 4981 2894 5035 sed
2922 4980 3067 5035 sicut
3114 4980 3307 5035 multis
3336 4981 3395 5035 in
3427 4979 3561 5033 locis

1967 5092 2067 5147 pro
2094 5079 2287 5129 nostra
2327 5071 2657 5126 inﬁrmitate
2685 5070 2907 5137 dicitur,
2953 5074 3020 5123 ut
3063 5086 3164 5140 per
3198 5069 3302 5124 hoc
3342 5069 3561 5139 integre

1965 5165 2115 5217 Deus
2134 5162 2313 5215 bonus
2334 5166 2392 5214 et
2423 5176 2676 5214 summus
2704 5157 3055 5229 praedicetur.
3081 5158 3260 5211 Homo
3298 5174 3427 5212 vero
3449 5172 3564 5211 non

1968 5267 2088 5305 esse
2114 5249 2359 5316 realiter,
2392 5249 2491 5303 sed
2524 5264 2624 5320 per
2668 5247 2910 5317 gratiam
2935 5246 3213 5318 perfectus
3242 5246 3560 5320 invenitur;

1968 5339 2067 5409 qui
2098 5339 2146 5393 si
2177 5339 2293 5393 Deo
2322 5341 2697 5409 comparatur,
2731 5336 2863 5409 quid
2886 5336 2945 5390 in
2975 5354 3040 5393 eo
3067 5337 3374 5410 perfectum
3405 5340 3511 5395 erit
3539 5339 3564 5393 7

1973 5428 2153 5482 Nemo
2204 5427 2402 5494 bonus,
2462 5425 2571 5479 nisi
2626 5426 2777 5481 solus
2831 5426 3000 5480 Deus.
3069 5427 3227 5492 Quod
3289 5430 3337 5483 si
3401 5444 3565 5483 nemo

1973 5516 2175 5588 bonus,
2196 5515 2322 5586 quis
2341 5519 2595 5569 nostrum
2612 5514 2674 5568 in
2701 5513 2947 5569 bonitate
2966 5516 3243 5584 perfectus
3255 5516 3399 5572 erit?
3411 5516 3531 5571 Und
3542 5532 3573 5573 θ

3256 5612 3333 5676 19

3592 5662 3687 5719 Ara,
