3938 6174
570 227 679 284 267

1329 226 1387 279 S.
1431 224 1808 281 PASCHASII
1848 204 2208 280 RADBERTI
2245 222 2548 278 ABBATIS
2586 219 3084 278 CORBEIENSIS.

3671 226 3754 283 268

569 356 794 408 constat
821 349 968 421 quod
995 348 1114 403 haec
1140 346 1469 416 similitudo,
1502 366 1613 404 non
1643 367 1745 421 pro
1773 355 1910 416 toto,
1944 349 2039 403 sed
2063 366 2164 421 pro
2181 351 2230 410 Α
2246 349 2385 402 tiam
2413 353 2605 402 contra
2654 364 2846 402 aereas
2871 351 3174 419 potestates
3202 346 3348 418 prior
3371 363 3464 418 pro
3490 348 3559 403 eis
3582 365 3757 420 pugna-

569 447 733 512 parte
754 439 1041 509 accipitur.
1071 437 1128 492 Si
1157 443 1345 491 autem
1373 439 1543 492 homo
1571 439 1630 492 in
1659 445 1778 493 toto
1801 455 1902 509 par
1924 440 2056 506 Deo,
2081 439 2167 492 vel

572 529 773 584 similis
801 529 965 592 foret,
998 527 1194 598 utique
1231 528 1381 581 Deus
1410 533 1574 581 esset.
1605 528 1766 581 Nunc
1797 534 1984 581 autem
2035 529 2168 598 quia

565 620 729 688 juxta
755 618 1126 688 quantitatem
1175 617 1257 670 vel
1304 617 1632 686 qualitatem
1671 616 1913 682 deitatis,
1947 616 2087 670 nihil
2117 617 2166 670 ei

570 725 675 778 par
711 713 811 762 aut
839 707 1019 760 simile
1049 723 1167 759 esse
1196 711 1398 777 potest,
1445 710 1620 759 restat
1648 711 1711 760 ut
1739 723 1840 776 pro
1883 712 2040 776 parte
2072 723 2165 760 ca-

569 797 830 868 pacitatis
860 814 972 850 suae
1002 796 1167 849 homo
1217 801 1316 849 aut
1361 796 1592 865 angelus
1624 795 1901 866 perfectus
1931 812 2048 848 esse
2078 795 2166 848 di-

568 894 746 941 catur.
776 888 903 940 Non
946 890 1136 938 tamen
1179 884 1403 938 aliunde
1451 901 1620 954 quam
1652 901 1716 937 ex
1747 884 1868 954 ipsa
1917 884 2161 954 imagine

565 977 650 1030 vel
676 975 1043 1030 similitudine
1077 975 1190 1040 Dei,
1218 974 1289 1028 ad
1317 990 1486 1044 quam
1515 973 1694 1027 factus
1733 973 1956 1042 legitur.
1985 974 2162 1026 Tanto

563 1065 714 1120 enim
729 1064 1024 1136 perfectior
1047 1064 1302 1134 quisque,
1319 1068 1527 1132 quanto
1552 1062 1790 1116 similior
1807 1062 1931 1116 erit.
1955 1061 2162 1116 Similis

564 1160 754 1208 autem
786 1155 870 1206 vel
899 1153 1192 1224 perfectus,
1237 1168 1350 1205 non
1379 1168 1443 1204 ex
1472 1151 1813 1222 proprietate
1839 1151 1946 1213 sui,
1981 1150 2074 1204 sed
2098 1167 2162 1204 ex

560 1244 750 1314 gratia
777 1243 980 1297 divina:
1010 1241 1306 1311 largitatis,
1332 1245 1388 1294 et
1408 1239 1675 1294 virtutum
1699 1239 2040 1309 integritate.
2068 1240 2159 1303 Ut,

565 1332 713 1403 quod
734 1333 884 1386 Deus
905 1330 1075 1384 habet
1099 1346 1197 1400 per
1219 1334 1502 1396 naturam,
1520 1329 1687 1382 homo
1708 1328 1937 1398 incipiat
1955 1327 2160 1381 habere

563 1437 663 1491 per
693 1420 1074 1490 adoptionem,
1107 1434 1173 1472 ex
1201 1417 1627 1489 participatione
1649 1416 1916 1470 bonitatis
1944 1415 2060 1470 Dei.
2083 1417 2163 1470 Ac

563 1527 666 1581 per
695 1510 798 1563 hoc
831 1515 979 1564 recte
1009 1509 1242 1580 quisque
1296 1507 1591 1578 perfectus,
1624 1507 1768 1560 sicut
1813 1507 1961 1560 Deus
1997 1499 2164 1559 Pater

564 1598 790 1664 dicitur,
835 1596 1380 1668 dum.integritatem
1409 1596 1701 1659 virtutum,
1755 1600 1811 1648 et
1847 1594 2162 1664 adOptionis

2247 443 2409 492 turus
2434 436 2714 504 conduxit,
2750 437 3050 492 immensos
3080 437 3447 490 doctrinarum
3472 438 3666 508 pelagos
3689 439 3761 493 de-

2248 527 2616 592 cucurrimus,
2640 526 2817 597 poscit
2833 528 2950 596 jam
2985 526 3164 580 oratio
3187 527 3350 579 ﬁnem
3388 525 3520 593 libri,
3541 543 3601 580 ne
3633 527 3766 581 lecto-

2249 616 2324 670 ris
2353 616 2576 669 animus
2605 615 2768 685 longo
2797 615 3016 669 sudoris
3068 621 3251 668 tractu
3292 614 3537 684 fatigatus
3568 621 3764 685 torpeat.

2248 705 2497 759 Perfecto
2526 711 2714 758 tamen
2745 705 2852 757 ﬁne
2874 704 3084 758 militiae
3113 703 3370 758 tirocinia
3396 704 3692 767 claudentes,
3719 711 3769 757 ut

2247 794 2342 849 ubi
2372 797 2540 848 ﬁnem
2570 793 2698 847 libri
2729 793 2982 858 facimus,
3024 792 3100 846 ibi
3139 793 3313 847 virtus
3341 798 3683 846 consummata
3724 793 3766 845 in

2247 883 2407 938 nobis
2477 881 2869 954 perfectionem
2927 881 3174 936 obtineat
3235 881 3632 951 triumphantis.
3686 881 3772 934 Sed

2243 978 2434 1027 utrum
2459 973 2594 1027 satis
2612 976 2802 1039 ωε
2825 970 3057 1042 abyssus
3084 971 3457 1034 scientiarum,
3480 986 3538 1023 ac
3558 974 3684 1023 recte
3703 970 3775 1022 de-

2245 1079 2409 1116 cursa
2435 1062 2526 1128 sit,
2557 1079 2794 1133 quorum
2825 1059 3096 1132 praesidiis
3121 1060 3345 1114 innixus
3372 1059 3482 1112 haec
3507 1075 3652 1128 agere
3674 1062 3776 1112 ten-

2247 1151 2379 1217 tavi,
2413 1151 2644 1204 Patrum
2674 1156 2799 1204 tuta
2827 1148 3092 1220 probetur
3128 1149 3448 1203 auctoritas.
3478 1147 3590 1213 Ubi,
3619 1147 3659 1200 si
3690 1148 3776 1200 fru-

2244 1247 2366 1293 ctus
2394 1240 2647 1294 arriserit
2687 1239 2909 1303 laboris,
2954 1238 3264 1310 opitulante
3293 1237 3474 1308 gratia
3503 1235 3685 1300 divina,
3715 1235 3778 1288 illi

2243 1329 2470 1398 perfecti
2526 1328 2708 1399 operis
2762 1329 2942 1398 gloria
2995 1327 3376 1398 deputabitur,
3409 1343 3472 1378 ex
3524 1341 3622 1395 quo
3659 1324 3779 1378 venit

2243 1419 2488 1482 effectus,
2523 1423 2580 1472 et
2607 1418 2838 1472 facultas
2880 1417 2982 1488 piae
3010 1417 3354 1488 capacitatis.
3385 1414 3684 1484 Ubicunque
3703 1420 3780 1467 aut

2243 1507 2430 1560 minus
2459 1512 2559 1560 aut
2588 1523 2744 1560 secus
2775 1523 2942 1577 quam
2983 1505 3149 1560 debui
3178 1504 3447 1570 intellexi,
3486 1519 3590 1557 non
3623 1521 3780 1558 eorum

2245 1612 2383 1667 quos
2413 1601 2635 1649 secutus
2657 1612 2800 1661 sum,
2835 1596 2931 1649 sed
2959 1612 3086 1650 mea
3105 1597 3326 1666 ignavia
3356 1594 3565 1650 fuit.Ac
3590 1610 3677 1664 per
3698 1592 3781 1646 hoc

563 1688 793 1754 donum,
827 1692 1098 1757 quantum
1130 1703 1230 1756 per
1266 1685 1506 1756 gratiam
1547 1685 1763 1755 assequi
1793 1689 1995 1755 potest,
2030 1700 2158 1754 par-
2180 1672 2465 1738 Billorum
2518 1686 2730 1740 ﬂuenta
2767 1684 3122 1755 supplebunt,
3159 1687 3432 1758 quidquid
3477 1683 3782 1740 imbecillitas

561 1776 800 1847 ticipiat.
853 1776 944 1841 Ut,
979 1775 1246 1828 sicut'ille
1288 1791 1354 1827 ex
1394 1789 1514 1828 sese
1567 1773 1842 1843 perfectus
1870 1772 2074 1826 dicitur
2101 1771 2157 1825 in

559 1870 764 1919 natura
794 1864 1036 1930 deitatis,
1070 1863 1150 1916 ita
1179 1880 1281 1917 nos
1310 1880 1376 1917 ex
1407 1879 1471 1916 eo
1501 1861 1729 1933 perfecti
1767 1862 2020 1916 dicamur
2056 1878 2157 1932 pro

556 1959 736 2024 parte,
771 1954 826 2007 in
859 1953 1043 2022 gratia
1067 1957 1270 2006 sanctae
1295 1951 1631 2022 adoptionis.
1661 1951 1771 2006 Sed
1810 1951 1904 2021 qui
1937 1950 2007 2004 ab
2048 1950 2156 2003 ini-

556 2043 656 2110 tio,
695 2058 803 2113 quo
823 2041 1094 2097 Dominus
1118 2042 1268 2096 Deus
1299 2040 1546 2095 Sabaoth
1577 2039 1886 2094 exercitum
1916 2039 1988 2093 ad
2014 2039 2159 2092 mili-

2241 1773 2596 1844 pertectionis
2633 1774 2952 1828 substraxit.
3000 1775 3219 1829 Lectori
3257 1780 3448 1831 tamen
3485 1792 3590 1829 non
3634 1773 3784 1842 ingra-

2238 1867 2360 1915 tum
2389 1861 2513 1926 erit,
2548 1861 2595 1914 si
2625 1861 2757 1932 quid
2790 1863 2858 1916 de
2891 1861 3042 1916 fonte
3088 1864 3344 1918 veritatis
3384 1863 3628 1919 ﬁdelibus
3653 1858 3785 1914 hausi

2238 1951 2398 2015 votis,
2429 1959 2486 2005 et
2506 1950 2642 2005 meis
2665 1951 2812 2021 quod
2827 1952 2983 2022 potui
3005 1952 3075 2006 ad
3103 1953 3404 2023 legendum
3433 1970 3530 2026 pro
3549 1952 3680 2007 dono
3698 1964 3785 2003 ser-

2238 2039 2431 2094 vitutis
2459 2038 2712 2110 expensis
2743 2038 2939 2095 obtuli.

1682 2350 2094 2414 PROLOGUS
2136 2351 2345 2413 LIBRI
2390 2351 2707 2422 QUARTI.

619 2672 848 2738 Quoties
887 2672 1045 2727 navis
1073 2689 1106 2726 a
1137 2676 1303 2743 portu
1340 2671 1592 2739 solvitur,
1625 2672 1883 2743 expansis
1923 2673 2141 2727 alarum

546 2764 701 2831 velis,
727 2766 846 2835 jam
877 2780 990 2819 non
1021 2764 1079 2816 in
1117 2766 1392 2834 potestate
1423 2762 1677 2816 consistit
1705 2762 2033 2832 remigantis
2061 2761 2143 2815 in-

544 2859 633 2906 ter
654 2853 958 2906 immensos
979 2868 1255 2922 aquarum
1294 2852 1514 2917 ﬂuctus,
1550 2867 1687 2921 quas
1709 2851 1920 2906 viarum
1953 2857 2142 2921 partes

2221 2673 2302 2726 tia
2323 2673 2643 2727 monasticae
2672 2672 2957 2744 religionis
2985 2673 3242 2744 persisto.
3265 2674 3446 2730 Porro
3461 2676 3619 2746 juxta
3635 2673 3796 2738 803

2223 2761 2584 2831 exiguitatem
2605 2762 2834 2832 ingenii,
2851 2778 2964 2817 non
2985 2763 3168 2817 solum
3188 2780 3390 2818 sanam
3409 2781 3500 2818 me
3516 2761 3794 2835 apprehen-

2222 2849 2370 2904 disse
2384 2849 2693 2904 doctrinam
2708 2851 2944 2920 gaudeo,
2961 2869 3152 2906 verum
3175 2870 3434 2908 meorum
3446 2854 3624 2908 adhuc
3639 2848 3798 2922 praesi-

545 2941 718 3010 legat,
744 2942 841 2994 sed
863 2957 1195 3011 quocunque
1223 2940 1306 2992 vis
1326 2945 1383 2993 et
1411 2955 1676 2993 aurarum
1697 2940 1864 2993 flatus
1891 2956 2018 2994 eum
2049 2955 2200 3012 ap-G
2225 2939 2316 2992 dio
2354 2938 2683 2993 eruditionis
2716 2940 2902 3010 juvari
2948 2957 3169 2996 morum
3209 2943 3493 3012 gravitate
3517 2939 3796 3013 jucundor;

546 3028 772 3099 pulerit,
793 3046 906 3083 una
925 3045 1052 3088 cum
1082 3028 1300 3099 spiritu,
1326 3033 1617 3082 ventorum
1641 3044 1850 3097 gnarus
1869 3028 2144 3098 guberna-

543 3123 635 3170 tor
663 3117 831 3170 etiam
862 3117 1068 3171 invitus
1101 3117 1285 3170 vadit:
1329 3116 1408 3170 sic
1434 3117 1624 3186 itaque
1653 3117 1849 3186 lingua
1877 3118 2138 3184 doctoris,

543 3212 839 3278 postquam
863 3224 896 3260 a
924 3212 1089 3278 portu
1109 3205 1385 3260 silentiise
1413 3206 1789 3276 dirempserit,
1817 3223 1928 3261 non
1953 3207 2010 3260 in
2039 3223 2143 3261 sua

541 3296 679 3349 satis
701 3294 918 3349 obtinet
943 3300 1216 3366 potestate
1243 3311 1378 3364 quas
1400 3295 1780 3349 doctrinarum
1803 3296 1917 3349 vias
1938 3297 1996 3350 in
2021 3314 2142 3351 ora-

543 3384 695 3438 tione
715 3390 1002 3454 promotus
1023 3390 1233 3448 teneat,
1266 3401 1447 3454 neque
1472 3384 1674 3455 quibus
1701 3385 1881 3439 verbis
1913 3392 2140 3440 senten-

541 3475 652 3528 tias
683 3490 822 3544 quas
877 3473 1159 3545 intelligit,
1207 3475 1352 3546 slylo
1394 3474 1763 3545 opportunius
1800 3476 2132 3529 committat.

543 3564 701 3620 Unde
722 3569 939 3617 constat
958 3564 1004 3616 si
1027 3581 1154 3617 eum
1181 3563 1419 3634 Spiritus
1449 3564 1626 3617 sancti
1647 3581 1786 3618 aura
1805 3564 1955 3618 intus
1985 3565 2139 3618 affla-

538 3654 700 3722 verit,
734 3653 881 3724 quod
901 3658 1083 3707 rectas
1109 3653 1608 3724 intelligentiarum
1628 3654 1855 3708 semitas
1881 3654 2136 3708 irreﬂexo

538 3745 744 3799 itinere
771 3743 1003 3798 devotus
1032 3748 1224 3815 carpat
1247 3762 1259 3811 ;
1294 3743 1381 3797 sin
1401 3748 1589 3797 autem
1614 3743 1970 3807 destituatur,
1996 3743 2139 3813 peri-

538 3835 792 3890 culosum
825 3845 910 3888 est
960 3833 1197 3888 ulterius
1226 3832 1507 3904 progredi,
1542 3849 1611 3886 ne
1652 3832 1794 3886 forte
1828 3833 1898 3884 ad
1949 3831 2137 3885 devios

541 3925 709 3980 calles
739 3928 796 3977 et
823 3939 1024 3994 aspera
1052 3923 1173 3977 loca
1212 3922 1414 3992 quibus
1457 3938 1516 3975 se
1557 3927 1800 3992 nequeat
1837 3920 2132 3991 explicare,

539 4015 799 4066 incautus
837 4018 983 4065 ruat.
1019 4011 1141 4072 Qua
1190 4011 1258 4064 de
1303 4027 1472 4065 causa
1517 4027 1738 4081 semper
1779 4011 2024 4064 orandus
2052 4014 2139 4064 est

544 4100 787 4170 Spiritus
818 4099 1055 4164 divinus,
1086 4105 1151 4152 ut
1177 4099 1346 4152 vitam
1371 4099 1574 4154 bonam
1607 4099 1736 4154 huic
1784 4100 2008 4170 negotio
2033 4115 2136 4171 ap-

544 4187 739 4258 pulsis,
773 4192 829 4240 et
857 4203 1054 4240 sanam
1086 4187 1394 4241 doctrinam
1415 4187 1661 4255 tribuat;
1689 4194 1965 4258 quatenus
1993 4188 2139 4243 bona

2224 3027 2280 3081 id
2297 3028 2434 3081 mihi
2457 3029 2668 3098 negotii
2689 3035 2955 3100 exoptans
2971 3031 3111 3097 dari,
3126 3037 3190 3085 ut
3206 3031 3286 3085 eis
3307 3033 3514 3087 saltem
3538 3029 3799 3102 proﬁciam

2226 3117 2428 3188 quibus
2456 3118 2664 3172 desudo
2687 3137 2698 3184 ;
2729 3135 2823 3172 eos
2851 3136 2979 3173 vero
3010 3121 3213 3191 quibus
3242 3127 3441 3176 nostra
3463 3138 3576 3175 non
3601 3120 3799 3192 placue-

2223 3205 2354 3272 rint,
2387 3216 2452 3260 ut
2481 3207 2773 3276 quiescant
2808 3209 3078 3279 derogare
3124 3211 3463 3281 priusquam
3496 3210 3803 3282 pernoscant

2224 3312 2429 3365 quaeso,
2463 3311 2533 3349 ne
2559 3297 2726 3366 (quod
2756 3296 2957 3364 absit!)
2995 3298 3235 3354 aliorum
3265 3301 3616 3370 profectibus
3639 3311 3803 3368 asper-

2221 3385 2340 3438 nati
2360 3401 2471 3438 non
2491 3385 2731 3438 ferentes
2760 3386 2997 3456 placere,
3031 3387 3137 3440 sibi
3161 3387 3307 3442 obsit
3331 3389 3643 3459 plurimum
3673 3385 3802 3458 quod

2220 3473 2475 3530 fortassis
2519 3473 2780 3544 prodesse
2811 3480 3049 3545 poterat.
3087 3477 3200 3530 Hac
3237 3477 3449 3549 quippe
3489 3478 3612 3550 spei
3639 3475 3804 3547 gratia

2221 3562 2514 3617 subvectus
2538 3563 2608 3617 ad
2637 3579 2703 3616 ea
2723 3581 2844 3634 quae
2861 3564 2930 3618 de
2958 3565 3140 3619 cordis
3169 3567 3454 3622 munditia
3483 3567 3807 3622 mandantur

2221 3667 2256 3704 a
2285 3651 2541 3716 Domino,
2564 3652 2921 3706 retractanda
2948 3654 3175 3707 tandem
3203 3656 3444 3710 veniam.
3471 3657 3622 3721 Quia
3649 3653 3807 3726 profe-

2221 3744 2329 3806 cto,
2361 3740 2508 3794 sicut
2565 3740 2635 3794 ab
2678 3741 3083 3810 adulatoribus,
3117 3749 3174 3797 et
3201 3761 3404 3799 vanam
3443 3746 3691 3817 gloriam
3728 3759 3810 3797 ca-

2219 3829 2528 3899 ptantibus,
2562 3846 2684 3900 qua":
2706 3831 2978 3901 jubentur
3005 3849 3118 3886 non
3134 3839 3284 3888 recte
3303 3842 3565 3905 aguntur
3598 3824 3804 3888 animo:

2219 3919 2314 3983 sic,
2349 3918 2455 3972 nisi
2483 3919 2542 3972 in
2570 3920 2932 3992 semetipsum
2964 3921 3158 3976 redeat
3198 3923 3244 3976 is
3292 3925 3388 3994 qui
3425 3925 3667 3979 festinat
3693 3938 3813 3977 eno-

2218 4007 2352 4061 dare
2379 4013 2479 4091 aut
2497 4009 2694 4062 docere
2723 4010 2878 4076 alios,
2905 4016 2969 4064 ut
2996 4027 3218 4082 semper
3244 4019 3599 4085 perpurgato
3625 4010 3812 4067 mentis

2218 4098 2376 4152 oculo
2406 4113 2465 4152 se
2493 4115 2735 4169 suosque
2751 4115 3036 4155 sermones
3065 4101 3135 4154 ad
3165 4101 3389 4156 laudem
3422 4103 3722 4159 Creatoris
3740 4098 3815 4154 sui

2219 4187 2440 4253 referat,
2461 4203 2750 4258 nunquam
2777 4189 2897 4242 sine
2922 4189 3167 4260 periculo
3190 4190 3598 4261 perfunctorie
3627 4191 3816 4250 laudis.

545 4276 658 4329 vita
686 4276 978 4330 docentem
1019 4275 1301 4347 sapienter
1327 4276 1823 4346 reprehensoribus
1851 4275 2291 4333 commen-Dad
2322 4278 2529 4330 calcem
2570 4294 2746 4347 usque
2783 4279 3052 4348 pervenit.
3095 4279 3306 4334 Idcirco
3344 4298 3437 4335 me
3493 4287 3688 4337 totum
3718 4280 3822 4334 Deo

545 4364 669 4432 det;
701 4364 956 4418 doctrina
984 4381 1113 4418 vero
1140 4381 1277 4418 sana
1301 4370 1552 4434 proterat
1571 4365 1912 4432 resistentes,
1939 4370 1994 4420 et
2022 4366 2137 4421 suis
2218 4366 2525 4432 committo,
2560 4367 2719 4436 cujus
2747 4367 3056 4438 spiramine
3076 4369 3146 4422 ad
3171 4374 3398 4438 portum
3430 4372 3664 4437 salutis,
3692 4375 3748 4424 et
3760 4367 3818 4422 ad

545 4452 892 4507 auditoribus
920 4453 1226 4523 prudenter
1252 4453 1511 4507 ostendat
1537 4453 1685 4523 quod
1723 4454 2137 4524 Scripturarum
2218 4455 2387 4508 ﬁnem
2441 4455 2624 4526 operis
2681 4456 3016 4528 quandoque
3057 4457 3339 4526 advectus,
3383 4459 3633 4515 obsecro
3687 4460 3824 4514 inter

544 4542 766 4606 veritas,
791 4560 824 4596 a
850 4543 1042 4613 quovis
1071 4542 1145 4596 sit
1167 4543 1384 4614 prolata
1405 4543 1649 4609 doctore,
1674 4541 1964 4613 nunquam
1976 4561 2138 4615 repu-

545 4629 689 4684 diari
719 4631 950 4699 debeat;
977 4631 1122 4686 sicut
1141 4649 1170 4708 εξ
1188 4639 1400 4697 contra,
1424 4633 1470 4685 si
1492 4648 1617 4687 eam
1639 4632 1842 4687 falsam
1863 4650 1982 4688 esse
2009 4650 2136 4687 con-

543 4719 755 4789 tigerit,
788 4719 917 4774 licet
949 4720 1182 4774 eximius
1216 4721 1290 4776 sit
1318 4721 1376 4775 in
1409 4721 1519 4775 vita
1559 4739 1657 4792 per
1688 4738 1851 4792 quem
1882 4723 2130 4788 docetur,

547 4809 694 4880 quod
720 4825 1006 4879 nunquam
1024 4809 1250 4881 suscipi,
1269 4826 1559 4880 nunquam
1575 4811 1772 4882 utique
1789 4812 1953 4866 liceat
1966 4827 2133 4866 vene-

542 4897 678 4952 rari.
729 4897 836 4952 Sed
867 4898 999 4969 quia
1026 4898 1094 4952 de
1132 4898 1244 4953 vita
1272 4898 1474 4952 idonea
1515 4917 1606 4954 me
1658 4917 1768 4955 non
1791 4902 1963 4970 jacto,
1999 4900 2132 4955 sub-

542 4986 658 5041 dite
687 4991 876 5041 tamen
901 4986 1183 5042 seniorum
1221 4987 1494 5043 nobilium
1537 4990 1846 5060 disciplinis
1874 4990 2130 5045 nutrien-

539 5075 668 5143 dus,
685 5081 742 5131 et
757 5075 828 5130 ad
857 5075 1088 5131 meliora
1115 5076 1239 5132 vitae
1268 5077 1456 5132 studia
1474 5079 1862 5150 provehendus
1891 5079 1950 5135 in
1979 5079 2128 5134 mili-

2217 4544 2399 4598 varios
2426 4545 2736 4615 Scyllarum
2772 4546 3002 4616 laqueos
3041 4545 3160 4600 sine
3208 4548 3421 4602 oﬂ‘ensa
3467 4551 3722 4605 veniam.
3766 4548 3826 4601 Et

2215 4633 2472 4703 imploro,
2494 4633 2628 4703 quia
2649 4634 2738 4688 hic
2763 4634 2906 4688 liber
2929 4636 3276 4706 permaxime
3296 4637 3364 4691 de
3381 4640 3684 4694 munditia
3710 4653 3824 4692 cor-

2216 4723 2302 4776 dis
2329 4724 2552 4786 tractat,
2582 4727 2648 4776 ut
2676 4724 2768 4777 ille
2789 4724 2885 4795 qui
2908 4723 3071 4794 jubet
3089 4725 3321 4789 servari,
3340 4726 3522 4782 faciat
3551 4736 3614 4784 et
3644 4744 3830 4784 emun-

2215 4810 2346 4864 dato
2363 4810 2547 4864 cordis
2567 4812 2726 4866 oculo
2742 4813 2814 4866 ad
2839 4813 3092 4868 eamdem
3119 4815 3632 4886 contemplationis
3649 4817 3828 4888 inspe-

2213 4899 2456 4954 ctionem
2483 4901 2820 4972 pertingere,
2840 4902 2909 4956 de
2930 4919 3042 4974 qua
3059 4903 3272 4958 dictum
3296 4910 3408 4959 est:
3428 4907 3600 4962 Beati
3621 4907 3833 4962 mundo

2212 4990 2386 5056 corde,
2409 4993 2675 5059 quoniam
2701 4993 2810 5060 ipsi
2835 4993 3008 5046 Deum
3030 4993 3288 5048 videbunt
3309 4993 3468 5067 (Mat.
3507 5013 3566 5064 ν,
3601 4995 3685 5065 8).
