  <div class='ocr_page' id='page_1' title='image "/cluster/home/n/w/nwhite01/storage/ocr_20150623/120/hvd.32044054759824/140.png"; bbox 0 0 3938 6174; ppageno 0'>
   <div class='ocr_carea' id='block_1_1' title="bbox 253 205 348 267">
    <p class='ocr_par' dir='ltr' id='par_1_1' title="bbox 253 205 348 267">
     <span class='ocr_line' id='line_1_1' title="bbox 253 205 348 267; baseline -0.042 0"><span class='ocrx_word' id='word_1_1' title='bbox 253 205 348 267; x_wconf 83' lang='lat'>269</span> 
     </span>
    </p>
   </div>
   <div class='ocr_carea' id='block_1_2' title="bbox 992 206 2740 283">
    <p class='ocr_par' dir='ltr' id='par_1_2' title="bbox 992 206 2740 283">
     <span class='ocr_line' id='line_1_2' title="bbox 992 206 2740 283; baseline 0.003 -18"><span class='ocrx_word' id='word_1_2' title='bbox 992 206 1373 267; x_wconf 86' lang='lat' dir='ltr'>EXPOSITIO</span> <span class='ocrx_word' id='word_1_3' title='bbox 1412 209 1492 269; x_wconf 90' lang='lat' dir='ltr'>IN</span> <span class='ocrx_word' id='word_1_4' title='bbox 1529 209 1973 269; x_wconf 61' lang='lat' dir='ltr'>MA&#39;I&#39;I‘HIEUM.</span> <span class='ocrx_word' id='word_1_5' title='bbox 2018 241 2080 255; x_wconf 91' lang='lat'><strong>—</strong></span> <span class='ocrx_word' id='word_1_6' title='bbox 2121 212 2260 269; x_wconf 87' lang='lat' dir='ltr'>LIB.</span> <span class='ocrx_word' id='word_1_7' title='bbox 2300 212 2397 283; x_wconf 84' lang='lat' dir='ltr'>IV,</span> <span class='ocrx_word' id='word_1_8' title='bbox 2440 213 2604 272; x_wconf 82' lang='lat' dir='ltr'>CAP.</span> <span class='ocrx_word' id='word_1_9' title='bbox 2644 214 2740 271; x_wconf 85' lang='lat' dir='ltr'>VI.</span> 
     </span>
    </p>
   </div>
   <div class='ocr_carea' id='block_1_3' title="bbox 3385 219 3492 329">
    <p class='ocr_par' dir='ltr' id='par_1_3' title="bbox 3385 219 3492 329">
     <span class='ocr_line' id='line_1_3' title="bbox 3385 219 3492 329; baseline 0.009 -53"><span class='ocrx_word' id='word_1_10' title='bbox 3385 219 3492 329; x_wconf 63' lang='lat'>279</span> 
     </span>
    </p>
   </div>
   <div class='ocr_carea' id='block_1_4' title="bbox 1447 475 2268 562">
    <p class='ocr_par' dir='ltr' id='par_1_4' title="bbox 1447 475 2268 562">
     <span class='ocr_line' id='line_1_4' title="bbox 1447 475 2268 562; baseline 0.001 -13"><span class='ocrx_word' id='word_1_11' title='bbox 1447 476 1739 550; x_wconf 86' lang='lat' dir='ltr'><strong>LIBER</strong></span> <span class='ocrx_word' id='word_1_12' title='bbox 1796 475 2268 562; x_wconf 85' lang='lat' dir='ltr'>QUARTUS.</span> 
     </span>
    </p>
   </div>
   <div class='ocr_carea' id='block_1_5' title="bbox 302 704 3492 780">
    <p class='ocr_par' dir='ltr' id='par_1_5' title="bbox 302 704 3492 780">
     <span class='ocr_line' id='line_1_5' title="bbox 302 704 3492 780; baseline 0.001 -20"><span class='ocrx_word' id='word_1_13' title='bbox 302 704 590 776; x_wconf 70' lang='lat' dir='ltr'>(CAP.VI.)</span> <span class='ocrx_word' id='word_1_14' title='bbox 607 706 889 761; x_wconf 78' lang='lat' dir='ltr'>Hactenus</span> <span class='ocrx_word' id='word_1_15' title='bbox 902 706 1127 776; x_wconf 88' lang='lat' dir='ltr'>justitia</span> <span class='ocrx_word' id='word_1_16' title='bbox 1137 707 1418 779; x_wconf 82' lang='lat' dir='ltr'>Evangelii</span> <span class='ocrx_word' id='word_1_17' title='bbox 1429 707 1546 763; x_wconf 89' lang='lat' dir='ltr'>suis</span> <span class='ocrx_word' id='word_1_18' title='bbox 1565 708 1886 780; x_wconf 65' lang='lat' dir='ltr'>partibusA</span> <span class='ocrx_word' id='word_1_19' title='bbox 1900 709 2237 775; x_wconf 84' lang='lat' dir='ltr'>hominibus,</span> <span class='ocrx_word' id='word_1_20' title='bbox 2258 714 2319 763; x_wconf 84' lang='lat' dir='ltr'>ut</span> <span class='ocrx_word' id='word_1_21' title='bbox 2334 709 2557 763; x_wconf 76' lang='lat' dir='ltr'>videant</span> <span class='ocrx_word' id='word_1_22' title='bbox 2579 711 2720 763; x_wconf 88' lang='lat' dir='ltr'>bona</span> <span class='ocrx_word' id='word_1_23' title='bbox 2737 725 2899 779; x_wconf 83' lang='lat' dir='ltr'><strong><em>opera</em></strong></span> <span class='ocrx_word' id='word_1_24' title='bbox 2919 715 3171 775; x_wconf 86' lang='lat' dir='ltr'>vestra,et</span> <span class='ocrx_word' id='word_1_25' title='bbox 3182 712 3492 779; x_wconf 81' lang='lat' dir='ltr'>gloriﬁcent</span> 
     </span>
    </p>
   </div>
   <div class='ocr_carea' id='block_1_6' title="bbox 241 795 1821 865">
    <p class='ocr_par' dir='ltr' id='par_1_6' title="bbox 241 795 1821 865">
     <span class='ocr_line' id='line_1_6' title="bbox 241 795 1821 865; baseline 0.003 -17"><span class='ocrx_word' id='word_1_26' title='bbox 241 810 406 865; x_wconf 89' lang='lat' dir='ltr'>usque</span> <span class='ocrx_word' id='word_1_27' title='bbox 417 795 491 848; x_wconf 90' lang='lat' dir='ltr'>ad</span> <span class='ocrx_word' id='word_1_28' title='bbox 506 795 731 856; x_wconf 85' lang='lat' dir='ltr'>plenam</span> <span class='ocrx_word' id='word_1_29' title='bbox 752 796 999 851; x_wconf 91' lang='lat' dir='ltr'>omnium</span> <span class='ocrx_word' id='word_1_30' title='bbox 1015 801 1073 851; x_wconf 91' lang='lat' dir='ltr'>et</span> <span class='ocrx_word' id='word_1_31' title='bbox 1090 797 1444 852; x_wconf 87' lang='lat' dir='ltr'>dilectionem</span> <span class='ocrx_word' id='word_1_32' title='bbox 1464 798 1821 854; x_wconf 85' lang='lat' dir='ltr'>inimicorum</span> 
     </span>
    </p>
   </div>
   <div class='ocr_carea' id='block_1_7' title="bbox 239 882 1822 957">
    <p class='ocr_par' dir='ltr' id='par_1_7' title="bbox 239 882 1822 957">
     <span class='ocr_line' id='line_1_7' title="bbox 239 882 1822 957; baseline 0.004 -21"><span class='ocrx_word' id='word_1_33' title='bbox 239 882 827 956; x_wconf 77' lang='lat' dir='ltr'>redintegrata,utplus</span> <span class='ocrx_word' id='word_1_34' title='bbox 838 891 986 939; x_wconf 82' lang='lat' dir='ltr'>esset</span> <span class='ocrx_word' id='word_1_35' title='bbox 997 902 1166 957; x_wconf 88' lang='lat' dir='ltr'>quam</span> <span class='ocrx_word' id='word_1_36' title='bbox 1172 885 1396 957; x_wconf 89' lang='lat' dir='ltr'>justitia</span> <span class='ocrx_word' id='word_1_37' title='bbox 1410 886 1822 942; x_wconf 75' lang='lat' dir='ltr'>Pharisaeorum</span> 
     </span>
    </p>
   </div>
   <div class='ocr_carea' id='block_1_8' title="bbox 238 972 1821 1047">
    <p class='ocr_par' dir='ltr' id='par_1_8' title="bbox 238 972 1821 1047">
     <span class='ocr_line' id='line_1_8' title="bbox 238 972 1821 1047; baseline 0.003 -21"><span class='ocrx_word' id='word_1_38' title='bbox 238 972 631 1028; x_wconf 87' lang='lat' dir='ltr'>acScriborum</span> <span class='ocrx_word' id='word_1_39' title='bbox 657 992 670 1041; x_wconf 89' lang='lat'><strong>;</strong></span> <span class='ocrx_word' id='word_1_40' title='bbox 703 990 852 1028; x_wconf 89' lang='lat' dir='ltr'>nunc</span> <span class='ocrx_word' id='word_1_41' title='bbox 870 991 1000 1029; x_wconf 92' lang='lat' dir='ltr'>vero</span> <span class='ocrx_word' id='word_1_42' title='bbox 1032 992 1144 1047; x_wconf 89' lang='lat' dir='ltr'>qua</span> <span class='ocrx_word' id='word_1_43' title='bbox 1174 974 1518 1047; x_wconf 88' lang='lat' dir='ltr'>inspectione</span> <span class='ocrx_word' id='word_1_44' title='bbox 1539 981 1596 1031; x_wconf 92' lang='lat' dir='ltr'>et</span> <span class='ocrx_word' id='word_1_45' title='bbox 1638 976 1821 1032; x_wconf 88' lang='lat' dir='ltr'>cordis</span> 
     </span>
    </p>
   </div>
   <div class='ocr_carea' id='block_1_9' title="bbox 236 1060 1820 1135">
    <p class='ocr_par' dir='ltr' id='par_1_9' title="bbox 236 1060 1820 1135">
     <span class='ocr_line' id='line_1_9' title="bbox 236 1060 1820 1135; baseline 0.004 -22"><span class='ocrx_word' id='word_1_46' title='bbox 236 1060 635 1131; x_wconf 87' lang='lat' dir='ltr'>munditiaipsa</span> <span class='ocrx_word' id='word_1_47' title='bbox 647 1062 955 1134; x_wconf 86' lang='lat' dir='ltr'>eademque</span> <span class='ocrx_word' id='word_1_48' title='bbox 964 1064 1186 1133; x_wconf 87' lang='lat' dir='ltr'>justitia</span> <span class='ocrx_word' id='word_1_49' title='bbox 1196 1063 1545 1118; x_wconf 84' lang='lat' dir='ltr'>credentium</span> <span class='ocrx_word' id='word_1_50' title='bbox 1559 1063 1820 1135; x_wconf 85' lang='lat' dir='ltr'>operibus</span> 
     </span>
    </p>
   </div>
   <div class='ocr_carea' id='block_1_10' title="bbox 235 1147 1639 1222">
    <p class='ocr_par' dir='ltr' id='par_1_10' title="bbox 235 1147 1639 1222">
     <span class='ocr_line' id='line_1_10' title="bbox 235 1147 1639 1222; baseline 0.001 -19"><span class='ocrx_word' id='word_1_51' title='bbox 235 1147 428 1204; x_wconf 82' lang='lat' dir='ltr'>debeat</span> <span class='ocrx_word' id='word_1_52' title='bbox 451 1150 766 1222; x_wconf 86' lang='lat' dir='ltr'>adimpleri,</span> <span class='ocrx_word' id='word_1_53' title='bbox 797 1151 1098 1221; x_wconf 83' lang='lat' dir='ltr'>diligenter</span> <span class='ocrx_word' id='word_1_54' title='bbox 1122 1152 1346 1207; x_wconf 84' lang='lat' dir='ltr'>Veritas</span> <span class='ocrx_word' id='word_1_55' title='bbox 1373 1151 1639 1207; x_wconf 82' lang='lat' dir='ltr'>insinuat.</span> 
     </span>
    </p>
   </div>
   <div class='ocr_carea' id='block_1_11' title="bbox 297 1238 1821 1310">
    <p class='ocr_par' dir='ltr' id='par_1_11' title="bbox 297 1238 1821 1310">
     <span class='ocr_line' id='line_1_11' title="bbox 297 1238 1821 1310; baseline 0.003 -18"><span class='ocrx_word' id='word_1_56' title='bbox 297 1238 506 1305; x_wconf 78' lang='lat' dir='ltr'>Cavete,</span> <span class='ocrx_word' id='word_1_57' title='bbox 527 1239 730 1310; x_wconf 85' lang='lat' dir='ltr'>inquit,</span> <span class='ocrx_word' id='word_1_58' title='bbox 750 1257 815 1294; x_wconf 86' lang='lat' dir='ltr'>ne</span> <span class='ocrx_word' id='word_1_59' title='bbox 829 1243 1117 1309; x_wconf 74' lang='lat' dir='ltr'>justitiam</span> <span class='ocrx_word' id='word_1_60' title='bbox 1132 1246 1367 1296; x_wconf 75' lang='lat' dir='ltr'>vestram</span> <span class='ocrx_word' id='word_1_61' title='bbox 1396 1243 1618 1309; x_wconf 78' lang='lat' dir='ltr'>faciatis</span> <span class='ocrx_word' id='word_1_62' title='bbox 1633 1258 1821 1296; x_wconf 87' lang='lat' dir='ltr'>coram</span> 
     </span>
    </p>
   </div>
   <div class='ocr_carea' id='block_1_12' title="bbox 234 1328 1820 1394">
    <p class='ocr_par' dir='ltr' id='par_1_12' title="bbox 234 1328 1820 1394">
     <span class='ocr_line' id='line_1_12' title="bbox 234 1328 1820 1394; baseline 0.003 -14"><span class='ocrx_word' id='word_1_63' title='bbox 234 1328 564 1394; x_wconf 80' lang='lat' dir='ltr'>hominibus,</span> <span class='ocrx_word' id='word_1_64' title='bbox 600 1334 661 1382; x_wconf 87' lang='lat' dir='ltr'>ut</span> <span class='ocrx_word' id='word_1_65' title='bbox 689 1330 994 1383; x_wconf 73' lang='lat' dir='ltr'>videamini</span> <span class='ocrx_word' id='word_1_66' title='bbox 1019 1332 1088 1384; x_wconf 90' lang='lat' dir='ltr'>ab</span> <span class='ocrx_word' id='word_1_67' title='bbox 1115 1334 1209 1386; x_wconf 89' lang='lat' dir='ltr'>eis.</span> <span class='ocrx_word' id='word_1_68' title='bbox 1242 1330 1469 1385; x_wconf 89' lang='lat' dir='ltr'>Justitia</span> <span class='ocrx_word' id='word_1_69' title='bbox 1498 1336 1687 1386; x_wconf 88' lang='lat' dir='ltr'>autem</span> <span class='ocrx_word' id='word_1_70' title='bbox 1718 1348 1820 1385; x_wconf 90' lang='lat' dir='ltr'>no-</span> 
     </span>
    </p>
   </div>
   <div class='ocr_carea' id='block_1_13' title="bbox 232 1416 1823 1495">
    <p class='ocr_par' dir='ltr' id='par_1_13' title="bbox 232 1416 1823 1495">
     <span class='ocr_line' id='line_1_13' title="bbox 232 1416 1823 1495; baseline 0.002 -25"><span class='ocrx_word' id='word_1_71' title='bbox 232 1421 338 1471; x_wconf 85' lang='lat' dir='ltr'>stra</span> <span class='ocrx_word' id='word_1_72' title='bbox 354 1416 496 1488; x_wconf 88' lang='lat' dir='ltr'>quid</span> <span class='ocrx_word' id='word_1_73' title='bbox 516 1417 654 1495; x_wconf 78' lang='lat' dir='ltr'>velit</span> <span class='ocrx_word' id='word_1_74' title='bbox 670 1417 1005 1487; x_wconf 87' lang='lat' dir='ltr'>signiﬁcare,</span> <span class='ocrx_word' id='word_1_75' title='bbox 1021 1435 1133 1473; x_wconf 91' lang='lat' dir='ltr'>non</span> <span class='ocrx_word' id='word_1_76' title='bbox 1156 1419 1257 1473; x_wconf 89' lang='lat' dir='ltr'>abs</span> <span class='ocrx_word' id='word_1_77' title='bbox 1277 1436 1337 1474; x_wconf 86' lang='lat' dir='ltr'>re</span> <span class='ocrx_word' id='word_1_78' title='bbox 1355 1421 1642 1490; x_wconf 80' lang='lat' dir='ltr'>quaeritur.</span> <span class='ocrx_word' id='word_1_79' title='bbox 1668 1420 1823 1474; x_wconf 89' lang='lat' dir='ltr'>Nun-</span> 
     </span>
    </p>
   </div>
   <div class='ocr_carea' id='block_1_14' title="bbox 234 1504 1821 1578">
    <p class='ocr_par' dir='ltr' id='par_1_14' title="bbox 234 1504 1821 1578">
     <span class='ocr_line' id='line_1_14' title="bbox 234 1504 1821 1578; baseline 0.003 -20"><span class='ocrx_word' id='word_1_80' title='bbox 234 1504 376 1575; x_wconf 86' lang='lat' dir='ltr'>quid,</span> <span class='ocrx_word' id='word_1_81' title='bbox 410 1505 567 1560; x_wconf 85' lang='lat' dir='ltr'>velut</span> <span class='ocrx_word' id='word_1_82' title='bbox 586 1505 765 1561; x_wconf 75' lang='lat' dir='ltr'>Judaei</span> <span class='ocrx_word' id='word_1_83' title='bbox 785 1506 886 1561; x_wconf 90' lang='lat' dir='ltr'>Dei</span> <span class='ocrx_word' id='word_1_84' title='bbox 895 1506 1173 1577; x_wconf 90' lang='lat' dir='ltr'>justitiam</span> <span class='ocrx_word' id='word_1_85' title='bbox 1194 1508 1537 1578; x_wconf 82' lang='lat' dir='ltr'>ignorantes,</span> <span class='ocrx_word' id='word_1_86' title='bbox 1570 1514 1821 1563; x_wconf 90' lang='lat' dir='ltr'>nostram</span> 
     </span>
    </p>
   </div>
   <div class='ocr_carea' id='block_1_15' title="bbox 232 1594 1823 1670">
    <p class='ocr_par' dir='ltr' id='par_1_15' title="bbox 232 1594 1823 1670">
     <span class='ocr_line' id='line_1_15' title="bbox 232 1594 1823 1670; baseline 0.002 -22"><span class='ocrx_word' id='word_1_87' title='bbox 232 1594 534 1665; x_wconf 70' lang='lat' dir='ltr'>quaerimus</span> <span class='ocrx_word' id='word_1_88' title='bbox 562 1596 857 1651; x_wconf 80' lang='lat' dir='ltr'>statuere?</span> <span class='ocrx_word' id='word_1_89' title='bbox 886 1596 976 1651; x_wconf 92' lang='lat' dir='ltr'>Sic</span> <span class='ocrx_word' id='word_1_90' title='bbox 1006 1596 1196 1670; x_wconf 86' lang='lat' dir='ltr'>itaque</span> <span class='ocrx_word' id='word_1_91' title='bbox 1225 1597 1295 1651; x_wconf 91' lang='lat' dir='ltr'>de</span> <span class='ocrx_word' id='word_1_92' title='bbox 1323 1596 1410 1651; x_wconf 91' lang='lat' dir='ltr'>his</span> <span class='ocrx_word' id='word_1_93' title='bbox 1446 1597 1715 1669; x_wconf 91' lang='lat' dir='ltr'>scriptum</span> <span class='ocrx_word' id='word_1_94' title='bbox 1762 1598 1823 1651; x_wconf 91' lang='lat' dir='ltr'>in</span> 
     </span>
    </p>
   </div>
   <div class='ocr_carea' id='block_1_16' title="bbox 230 1682 1822 1755">
    <p class='ocr_par' dir='ltr' id='par_1_16' title="bbox 230 1682 1822 1755">
     <span class='ocr_line' id='line_1_16' title="bbox 230 1682 1822 1755; baseline 0.003 -19"><span class='ocrx_word' id='word_1_95' title='bbox 230 1682 397 1738; x_wconf 88' lang='lat' dir='ltr'>Paulo</span> <span class='ocrx_word' id='word_1_96' title='bbox 430 1684 703 1755; x_wconf 84' lang='lat' dir='ltr'>legimus:</span> <span class='ocrx_word' id='word_1_97' title='bbox 739 1688 1061 1753; x_wconf 85' lang='lat' dir='ltr'>Ignorantes</span> <span class='ocrx_word' id='word_1_98' title='bbox 1092 1686 1190 1740; x_wconf 86' lang='lat' dir='ltr'>Dei</span> <span class='ocrx_word' id='word_1_99' title='bbox 1219 1689 1527 1754; x_wconf 78' lang='lat' dir='ltr'>justitiam,</span> <span class='ocrx_word' id='word_1_100' title='bbox 1573 1692 1620 1742; x_wconf 88' lang='lat' dir='ltr'>et</span> <span class='ocrx_word' id='word_1_101' title='bbox 1659 1703 1822 1741; x_wconf 86' lang='lat' dir='ltr'>suam</span> 
     </span>
    </p>
   </div>
   <div class='ocr_carea' id='block_1_17' title="bbox 231 1776 1823 1845">
    <p class='ocr_par' dir='ltr' id='par_1_17' title="bbox 231 1776 1823 1845">
     <span class='ocr_line' id='line_1_17' title="bbox 231 1776 1823 1845; baseline 0.001 -18"><span class='ocrx_word' id='word_1_102' title='bbox 231 1778 527 1842; x_wconf 58' lang='lat' dir='ltr'>querentes</span> <span class='ocrx_word' id='word_1_103' title='bbox 550 1778 808 1840; x_wconf 77' lang='lat' dir='ltr'>statuere,</span> <span class='ocrx_word' id='word_1_104' title='bbox 819 1777 1055 1843; x_wconf 71' lang='lat' dir='ltr'>justitia:</span> <span class='ocrx_word' id='word_1_105' title='bbox 1068 1776 1167 1829; x_wconf 86' lang='lat' dir='ltr'>Dei</span> <span class='ocrx_word' id='word_1_106' title='bbox 1180 1780 1365 1841; x_wconf 75' lang='lat'>304</span> <span class='ocrx_word' id='word_1_107' title='bbox 1386 1778 1823 1845; x_wconf 84' lang='lat' dir='ltr'>nonsuntsubje-</span> 
     </span>
    </p>
   </div>
   <div class='ocr_carea' id='block_1_18' title="bbox 228 1849 1823 1934">
    <p class='ocr_par' dir='ltr' id='par_1_18' title="bbox 228 1849 1823 1934">
     <span class='ocr_line' id='line_1_18' title="bbox 228 1849 1823 1934; baseline 0.001 -17"><span class='ocrx_word' id='word_1_108' title='bbox 228 1865 296 1917; x_wconf 88' lang='lat' dir='ltr'>cti</span> <span class='ocrx_word' id='word_1_109' title='bbox 320 1864 509 1927; x_wconf 85' lang='lat' dir='ltr'>(Rom.</span> <span class='ocrx_word' id='word_1_110' title='bbox 546 1879 605 1930; x_wconf 86' lang='lat' dir='ltr'>x,</span> <span class='ocrx_word' id='word_1_111' title='bbox 642 1861 713 1934; x_wconf 89' lang='lat'>3).</span> <span class='ocrx_word' id='word_1_112' title='bbox 747 1862 930 1918; x_wconf 89' lang='lat' dir='ltr'>Simili</span> <span class='ocrx_word' id='word_1_113' title='bbox 960 1863 1126 1918; x_wconf 92' lang='lat' dir='ltr'>modo</span> <span class='ocrx_word' id='word_1_114' title='bbox 1156 1880 1282 1918; x_wconf 91' lang='lat' dir='ltr'>cum</span> <span class='ocrx_word' id='word_1_115' title='bbox 1327 1849 1481 1931; x_wconf 81' lang='lat' dir='ltr'>dicit,</span> <span class='ocrx_word' id='word_1_116' title='bbox 1528 1867 1713 1921; x_wconf 72' lang='lat' dir='ltr'>Cavete</span> <span class='ocrx_word' id='word_1_117' title='bbox 1755 1882 1823 1920; x_wconf 86' lang='lat' dir='ltr'>ne</span> 
     </span>
    </p>
   </div>
   <div class='ocr_carea' id='block_1_19' title="bbox 220 1954 1823 2025">
    <p class='ocr_par' dir='ltr' id='par_1_19' title="bbox 220 1954 1823 2025">
     <span class='ocr_line' id='line_1_19' title="bbox 220 1954 1823 2025; baseline 0.002 -20"><span class='ocrx_word' id='word_1_118' title='bbox 220 1955 504 2021; x_wconf 80' lang='lat' dir='ltr'>justitiam</span> <span class='ocrx_word' id='word_1_119' title='bbox 527 1958 763 2006; x_wconf 81' lang='lat' dir='ltr'>vestram</span> <span class='ocrx_word' id='word_1_120' title='bbox 780 1954 1003 2020; x_wconf 82' lang='lat' dir='ltr'>faciatis</span> <span class='ocrx_word' id='word_1_121' title='bbox 1014 1969 1198 2007; x_wconf 89' lang='lat' dir='ltr'>coram</span> <span class='ocrx_word' id='word_1_122' title='bbox 1212 1954 1548 2022; x_wconf 85' lang='lat' dir='ltr'>hominibus,</span> <span class='ocrx_word' id='word_1_123' title='bbox 1573 1971 1823 2025; x_wconf 85' lang='lat' dir='ltr'>quaeren-</span> 
     </span>
    </p>
   </div>
   <div class='ocr_carea' id='block_1_20' title="bbox 1902 800 3492 868">
    <p class='ocr_par' dir='ltr' id='par_1_20' title="bbox 1902 800 3492 868">
     <span class='ocr_line' id='line_1_20' title="bbox 1902 800 3492 868; baseline 0.001 -16"><span class='ocrx_word' id='word_1_124' title='bbox 1902 800 2122 853; x_wconf 88' lang='lat' dir='ltr'>Patrem</span> <span class='ocrx_word' id='word_1_125' title='bbox 2134 803 2395 864; x_wconf 85' lang='lat' dir='ltr'>vestrum,</span> <span class='ocrx_word' id='word_1_126' title='bbox 2411 800 2583 868; x_wconf 84' lang='lat' dir='ltr'>quiin</span> <span class='ocrx_word' id='word_1_127' title='bbox 2595 801 2822 853; x_wconf 73' lang='lat' dir='ltr'>catisest</span> <span class='ocrx_word' id='word_1_128' title='bbox 2843 817 2860 863; x_wconf 88' lang='lat'><em>;</em></span> <span class='ocrx_word' id='word_1_129' title='bbox 2886 815 3035 853; x_wconf 90' lang='lat' dir='ltr'>nunc</span> <span class='ocrx_word' id='word_1_130' title='bbox 3060 804 3268 866; x_wconf 88' lang='lat' dir='ltr'>autem,</span> <span class='ocrx_word' id='word_1_131' title='bbox 3296 816 3327 854; x_wconf 92' lang='lat' dir='ltr'>e</span> <span class='ocrx_word' id='word_1_132' title='bbox 3356 815 3492 855; x_wconf 88' lang='lat' dir='ltr'>con-</span> 
     </span>
    </p>
   </div>
   <div class='ocr_carea' id='block_1_21' title="bbox 1900 886 3493 956">
    <p class='ocr_par' dir='ltr' id='par_1_21' title="bbox 1900 886 3493 956">
     <span class='ocr_line' id='line_1_21' title="bbox 1900 886 3493 956; baseline 0.001 -15"><span class='ocrx_word' id='word_1_133' title='bbox 1900 886 2111 941; x_wconf 88' lang='lat' dir='ltr'>trario:</span> <span class='ocrx_word' id='word_1_134' title='bbox 2145 888 2330 943; x_wconf 77' lang='lat' dir='ltr'>Cavete</span> <span class='ocrx_word' id='word_1_135' title='bbox 2359 903 2424 941; x_wconf 89' lang='lat' dir='ltr'>ne</span> <span class='ocrx_word' id='word_1_136' title='bbox 2442 889 2732 955; x_wconf 86' lang='lat' dir='ltr'>justitiam</span> <span class='ocrx_word' id='word_1_137' title='bbox 2762 893 2998 942; x_wconf 79' lang='lat' dir='ltr'>vestram</span> <span class='ocrx_word' id='word_1_138' title='bbox 3026 889 3250 956; x_wconf 82' lang='lat' dir='ltr'>faciatis</span> <span class='ocrx_word' id='word_1_139' title='bbox 3303 904 3493 943; x_wconf 88' lang='lat' dir='ltr'>coram</span> 
     </span>
    </p>
   </div>
   <div class='ocr_carea' id='block_1_22' title="bbox 1902 976 3494 1049">
    <p class='ocr_par' dir='ltr' id='par_1_22' title="bbox 1902 976 3494 1049">
     <span class='ocr_line' id='line_1_22' title="bbox 1902 976 3494 1049; baseline 0.002 -20"><span class='ocrx_word' id='word_1_140' title='bbox 1902 977 2234 1030; x_wconf 83' lang='lat' dir='ltr'>hominibus.</span> <span class='ocrx_word' id='word_1_141' title='bbox 2271 976 2521 1040; x_wconf 87' lang='lat' dir='ltr'>Quarum</span> <span class='ocrx_word' id='word_1_142' title='bbox 2539 976 2812 1030; x_wconf 85' lang='lat' dir='ltr'>terminos</span> <span class='ocrx_word' id='word_1_143' title='bbox 2824 977 3228 1033; x_wconf 86' lang='lat' dir='ltr'>sententiarum</span> <span class='ocrx_word' id='word_1_144' title='bbox 3241 977 3494 1049; x_wconf 89' lang='lat' dir='ltr'>quisquis</span> 
     </span>
    </p>
   </div>
   <div class='ocr_carea' id='block_1_23' title="bbox 1901 1063 3496 1136">
    <p class='ocr_par' dir='ltr' id='par_1_23' title="bbox 1901 1063 3496 1136">
     <span class='ocr_line' id='line_1_23' title="bbox 1901 1063 3496 1136; baseline 0.001 -18"><span class='ocrx_word' id='word_1_145' title='bbox 1901 1063 2199 1135; x_wconf 83' lang='lat' dir='ltr'>diligenter</span> <span class='ocrx_word' id='word_1_146' title='bbox 2227 1064 2470 1136; x_wconf 88' lang='lat' dir='ltr'>inspicit,</span> <span class='ocrx_word' id='word_1_147' title='bbox 2497 1064 2616 1119; x_wconf 89' lang='lat' dir='ltr'>sine</span> <span class='ocrx_word' id='word_1_148' title='bbox 2644 1070 2835 1119; x_wconf 89' lang='lat' dir='ltr'>nostro</span> <span class='ocrx_word' id='word_1_149' title='bbox 2864 1065 3070 1120; x_wconf 87' lang='lat' dir='ltr'>laboris</span> <span class='ocrx_word' id='word_1_150' title='bbox 3091 1065 3272 1121; x_wconf 83' lang='lat' dir='ltr'>ofﬁcio</span> <span class='ocrx_word' id='word_1_151' title='bbox 3292 1066 3496 1121; x_wconf 85' lang='lat' dir='ltr'>intelli-</span> 
     </span>
    </p>
   </div>
   <div class='ocr_carea' id='block_1_24' title="bbox 1898 1153 3495 1227">
    <p class='ocr_par' dir='ltr' id='par_1_24' title="bbox 1898 1153 3495 1227">
     <span class='ocr_line' id='line_1_24' title="bbox 1898 1153 3495 1227; baseline 0.003 -20"><span class='ocrx_word' id='word_1_152' title='bbox 1898 1159 1997 1225; x_wconf 85' lang='lat' dir='ltr'>get</span> <span class='ocrx_word' id='word_1_153' title='bbox 2047 1158 2236 1221; x_wconf 64' lang='grc' dir='ltr'>διθό</span> <span class='ocrx_word' id='word_1_154' title='bbox 2278 1154 2413 1225; x_wconf 90' lang='lat' dir='ltr'>quid</span> <span class='ocrx_word' id='word_1_155' title='bbox 2454 1170 2646 1208; x_wconf 85' lang='lat' dir='ltr'>cavere</span> <span class='ocrx_word' id='word_1_156' title='bbox 2694 1153 3005 1225; x_wconf 88' lang='lat' dir='ltr'>prohibeat,</span> <span class='ocrx_word' id='word_1_157' title='bbox 3055 1155 3256 1227; x_wconf 90' lang='lat' dir='ltr'>quidve</span> <span class='ocrx_word' id='word_1_158' title='bbox 3304 1171 3495 1211; x_wconf 87' lang='lat' dir='ltr'>coram</span> 
     </span>
    </p>
   </div>
   <div class='ocr_carea' id='block_1_25' title="bbox 1902 1243 3493 1315">
    <p class='ocr_par' dir='ltr' id='par_1_25' title="bbox 1902 1243 3493 1315">
     <span class='ocr_line' id='line_1_25' title="bbox 1902 1243 3493 1315; baseline 0.002 -19"><span class='ocrx_word' id='word_1_159' title='bbox 1902 1243 2042 1297; x_wconf 85' lang='lat' dir='ltr'>ﬁeri.</span> <span class='ocrx_word' id='word_1_160' title='bbox 2068 1243 2185 1297; x_wconf 92' lang='lat' dir='ltr'>lllic</span> <span class='ocrx_word' id='word_1_161' title='bbox 2214 1243 2365 1297; x_wconf 90' lang='lat' dir='ltr'>enim</span> <span class='ocrx_word' id='word_1_162' title='bbox 2398 1244 2537 1299; x_wconf 87' lang='lat' dir='ltr'>:.Sic</span> <span class='ocrx_word' id='word_1_163' title='bbox 2559 1247 2735 1298; x_wconf 83' lang='lat' dir='ltr'>taceat</span> <span class='ocrx_word' id='word_1_164' title='bbox 2766 1247 2865 1298; x_wconf 72' lang='lat' dir='ltr'>tua:</span> <span class='ocrx_word' id='word_1_165' title='bbox 2892 1260 3037 1311; x_wconf 88' lang='lat' dir='ltr'>vera,</span> <span class='ocrx_word' id='word_1_166' title='bbox 3069 1245 3273 1315; x_wconf 89' lang='lat' dir='ltr'>inquit,</span> <span class='ocrx_word' id='word_1_167' title='bbox 3305 1262 3493 1300; x_wconf 89' lang='lat' dir='ltr'>coram</span> 
     </span>
    </p>
   </div>
   <div class='ocr_carea' id='block_1_26' title="bbox 1902 1333 3489 1402">
    <p class='ocr_par' dir='ltr' id='par_1_26' title="bbox 1902 1333 3489 1402">
     <span class='ocr_line' id='line_1_26' title="bbox 1902 1333 3489 1402; baseline 0.001 -15"><span class='ocrx_word' id='word_1_168' title='bbox 1902 1333 2307 1398; x_wconf 84' lang='lat' dir='ltr'>hominibus,ut</span> <span class='ocrx_word' id='word_1_169' title='bbox 2316 1335 2625 1400; x_wconf 60' lang='lat' dir='ltr'>gloriﬁcent</span> <span class='ocrx_word' id='word_1_170' title='bbox 2636 1335 2856 1387; x_wconf 85' lang='lat' dir='ltr'>Patrem</span> <span class='ocrx_word' id='word_1_171' title='bbox 2868 1339 3128 1397; x_wconf 85' lang='lat' dir='ltr'>vestrum;</span> <span class='ocrx_word' id='word_1_172' title='bbox 3152 1333 3317 1388; x_wconf 90' lang='lat' dir='ltr'>istinc</span> <span class='ocrx_word' id='word_1_173' title='bbox 3337 1351 3489 1402; x_wconf 85' lang='lat' dir='ltr'>vero,</span> 
     </span>
    </p>
   </div>
   <div class='ocr_carea' id='block_1_27' title="bbox 1902 1423 3488 1490">
    <p class='ocr_par' dir='ltr' id='par_1_27' title="bbox 1902 1423 3488 1490">
     <span class='ocr_line' id='line_1_27' title="bbox 1902 1423 3488 1490; baseline 0.001 -14"><span class='ocrx_word' id='word_1_174' title='bbox 1902 1423 2087 1477; x_wconf 80' lang='lat' dir='ltr'>Cavete</span> <span class='ocrx_word' id='word_1_175' title='bbox 2108 1438 2173 1475; x_wconf 87' lang='lat' dir='ltr'>ne</span> <span class='ocrx_word' id='word_1_176' title='bbox 2199 1424 2423 1489; x_wconf 83' lang='lat' dir='ltr'>faciatis</span> <span class='ocrx_word' id='word_1_177' title='bbox 2451 1438 2612 1490; x_wconf 82' lang='lat' dir='ltr'>opera</span> <span class='ocrx_word' id='word_1_178' title='bbox 2633 1428 2809 1476; x_wconf 84' lang='lat' dir='ltr'>vestra</span> <span class='ocrx_word' id='word_1_179' title='bbox 2832 1428 2891 1476; x_wconf 87' lang='lat' dir='ltr'>ut</span> <span class='ocrx_word' id='word_1_180' title='bbox 2938 1424 3245 1477; x_wconf 82' lang='lat' dir='ltr'>videamini</span> <span class='ocrx_word' id='word_1_181' title='bbox 3268 1425 3337 1477; x_wconf 92' lang='lat' dir='ltr'>ab</span> <span class='ocrx_word' id='word_1_182' title='bbox 3376 1426 3452 1477; x_wconf 85' lang='lat' dir='ltr'>eis</span> <span class='ocrx_word' id='word_1_183' title='bbox 3477 1441 3488 1476; x_wconf 89' lang='lat'>:</span> 
     </span>
    </p>
   </div>
   <div class='ocr_carea' id='block_1_28' title="bbox 1902 1510 3496 1581">
    <p class='ocr_par' dir='ltr' id='par_1_28' title="bbox 1902 1510 3496 1581">
     <span class='ocr_line' id='line_1_28' title="bbox 1902 1510 3496 1581; baseline 0.002 -18"><span class='ocrx_word' id='word_1_184' title='bbox 1902 1526 1966 1564; x_wconf 89' lang='lat' dir='ltr'>ac</span> <span class='ocrx_word' id='word_1_185' title='bbox 1992 1510 2037 1563; x_wconf 90' lang='lat' dir='ltr'>si</span> <span class='ocrx_word' id='word_1_186' title='bbox 2059 1510 2235 1565; x_wconf 90' lang='lat' dir='ltr'>dicat:</span> <span class='ocrx_word' id='word_1_187' title='bbox 2259 1510 2448 1564; x_wconf 88' lang='lat' dir='ltr'>Facite</span> <span class='ocrx_word' id='word_1_188' title='bbox 2462 1515 2527 1565; x_wconf 89' lang='lat' dir='ltr'>ut</span> <span class='ocrx_word' id='word_1_189' title='bbox 2544 1510 2640 1581; x_wconf 90' lang='lat' dir='ltr'>qui</span> <span class='ocrx_word' id='word_1_190' title='bbox 2656 1510 2913 1575; x_wconf 87' lang='lat' dir='ltr'>viderint,</span> <span class='ocrx_word' id='word_1_191' title='bbox 2926 1511 3242 1581; x_wconf 89' lang='lat' dir='ltr'>gloriﬁcent</span> <span class='ocrx_word' id='word_1_192' title='bbox 3268 1511 3496 1567; x_wconf 89' lang='lat' dir='ltr'>Patrem</span> 
     </span>
    </p>
   </div>
   <div class='ocr_carea' id='block_1_29' title="bbox 1901 1599 3495 1667">
    <p class='ocr_par' dir='ltr' id='par_1_29' title="bbox 1901 1599 3495 1667">
     <span class='ocr_line' id='line_1_29' title="bbox 1901 1599 3495 1667; baseline 0.001 -14"><span class='ocrx_word' id='word_1_193' title='bbox 1901 1605 2169 1665; x_wconf 88' lang='lat' dir='ltr'>vestrum,</span> <span class='ocrx_word' id='word_1_194' title='bbox 2202 1604 2259 1653; x_wconf 88' lang='lat' dir='ltr'>et</span> <span class='ocrx_word' id='word_1_195' title='bbox 2282 1616 2353 1653; x_wconf 91' lang='lat' dir='ltr'>ne</span> <span class='ocrx_word' id='word_1_196' title='bbox 2381 1599 2595 1654; x_wconf 85' lang='lat' dir='ltr'>faciatis</span> <span class='ocrx_word' id='word_1_197' title='bbox 2645 1616 2835 1654; x_wconf 88' lang='lat' dir='ltr'>coram</span> <span class='ocrx_word' id='word_1_198' title='bbox 2884 1600 3223 1667; x_wconf 89' lang='lat' dir='ltr'>hominibus,</span> <span class='ocrx_word' id='word_1_199' title='bbox 3271 1605 3495 1655; x_wconf 86' lang='lat' dir='ltr'>tantum</span> 
     </span>
    </p>
   </div>
   <div class='ocr_carea' id='block_1_30' title="bbox 1903 1687 3496 1761">
    <p class='ocr_par' dir='ltr' id='par_1_30' title="bbox 1903 1687 3496 1761">
     <span class='ocr_line' id='line_1_30' title="bbox 1903 1687 3496 1761; baseline 0.001 -19"><span class='ocrx_word' id='word_1_200' title='bbox 1903 1694 1968 1742; x_wconf 91' lang='lat' dir='ltr'>ut</span> <span class='ocrx_word' id='word_1_201' title='bbox 1994 1688 2293 1742; x_wconf 87' lang='lat' dir='ltr'>videamini</span> <span class='ocrx_word' id='word_1_202' title='bbox 2318 1687 2389 1742; x_wconf 90' lang='lat' dir='ltr'>ab</span> <span class='ocrx_word' id='word_1_203' title='bbox 2418 1688 2518 1747; x_wconf 89' lang='lat' dir='ltr'>eis.</span> <span class='ocrx_word' id='word_1_204' title='bbox 2549 1688 2702 1743; x_wconf 89' lang='lat' dir='ltr'>Nihil</span> <span class='ocrx_word' id='word_1_205' title='bbox 2735 1689 2886 1743; x_wconf 90' lang='lat' dir='ltr'>enim</span> <span class='ocrx_word' id='word_1_206' title='bbox 2916 1688 3143 1743; x_wconf 87' lang='lat' dir='ltr'>stultius</span> <span class='ocrx_word' id='word_1_207' title='bbox 3173 1705 3343 1761; x_wconf 90' lang='lat' dir='ltr'>quam</span> <span class='ocrx_word' id='word_1_208' title='bbox 3373 1705 3496 1743; x_wconf 90' lang='lat' dir='ltr'>ma-</span> 
     </span>
    </p>
   </div>
   <div class='ocr_carea' id='block_1_31' title="bbox 1898 1776 3497 1849">
    <p class='ocr_par' dir='ltr' id='par_1_31' title="bbox 1898 1776 3497 1849">
     <span class='ocr_line' id='line_1_31' title="bbox 1898 1776 3497 1849; baseline 0.002 -19"><span class='ocrx_word' id='word_1_209' title='bbox 1898 1777 2028 1848; x_wconf 89' lang='lat' dir='ltr'>jora</span> <span class='ocrx_word' id='word_1_210' title='bbox 2048 1776 2281 1847; x_wconf 72' lang='lat' dir='ltr'>justitiaa</span> <span class='ocrx_word' id='word_1_211' title='bbox 2298 1793 2469 1849; x_wconf 89' lang='lat' dir='ltr'>opera</span> <span class='ocrx_word' id='word_1_212' title='bbox 2507 1778 2594 1831; x_wconf 87' lang='lat' dir='ltr'>vel</span> <span class='ocrx_word' id='word_1_213' title='bbox 2625 1777 2843 1832; x_wconf 91' lang='lat' dir='ltr'>minora</span> <span class='ocrx_word' id='word_1_214' title='bbox 2872 1783 3096 1832; x_wconf 89' lang='lat' dir='ltr'>tantum</span> <span class='ocrx_word' id='word_1_215' title='bbox 3124 1777 3249 1833; x_wconf 90' lang='lat' dir='ltr'>ideo</span> <span class='ocrx_word' id='word_1_216' title='bbox 3279 1778 3403 1833; x_wconf 89' lang='lat' dir='ltr'>ﬁeri</span> <span class='ocrx_word' id='word_1_217' title='bbox 3433 1782 3497 1833; x_wconf 89' lang='lat' dir='ltr'>ut</span> 
     </span>
    </p>
   </div>
   <div class='ocr_carea' id='block_1_32' title="bbox 1904 1865 3496 1938">
    <p class='ocr_par' dir='ltr' id='par_1_32' title="bbox 1904 1865 3496 1938">
     <span class='ocr_line' id='line_1_32' title="bbox 1904 1865 3496 1938; baseline 0.002 -20"><span class='ocrx_word' id='word_1_218' title='bbox 1904 1866 2216 1920; x_wconf 90' lang='lat' dir='ltr'>videantur.</span> <span class='ocrx_word' id='word_1_219' title='bbox 2246 1865 2304 1920; x_wconf 91' lang='lat' dir='ltr'>Si</span> <span class='ocrx_word' id='word_1_220' title='bbox 2333 1871 2544 1932; x_wconf 87' lang='lat' dir='ltr'>autem,</span> <span class='ocrx_word' id='word_1_221' title='bbox 2576 1867 2726 1937; x_wconf 92' lang='lat' dir='ltr'>quod</span> <span class='ocrx_word' id='word_1_222' title='bbox 2763 1866 2945 1937; x_wconf 87' lang='lat' dir='ltr'>majus</span> <span class='ocrx_word' id='word_1_223' title='bbox 2986 1871 3090 1931; x_wconf 90' lang='lat' dir='ltr'>est,</span> <span class='ocrx_word' id='word_1_224' title='bbox 3146 1871 3364 1938; x_wconf 87' lang='lat' dir='ltr'>martyr</span> <span class='ocrx_word' id='word_1_225' title='bbox 3415 1866 3496 1921; x_wconf 90' lang='lat' dir='ltr'>vis</span> 
     </span>
    </p>
   </div>
   <div class='ocr_carea' id='block_1_33' title="bbox 1904 1954 3495 2026">
    <p class='ocr_par' dir='ltr' id='par_1_33' title="bbox 1904 1954 3495 2026">
     <span class='ocr_line' id='line_1_33' title="bbox 1904 1954 3495 2026; baseline -0.001 -17"><span class='ocrx_word' id='word_1_226' title='bbox 1904 1955 2046 2019; x_wconf 86' lang='lat' dir='ltr'>ﬁeri,</span> <span class='ocrx_word' id='word_1_227' title='bbox 2071 1955 2155 2009; x_wconf 89' lang='lat' dir='ltr'>vel</span> <span class='ocrx_word' id='word_1_228' title='bbox 2176 1955 2323 2026; x_wconf 91' lang='lat' dir='ltr'>quod</span> <span class='ocrx_word' id='word_1_229' title='bbox 2344 1955 2549 2020; x_wconf 87' lang='lat' dir='ltr'>minus,</span> <span class='ocrx_word' id='word_1_230' title='bbox 2569 1954 2795 2010; x_wconf 85' lang='lat' dir='ltr'>calicem</span> <span class='ocrx_word' id='word_1_231' title='bbox 2817 1972 2977 2026; x_wconf 74' lang='lat' dir='ltr'>aquae</span> <span class='ocrx_word' id='word_1_232' title='bbox 2995 1954 3209 2026; x_wconf 68' lang='lat' dir='ltr'>frigidae</span> <span class='ocrx_word' id='word_1_233' title='bbox 3246 1954 3495 2010; x_wconf 87' lang='lat' dir='ltr'>tribuere</span> 
     </span>
    </p>
   </div>
   <div class='ocr_carea' id='block_1_34' title="bbox 226 2041 3494 2126">
    <p class='ocr_par' dir='ltr' id='par_1_34' title="bbox 226 2041 3494 2126">
     <span class='ocr_line' id='line_1_34' title="bbox 226 2041 3494 2126; baseline 0.001 -33"><span class='ocrx_word' id='word_1_234' title='bbox 226 2041 349 2095; x_wconf 90' lang='lat' dir='ltr'>dum</span> <span class='ocrx_word' id='word_1_235' title='bbox 383 2046 661 2096; x_wconf 89' lang='lat' dir='ltr'>utrumne</span> <span class='ocrx_word' id='word_1_236' title='bbox 689 2041 872 2097; x_wconf 89' lang='lat' dir='ltr'>dicat:</span> <span class='ocrx_word' id='word_1_237' title='bbox 907 2042 1109 2097; x_wconf 87' lang='lat' dir='ltr'>Cavete</span> <span class='ocrx_word' id='word_1_238' title='bbox 1139 2059 1208 2096; x_wconf 91' lang='lat' dir='ltr'>ne</span> <span class='ocrx_word' id='word_1_239' title='bbox 1232 2042 1535 2113; x_wconf 88' lang='lat' dir='ltr'>justitiam,</span> <span class='ocrx_word' id='word_1_240' title='bbox 1568 2060 1691 2114; x_wconf 57' lang='lat' dir='ltr'>qua</span> <span class='ocrx_word' id='word_1_241' title='bbox 1719 2044 1883 2126; x_wconf 81' lang='lat' dir='ltr'>DeiB</span> <span class='ocrx_word' id='word_1_242' title='bbox 1903 2049 1968 2097; x_wconf 93' lang='lat' dir='ltr'>ut</span> <span class='ocrx_word' id='word_1_243' title='bbox 1995 2043 2234 2097; x_wconf 88' lang='lat' dir='ltr'>videaris</span> <span class='ocrx_word' id='word_1_244' title='bbox 2264 2048 2323 2097; x_wconf 92' lang='lat' dir='ltr'>et</span> <span class='ocrx_word' id='word_1_245' title='bbox 2347 2043 2612 2109; x_wconf 87' lang='lat' dir='ltr'>lauderis,</span> <span class='ocrx_word' id='word_1_246' title='bbox 2652 2047 2716 2097; x_wconf 91' lang='lat' dir='ltr'>tu</span> <span class='ocrx_word' id='word_1_247' title='bbox 2759 2041 2856 2114; x_wconf 89' lang='lat' dir='ltr'>qui</span> <span class='ocrx_word' id='word_1_248' title='bbox 2902 2042 3042 2113; x_wconf 87' lang='lat' dir='ltr'>agis,</span> <span class='ocrx_word' id='word_1_249' title='bbox 3091 2048 3147 2097; x_wconf 89' lang='lat' dir='ltr'>te</span> <span class='ocrx_word' id='word_1_250' title='bbox 3194 2043 3365 2097; x_wconf 88' lang='lat' dir='ltr'>ﬁnem</span> <span class='ocrx_word' id='word_1_251' title='bbox 3409 2042 3494 2097; x_wconf 91' lang='lat' dir='ltr'>tui</span> 
     </span>
    </p>
   </div>
   <div class='ocr_carea' id='block_1_35' title="bbox 228 2129 1818 2201">
    <p class='ocr_par' dir='ltr' id='par_1_35' title="bbox 228 2129 1818 2201">
     <span class='ocr_line' id='line_1_35' title="bbox 228 2129 1818 2201; baseline 0.001 -17"><span class='ocrx_word' id='word_1_252' title='bbox 228 2137 319 2193; x_wconf 88' lang='lat' dir='ltr'>est,</span> <span class='ocrx_word' id='word_1_253' title='bbox 350 2136 610 2185; x_wconf 77' lang='lat' dir='ltr'>vestram</span> <span class='ocrx_word' id='word_1_254' title='bbox 639 2130 857 2185; x_wconf 88' lang='lat' dir='ltr'>faciatis</span> <span class='ocrx_word' id='word_1_255' title='bbox 882 2129 952 2185; x_wconf 93' lang='lat' dir='ltr'>ob</span> <span class='ocrx_word' id='word_1_256' title='bbox 981 2147 1181 2185; x_wconf 88' lang='lat' dir='ltr'>vanam</span> <span class='ocrx_word' id='word_1_257' title='bbox 1217 2131 1455 2201; x_wconf 86' lang='lat' dir='ltr'>gloriam</span> <span class='ocrx_word' id='word_1_258' title='bbox 1485 2148 1672 2186; x_wconf 90' lang='lat' dir='ltr'>coram</span> <span class='ocrx_word' id='word_1_259' title='bbox 1717 2132 1818 2186; x_wconf 91' lang='lat' dir='ltr'>ho-</span> 
     </span>
    </p>
   </div>
   <div class='ocr_carea' id='block_1_36' title="bbox 224 2219 1819 2285">
    <p class='ocr_par' dir='ltr' id='par_1_36' title="bbox 224 2219 1819 2285">
     <span class='ocr_line' id='line_1_36' title="bbox 224 2219 1819 2285; baseline 0.002 -12"><span class='ocrx_word' id='word_1_260' title='bbox 224 2219 471 2274; x_wconf 87' lang='lat' dir='ltr'>minibus</span> <span class='ocrx_word' id='word_1_261' title='bbox 500 2219 857 2285; x_wconf 87' lang='lat' dir='ltr'>ostentando,</span> <span class='ocrx_word' id='word_1_262' title='bbox 907 2226 971 2274; x_wconf 93' lang='lat' dir='ltr'>ut</span> <span class='ocrx_word' id='word_1_263' title='bbox 1019 2219 1319 2274; x_wconf 88' lang='lat' dir='ltr'>videamini</span> <span class='ocrx_word' id='word_1_264' title='bbox 1364 2220 1435 2275; x_wconf 93' lang='lat' dir='ltr'>ab</span> <span class='ocrx_word' id='word_1_265' title='bbox 1479 2220 1578 2275; x_wconf 89' lang='lat' dir='ltr'>eis.</span> <span class='ocrx_word' id='word_1_266' title='bbox 1639 2221 1819 2285; x_wconf 86' lang='lat' dir='ltr'>Quam</span> 
     </span>
    </p>
   </div>
   <div class='ocr_carea' id='block_1_37' title="bbox 222 2307 1820 2381">
    <p class='ocr_par' dir='ltr' id='par_1_37' title="bbox 222 2307 1820 2381">
     <span class='ocr_line' id='line_1_37' title="bbox 222 2307 1820 2381; baseline 0.001 -18"><span class='ocrx_word' id='word_1_267' title='bbox 222 2308 506 2379; x_wconf 86' lang='lat' dir='ltr'>justitiam</span> <span class='ocrx_word' id='word_1_268' title='bbox 537 2307 850 2374; x_wconf 89' lang='lat' dir='ltr'>studentes,</span> <span class='ocrx_word' id='word_1_269' title='bbox 877 2308 979 2363; x_wconf 93' lang='lat' dir='ltr'>Dei</span> <span class='ocrx_word' id='word_1_270' title='bbox 1002 2308 1235 2379; x_wconf 68' lang='lat' dir='ltr'>justitia:</span> <span class='ocrx_word' id='word_1_271' title='bbox 1264 2325 1374 2364; x_wconf 90' lang='lat' dir='ltr'>non</span> <span class='ocrx_word' id='word_1_272' title='bbox 1420 2310 1652 2381; x_wconf 85' lang='lat' dir='ltr'>potestis</span> <span class='ocrx_word' id='word_1_273' title='bbox 1700 2327 1820 2365; x_wconf 87' lang='lat' dir='ltr'>esse</span> 
     </span>
    </p>
   </div>
   <div class='ocr_carea' id='block_1_38' title="bbox 222 2397 1821 2469">
    <p class='ocr_par' dir='ltr' id='par_1_38' title="bbox 222 2397 1821 2469">
     <span class='ocr_line' id='line_1_38' title="bbox 222 2397 1821 2469; baseline 0.001 -17"><span class='ocrx_word' id='word_1_274' title='bbox 222 2397 479 2468; x_wconf 85' lang='lat' dir='ltr'>subjecti.</span> <span class='ocrx_word' id='word_1_275' title='bbox 512 2398 681 2452; x_wconf 90' lang='lat' dir='ltr'>Patet</span> <span class='ocrx_word' id='word_1_276' title='bbox 709 2398 857 2452; x_wconf 89' lang='lat' dir='ltr'>enim</span> <span class='ocrx_word' id='word_1_277' title='bbox 889 2398 1037 2469; x_wconf 88' lang='lat' dir='ltr'>quod</span> <span class='ocrx_word' id='word_1_278' title='bbox 1067 2398 1235 2452; x_wconf 89' lang='lat' dir='ltr'>variis</span> <span class='ocrx_word' id='word_1_279' title='bbox 1263 2399 1463 2465; x_wconf 91' lang='lat' dir='ltr'>modis,</span> <span class='ocrx_word' id='word_1_280' title='bbox 1513 2399 1821 2454; x_wconf 89' lang='lat' dir='ltr'>secundum</span> 
     </span>
    </p>
   </div>
   <div class='ocr_carea' id='block_1_39' title="bbox 223 2487 1823 2559">
    <p class='ocr_par' dir='ltr' id='par_1_39' title="bbox 223 2487 1823 2559">
     <span class='ocr_line' id='line_1_39' title="bbox 223 2487 1823 2559; baseline 0.001 -18"><span class='ocrx_word' id='word_1_281' title='bbox 223 2487 545 2559; x_wconf 86' lang='lat' dir='ltr'>Scripturas</span> <span class='ocrx_word' id='word_1_282' title='bbox 557 2487 988 2557; x_wconf 88' lang='lat' dir='ltr'>sacras,justitia</span> <span class='ocrx_word' id='word_1_283' title='bbox 1005 2492 1252 2541; x_wconf 87' lang='lat' dir='ltr'>vocatur.</span> <span class='ocrx_word' id='word_1_284' title='bbox 1267 2487 1483 2543; x_wconf 90' lang='lat' dir='ltr'>Dicitur</span> <span class='ocrx_word' id='word_1_285' title='bbox 1493 2488 1642 2543; x_wconf 90' lang='lat' dir='ltr'>enim</span> <span class='ocrx_word' id='word_1_286' title='bbox 1658 2489 1823 2559; x_wconf 89' lang='lat' dir='ltr'>justi-</span> 
     </span>
    </p>
   </div>
   <div class='ocr_carea' id='block_1_40' title="bbox 222 2575 1821 2648">
    <p class='ocr_par' dir='ltr' id='par_1_40' title="bbox 222 2575 1821 2648">
     <span class='ocr_line' id='line_1_40' title="bbox 222 2575 1821 2648; baseline 0.001 -19"><span class='ocrx_word' id='word_1_287' title='bbox 222 2576 294 2630; x_wconf 87' lang='lat' dir='ltr'>tia</span> <span class='ocrx_word' id='word_1_288' title='bbox 312 2577 444 2643; x_wconf 88' lang='lat' dir='ltr'>Dei,</span> <span class='ocrx_word' id='word_1_289' title='bbox 459 2582 521 2630; x_wconf 91' lang='lat' dir='ltr'>et</span> <span class='ocrx_word' id='word_1_290' title='bbox 530 2576 759 2647; x_wconf 87' lang='lat' dir='ltr'>justitia</span> <span class='ocrx_word' id='word_1_291' title='bbox 770 2575 900 2630; x_wconf 88' lang='lat' dir='ltr'>ﬁdei</span> <span class='ocrx_word' id='word_1_292' title='bbox 913 2581 1081 2647; x_wconf 89' lang='lat' dir='ltr'>atque</span> <span class='ocrx_word' id='word_1_293' title='bbox 1098 2577 1532 2648; x_wconf 74' lang='lat' dir='ltr'>Evangelii,quae</span> <span class='ocrx_word' id='word_1_294' title='bbox 1544 2577 1821 2632; x_wconf 90' lang='lat' dir='ltr'>simulDei</span> 
     </span>
    </p>
   </div>
   <div class='ocr_carea' id='block_1_41' title="bbox 220 2664 1823 2736">
    <p class='ocr_par' dir='ltr' id='par_1_41' title="bbox 220 2664 1823 2736">
     <span class='ocr_line' id='line_1_41' title="bbox 220 2664 1823 2736; baseline 0.002 -18"><span class='ocrx_word' id='word_1_295' title='bbox 220 2672 274 2719; x_wconf 87' lang='lat' dir='ltr'>et</span> <span class='ocrx_word' id='word_1_296' title='bbox 290 2682 402 2720; x_wconf 86' lang='lat' dir='ltr'>una</span> <span class='ocrx_word' id='word_1_297' title='bbox 426 2670 541 2720; x_wconf 82' lang='lat' dir='ltr'>est.</span> <span class='ocrx_word' id='word_1_298' title='bbox 573 2664 795 2719; x_wconf 86' lang='lat' dir='ltr'>Dicitur</span> <span class='ocrx_word' id='word_1_299' title='bbox 821 2670 1011 2720; x_wconf 89' lang='lat' dir='ltr'>autem</span> <span class='ocrx_word' id='word_1_300' title='bbox 1040 2670 1098 2719; x_wconf 88' lang='lat' dir='ltr'>et</span> <span class='ocrx_word' id='word_1_301' title='bbox 1113 2666 1339 2736; x_wconf 88' lang='lat' dir='ltr'>justitia</span> <span class='ocrx_word' id='word_1_302' title='bbox 1353 2664 1493 2736; x_wconf 82' lang='lat' dir='ltr'>legis</span> <span class='ocrx_word' id='word_1_303' title='bbox 1522 2672 1580 2721; x_wconf 89' lang='lat' dir='ltr'>et</span> <span class='ocrx_word' id='word_1_304' title='bbox 1601 2667 1823 2721; x_wconf 69' lang='lat' dir='ltr'>Judaao-</span> 
     </span>
    </p>
   </div>
   <div class='ocr_carea' id='block_1_42' title="bbox 220 2755 1824 2831">
    <p class='ocr_par' dir='ltr' id='par_1_42' title="bbox 220 2755 1824 2831">
     <span class='ocr_line' id='line_1_42' title="bbox 220 2755 1824 2831; baseline 0.001 -21"><span class='ocrx_word' id='word_1_305' title='bbox 220 2771 335 2810; x_wconf 89' lang='lat' dir='ltr'>rum</span> <span class='ocrx_word' id='word_1_306' title='bbox 365 2762 555 2827; x_wconf 86' lang='lat' dir='ltr'>atque</span> <span class='ocrx_word' id='word_1_307' title='bbox 584 2755 789 2809; x_wconf 87' lang='lat' dir='ltr'>carnis.</span> <span class='ocrx_word' id='word_1_308' title='bbox 824 2755 931 2809; x_wconf 91' lang='lat' dir='ltr'>Sed</span> <span class='ocrx_word' id='word_1_309' title='bbox 960 2761 1016 2809; x_wconf 91' lang='lat' dir='ltr'>et</span> <span class='ocrx_word' id='word_1_310' title='bbox 1045 2771 1194 2809; x_wconf 91' lang='lat' dir='ltr'>nunc</span> <span class='ocrx_word' id='word_1_311' title='bbox 1215 2755 1439 2831; x_wconf 82' lang='lat' dir='ltr'>justitia</span> <span class='ocrx_word' id='word_1_312' title='bbox 1484 2757 1586 2811; x_wconf 86' lang='lat' dir='ltr'>Dei</span> <span class='ocrx_word' id='word_1_313' title='bbox 1630 2763 1824 2812; x_wconf 90' lang='lat' dir='ltr'>nostra</span> 
     </span>
    </p>
   </div>
   <div class='ocr_carea' id='block_1_43' title="bbox 222 2844 1822 2917">
    <p class='ocr_par' dir='ltr' id='par_1_43' title="bbox 222 2844 1822 2917">
     <span class='ocr_line' id='line_1_43' title="bbox 222 2844 1822 2917; baseline 0.003 -21"><span class='ocrx_word' id='word_1_314' title='bbox 222 2846 581 2917; x_wconf 86' lang='lat' dir='ltr'>appellatur;</span> <span class='ocrx_word' id='word_1_315' title='bbox 609 2861 676 2898; x_wconf 83' lang='lat' dir='ltr'>ex</span> <span class='ocrx_word' id='word_1_316' title='bbox 706 2860 816 2915; x_wconf 91' lang='lat' dir='ltr'>quo</span> <span class='ocrx_word' id='word_1_317' title='bbox 849 2844 1038 2915; x_wconf 92' lang='lat' dir='ltr'>liquet,</span> <span class='ocrx_word' id='word_1_318' title='bbox 1081 2845 1214 2916; x_wconf 89' lang='lat' dir='ltr'>quia</span> <span class='ocrx_word' id='word_1_319' title='bbox 1241 2844 1346 2900; x_wconf 93' lang='lat' dir='ltr'>sub</span> <span class='ocrx_word' id='word_1_320' title='bbox 1375 2844 1596 2900; x_wconf 76' lang='lat' dir='ltr'>Christo</span> <span class='ocrx_word' id='word_1_321' title='bbox 1626 2846 1684 2900; x_wconf 92' lang='lat' dir='ltr'>in</span> <span class='ocrx_word' id='word_1_322' title='bbox 1714 2847 1822 2901; x_wconf 88' lang='lat' dir='ltr'>ﬁde</span> 
     </span>
    </p>
   </div>
   <div class='ocr_carea' id='block_1_44' title="bbox 221 2933 1816 3004">
    <p class='ocr_par' dir='ltr' id='par_1_44' title="bbox 221 2933 1816 3004">
     <span class='ocr_line' id='line_1_44' title="bbox 221 2933 1816 3004; baseline 0.003 -19"><span class='ocrx_word' id='word_1_323' title='bbox 221 2934 453 2989; x_wconf 81' lang='lat' dir='ltr'>vivimus</span> <span class='ocrx_word' id='word_1_324' title='bbox 508 2933 819 3004; x_wconf 87' lang='lat' dir='ltr'>Evangelii,</span> <span class='ocrx_word' id='word_1_325' title='bbox 869 2939 1019 2987; x_wconf 87' lang='lat' dir='ltr'>recte</span> <span class='ocrx_word' id='word_1_326' title='bbox 1059 2940 1253 2988; x_wconf 90' lang='lat' dir='ltr'>nostra</span> <span class='ocrx_word' id='word_1_327' title='bbox 1288 2934 1512 3004; x_wconf 86' lang='lat' dir='ltr'>justitia</span> <span class='ocrx_word' id='word_1_328' title='bbox 1556 2942 1816 2990; x_wconf 91' lang='lat' dir='ltr'>vocatur:</span> 
     </span>
    </p>
   </div>
   <div class='ocr_carea' id='block_1_45' title="bbox 218 3018 1821 3092">
    <p class='ocr_par' dir='ltr' id='par_1_45' title="bbox 218 3018 1821 3092">
     <span class='ocr_line' id='line_1_45' title="bbox 218 3018 1821 3092; baseline 0.002 -20"><span class='ocrx_word' id='word_1_329' title='bbox 218 3018 313 3073; x_wconf 90' lang='lat' dir='ltr'>Dei</span> <span class='ocrx_word' id='word_1_330' title='bbox 340 3026 550 3074; x_wconf 86' lang='lat' dir='ltr'>autem</span> <span class='ocrx_word' id='word_1_331' title='bbox 577 3035 644 3073; x_wconf 88' lang='lat' dir='ltr'>ex</span> <span class='ocrx_word' id='word_1_332' title='bbox 674 3036 759 3085; x_wconf 90' lang='lat' dir='ltr'>eo,</span> <span class='ocrx_word' id='word_1_333' title='bbox 793 3018 925 3090; x_wconf 91' lang='lat' dir='ltr'>quia</span> <span class='ocrx_word' id='word_1_334' title='bbox 949 3019 1076 3073; x_wconf 89' lang='lat' dir='ltr'>ﬁnis</span> <span class='ocrx_word' id='word_1_335' title='bbox 1105 3019 1247 3089; x_wconf 84' lang='lat' dir='ltr'>legis</span> <span class='ocrx_word' id='word_1_336' title='bbox 1271 3020 1527 3074; x_wconf 89' lang='lat' dir='ltr'>Christus</span> <span class='ocrx_word' id='word_1_337' title='bbox 1557 3020 1626 3074; x_wconf 90' lang='lat' dir='ltr'>ad</span> <span class='ocrx_word' id='word_1_338' title='bbox 1650 3021 1821 3092; x_wconf 89' lang='lat' dir='ltr'>justi-</span> 
     </span>
    </p>
   </div>
   <div class='ocr_carea' id='block_1_46' title="bbox 218 3107 1821 3181">
    <p class='ocr_par' dir='ltr' id='par_1_46' title="bbox 218 3107 1821 3181">
     <span class='ocr_line' id='line_1_46' title="bbox 218 3107 1821 3181; baseline 0.003 -20"><span class='ocrx_word' id='word_1_339' title='bbox 218 3108 349 3162; x_wconf 88' lang='lat' dir='ltr'>tiam</span> <span class='ocrx_word' id='word_1_340' title='bbox 380 3107 553 3163; x_wconf 89' lang='lat' dir='ltr'>omni</span> <span class='ocrx_word' id='word_1_341' title='bbox 577 3108 828 3162; x_wconf 88' lang='lat' dir='ltr'>credenti</span> <span class='ocrx_word' id='word_1_342' title='bbox 854 3127 866 3175; x_wconf 89' lang='lat'><strong>;</strong></span> <span class='ocrx_word' id='word_1_343' title='bbox 895 3113 1089 3162; x_wconf 89' lang='lat' dir='ltr'>nostra</span> <span class='ocrx_word' id='word_1_344' title='bbox 1117 3125 1263 3174; x_wconf 87' lang='lat' dir='ltr'>vero,</span> <span class='ocrx_word' id='word_1_345' title='bbox 1296 3109 1443 3179; x_wconf 90' lang='lat' dir='ltr'>quod</span> <span class='ocrx_word' id='word_1_346' title='bbox 1459 3126 1561 3181; x_wconf 91' lang='lat' dir='ltr'>per</span> <span class='ocrx_word' id='word_1_347' title='bbox 1577 3110 1821 3181; x_wconf 85' lang='lat' dir='ltr'>gratiam</span> 
     </span>
    </p>
   </div>
   <div class='ocr_carea' id='block_1_47' title="bbox 215 3196 1825 3269">
    <p class='ocr_par' dir='ltr' id='par_1_47' title="bbox 215 3196 1825 3269">
     <span class='ocr_line' id='line_1_47' title="bbox 215 3196 1825 3269; baseline 0.001 -17"><span class='ocrx_word' id='word_1_348' title='bbox 215 3198 317 3267; x_wconf 89' lang='lat' dir='ltr'>piis</span> <span class='ocrx_word' id='word_1_349' title='bbox 340 3196 626 3269; x_wconf 82' lang='lat' dir='ltr'>operibus</span> <span class='ocrx_word' id='word_1_350' title='bbox 654 3197 1012 3269; x_wconf 87' lang='lat' dir='ltr'>adimpletur.</span> <span class='ocrx_word' id='word_1_351' title='bbox 1042 3197 1122 3251; x_wconf 86' lang='lat' dir='ltr'>Ac</span> <span class='ocrx_word' id='word_1_352' title='bbox 1146 3215 1247 3269; x_wconf 91' lang='lat' dir='ltr'>per</span> <span class='ocrx_word' id='word_1_353' title='bbox 1287 3199 1391 3252; x_wconf 91' lang='lat' dir='ltr'>hoc</span> <span class='ocrx_word' id='word_1_354' title='bbox 1438 3198 1507 3253; x_wconf 92' lang='lat' dir='ltr'>de</span> <span class='ocrx_word' id='word_1_355' title='bbox 1555 3199 1652 3254; x_wconf 86' lang='lat' dir='ltr'>illa</span> <span class='ocrx_word' id='word_1_356' title='bbox 1690 3200 1825 3255; x_wconf 91' lang='lat' dir='ltr'>dicit</span> 
     </span>
    </p>
   </div>
   <div class='ocr_carea' id='block_1_48' title="bbox 209 3286 1823 3358">
    <p class='ocr_par' dir='ltr' id='par_1_48' title="bbox 209 3286 1823 3358">
     <span class='ocr_line' id='line_1_48' title="bbox 209 3286 1823 3358; baseline 0.001 -17"><span class='ocrx_word' id='word_1_357' title='bbox 209 3287 451 3355; x_wconf 76' lang='lat' dir='ltr'>justitia,</span> <span class='ocrx_word' id='word_1_358' title='bbox 494 3303 624 3358; x_wconf 66' lang='lat' dir='ltr'>quae</span> <span class='ocrx_word' id='word_1_359' title='bbox 653 3287 853 3357; x_wconf 88' lang='lat' dir='ltr'>major,</span> <span class='ocrx_word' id='word_1_360' title='bbox 886 3286 1034 3341; x_wconf 91' lang='lat' dir='ltr'>sicut</span> <span class='ocrx_word' id='word_1_361' title='bbox 1059 3303 1229 3358; x_wconf 82' lang='lat' dir='ltr'>supra</span> <span class='ocrx_word' id='word_1_362' title='bbox 1253 3293 1625 3343; x_wconf 90' lang='lat' dir='ltr'>monstratum</span> <span class='ocrx_word' id='word_1_363' title='bbox 1656 3293 1742 3343; x_wconf 90' lang='lat' dir='ltr'>est</span> <span class='ocrx_word' id='word_1_364' title='bbox 1764 3289 1823 3344; x_wconf 91' lang='lat' dir='ltr'>in</span> 
     </span>
    </p>
   </div>
   <div class='ocr_carea' id='block_1_49' title="bbox 1902 2131 3497 2204">
    <p class='ocr_par' dir='ltr' id='par_1_49' title="bbox 1902 2131 3497 2204">
     <span class='ocr_line' id='line_1_49' title="bbox 1902 2131 3497 2204; baseline 0.001 -18"><span class='ocrx_word' id='word_1_365' title='bbox 1902 2132 2085 2204; x_wconf 89' lang='lat' dir='ltr'>operis</span> <span class='ocrx_word' id='word_1_366' title='bbox 2107 2132 2373 2199; x_wconf 89' lang='lat' dir='ltr'>statuisti,</span> <span class='ocrx_word' id='word_1_367' title='bbox 2406 2137 2463 2186; x_wconf 91' lang='lat' dir='ltr'>et</span> <span class='ocrx_word' id='word_1_368' title='bbox 2490 2131 2633 2186; x_wconf 89' lang='lat' dir='ltr'>forte</span> <span class='ocrx_word' id='word_1_369' title='bbox 2662 2131 2811 2203; x_wconf 89' lang='lat' dir='ltr'>quod</span> <span class='ocrx_word' id='word_1_370' title='bbox 2859 2131 3112 2203; x_wconf 69' lang='lat' dir='ltr'>quaesisti</span> <span class='ocrx_word' id='word_1_371' title='bbox 3138 2131 3330 2186; x_wconf 88' lang='lat' dir='ltr'>habes.</span> <span class='ocrx_word' id='word_1_372' title='bbox 3372 2131 3497 2196; x_wconf 84' lang='lat' dir='ltr'>Qua</span> 
     </span>
    </p>
   </div>
   <div class='ocr_carea' id='block_1_50' title="bbox 1902 2219 3498 2292">
    <p class='ocr_par' dir='ltr' id='par_1_50' title="bbox 1902 2219 3498 2292">
     <span class='ocr_line' id='line_1_50' title="bbox 1902 2219 3498 2292; baseline 0 -17"><span class='ocrx_word' id='word_1_373' title='bbox 1902 2222 1971 2276; x_wconf 91' lang='lat' dir='ltr'>de</span> <span class='ocrx_word' id='word_1_374' title='bbox 1999 2238 2186 2288; x_wconf 89' lang='lat' dir='ltr'>causa,</span> <span class='ocrx_word' id='word_1_375' title='bbox 2219 2221 2361 2275; x_wconf 88' lang='lat' dir='ltr'>nihil</span> <span class='ocrx_word' id='word_1_376' title='bbox 2390 2220 2563 2276; x_wconf 86' lang='lat' dir='ltr'>videri</span> <span class='ocrx_word' id='word_1_377' title='bbox 2590 2220 2835 2292; x_wconf 88' lang='lat' dir='ltr'>profuit;</span> <span class='ocrx_word' id='word_1_378' title='bbox 2877 2219 3014 2291; x_wconf 89' lang='lat' dir='ltr'>quin</span> <span class='ocrx_word' id='word_1_379' title='bbox 3056 2220 3255 2276; x_wconf 84' lang='lat' dir='ltr'>exinde</span> <span class='ocrx_word' id='word_1_380' title='bbox 3297 2236 3498 2275; x_wconf 89' lang='lat' dir='ltr'>vanam</span> 
     </span>
    </p>
   </div>
   <div class='ocr_carea' id='block_1_51' title="bbox 1900 2309 3498 2381">
    <p class='ocr_par' dir='ltr' id='par_1_51' title="bbox 1900 2309 3498 2381">
     <span class='ocr_line' id='line_1_51' title="bbox 1900 2309 3498 2381; baseline -0.001 -17"><span class='ocrx_word' id='word_1_381' title='bbox 1900 2310 2140 2381; x_wconf 89' lang='lat' dir='ltr'>gloriam</span> <span class='ocrx_word' id='word_1_382' title='bbox 2166 2309 2493 2365; x_wconf 89' lang='lat' dir='ltr'>incurristi:</span> <span class='ocrx_word' id='word_1_383' title='bbox 2527 2315 2584 2364; x_wconf 91' lang='lat' dir='ltr'>et</span> <span class='ocrx_word' id='word_1_384' title='bbox 2610 2310 2659 2364; x_wconf 91' lang='lat' dir='ltr'>si</span> <span class='ocrx_word' id='word_1_385' title='bbox 2685 2326 2880 2365; x_wconf 89' lang='lat' dir='ltr'>rursus</span> <span class='ocrx_word' id='word_1_386' title='bbox 2925 2310 3052 2364; x_wconf 90' lang='lat' dir='ltr'>ideo</span> <span class='ocrx_word' id='word_1_387' title='bbox 3093 2327 3283 2365; x_wconf 86' lang='lat' dir='ltr'>coram</span> <span class='ocrx_word' id='word_1_388' title='bbox 3327 2309 3498 2364; x_wconf 83' lang='lat' dir='ltr'>facias</span> 
     </span>
    </p>
   </div>
   <div class='ocr_carea' id='block_1_52' title="bbox 1904 2398 3500 2471">
    <p class='ocr_par' dir='ltr' id='par_1_52' title="bbox 1904 2398 3500 2471">
     <span class='ocr_line' id='line_1_52' title="bbox 1904 2398 3500 2471; baseline 0 -18"><span class='ocrx_word' id='word_1_389' title='bbox 1904 2403 1970 2453; x_wconf 92' lang='lat' dir='ltr'>ut</span> <span class='ocrx_word' id='word_1_390' title='bbox 1998 2400 2222 2454; x_wconf 88' lang='lat' dir='ltr'>luceant</span> <span class='ocrx_word' id='word_1_391' title='bbox 2248 2415 2420 2471; x_wconf 90' lang='lat' dir='ltr'>opera</span> <span class='ocrx_word' id='word_1_392' title='bbox 2446 2404 2547 2454; x_wconf 92' lang='lat' dir='ltr'>tua</span> <span class='ocrx_word' id='word_1_393' title='bbox 2566 2399 2647 2454; x_wconf 90' lang='lat' dir='ltr'>eis</span> <span class='ocrx_word' id='word_1_394' title='bbox 2677 2399 2773 2471; x_wconf 91' lang='lat' dir='ltr'>qui</span> <span class='ocrx_word' id='word_1_395' title='bbox 2798 2398 3041 2454; x_wconf 89' lang='lat' dir='ltr'>viderint</span> <span class='ocrx_word' id='word_1_396' title='bbox 3066 2399 3139 2454; x_wconf 90' lang='lat' dir='ltr'>ad</span> <span class='ocrx_word' id='word_1_397' title='bbox 3174 2399 3400 2454; x_wconf 90' lang='lat' dir='ltr'>laudem</span> <span class='ocrx_word' id='word_1_398' title='bbox 3442 2403 3500 2453; x_wconf 88' lang='lat' dir='ltr'>et</span> 
     </span>
    </p>
   </div>
   <div class='ocr_carea' id='block_1_53' title="bbox 1903 2487 3497 2559">
    <p class='ocr_par' dir='ltr' id='par_1_53' title="bbox 1903 2487 3497 2559">
     <span class='ocr_line' id='line_1_53' title="bbox 1903 2487 3497 2559; baseline 0 -17"><span class='ocrx_word' id='word_1_399' title='bbox 1903 2488 2088 2543; x_wconf 91' lang='lat' dir='ltr'>Patris</span> <span class='ocrx_word' id='word_1_400' title='bbox 2114 2487 2381 2559; x_wconf 77' lang='lat' dir='ltr'>gloriam,</span> <span class='ocrx_word' id='word_1_401' title='bbox 2400 2487 2533 2541; x_wconf 90' lang='lat' dir='ltr'>licet</span> <span class='ocrx_word' id='word_1_402' title='bbox 2560 2503 2673 2541; x_wconf 91' lang='lat' dir='ltr'>non</span> <span class='ocrx_word' id='word_1_403' title='bbox 2704 2488 2805 2541; x_wconf 89' lang='lat' dir='ltr'>ﬁat</span> <span class='ocrx_word' id='word_1_404' title='bbox 2832 2487 2979 2558; x_wconf 93' lang='lat' dir='ltr'>quod</span> <span class='ocrx_word' id='word_1_405' title='bbox 3012 2487 3278 2558; x_wconf 75' lang='lat' dir='ltr'>quaesisti,</span> <span class='ocrx_word' id='word_1_406' title='bbox 3312 2494 3376 2542; x_wconf 94' lang='lat' dir='ltr'>tu</span> <span class='ocrx_word' id='word_1_407' title='bbox 3406 2493 3497 2542; x_wconf 88' lang='lat' dir='ltr'>ta-</span> 
     </span>
    </p>
   </div>
   <div class='ocr_carea' id='block_1_54' title="bbox 1906 2575 3495 2646">
    <p class='ocr_par' dir='ltr' id='par_1_54' title="bbox 1906 2575 3495 2646">
     <span class='ocr_line' id='line_1_54' title="bbox 1906 2575 3495 2646; baseline 0 -16"><span class='ocrx_word' id='word_1_408' title='bbox 1906 2592 2037 2631; x_wconf 88' lang='lat' dir='ltr'>men</span> <span class='ocrx_word' id='word_1_409' title='bbox 2067 2576 2126 2630; x_wconf 90' lang='lat' dir='ltr'>in</span> <span class='ocrx_word' id='word_1_410' title='bbox 2155 2575 2497 2630; x_wconf 90' lang='lat' dir='ltr'>conscientia</span> <span class='ocrx_word' id='word_1_411' title='bbox 2542 2577 2712 2629; x_wconf 89' lang='lat' dir='ltr'>ﬁnem</span> <span class='ocrx_word' id='word_1_412' title='bbox 2755 2576 2989 2646; x_wconf 71' lang='lat' dir='ltr'>justitia:</span> <span class='ocrx_word' id='word_1_413' title='bbox 3036 2576 3289 2631; x_wconf 88' lang='lat' dir='ltr'>tenuisti.</span> <span class='ocrx_word' id='word_1_414' title='bbox 3336 2577 3495 2632; x_wconf 88' lang='lat' dir='ltr'>Unde</span> 
     </span>
    </p>
   </div>
   <div class='ocr_carea' id='block_1_55' title="bbox 1904 2661 3605 2731">
    <p class='ocr_par' dir='ltr' id='par_1_55' title="bbox 1904 2661 3605 2731">
     <span class='ocr_line' id='line_1_55' title="bbox 1904 2661 3605 2731; baseline 0 -14"><span class='ocrx_word' id='word_1_415' title='bbox 1904 2679 2018 2717; x_wconf 90' lang='lat' dir='ltr'>non</span> <span class='ocrx_word' id='word_1_416' title='bbox 2046 2662 2250 2717; x_wconf 91' lang='lat' dir='ltr'>dicitur</span> <span class='ocrx_word' id='word_1_417' title='bbox 2274 2680 2289 2718; x_wconf 85' lang='lat'><strong>;</strong></span> <span class='ocrx_word' id='word_1_418' title='bbox 2322 2664 2532 2717; x_wconf 90' lang='lat' dir='ltr'>Luceat</span> <span class='ocrx_word' id='word_1_419' title='bbox 2558 2663 2655 2717; x_wconf 88' lang='lat' dir='ltr'>lux</span> <span class='ocrx_word' id='word_1_420' title='bbox 2684 2667 2886 2729; x_wconf 89' lang='lat' dir='ltr'>vestra,</span> <span class='ocrx_word' id='word_1_421' title='bbox 2919 2666 2978 2716; x_wconf 90' lang='lat' dir='ltr'>et</span> <span class='ocrx_word' id='word_1_422' title='bbox 3001 2661 3047 2715; x_wconf 90' lang='lat' dir='ltr'>si</span> <span class='ocrx_word' id='word_1_423' title='bbox 3076 2662 3318 2717; x_wconf 89' lang='lat' dir='ltr'>viderint</span> <span class='ocrx_word' id='word_1_424' title='bbox 3347 2680 3491 2731; x_wconf 88' lang='lat' dir='ltr'>eam,</span> <span class='ocrx_word' id='word_1_425' title='bbox 3598 2676 3605 2691; x_wconf 54' lang='grc' dir='ltr'>λ</span> 
     </span>
    </p>
   </div>
   <div class='ocr_carea' id='block_1_56' title="bbox 1905 2750 3496 2821">
    <p class='ocr_par' dir='ltr' id='par_1_56' title="bbox 1905 2750 3496 2821">
     <span class='ocr_line' id='line_1_56' title="bbox 1905 2750 3496 2821; baseline 0.001 -16"><span class='ocrx_word' id='word_1_426' title='bbox 1905 2768 1970 2806; x_wconf 89' lang='lat' dir='ltr'>ac</span> <span class='ocrx_word' id='word_1_427' title='bbox 1994 2751 2433 2821; x_wconf 82' lang='lat' dir='ltr'>gloriﬁcaverint</span> <span class='ocrx_word' id='word_1_428' title='bbox 2451 2752 2662 2815; x_wconf 89' lang='lat' dir='ltr'>Deum;</span> <span class='ocrx_word' id='word_1_429' title='bbox 2695 2750 2794 2804; x_wconf 90' lang='lat' dir='ltr'>sed</span> <span class='ocrx_word' id='word_1_430' title='bbox 2816 2755 3059 2817; x_wconf 87' lang='lat' dir='ltr'>tantum,</span> <span class='ocrx_word' id='word_1_431' title='bbox 3090 2756 3154 2804; x_wconf 91' lang='lat' dir='ltr'>ut</span> <span class='ocrx_word' id='word_1_432' title='bbox 3180 2750 3407 2805; x_wconf 90' lang='lat' dir='ltr'>videant</span> <span class='ocrx_word' id='word_1_433' title='bbox 3441 2757 3496 2807; x_wconf 90' lang='lat' dir='ltr'>et</span> 
     </span>
    </p>
   </div>
   <div class='ocr_carea' id='block_1_57' title="bbox 1902 2840 3499 2912">
    <p class='ocr_par' dir='ltr' id='par_1_57' title="bbox 1902 2840 3499 2912">
     <span class='ocr_line' id='line_1_57' title="bbox 1902 2840 3499 2912; baseline 0.001 -17"><span class='ocrx_word' id='word_1_434' title='bbox 1902 2842 2237 2912; x_wconf 88' lang='lat' dir='ltr'>gloriﬁcent.</span> <span class='ocrx_word' id='word_1_435' title='bbox 2269 2842 2348 2895; x_wconf 86' lang='lat' dir='ltr'>Ac</span> <span class='ocrx_word' id='word_1_436' title='bbox 2373 2840 2421 2894; x_wconf 92' lang='lat' dir='ltr'>si</span> <span class='ocrx_word' id='word_1_437' title='bbox 2449 2840 2599 2895; x_wconf 86' lang='lat' dir='ltr'>dicat</span> <span class='ocrx_word' id='word_1_438' title='bbox 2623 2858 2634 2893; x_wconf 89' lang='lat'><strong>:</strong></span> <span class='ocrx_word' id='word_1_439' title='bbox 2668 2840 2754 2894; x_wconf 82' lang='lat' dir='ltr'>Ad</span> <span class='ocrx_word' id='word_1_440' title='bbox 2785 2841 2890 2894; x_wconf 91' lang='lat' dir='ltr'>hoc</span> <span class='ocrx_word' id='word_1_441' title='bbox 2916 2840 3065 2911; x_wconf 87' lang='lat' dir='ltr'>agite</span> <span class='ocrx_word' id='word_1_442' title='bbox 3093 2845 3158 2893; x_wconf 91' lang='lat' dir='ltr'>ut</span> <span class='ocrx_word' id='word_1_443' title='bbox 3181 2840 3499 2911; x_wconf 88' lang='lat' dir='ltr'>gloriﬁcent</span> 
     </span>
    </p>
   </div>
   <div class='ocr_carea' id='block_1_58' title="bbox 1904 2928 3498 3001">
    <p class='ocr_par' dir='ltr' id='par_1_58' title="bbox 1904 2928 3498 3001">
     <span class='ocr_line' id='line_1_58' title="bbox 1904 2928 3498 3001; baseline 0.001 -17"><span class='ocrx_word' id='word_1_444' title='bbox 1904 2930 2129 2984; x_wconf 86' lang='lat' dir='ltr'>Patrem</span> <span class='ocrx_word' id='word_1_445' title='bbox 2155 2935 2425 2993; x_wconf 84' lang='lat' dir='ltr'>vestrum,</span> <span class='ocrx_word' id='word_1_446' title='bbox 2465 2929 2573 2984; x_wconf 91' lang='lat' dir='ltr'>erit</span> <span class='ocrx_word' id='word_1_447' title='bbox 2599 2929 2658 2983; x_wconf 91' lang='lat' dir='ltr'>in</span> <span class='ocrx_word' id='word_1_448' title='bbox 2683 2929 2872 2983; x_wconf 90' lang='lat' dir='ltr'>divina</span> <span class='ocrx_word' id='word_1_449' title='bbox 2906 2928 3251 3001; x_wconf 81' lang='lat' dir='ltr'>respectione</span> <span class='ocrx_word' id='word_1_450' title='bbox 3282 2930 3415 3001; x_wconf 91' lang='lat' dir='ltr'>quid</span> <span class='ocrx_word' id='word_1_451' title='bbox 3446 2930 3498 2985; x_wconf 89' lang='lat' dir='ltr'>ei</span> 
     </span>
    </p>
   </div>
   <div class='ocr_carea' id='block_1_59' title="bbox 1903 3018 3498 3091">
    <p class='ocr_par' dir='ltr' id='par_1_59' title="bbox 1903 3018 3498 3091">
     <span class='ocr_line' id='line_1_59' title="bbox 1903 3018 3498 3091; baseline 0.001 -19"><span class='ocrx_word' id='word_1_452' title='bbox 1903 3020 2137 3090; x_wconf 87' lang='lat' dir='ltr'>placeat.</span> <span class='ocrx_word' id='word_1_453' title='bbox 2168 3019 2383 3091; x_wconf 87' lang='lat' dir='ltr'>Quippe</span> <span class='ocrx_word' id='word_1_454' title='bbox 2405 3019 2537 3090; x_wconf 90' lang='lat' dir='ltr'>quia</span> <span class='ocrx_word' id='word_1_455' title='bbox 2552 3018 2931 3090; x_wconf 68' lang='lat' dir='ltr'>praedicatoris</span> <span class='ocrx_word' id='word_1_456' title='bbox 2947 3018 3191 3073; x_wconf 91' lang='lat' dir='ltr'>ofﬁcium</span> <span class='ocrx_word' id='word_1_457' title='bbox 3212 3024 3298 3073; x_wconf 92' lang='lat' dir='ltr'>est</span> <span class='ocrx_word' id='word_1_458' title='bbox 3314 3019 3498 3074; x_wconf 87' lang='lat' dir='ltr'>verbis</span> 
     </span>
    </p>
   </div>
   <div class='ocr_carea' id='block_1_60' title="bbox 1906 3107 3497 3180">
    <p class='ocr_par' dir='ltr' id='par_1_60' title="bbox 1906 3107 3497 3180">
     <span class='ocr_line' id='line_1_60' title="bbox 1906 3107 3497 3180; baseline 0.001 -17"><span class='ocrx_word' id='word_1_459' title='bbox 1906 3116 1963 3163; x_wconf 90' lang='lat' dir='ltr'>et</span> <span class='ocrx_word' id='word_1_460' title='bbox 1989 3109 2252 3180; x_wconf 90' lang='lat' dir='ltr'>operibus</span> <span class='ocrx_word' id='word_1_461' title='bbox 2274 3108 2613 3180; x_wconf 89' lang='lat' dir='ltr'>persuadere</span> <span class='ocrx_word' id='word_1_462' title='bbox 2643 3107 2715 3162; x_wconf 90' lang='lat' dir='ltr'>ad</span> <span class='ocrx_word' id='word_1_463' title='bbox 2743 3108 2964 3163; x_wconf 89' lang='lat' dir='ltr'>laudem</span> <span class='ocrx_word' id='word_1_464' title='bbox 2988 3108 3117 3162; x_wconf 90' lang='lat' dir='ltr'>ﬁdei</span> <span class='ocrx_word' id='word_1_465' title='bbox 3141 3127 3153 3176; x_wconf 87' lang='lat'><strong>;</strong></span> <span class='ocrx_word' id='word_1_466' title='bbox 3186 3108 3288 3163; x_wconf 91' lang='lat' dir='ltr'>Dei</span> <span class='ocrx_word' id='word_1_467' title='bbox 3305 3115 3497 3164; x_wconf 87' lang='lat' dir='ltr'>tamen</span> 
     </span>
    </p>
   </div>
   <div class='ocr_carea' id='block_1_61' title="bbox 1904 3197 3496 3268">
    <p class='ocr_par' dir='ltr' id='par_1_61' title="bbox 1904 3197 3496 3268">
     <span class='ocr_line' id='line_1_61' title="bbox 1904 3197 3496 3268; baseline -0.001 -15"><span class='ocrx_word' id='word_1_468' title='bbox 1904 3203 2011 3264; x_wconf 89' lang='lat' dir='ltr'>est,</span> <span class='ocrx_word' id='word_1_469' title='bbox 2050 3198 2098 3253; x_wconf 90' lang='lat' dir='ltr'>si</span> <span class='ocrx_word' id='word_1_470' title='bbox 2127 3197 2418 3253; x_wconf 73' lang='lat' dir='ltr'>obtineant</span> <span class='ocrx_word' id='word_1_471' title='bbox 2446 3197 2594 3268; x_wconf 90' lang='lat' dir='ltr'>apud</span> <span class='ocrx_word' id='word_1_472' title='bbox 2616 3214 2711 3252; x_wconf 91' lang='lat' dir='ltr'>eos</span> <span class='ocrx_word' id='word_1_473' title='bbox 2734 3197 2982 3252; x_wconf 91' lang='lat' dir='ltr'>muneris</span> <span class='ocrx_word' id='word_1_474' title='bbox 3001 3197 3344 3253; x_wconf 88' lang='lat' dir='ltr'>ﬁrmitatem.</span> <span class='ocrx_word' id='word_1_475' title='bbox 3380 3198 3496 3253; x_wconf 90' lang='lat' dir='ltr'>No-</span> 
     </span>
    </p>
   </div>
   <div class='ocr_carea' id='block_1_62' title="bbox 1903 3285 3496 3358">
    <p class='ocr_par' dir='ltr' id='par_1_62' title="bbox 1903 3285 3496 3358">
     <span class='ocr_line' id='line_1_62' title="bbox 1903 3285 3496 3358; baseline 0.001 -17"><span class='ocrx_word' id='word_1_476' title='bbox 1903 3286 2076 3342; x_wconf 89' lang='lat' dir='ltr'>tanda</span> <span class='ocrx_word' id='word_1_477' title='bbox 2097 3286 2273 3357; x_wconf 89' lang='lat' dir='ltr'>igitur</span> <span class='ocrx_word' id='word_1_478' title='bbox 2298 3286 2357 3340; x_wconf 89' lang='lat' dir='ltr'>in</span> <span class='ocrx_word' id='word_1_479' title='bbox 2382 3285 2641 3341; x_wconf 89' lang='lat' dir='ltr'>omnibus</span> <span class='ocrx_word' id='word_1_480' title='bbox 2669 3285 2964 3341; x_wconf 89' lang='lat' dir='ltr'>verborum</span> <span class='ocrx_word' id='word_1_481' title='bbox 2991 3288 3337 3358; x_wconf 87' lang='lat' dir='ltr'>proprietas;</span> <span class='ocrx_word' id='word_1_482' title='bbox 3362 3304 3496 3342; x_wconf 90' lang='lat' dir='ltr'>nam</span> 
     </span>
    </p>
   </div>
   <div class='ocr_carea' id='block_1_63' title="bbox 214 3375 3495 3449">
    <p class='ocr_par' dir='ltr' id='par_1_63' title="bbox 214 3375 3495 3449">
     <span class='ocr_line' id='line_1_63' title="bbox 214 3375 3495 3449; baseline 0.001 -19"><span class='ocrx_word' id='word_1_483' title='bbox 214 3376 550 3447; x_wconf 83' lang='lat' dir='ltr'>Evangelia,</span> <span class='ocrx_word' id='word_1_484' title='bbox 583 3376 702 3430; x_wconf 89' lang='lat' dir='ltr'>suis</span> <span class='ocrx_word' id='word_1_485' title='bbox 728 3376 959 3447; x_wconf 86' lang='lat' dir='ltr'>impleta</span> <span class='ocrx_word' id='word_1_486' title='bbox 989 3375 1261 3448; x_wconf 89' lang='lat' dir='ltr'>partibus,</span> <span class='ocrx_word' id='word_1_487' title='bbox 1296 3379 1634 3448; x_wconf 62' lang='lat' dir='ltr'>praedicatur</span> <span class='ocrx_word' id='word_1_488' title='bbox 1653 3395 1821 3449; x_wconf 90' lang='lat' dir='ltr'>quam</span> <span class='ocrx_word' id='word_1_489' title='bbox 1840 3383 1883 3442; x_wconf 77' lang='grc' dir='ltr'>Ο</span> <span class='ocrx_word' id='word_1_490' title='bbox 1903 3375 2058 3430; x_wconf 91' lang='lat' dir='ltr'>illinc</span> <span class='ocrx_word' id='word_1_491' title='bbox 2087 3376 2298 3430; x_wconf 90' lang='lat' dir='ltr'>dictum</span> <span class='ocrx_word' id='word_1_492' title='bbox 2327 3381 2446 3430; x_wconf 87' lang='lat' dir='ltr'>est:</span> <span class='ocrx_word' id='word_1_493' title='bbox 2471 3375 2564 3431; x_wconf 81' lang='lat' dir='ltr'>Sic</span> <span class='ocrx_word' id='word_1_494' title='bbox 2584 3379 2780 3443; x_wconf 88' lang='lat' dir='ltr'>luceat,</span> <span class='ocrx_word' id='word_1_495' title='bbox 2811 3376 2978 3431; x_wconf 89' lang='lat' dir='ltr'>istinc</span> <span class='ocrx_word' id='word_1_496' title='bbox 2992 3382 3180 3431; x_wconf 89' lang='lat' dir='ltr'>autem</span> <span class='ocrx_word' id='word_1_497' title='bbox 3211 3379 3397 3434; x_wconf 77' lang='lat' dir='ltr'>Cavete</span> <span class='ocrx_word' id='word_1_498' title='bbox 3428 3394 3495 3432; x_wconf 85' lang='lat' dir='ltr'>ne</span> 
     </span>
    </p>
   </div>
   <div class='ocr_carea' id='block_1_64' title="bbox 210 3465 1821 3545">
    <p class='ocr_par' dir='ltr' id='par_1_64' title="bbox 210 3465 1821 3545">
     <span class='ocr_line' id='line_1_64' title="bbox 210 3465 1821 3545; baseline 0.002 -26"><span class='ocrx_word' id='word_1_499' title='bbox 210 3465 552 3545; x_wconf 68' lang='lat' dir='ltr'>Scribarum</span> <span class='ocrx_word' id='word_1_500' title='bbox 572 3470 631 3520; x_wconf 91' lang='lat' dir='ltr'>et</span> <span class='ocrx_word' id='word_1_501' title='bbox 648 3465 1079 3531; x_wconf 67' lang='lat' dir='ltr'>Pharisaeorum,</span> <span class='ocrx_word' id='word_1_502' title='bbox 1096 3482 1218 3537; x_wconf 63' lang='lat' dir='ltr'>qua</span> <span class='ocrx_word' id='word_1_503' title='bbox 1236 3483 1348 3520; x_wconf 90' lang='lat' dir='ltr'>non</span> <span class='ocrx_word' id='word_1_504' title='bbox 1370 3467 1491 3534; x_wconf 91' lang='lat' dir='ltr'>Dei,</span> <span class='ocrx_word' id='word_1_505' title='bbox 1505 3467 1603 3521; x_wconf 91' lang='lat' dir='ltr'>sed</span> <span class='ocrx_word' id='word_1_506' title='bbox 1626 3484 1821 3523; x_wconf 89' lang='lat' dir='ltr'>eorum</span> 
     </span>
    </p>
   </div>
   <div class='ocr_carea' id='block_1_65' title="bbox 206 3555 1823 3627">
    <p class='ocr_par' dir='ltr' id='par_1_65' title="bbox 206 3555 1823 3627">
     <span class='ocr_line' id='line_1_65' title="bbox 206 3555 1823 3627; baseline 0.001 -18"><span class='ocrx_word' id='word_1_507' title='bbox 206 3570 324 3608; x_wconf 84' lang='lat' dir='ltr'>esse</span> <span class='ocrx_word' id='word_1_508' title='bbox 343 3555 784 3626; x_wconf 88' lang='lat' dir='ltr'>pronuntiatur.</span> <span class='ocrx_word' id='word_1_509' title='bbox 810 3555 985 3608; x_wconf 88' lang='lat' dir='ltr'>Porro</span> <span class='ocrx_word' id='word_1_510' title='bbox 1004 3560 1196 3608; x_wconf 89' lang='lat' dir='ltr'>nostra</span> <span class='ocrx_word' id='word_1_511' title='bbox 1227 3556 1453 3626; x_wconf 90' lang='lat' dir='ltr'>justitia</span> <span class='ocrx_word' id='word_1_512' title='bbox 1476 3561 1579 3622; x_wconf 89' lang='lat' dir='ltr'>est,</span> <span class='ocrx_word' id='word_1_513' title='bbox 1613 3556 1682 3610; x_wconf 89' lang='lat' dir='ltr'>de</span> <span class='ocrx_word' id='word_1_514' title='bbox 1711 3573 1823 3627; x_wconf 92' lang='lat' dir='ltr'>qua</span> 
     </span>
    </p>
   </div>
   <div class='ocr_carea' id='block_1_66' title="bbox 206 3642 1819 3714">
    <p class='ocr_par' dir='ltr' id='par_1_66' title="bbox 206 3642 1819 3714">
     <span class='ocr_line' id='line_1_66' title="bbox 206 3642 1819 3714; baseline 0.002 -19"><span class='ocrx_word' id='word_1_515' title='bbox 206 3642 450 3699; x_wconf 83' lang='lat' dir='ltr'>dicitur:</span> <span class='ocrx_word' id='word_1_516' title='bbox 482 3647 684 3699; x_wconf 81' lang='lat' dir='ltr'>Justus</span> <span class='ocrx_word' id='word_1_517' title='bbox 705 3660 769 3697; x_wconf 77' lang='lat' dir='ltr'>ea:</span> <span class='ocrx_word' id='word_1_518' title='bbox 787 3645 1231 3714; x_wconf 79' lang='lat' dir='ltr'>ﬁdevivit(Rom.</span> <span class='ocrx_word' id='word_1_519' title='bbox 1266 3658 1305 3708; x_wconf 84' lang='grc' dir='ltr'>Ι,</span> <span class='ocrx_word' id='word_1_520' title='bbox 1347 3643 1467 3714; x_wconf 89' lang='lat' dir='ltr'>l7);</span> <span class='ocrx_word' id='word_1_521' title='bbox 1500 3645 1638 3699; x_wconf 89' lang='lat' dir='ltr'>ﬁdes</span> <span class='ocrx_word' id='word_1_522' title='bbox 1687 3662 1819 3700; x_wconf 77' lang='lat' dir='ltr'>vero</span> 
     </span>
    </p>
   </div>
   <div class='ocr_carea' id='block_1_67' title="bbox 203 3730 1820 3805">
    <p class='ocr_par' dir='ltr' id='par_1_67' title="bbox 203 3730 1820 3805">
     <span class='ocr_line' id='line_1_67' title="bbox 203 3730 1820 3805; baseline 0.002 -20"><span class='ocrx_word' id='word_1_523' title='bbox 203 3730 300 3786; x_wconf 89' lang='lat' dir='ltr'>Dei</span> <span class='ocrx_word' id='word_1_524' title='bbox 328 3740 442 3800; x_wconf 86' lang='lat' dir='ltr'>est,</span> <span class='ocrx_word' id='word_1_525' title='bbox 460 3749 596 3805; x_wconf 59' lang='lat' dir='ltr'>qua</span> <span class='ocrx_word' id='word_1_526' title='bbox 609 3749 712 3804; x_wconf 89' lang='lat' dir='ltr'>per</span> <span class='ocrx_word' id='word_1_527' title='bbox 729 3731 1082 3786; x_wconf 90' lang='lat' dir='ltr'>dilectionem</span> <span class='ocrx_word' id='word_1_528' title='bbox 1106 3732 1206 3787; x_wconf 90' lang='lat' dir='ltr'>Dei</span> <span class='ocrx_word' id='word_1_529' title='bbox 1223 3749 1288 3786; x_wconf 90' lang='lat' dir='ltr'>ac</span> <span class='ocrx_word' id='word_1_530' title='bbox 1306 3733 1544 3804; x_wconf 84' lang='lat' dir='ltr'>proximi</span> <span class='ocrx_word' id='word_1_531' title='bbox 1565 3750 1820 3788; x_wconf 89' lang='lat' dir='ltr'>consum-</span> 
     </span>
    </p>
   </div>
   <div class='ocr_carea' id='block_1_68' title="bbox 202 3821 1818 3894">
    <p class='ocr_par' dir='ltr' id='par_1_68' title="bbox 202 3821 1818 3894">
     <span class='ocr_line' id='line_1_68' title="bbox 202 3821 1818 3894; baseline 0.002 -21"><span class='ocrx_word' id='word_1_532' title='bbox 202 3827 415 3876; x_wconf 88' lang='lat' dir='ltr'>matur.</span> <span class='ocrx_word' id='word_1_533' title='bbox 442 3823 623 3876; x_wconf 75' lang='lat' dir='ltr'>Patet</span> <span class='ocrx_word' id='word_1_534' title='bbox 639 3821 815 3892; x_wconf 89' lang='lat' dir='ltr'>igitur</span> <span class='ocrx_word' id='word_1_535' title='bbox 832 3837 1048 3884; x_wconf 86' lang='lat' dir='ltr'>sensus,</span> <span class='ocrx_word' id='word_1_536' title='bbox 1078 3821 1224 3892; x_wconf 88' lang='lat' dir='ltr'>quod</span> <span class='ocrx_word' id='word_1_537' title='bbox 1241 3821 1363 3892; x_wconf 89' lang='lat' dir='ltr'>ipsa</span> <span class='ocrx_word' id='word_1_538' title='bbox 1382 3827 1468 3876; x_wconf 90' lang='lat' dir='ltr'>est</span> <span class='ocrx_word' id='word_1_539' title='bbox 1480 3839 1602 3893; x_wconf 61' lang='lat' dir='ltr'>qua;</span> <span class='ocrx_word' id='word_1_540' title='bbox 1618 3838 1818 3894; x_wconf 62' lang='lat' dir='ltr'>praece-</span> 
     </span>
    </p>
   </div>
   <div class='ocr_carea' id='block_1_69' title="bbox 199 3909 1818 3983">
    <p class='ocr_par' dir='ltr' id='par_1_69' title="bbox 199 3909 1818 3983">
     <span class='ocr_line' id='line_1_69' title="bbox 199 3909 1818 3983; baseline 0 -18"><span class='ocrx_word' id='word_1_541' title='bbox 199 3909 311 3981; x_wconf 85' lang='lat' dir='ltr'>ptis</span> <span class='ocrx_word' id='word_1_542' title='bbox 334 3910 773 3983; x_wconf 88' lang='lat' dir='ltr'>operationum,</span> <span class='ocrx_word' id='word_1_543' title='bbox 806 3914 860 3964; x_wconf 89' lang='lat' dir='ltr'>et</span> <span class='ocrx_word' id='word_1_544' title='bbox 900 3910 1193 3982; x_wconf 80' lang='lat' dir='ltr'>praeceptis</span> <span class='ocrx_word' id='word_1_545' title='bbox 1233 3910 1524 3979; x_wconf 89' lang='lat' dir='ltr'>signorum</span> <span class='ocrx_word' id='word_1_546' title='bbox 1561 3912 1818 3983; x_wconf 78' lang='lat' dir='ltr'>superius</span> 
     </span>
    </p>
   </div>
   <div class='ocr_carea' id='block_1_70' title="bbox 200 3999 1818 4073">
    <p class='ocr_par' dir='ltr' id='par_1_70' title="bbox 200 3999 1818 4073">
     <span class='ocr_line' id='line_1_70' title="bbox 200 3999 1818 4073; baseline 0.001 -20"><span class='ocrx_word' id='word_1_547' title='bbox 200 3999 527 4073; x_wconf 83' lang='lat' dir='ltr'>adimpleta</span> <span class='ocrx_word' id='word_1_548' title='bbox 551 3999 850 4070; x_wconf 88' lang='lat' dir='ltr'>gloriosior</span> <span class='ocrx_word' id='word_1_549' title='bbox 862 4000 1177 4071; x_wconf 70' lang='lat' dir='ltr'>praefertur.</span> <span class='ocrx_word' id='word_1_550' title='bbox 1203 4000 1363 4055; x_wconf 90' lang='lat' dir='ltr'>Unde</span> <span class='ocrx_word' id='word_1_551' title='bbox 1392 4000 1611 4072; x_wconf 89' lang='lat' dir='ltr'>aperiat</span> <span class='ocrx_word' id='word_1_552' title='bbox 1629 4001 1818 4055; x_wconf 88' lang='lat' dir='ltr'>oculos</span> 
     </span>
    </p>
   </div>
   <div class='ocr_carea' id='block_1_71' title="bbox 195 4088 1819 4161">
    <p class='ocr_par' dir='ltr' id='par_1_71' title="bbox 195 4088 1819 4161">
     <span class='ocr_line' id='line_1_71' title="bbox 195 4088 1819 4161; baseline 0.001 -18"><span class='ocrx_word' id='word_1_553' title='bbox 195 4090 409 4145; x_wconf 89' lang='lat' dir='ltr'>mentis</span> <span class='ocrx_word' id='word_1_554' title='bbox 442 4107 574 4146; x_wconf 74' lang='lat' dir='ltr'>suae</span> <span class='ocrx_word' id='word_1_555' title='bbox 610 4088 858 4160; x_wconf 88' lang='lat' dir='ltr'>prudens</span> <span class='ocrx_word' id='word_1_556' title='bbox 886 4094 1196 4158; x_wconf 86' lang='lat' dir='ltr'>exsecutor,</span> <span class='ocrx_word' id='word_1_557' title='bbox 1235 4094 1293 4143; x_wconf 87' lang='lat' dir='ltr'>et</span> <span class='ocrx_word' id='word_1_558' title='bbox 1320 4089 1732 4161; x_wconf 89' lang='lat' dir='ltr'>circumspiciat</span> <span class='ocrx_word' id='word_1_559' title='bbox 1758 4107 1819 4144; x_wconf 91' lang='lat' dir='ltr'>se</span> 
     </span>
    </p>
   </div>
   <div class='ocr_carea' id='block_1_72' title="bbox 195 4177 1815 4250">
    <p class='ocr_par' dir='ltr' id='par_1_72' title="bbox 195 4177 1815 4250">
     <span class='ocr_line' id='line_1_72' title="bbox 195 4177 1815 4250; baseline -0.001 -17"><span class='ocrx_word' id='word_1_560' title='bbox 195 4178 253 4233; x_wconf 89' lang='lat' dir='ltr'>in</span> <span class='ocrx_word' id='word_1_561' title='bbox 280 4180 450 4235; x_wconf 90' lang='lat' dir='ltr'>omni</span> <span class='ocrx_word' id='word_1_562' title='bbox 488 4178 744 4250; x_wconf 85' lang='lat' dir='ltr'>negotio,</span> <span class='ocrx_word' id='word_1_563' title='bbox 778 4178 836 4233; x_wconf 93' lang='lat' dir='ltr'>in</span> <span class='ocrx_word' id='word_1_564' title='bbox 864 4178 1016 4233; x_wconf 87' lang='lat' dir='ltr'>omni</span> <span class='ocrx_word' id='word_1_565' title='bbox 1048 4177 1229 4233; x_wconf 82' lang='lat' dir='ltr'>oﬁicio</span> <span class='ocrx_word' id='word_1_566' title='bbox 1258 4178 1441 4233; x_wconf 88' lang='lat' dir='ltr'>laudis</span> <span class='ocrx_word' id='word_1_567' title='bbox 1470 4184 1571 4233; x_wconf 88' lang='lat' dir='ltr'>aut</span> <span class='ocrx_word' id='word_1_568' title='bbox 1617 4195 1815 4250; x_wconf 87' lang='lat' dir='ltr'>opera-</span> 
     </span>
    </p>
   </div>
   <div class='ocr_carea' id='block_1_73' title="bbox 193 4267 1814 4336">
    <p class='ocr_par' dir='ltr' id='par_1_73' title="bbox 193 4267 1814 4336">
     <span class='ocr_line' id='line_1_73' title="bbox 193 4267 1814 4336; baseline 0 -14"><span class='ocrx_word' id='word_1_569' title='bbox 193 4267 388 4336; x_wconf 81' lang='lat' dir='ltr'>tionis,</span> <span class='ocrx_word' id='word_1_570' title='bbox 426 4270 495 4324; x_wconf 84' lang='lat' dir='ltr'>in</span> <span class='ocrx_word' id='word_1_571' title='bbox 528 4268 688 4322; x_wconf 91' lang='lat' dir='ltr'>omni</span> <span class='ocrx_word' id='word_1_572' title='bbox 718 4267 987 4322; x_wconf 89' lang='lat' dir='ltr'>beneﬁcio</span> <span class='ocrx_word' id='word_1_573' title='bbox 1016 4267 1323 4335; x_wconf 87' lang='lat' dir='ltr'>charitatis,</span> <span class='ocrx_word' id='word_1_574' title='bbox 1365 4268 1450 4322; x_wconf 87' lang='lat' dir='ltr'>vel</span> <span class='ocrx_word' id='word_1_575' title='bbox 1482 4268 1542 4322; x_wconf 90' lang='lat' dir='ltr'>in</span> <span class='ocrx_word' id='word_1_576' title='bbox 1577 4268 1729 4322; x_wconf 89' lang='lat' dir='ltr'>omni</span> <span class='ocrx_word' id='word_1_577' title='bbox 1754 4285 1814 4322; x_wconf 92' lang='lat' dir='ltr'>re</span> 
     </span>
    </p>
   </div>
   <div class='ocr_carea' id='block_1_74' title="bbox 193 4356 1810 4428">
    <p class='ocr_par' dir='ltr' id='par_1_74' title="bbox 193 4356 1810 4428">
     <span class='ocr_line' id='line_1_74' title="bbox 193 4356 1810 4428; baseline 0.001 -19"><span class='ocrx_word' id='word_1_578' title='bbox 193 4372 259 4411; x_wconf 78' lang='lat' dir='ltr'>ex</span> <span class='ocrx_word' id='word_1_579' title='bbox 287 4374 411 4428; x_wconf 86' lang='lat' dir='ltr'>qua</span> <span class='ocrx_word' id='word_1_580' title='bbox 438 4359 575 4413; x_wconf 67' lang='lat' dir='ltr'>haec</span> <span class='ocrx_word' id='word_1_581' title='bbox 593 4356 822 4427; x_wconf 89' lang='lat' dir='ltr'>justitia</span> <span class='ocrx_word' id='word_1_582' title='bbox 872 4356 1321 4411; x_wconf 89' lang='lat' dir='ltr'>Christianorum</span> <span class='ocrx_word' id='word_1_583' title='bbox 1364 4357 1810 4424; x_wconf 90' lang='lat' dir='ltr'>commendatur,</span> 
     </span>
    </p>
   </div>
   <div class='ocr_carea' id='block_1_75' title="bbox 192 4445 1815 4518">
    <p class='ocr_par' dir='ltr' id='par_1_75' title="bbox 192 4445 1815 4518">
     <span class='ocr_line' id='line_1_75' title="bbox 192 4445 1815 4518; baseline 0.001 -19"><span class='ocrx_word' id='word_1_584' title='bbox 192 4450 250 4499; x_wconf 90' lang='lat' dir='ltr'>et</span> <span class='ocrx_word' id='word_1_585' title='bbox 273 4451 567 4502; x_wconf 84' lang='lat' dir='ltr'>amoveat</span> <span class='ocrx_word' id='word_1_586' title='bbox 594 4462 656 4500; x_wconf 89' lang='lat' dir='ltr'>se</span> <span class='ocrx_word' id='word_1_587' title='bbox 683 4462 719 4499; x_wconf 93' lang='lat' dir='ltr'>a</span> <span class='ocrx_word' id='word_1_588' title='bbox 755 4445 1039 4500; x_wconf 84' lang='lat' dir='ltr'>favoribus</span> <span class='ocrx_word' id='word_1_589' title='bbox 1076 4446 1281 4512; x_wconf 63' lang='lat' dir='ltr'>saeculi,</span> <span class='ocrx_word' id='word_1_590' title='bbox 1325 4451 1494 4518; x_wconf 91' lang='lat' dir='ltr'>atque</span> <span class='ocrx_word' id='word_1_591' title='bbox 1540 4445 1611 4501; x_wconf 90' lang='lat' dir='ltr'>ab</span> <span class='ocrx_word' id='word_1_592' title='bbox 1661 4446 1815 4501; x_wconf 89' lang='lat' dir='ltr'>omni</span> 
     </span>
    </p>
   </div>
   <div class='ocr_carea' id='block_1_76' title="bbox 188 4534 1817 4607">
    <p class='ocr_par' dir='ltr' id='par_1_76' title="bbox 188 4534 1817 4607">
     <span class='ocr_line' id='line_1_76' title="bbox 188 4534 1817 4607; baseline -0.001 -16"><span class='ocrx_word' id='word_1_593' title='bbox 188 4537 505 4605; x_wconf 66' lang='lat' dir='ltr'>praesentis</span> <span class='ocrx_word' id='word_1_594' title='bbox 540 4534 727 4589; x_wconf 90' lang='lat' dir='ltr'>laudis</span> <span class='ocrx_word' id='word_1_595' title='bbox 750 4534 979 4590; x_wconf 86' lang='lat' dir='ltr'>intuitu.</span> <span class='ocrx_word' id='word_1_596' title='bbox 1018 4535 1280 4603; x_wconf 87' lang='lat' dir='ltr'>Tantum,</span> <span class='ocrx_word' id='word_1_597' title='bbox 1322 4552 1666 4607; x_wconf 87' lang='lat' dir='ltr'>quaecunque</span> <span class='ocrx_word' id='word_1_598' title='bbox 1694 4535 1817 4606; x_wconf 86' lang='lat' dir='ltr'>agit</span> 
     </span>
    </p>
   </div>
   <div class='ocr_carea' id='block_1_77' title="bbox 185 4624 1815 4698">
    <p class='ocr_par' dir='ltr' id='par_1_77' title="bbox 185 4624 1815 4698">
     <span class='ocr_line' id='line_1_77' title="bbox 185 4624 1815 4698; baseline -0.001 -18"><span class='ocrx_word' id='word_1_599' title='bbox 185 4640 290 4696; x_wconf 80' lang='lat' dir='ltr'>per</span> <span class='ocrx_word' id='word_1_600' title='bbox 315 4641 499 4698; x_wconf 86' lang='lat' dir='ltr'>spem</span> <span class='ocrx_word' id='word_1_601' title='bbox 536 4625 707 4677; x_wconf 83' lang='lat' dir='ltr'>ﬁxam</span> <span class='ocrx_word' id='word_1_602' title='bbox 734 4628 1067 4695; x_wconf 88' lang='lat' dir='ltr'>transponat</span> <span class='ocrx_word' id='word_1_603' title='bbox 1094 4624 1165 4678; x_wconf 90' lang='lat' dir='ltr'>ad</span> <span class='ocrx_word' id='word_1_604' title='bbox 1195 4625 1395 4689; x_wconf 85' lang='lat' dir='ltr'>Deum,</span> <span class='ocrx_word' id='word_1_605' title='bbox 1417 4642 1521 4679; x_wconf 90' lang='lat' dir='ltr'>nec</span> <span class='ocrx_word' id='word_1_606' title='bbox 1568 4629 1815 4680; x_wconf 90' lang='lat' dir='ltr'>sectetur</span> 
     </span>
    </p>
   </div>
   <div class='ocr_carea' id='block_1_78' title="bbox 1901 3466 3494 3539">
    <p class='ocr_par' dir='ltr' id='par_1_78' title="bbox 1901 3466 3494 3539">
     <span class='ocr_line' id='line_1_78' title="bbox 1901 3466 3494 3539; baseline 0.003 -20"><span class='ocrx_word' id='word_1_607' title='bbox 1901 3467 2126 3532; x_wconf 72' lang='lat' dir='ltr'>faciatis</span> <span class='ocrx_word' id='word_1_608' title='bbox 2141 3481 2303 3535; x_wconf 84' lang='lat' dir='ltr'>opera</span> <span class='ocrx_word' id='word_1_609' title='bbox 2322 3471 2499 3519; x_wconf 86' lang='lat' dir='ltr'>vestra</span> <span class='ocrx_word' id='word_1_610' title='bbox 2511 3481 2697 3519; x_wconf 89' lang='lat' dir='ltr'>coram</span> <span class='ocrx_word' id='word_1_611' title='bbox 2709 3466 3025 3520; x_wconf 83' lang='lat' dir='ltr'>hominibus</span> <span class='ocrx_word' id='word_1_612' title='bbox 3039 3472 3280 3521; x_wconf 88' lang='lat' dir='ltr'>tantum.</span> <span class='ocrx_word' id='word_1_613' title='bbox 3296 3469 3494 3539; x_wconf 85' lang='lat' dir='ltr'>Itaque</span> 
     </span>
    </p>
   </div>
   <div class='ocr_carea' id='block_1_79' title="bbox 1902 3553 3494 3625">
    <p class='ocr_par' dir='ltr' id='par_1_79' title="bbox 1902 3553 3494 3625">
     <span class='ocr_line' id='line_1_79' title="bbox 1902 3553 3494 3625; baseline 0.003 -17"><span class='ocrx_word' id='word_1_614' title='bbox 1902 3567 2005 3608; x_wconf 63' lang='lat' dir='ltr'>nec</span> <span class='ocrx_word' id='word_1_615' title='bbox 2023 3553 2284 3625; x_wconf 89' lang='lat' dir='ltr'>prohibet</span> <span class='ocrx_word' id='word_1_616' title='bbox 2305 3554 2629 3618; x_wconf 89' lang='lat' dir='ltr'>neluceant,</span> <span class='ocrx_word' id='word_1_617' title='bbox 2644 3554 2742 3607; x_wconf 89' lang='lat' dir='ltr'>sed</span> <span class='ocrx_word' id='word_1_618' title='bbox 2757 3558 3001 3621; x_wconf 88' lang='lat' dir='ltr'>tantum,</span> <span class='ocrx_word' id='word_1_619' title='bbox 3016 3571 3087 3609; x_wconf 91' lang='lat' dir='ltr'>ne</span> <span class='ocrx_word' id='word_1_620' title='bbox 3099 3557 3239 3610; x_wconf 89' lang='lat' dir='ltr'>ﬁant</span> <span class='ocrx_word' id='word_1_621' title='bbox 3257 3555 3327 3610; x_wconf 90' lang='lat' dir='ltr'>ab</span> <span class='ocrx_word' id='word_1_622' title='bbox 3339 3556 3418 3611; x_wconf 90' lang='lat' dir='ltr'>eis</span> <span class='ocrx_word' id='word_1_623' title='bbox 3430 3564 3494 3612; x_wconf 90' lang='lat' dir='ltr'>ut</span> 
     </span>
    </p>
   </div>
   <div class='ocr_carea' id='block_1_80' title="bbox 1900 3641 3488 3714">
    <p class='ocr_par' dir='ltr' id='par_1_80' title="bbox 1900 3641 3488 3714">
     <span class='ocr_line' id='line_1_80' title="bbox 1900 3641 3488 3714; baseline 0.003 -19"><span class='ocrx_word' id='word_1_624' title='bbox 1900 3643 2217 3697; x_wconf 87' lang='lat' dir='ltr'>videantur.</span> <span class='ocrx_word' id='word_1_625' title='bbox 2238 3643 2381 3707; x_wconf 88' lang='lat' dir='ltr'>Quia</span> <span class='ocrx_word' id='word_1_626' title='bbox 2392 3642 2656 3713; x_wconf 88' lang='lat' dir='ltr'>profecto,</span> <span class='ocrx_word' id='word_1_627' title='bbox 2677 3641 2958 3697; x_wconf 89' lang='lat' dir='ltr'>sivirtutis</span> <span class='ocrx_word' id='word_1_628' title='bbox 2978 3650 3181 3710; x_wconf 88' lang='lat' dir='ltr'>essent,</span> <span class='ocrx_word' id='word_1_629' title='bbox 3208 3644 3488 3714; x_wconf 85' lang='lat' dir='ltr'>lucerent;</span> 
     </span>
    </p>
   </div>
   <div class='ocr_carea' id='block_1_81' title="bbox 1900 3731 3487 3804">
    <p class='ocr_par' dir='ltr' id='par_1_81' title="bbox 1900 3731 3487 3804">
     <span class='ocr_line' id='line_1_81' title="bbox 1900 3731 3487 3804; baseline 0.001 -17"><span class='ocrx_word' id='word_1_630' title='bbox 1900 3749 2068 3798; x_wconf 88' lang='lat' dir='ltr'>nunc,</span> <span class='ocrx_word' id='word_1_631' title='bbox 2124 3732 2256 3803; x_wconf 90' lang='lat' dir='ltr'>quia</span> <span class='ocrx_word' id='word_1_632' title='bbox 2297 3731 2560 3785; x_wconf 89' lang='lat' dir='ltr'>vitiorum</span> <span class='ocrx_word' id='word_1_633' title='bbox 2610 3735 2744 3785; x_wconf 91' lang='lat' dir='ltr'>sunt</span> <span class='ocrx_word' id='word_1_634' title='bbox 2782 3736 2840 3786; x_wconf 92' lang='lat' dir='ltr'>et</span> <span class='ocrx_word' id='word_1_635' title='bbox 2884 3731 3245 3787; x_wconf 88' lang='lat' dir='ltr'>tenebrarum</span> <span class='ocrx_word' id='word_1_636' title='bbox 3298 3750 3487 3804; x_wconf 90' lang='lat' dir='ltr'>opera,</span> 
     </span>
    </p>
   </div>
   <div class='ocr_carea' id='block_1_82' title="bbox 1900 3818 3485 3892">
    <p class='ocr_par' dir='ltr' id='par_1_82' title="bbox 1900 3818 3485 3892">
     <span class='ocr_line' id='line_1_82' title="bbox 1900 3818 3485 3892; baseline 0.003 -19"><span class='ocrx_word' id='word_1_637' title='bbox 1900 3821 2126 3875; x_wconf 88' lang='lat' dir='ltr'>videant</span> <span class='ocrx_word' id='word_1_638' title='bbox 2147 3819 2430 3874; x_wconf 89' lang='lat' dir='ltr'>tenebrosi</span> <span class='ocrx_word' id='word_1_639' title='bbox 2450 3818 2712 3874; x_wconf 87' lang='lat' dir='ltr'>tenebras</span> <span class='ocrx_word' id='word_1_640' title='bbox 2731 3836 2864 3874; x_wconf 87' lang='lat' dir='ltr'>suas</span> <span class='ocrx_word' id='word_1_641' title='bbox 2886 3839 2899 3888; x_wconf 68' lang='grc' dir='ltr'>ξ</span> <span class='ocrx_word' id='word_1_642' title='bbox 2931 3821 3079 3875; x_wconf 90' lang='lat' dir='ltr'>Deus</span> <span class='ocrx_word' id='word_1_643' title='bbox 3109 3821 3242 3892; x_wconf 86' lang='lat' dir='ltr'>quia</span> <span class='ocrx_word' id='word_1_644' title='bbox 3267 3823 3359 3877; x_wconf 85' lang='lat' dir='ltr'>lux</span> <span class='ocrx_word' id='word_1_645' title='bbox 3380 3829 3485 3891; x_wconf 90' lang='lat' dir='ltr'>est,</span> 
     </span>
    </p>
   </div>
   <div class='ocr_carea' id='block_1_83' title="bbox 1901 3908 3484 3983">
    <p class='ocr_par' dir='ltr' id='par_1_83' title="bbox 1901 3908 3484 3983">
     <span class='ocr_line' id='line_1_83' title="bbox 1901 3908 3484 3983; baseline 0.002 -19"><span class='ocrx_word' id='word_1_646' title='bbox 1901 3926 1969 3964; x_wconf 89' lang='lat' dir='ltr'>ea</span> <span class='ocrx_word' id='word_1_647' title='bbox 1995 3909 2287 3980; x_wconf 85' lang='lat' dir='ltr'>respicere,</span> <span class='ocrx_word' id='word_1_648' title='bbox 2323 3908 2431 3963; x_wconf 89' lang='lat' dir='ltr'>nisi</span> <span class='ocrx_word' id='word_1_649' title='bbox 2461 3914 2526 3963; x_wconf 91' lang='lat' dir='ltr'>ut</span> <span class='ocrx_word' id='word_1_650' title='bbox 2552 3908 2768 3980; x_wconf 89' lang='lat' dir='ltr'>puniat,</span> <span class='ocrx_word' id='word_1_651' title='bbox 2800 3925 2902 3964; x_wconf 89' lang='lat' dir='ltr'>nec</span> <span class='ocrx_word' id='word_1_652' title='bbox 2930 3908 3242 3981; x_wconf 84' lang='lat' dir='ltr'>approbare</span> <span class='ocrx_word' id='word_1_653' title='bbox 3282 3916 3484 3983; x_wconf 88' lang='lat' dir='ltr'>potest.</span> 
     </span>
    </p>
   </div>
   <div class='ocr_carea' id='block_1_84' title="bbox 1900 3997 3583 4069">
    <p class='ocr_par' dir='ltr' id='par_1_84' title="bbox 1900 3997 3583 4069">
     <span class='ocr_line' id='line_1_84' title="bbox 1900 3997 3583 4069; baseline 0.002 -15"><span class='ocrx_word' id='word_1_654' title='bbox 1900 3998 2131 4054; x_wconf 89' lang='lat' dir='ltr'>Diversa</span> <span class='ocrx_word' id='word_1_655' title='bbox 2157 3998 2332 4069; x_wconf 89' lang='lat' dir='ltr'>igitur</span> <span class='ocrx_word' id='word_1_656' title='bbox 2359 3998 2615 4052; x_wconf 84' lang='lat' dir='ltr'>voluntas</span> <span class='ocrx_word' id='word_1_657' title='bbox 2646 4003 2703 4053; x_wconf 92' lang='lat' dir='ltr'>et</span> <span class='ocrx_word' id='word_1_658' title='bbox 2721 3999 2925 4053; x_wconf 85' lang='lat' dir='ltr'>mentis</span> <span class='ocrx_word' id='word_1_659' title='bbox 2957 3997 3215 4066; x_wconf 89' lang='lat' dir='ltr'>intentio,</span> <span class='ocrx_word' id='word_1_660' title='bbox 3240 4000 3489 4058; x_wconf 91' lang='lat' dir='ltr'>diversos</span> <span class='ocrx_word' id='word_1_661' title='bbox 3580 4016 3583 4019; x_wconf 70' lang='lat'><strong><em>‘</em></strong></span> 
     </span>
    </p>
   </div>
   <div class='ocr_carea' id='block_1_85' title="bbox 1900 4087 3491 4155">
    <p class='ocr_par' dir='ltr' id='par_1_85' title="bbox 1900 4087 3491 4155">
     <span class='ocr_line' id='line_1_85' title="bbox 1900 4087 3491 4155; baseline 0.003 -13"><span class='ocrx_word' id='word_1_662' title='bbox 1900 4090 2041 4142; x_wconf 89' lang='lat' dir='ltr'>ﬁnes</span> <span class='ocrx_word' id='word_1_663' title='bbox 2070 4088 2400 4143; x_wconf 90' lang='lat' dir='ltr'>meritorum</span> <span class='ocrx_word' id='word_1_664' title='bbox 2421 4087 2653 4142; x_wconf 89' lang='lat' dir='ltr'>obtinet.</span> <span class='ocrx_word' id='word_1_665' title='bbox 2680 4087 2839 4142; x_wconf 85' lang='lat' dir='ltr'>Alius</span> <span class='ocrx_word' id='word_1_666' title='bbox 2861 4088 3010 4142; x_wconf 88' lang='lat' dir='ltr'>enim</span> <span class='ocrx_word' id='word_1_667' title='bbox 3030 4089 3175 4155; x_wconf 89' lang='lat' dir='ltr'>ﬁnis,</span> <span class='ocrx_word' id='word_1_668' title='bbox 3196 4095 3260 4145; x_wconf 92' lang='lat' dir='ltr'>ut</span> <span class='ocrx_word' id='word_1_669' title='bbox 3273 4090 3491 4147; x_wconf 88' lang='lat' dir='ltr'>videan-</span> 
     </span>
    </p>
   </div>
   <div class='ocr_carea' id='block_1_86' title="bbox 1896 4176 3491 4254">
    <p class='ocr_par' dir='ltr' id='par_1_86' title="bbox 1896 4176 3491 4254">
     <span class='ocr_line' id='line_1_86' title="bbox 1896 4176 3491 4254; baseline 0.003 -22"><span class='ocrx_word' id='word_1_670' title='bbox 1896 4182 1993 4232; x_wconf 91' lang='lat' dir='ltr'>tur</span> <span class='ocrx_word' id='word_1_671' title='bbox 2021 4182 2242 4231; x_wconf 90' lang='lat' dir='ltr'>tantum</span> <span class='ocrx_word' id='word_1_672' title='bbox 2264 4193 2435 4248; x_wconf 89' lang='lat' dir='ltr'>opera</span> <span class='ocrx_word' id='word_1_673' title='bbox 2461 4182 2562 4231; x_wconf 87' lang='lat' dir='ltr'>tua</span> <span class='ocrx_word' id='word_1_674' title='bbox 2580 4176 2649 4231; x_wconf 88' lang='lat' dir='ltr'>ab</span> <span class='ocrx_word' id='word_1_675' title='bbox 2668 4176 2989 4232; x_wconf 89' lang='lat' dir='ltr'>hominibus</span> <span class='ocrx_word' id='word_1_676' title='bbox 3012 4197 3024 4245; x_wconf 85' lang='lat'><strong>;</strong></span> <span class='ocrx_word' id='word_1_677' title='bbox 3054 4178 3197 4233; x_wconf 91' lang='lat' dir='ltr'>alius</span> <span class='ocrx_word' id='word_1_678' title='bbox 3216 4197 3365 4247; x_wconf 89' lang='lat' dir='ltr'>vero,</span> <span class='ocrx_word' id='word_1_679' title='bbox 3390 4198 3491 4254; x_wconf 90' lang='lat' dir='ltr'>per</span> 
     </span>
    </p>
   </div>
   <div class='ocr_carea' id='block_1_87' title="bbox 1898 4266 3491 4341">
    <p class='ocr_par' dir='ltr' id='par_1_87' title="bbox 1898 4266 3491 4341">
     <span class='ocr_line' id='line_1_87' title="bbox 1898 4266 3491 4341; baseline 0.003 -20"><span class='ocrx_word' id='word_1_680' title='bbox 1898 4282 1967 4321; x_wconf 82' lang='lat' dir='ltr'>ea</span> <span class='ocrx_word' id='word_1_681' title='bbox 1993 4273 2057 4321; x_wconf 92' lang='lat' dir='ltr'>ut</span> <span class='ocrx_word' id='word_1_682' title='bbox 2074 4266 2336 4321; x_wconf 90' lang='lat' dir='ltr'>laudetur</span> <span class='ocrx_word' id='word_1_683' title='bbox 2347 4267 2514 4321; x_wconf 91' lang='lat' dir='ltr'>Deus.</span> <span class='ocrx_word' id='word_1_684' title='bbox 2546 4266 2665 4333; x_wconf 91' lang='lat' dir='ltr'>Dic,</span> <span class='ocrx_word' id='word_1_685' title='bbox 2690 4283 2906 4337; x_wconf 71' lang='lat' dir='ltr'>quaeso:</span> <span class='ocrx_word' id='word_1_686' title='bbox 2933 4267 3059 4338; x_wconf 91' lang='lat' dir='ltr'>quis</span> <span class='ocrx_word' id='word_1_687' title='bbox 3074 4284 3322 4340; x_wconf 89' lang='lat' dir='ltr'>unquam</span> <span class='ocrx_word' id='word_1_688' title='bbox 3342 4270 3491 4341; x_wconf 87' lang='lat' dir='ltr'>agri-</span> 
     </span>
    </p>
   </div>
   <div class='ocr_carea' id='block_1_88' title="bbox 1898 4355 3489 4427">
    <p class='ocr_par' dir='ltr' id='par_1_88' title="bbox 1898 4355 3489 4427">
     <span class='ocr_line' id='line_1_88' title="bbox 1898 4355 3489 4427; baseline 0.003 -17"><span class='ocrx_word' id='word_1_689' title='bbox 1898 4356 2037 4424; x_wconf 91' lang='lat' dir='ltr'>cola,</span> <span class='ocrx_word' id='word_1_690' title='bbox 2072 4356 2609 4427; x_wconf 74' lang='lat' dir='ltr'>quamvis,rusticus,</span> <span class='ocrx_word' id='word_1_691' title='bbox 2639 4355 2765 4410; x_wconf 89' lang='lat' dir='ltr'>ideo</span> <span class='ocrx_word' id='word_1_692' title='bbox 2796 4356 2930 4411; x_wconf 89' lang='lat' dir='ltr'>colit</span> <span class='ocrx_word' id='word_1_693' title='bbox 2959 4373 3157 4427; x_wconf 88' lang='lat' dir='ltr'>agrum</span> <span class='ocrx_word' id='word_1_694' title='bbox 3177 4364 3234 4412; x_wconf 94' lang='lat' dir='ltr'>et</span> <span class='ocrx_word' id='word_1_695' title='bbox 3249 4359 3489 4414; x_wconf 88' lang='lat' dir='ltr'>semina-</span> 
     </span>
    </p>
   </div>
   <div class='ocr_carea' id='block_1_89' title="bbox 1898 4444 3488 4516">
    <p class='ocr_par' dir='ltr' id='par_1_89' title="bbox 1898 4444 3488 4516">
     <span class='ocr_line' id='line_1_89' title="bbox 1898 4444 3488 4516; baseline 0.003 -17"><span class='ocrx_word' id='word_1_696' title='bbox 1898 4446 1996 4513; x_wconf 90' lang='lat' dir='ltr'>vit,</span> <span class='ocrx_word' id='word_1_697' title='bbox 2027 4451 2249 4500; x_wconf 85' lang='lat' dir='ltr'>tantum</span> <span class='ocrx_word' id='word_1_698' title='bbox 2278 4451 2341 4500; x_wconf 91' lang='lat' dir='ltr'>ut</span> <span class='ocrx_word' id='word_1_699' title='bbox 2366 4445 2629 4499; x_wconf 81' lang='lat' dir='ltr'>videatur</span> <span class='ocrx_word' id='word_1_700' title='bbox 2653 4444 2723 4499; x_wconf 88' lang='lat' dir='ltr'>ab</span> <span class='ocrx_word' id='word_1_701' title='bbox 2752 4445 2838 4499; x_wconf 88' lang='lat' dir='ltr'>his</span> <span class='ocrx_word' id='word_1_702' title='bbox 2876 4446 2972 4516; x_wconf 90' lang='lat' dir='ltr'>qui</span> <span class='ocrx_word' id='word_1_703' title='bbox 3002 4448 3341 4502; x_wconf 83' lang='lat' dir='ltr'>transeunt?</span> <span class='ocrx_word' id='word_1_704' title='bbox 3386 4449 3488 4503; x_wconf 89' lang='lat' dir='ltr'>Vel</span> 
     </span>
    </p>
   </div>
   <div class='ocr_carea' id='block_1_90' title="bbox 1897 4533 3486 4607">
    <p class='ocr_par' dir='ltr' id='par_1_90' title="bbox 1897 4533 3486 4607">
     <span class='ocr_line' id='line_1_90' title="bbox 1897 4533 3486 4607; baseline 0.002 -18"><span class='ocrx_word' id='word_1_705' title='bbox 1897 4537 2023 4607; x_wconf 89' lang='lat' dir='ltr'>quis</span> <span class='ocrx_word' id='word_1_706' title='bbox 2044 4550 2312 4606; x_wconf 84' lang='lat' dir='ltr'>unquam,</span> <span class='ocrx_word' id='word_1_707' title='bbox 2335 4534 2444 4588; x_wconf 91' lang='lat' dir='ltr'>nisi</span> <span class='ocrx_word' id='word_1_708' title='bbox 2471 4533 2677 4588; x_wconf 90' lang='lat' dir='ltr'>stultus</span> <span class='ocrx_word' id='word_1_709' title='bbox 2715 4534 2806 4602; x_wconf 92' lang='lat' dir='ltr'>sit,</span> <span class='ocrx_word' id='word_1_710' title='bbox 2838 4535 3007 4589; x_wconf 88' lang='lat' dir='ltr'>ﬁnem</span> <span class='ocrx_word' id='word_1_711' title='bbox 3036 4535 3244 4591; x_wconf 88' lang='lat' dir='ltr'>laboris</span> <span class='ocrx_word' id='word_1_712' title='bbox 3266 4537 3352 4592; x_wconf 88' lang='lat' dir='ltr'>sui</span> <span class='ocrx_word' id='word_1_713' title='bbox 3371 4538 3486 4592; x_wconf 94' lang='lat' dir='ltr'>col-</span> 
     </span>
    </p>
   </div>
   <div class='ocr_carea' id='block_1_91' title="bbox 1895 4622 3485 4694">
    <p class='ocr_par' dir='ltr' id='par_1_91' title="bbox 1895 4622 3485 4694">
     <span class='ocr_line' id='line_1_91' title="bbox 1895 4622 3485 4694; baseline 0.002 -15"><span class='ocrx_word' id='word_1_714' title='bbox 1895 4625 2043 4679; x_wconf 90' lang='lat' dir='ltr'>locat</span> <span class='ocrx_word' id='word_1_715' title='bbox 2067 4623 2128 4677; x_wconf 92' lang='lat' dir='ltr'>in</span> <span class='ocrx_word' id='word_1_716' title='bbox 2157 4628 2387 4694; x_wconf 89' lang='lat' dir='ltr'>aspectu</span> <span class='ocrx_word' id='word_1_717' title='bbox 2416 4622 2730 4690; x_wconf 89' lang='lat' dir='ltr'>hominum,</span> <span class='ocrx_word' id='word_1_718' title='bbox 2755 4628 2818 4677; x_wconf 91' lang='lat' dir='ltr'>ut</span> <span class='ocrx_word' id='word_1_719' title='bbox 2853 4623 2996 4678; x_wconf 88' lang='lat' dir='ltr'>nihil</span> <span class='ocrx_word' id='word_1_720' title='bbox 3021 4641 3087 4679; x_wconf 87' lang='lat' dir='ltr'>ex</span> <span class='ocrx_word' id='word_1_721' title='bbox 3117 4642 3182 4680; x_wconf 91' lang='lat' dir='ltr'>eo</span> <span class='ocrx_word' id='word_1_722' title='bbox 3209 4626 3364 4681; x_wconf 90' lang='lat' dir='ltr'>aliud</span> <span class='ocrx_word' id='word_1_723' title='bbox 3394 4644 3485 4682; x_wconf 87' lang='lat' dir='ltr'>re-</span> 
     </span>
    </p>
   </div>
   <div class='ocr_carea' id='block_1_92' title="bbox 184 4707 3489 4785">
    <p class='ocr_par' dir='ltr' id='par_1_92' title="bbox 184 4707 3489 4785">
     <span class='ocr_line' id='line_1_92' title="bbox 184 4707 3489 4785; baseline 0.001 -17"><span class='ocrx_word' id='word_1_724' title='bbox 184 4715 654 4769; x_wconf 82' lang='lat' dir='ltr'>ostentationem</span> <span class='ocrx_word' id='word_1_725' title='bbox 681 4712 863 4783; x_wconf 82' lang='lat' dir='ltr'>vulgi;</span> <span class='ocrx_word' id='word_1_726' title='bbox 891 4729 1004 4767; x_wconf 89' lang='lat' dir='ltr'>non</span> <span class='ocrx_word' id='word_1_727' title='bbox 1019 4714 1351 4784; x_wconf 82' lang='lat' dir='ltr'>jactantiam</span> <span class='ocrx_word' id='word_1_728' title='bbox 1369 4713 1677 4785; x_wconf 76' lang='lat' dir='ltr'>religionis,</span> <span class='ocrx_word' id='word_1_729' title='bbox 1700 4707 1878 4769; x_wconf 91' lang='lat' dir='ltr'>nonD</span> <span class='ocrx_word' id='word_1_730' title='bbox 1898 4712 2128 4785; x_wconf 82' lang='lat' dir='ltr'>quirat?</span> <span class='ocrx_word' id='word_1_731' title='bbox 2157 4712 2281 4776; x_wconf 87' lang='lat' dir='ltr'>Qua</span> <span class='ocrx_word' id='word_1_732' title='bbox 2307 4711 2377 4765; x_wconf 91' lang='lat' dir='ltr'>de</span> <span class='ocrx_word' id='word_1_733' title='bbox 2405 4727 2576 4765; x_wconf 91' lang='lat' dir='ltr'>causa</span> <span class='ocrx_word' id='word_1_734' title='bbox 2602 4728 2823 4783; x_wconf 89' lang='lat' dir='ltr'>semper</span> <span class='ocrx_word' id='word_1_735' title='bbox 2847 4712 3117 4768; x_wconf 89' lang='lat' dir='ltr'>sollicitus</span> <span class='ocrx_word' id='word_1_736' title='bbox 3145 4714 3221 4769; x_wconf 90' lang='lat' dir='ltr'>sit</span> <span class='ocrx_word' id='word_1_737' title='bbox 3265 4715 3489 4771; x_wconf 90' lang='lat' dir='ltr'>animus</span> 
     </span>
    </p>
   </div>
   <div class='ocr_carea' id='block_1_93' title="bbox 184 4801 1815 4875">
    <p class='ocr_par' dir='ltr' id='par_1_93' title="bbox 184 4801 1815 4875">
     <span class='ocr_line' id='line_1_93' title="bbox 184 4801 1815 4875; baseline 0.001 -19"><span class='ocrx_word' id='word_1_738' title='bbox 184 4804 675 4874; x_wconf 80' lang='lat' dir='ltr'>superstitionem</span> <span class='ocrx_word' id='word_1_739' title='bbox 727 4801 1038 4870; x_wconf 81' lang='lat' dir='ltr'>verborum,</span> <span class='ocrx_word' id='word_1_740' title='bbox 1089 4808 1188 4858; x_wconf 89' lang='lat' dir='ltr'>aut</span> <span class='ocrx_word' id='word_1_741' title='bbox 1228 4818 1428 4858; x_wconf 89' lang='lat' dir='ltr'>vanam</span> <span class='ocrx_word' id='word_1_742' title='bbox 1483 4803 1815 4875; x_wconf 62' lang='lat' dir='ltr'>eloquentia;</span> 
     </span>
    </p>
   </div>
   <div class='ocr_carea' id='block_1_94' title="bbox 180 4890 1814 4964">
    <p class='ocr_par' dir='ltr' id='par_1_94' title="bbox 180 4890 1814 4964">
     <span class='ocr_line' id='line_1_94' title="bbox 180 4890 1814 4964; baseline -0.001 -17"><span class='ocrx_word' id='word_1_743' title='bbox 180 4908 495 4964; x_wconf 85' lang='lat' dir='ltr'>pompam,</span> <span class='ocrx_word' id='word_1_744' title='bbox 525 4908 598 4946; x_wconf 88' lang='lat' dir='ltr'>ne</span> <span class='ocrx_word' id='word_1_745' title='bbox 620 4891 786 4957; x_wconf 87' lang='lat' dir='ltr'>forte,</span> <span class='ocrx_word' id='word_1_746' title='bbox 806 4890 941 4945; x_wconf 89' lang='lat' dir='ltr'>dum</span> <span class='ocrx_word' id='word_1_747' title='bbox 970 4908 1085 4947; x_wconf 71' lang='lat' dir='ltr'>suae</span> <span class='ocrx_word' id='word_1_748' title='bbox 1114 4891 1317 4963; x_wconf 68' lang='lat' dir='ltr'>quaerit</span> <span class='ocrx_word' id='word_1_749' title='bbox 1342 4908 1468 4947; x_wconf 91' lang='lat' dir='ltr'>cum</span> <span class='ocrx_word' id='word_1_750' title='bbox 1514 4891 1814 4946; x_wconf 66' lang='lat' dir='ltr'>Pharisaeis</span> 
     </span>
    </p>
   </div>
   <div class='ocr_carea' id='block_1_95' title="bbox 176 4980 1812 5052">
    <p class='ocr_par' dir='ltr' id='par_1_95' title="bbox 176 4980 1812 5052">
     <span class='ocr_line' id='line_1_95' title="bbox 176 4980 1812 5052; baseline -0.001 -16"><span class='ocrx_word' id='word_1_751' title='bbox 176 4980 483 5049; x_wconf 82' lang='lat' dir='ltr'>justitiam</span> <span class='ocrx_word' id='word_1_752' title='bbox 519 4985 771 5035; x_wconf 88' lang='lat' dir='ltr'>statuere</span> <span class='ocrx_word' id='word_1_753' title='bbox 799 4980 1000 5044; x_wconf 89' lang='lat' dir='ltr'>laudis,</span> <span class='ocrx_word' id='word_1_754' title='bbox 1010 4980 1244 5051; x_wconf 71' lang='lat' dir='ltr'>justitia:</span> <span class='ocrx_word' id='word_1_755' title='bbox 1270 4981 1371 5035; x_wconf 91' lang='lat' dir='ltr'>Dei</span> <span class='ocrx_word' id='word_1_756' title='bbox 1390 4997 1504 5035; x_wconf 91' lang='lat' dir='ltr'>non</span> <span class='ocrx_word' id='word_1_757' title='bbox 1529 4981 1604 5035; x_wconf 90' lang='lat' dir='ltr'>sit</span> <span class='ocrx_word' id='word_1_758' title='bbox 1622 4980 1812 5052; x_wconf 82' lang='lat' dir='ltr'>subje-</span> 
     </span>
    </p>
   </div>
   <div class='ocr_carea' id='block_1_96' title="bbox 180 5068 1815 5141">
    <p class='ocr_par' dir='ltr' id='par_1_96' title="bbox 180 5068 1815 5141">
     <span class='ocr_line' id='line_1_96' title="bbox 180 5068 1815 5141; baseline -0.002 -14"><span class='ocrx_word' id='word_1_759' title='bbox 180 5079 329 5126; x_wconf 77' lang='lat' dir='ltr'>ctus.</span> <span class='ocrx_word' id='word_1_760' title='bbox 363 5070 624 5127; x_wconf 75' lang='lat' dir='ltr'>Iustitia</span> <span class='ocrx_word' id='word_1_761' title='bbox 649 5069 857 5141; x_wconf 90' lang='lat' dir='ltr'>quippe</span> <span class='ocrx_word' id='word_1_762' title='bbox 887 5069 992 5125; x_wconf 91' lang='lat' dir='ltr'>Dei</span> <span class='ocrx_word' id='word_1_763' title='bbox 1021 5075 1124 5134; x_wconf 90' lang='lat' dir='ltr'>est,</span> <span class='ocrx_word' id='word_1_764' title='bbox 1155 5070 1478 5141; x_wconf 72' lang='lat' dir='ltr'>omniaquae</span> <span class='ocrx_word' id='word_1_765' title='bbox 1491 5068 1561 5123; x_wconf 92' lang='lat' dir='ltr'>ab</span> <span class='ocrx_word' id='word_1_766' title='bbox 1583 5087 1648 5124; x_wconf 91' lang='lat' dir='ltr'>eo</span> <span class='ocrx_word' id='word_1_767' title='bbox 1654 5071 1815 5141; x_wconf 86' lang='lat' dir='ltr'>jussa</span> 
     </span>
    </p>
   </div>
   <div class='ocr_carea' id='block_1_97' title="bbox 180 5158 1813 5232">
    <p class='ocr_par' dir='ltr' id='par_1_97' title="bbox 180 5158 1813 5232">
     <span class='ocr_line' id='line_1_97' title="bbox 180 5158 1813 5232; baseline 0 -19"><span class='ocrx_word' id='word_1_768' title='bbox 180 5167 317 5214; x_wconf 86' lang='lat' dir='ltr'>sunt</span> <span class='ocrx_word' id='word_1_769' title='bbox 346 5158 624 5232; x_wconf 84' lang='lat' dir='ltr'>impleri,</span> <span class='ocrx_word' id='word_1_770' title='bbox 655 5165 712 5213; x_wconf 90' lang='lat' dir='ltr'>et</span> <span class='ocrx_word' id='word_1_771' title='bbox 742 5159 975 5230; x_wconf 83' lang='lat' dir='ltr'>impleta</span> <span class='ocrx_word' id='word_1_772' title='bbox 1003 5159 1173 5214; x_wconf 88' lang='lat' dir='ltr'>simul</span> <span class='ocrx_word' id='word_1_773' title='bbox 1201 5158 1463 5213; x_wconf 84' lang='lat' dir='ltr'>universa</span> <span class='ocrx_word' id='word_1_774' title='bbox 1490 5159 1562 5213; x_wconf 90' lang='lat' dir='ltr'>ad</span> <span class='ocrx_word' id='word_1_775' title='bbox 1589 5159 1813 5213; x_wconf 90' lang='lat' dir='ltr'>laudem</span> 
     </span>
    </p>
   </div>
   <div class='ocr_carea' id='block_1_98' title="bbox 182 5246 1809 5320">
    <p class='ocr_par' dir='ltr' id='par_1_98' title="bbox 182 5246 1809 5320">
     <span class='ocr_line' id='line_1_98' title="bbox 182 5246 1809 5320; baseline -0.002 -16"><span class='ocrx_word' id='word_1_776' title='bbox 182 5250 494 5307; x_wconf 70' lang='lat' dir='ltr'>Creatoris</span> <span class='ocrx_word' id='word_1_777' title='bbox 529 5248 749 5303; x_wconf 83' lang='lat' dir='ltr'>referri.</span> <span class='ocrx_word' id='word_1_778' title='bbox 796 5249 1081 5320; x_wconf 85' lang='lat' dir='ltr'>Alioquin,</span> <span class='ocrx_word' id='word_1_779' title='bbox 1132 5248 1241 5303; x_wconf 90' lang='lat' dir='ltr'>nisi</span> <span class='ocrx_word' id='word_1_780' title='bbox 1286 5264 1352 5303; x_wconf 91' lang='lat' dir='ltr'>eo</span> <span class='ocrx_word' id='word_1_781' title='bbox 1396 5246 1605 5302; x_wconf 89' lang='lat' dir='ltr'>intuitu</span> <span class='ocrx_word' id='word_1_782' title='bbox 1652 5249 1809 5316; x_wconf 89' lang='lat' dir='ltr'>ﬁant,</span> 
     </span>
    </p>
   </div>
   <div class='ocr_carea' id='block_1_99' title="bbox 183 5337 1815 5409">
    <p class='ocr_par' dir='ltr' id='par_1_99' title="bbox 183 5337 1815 5409">
     <span class='ocr_line' id='line_1_99' title="bbox 183 5337 1815 5409; baseline -0.001 -17"><span class='ocrx_word' id='word_1_783' title='bbox 183 5337 574 5403; x_wconf 84' lang='lat' dir='ltr'>dilabuntur,</span> <span class='ocrx_word' id='word_1_784' title='bbox 612 5343 668 5393; x_wconf 90' lang='lat' dir='ltr'>et</span> <span class='ocrx_word' id='word_1_785' title='bbox 688 5338 809 5392; x_wconf 89' lang='lat' dir='ltr'>sine</span> <span class='ocrx_word' id='word_1_786' title='bbox 830 5337 1015 5392; x_wconf 81' lang='lat' dir='ltr'>fructu</span> <span class='ocrx_word' id='word_1_787' title='bbox 1036 5337 1206 5392; x_wconf 90' lang='lat' dir='ltr'>etiam</span> <span class='ocrx_word' id='word_1_788' title='bbox 1226 5354 1405 5409; x_wconf 89' lang='lat' dir='ltr'>pauca</span> <span class='ocrx_word' id='word_1_789' title='bbox 1418 5354 1540 5408; x_wconf 72' lang='lat' dir='ltr'>quae</span> <span class='ocrx_word' id='word_1_790' title='bbox 1566 5337 1815 5408; x_wconf 89' lang='lat' dir='ltr'>gerimus</span> 
     </span>
    </p>
   </div>
   <div class='ocr_carea' id='block_1_100' title="bbox 182 5426 1818 5499">
    <p class='ocr_par' dir='ltr' id='par_1_100' title="bbox 182 5426 1818 5499">
     <span class='ocr_line' id='line_1_100' title="bbox 182 5426 1818 5499; baseline -0.002 -16"><span class='ocrx_word' id='word_1_791' title='bbox 182 5428 240 5483; x_wconf 90' lang='lat' dir='ltr'>in</span> <span class='ocrx_word' id='word_1_792' title='bbox 268 5436 532 5485; x_wconf 78' lang='lat' dir='ltr'>ventum</span> <span class='ocrx_word' id='word_1_793' title='bbox 581 5426 923 5499; x_wconf 88' lang='lat' dir='ltr'>dispereunt.</span> <span class='ocrx_word' id='word_1_794' title='bbox 969 5426 1081 5481; x_wconf 89' lang='lat' dir='ltr'>Sed</span> <span class='ocrx_word' id='word_1_795' title='bbox 1125 5426 1489 5499; x_wconf 71' lang='lat' dir='ltr'>quaerendum</span> <span class='ocrx_word' id='word_1_796' title='bbox 1538 5426 1818 5498; x_wconf 90' lang='lat' dir='ltr'>quomodo</span> 
     </span>
    </p>
   </div>
   <div class='ocr_carea' id='block_1_101' title="bbox 186 5514 1819 5593">
    <p class='ocr_par' dir='ltr' id='par_1_101' title="bbox 186 5514 1819 5593">
     <span class='ocr_line' id='line_1_101' title="bbox 186 5514 1819 5593; baseline -0.002 -18"><span class='ocrx_word' id='word_1_797' title='bbox 186 5519 355 5591; x_wconf 81' lang='lat' dir='ltr'>paulo</span> <span class='ocrx_word' id='word_1_798' title='bbox 386 5516 677 5593; x_wconf 84' lang='lat' dir='ltr'>superius</span> <span class='ocrx_word' id='word_1_799' title='bbox 714 5516 950 5573; x_wconf 83' lang='lat' dir='ltr'>dixerit:</span> <span class='ocrx_word' id='word_1_800' title='bbox 980 5514 1073 5574; x_wconf 87' lang='lat' dir='ltr'>Sic</span> <span class='ocrx_word' id='word_1_801' title='bbox 1102 5520 1279 5573; x_wconf 85' lang='lat' dir='ltr'>luceat</span> <span class='ocrx_word' id='word_1_802' title='bbox 1299 5520 1400 5573; x_wconf 72' lang='lat' dir='ltr'>tua:</span> <span class='ocrx_word' id='word_1_803' title='bbox 1428 5520 1606 5572; x_wconf 87' lang='lat' dir='ltr'>vestra</span> <span class='ocrx_word' id='word_1_804' title='bbox 1632 5530 1819 5572; x_wconf 86' lang='lat' dir='ltr'>coram</span> 
     </span>
    </p>
   </div>
   <div class='ocr_carea' id='block_1_102' title="bbox 1897 4801 3489 4875">
    <p class='ocr_par' dir='ltr' id='par_1_102' title="bbox 1897 4801 3489 4875">
     <span class='ocr_line' id='line_1_102' title="bbox 1897 4801 3489 4875; baseline 0.003 -20"><span class='ocrx_word' id='word_1_805' title='bbox 1897 4801 2029 4875; x_wconf 88' lang='lat' dir='ltr'>quid</span> <span class='ocrx_word' id='word_1_806' title='bbox 2054 4806 2203 4872; x_wconf 90' lang='lat' dir='ltr'>agat,</span> <span class='ocrx_word' id='word_1_807' title='bbox 2232 4801 2318 4855; x_wconf 86' lang='lat' dir='ltr'>vel</span> <span class='ocrx_word' id='word_1_808' title='bbox 2348 4805 2621 4871; x_wconf 87' lang='lat' dir='ltr'>quantum</span> <span class='ocrx_word' id='word_1_809' title='bbox 2650 4805 2814 4871; x_wconf 88' lang='lat' dir='ltr'>agat;</span> <span class='ocrx_word' id='word_1_810' title='bbox 2847 4807 3165 4870; x_wconf 84' lang='lat' dir='ltr'>curantem,</span> <span class='ocrx_word' id='word_1_811' title='bbox 3190 4809 3247 4858; x_wconf 90' lang='lat' dir='ltr'>et</span> <span class='ocrx_word' id='word_1_812' title='bbox 3264 4804 3378 4873; x_wconf 87' lang='lat' dir='ltr'>ubi,</span> <span class='ocrx_word' id='word_1_813' title='bbox 3402 4805 3489 4859; x_wconf 91' lang='lat' dir='ltr'>vel</span> 
     </span>
    </p>
   </div>
   <div class='ocr_carea' id='block_1_103' title="bbox 1896 4889 3490 4963">
    <p class='ocr_par' dir='ltr' id='par_1_103' title="bbox 1896 4889 3490 4963">
     <span class='ocr_line' id='line_1_103' title="bbox 1896 4889 3490 4963; baseline 0.001 -17"><span class='ocrx_word' id='word_1_814' title='bbox 1896 4891 2138 4963; x_wconf 89' lang='lat' dir='ltr'>quando,</span> <span class='ocrx_word' id='word_1_815' title='bbox 2172 4895 2273 4944; x_wconf 91' lang='lat' dir='ltr'>aut</span> <span class='ocrx_word' id='word_1_816' title='bbox 2299 4889 2542 4960; x_wconf 88' lang='lat' dir='ltr'>qualiter</span> <span class='ocrx_word' id='word_1_817' title='bbox 2568 4894 2719 4960; x_wconf 87' lang='lat' dir='ltr'>agat.</span> <span class='ocrx_word' id='word_1_818' title='bbox 2741 4890 2886 4955; x_wconf 89' lang='lat' dir='ltr'>Quia</span> <span class='ocrx_word' id='word_1_819' title='bbox 2904 4891 3246 4962; x_wconf 89' lang='lat' dir='ltr'>nisiagatur,</span> <span class='ocrx_word' id='word_1_820' title='bbox 3271 4899 3336 4948; x_wconf 91' lang='lat' dir='ltr'>ut</span> <span class='ocrx_word' id='word_1_821' title='bbox 3355 4894 3490 4949; x_wconf 83' lang='lat' dir='ltr'>scri-</span> 
     </span>
    </p>
   </div>
   <div class='ocr_carea' id='block_1_104' title="bbox 1894 4979 3485 5053">
    <p class='ocr_par' dir='ltr' id='par_1_104' title="bbox 1894 4979 3485 5053">
     <span class='ocr_line' id='line_1_104' title="bbox 1894 4979 3485 5053; baseline 0.001 -18"><span class='ocrx_word' id='word_1_822' title='bbox 1894 4986 2054 5053; x_wconf 91' lang='lat' dir='ltr'>ptum</span> <span class='ocrx_word' id='word_1_823' title='bbox 2084 4984 2187 5045; x_wconf 88' lang='lat' dir='ltr'>est,</span> <span class='ocrx_word' id='word_1_824' title='bbox 2219 4979 2366 5050; x_wconf 76' lang='lat' dir='ltr'>quod</span> <span class='ocrx_word' id='word_1_825' title='bbox 2391 4979 2732 5050; x_wconf 76' lang='lat' dir='ltr'>praecipitur,</span> <span class='ocrx_word' id='word_1_826' title='bbox 2780 4984 2836 5033; x_wconf 86' lang='lat' dir='ltr'>et</span> <span class='ocrx_word' id='word_1_827' title='bbox 2869 4979 2916 5034; x_wconf 93' lang='lat' dir='ltr'>si</span> <span class='ocrx_word' id='word_1_828' title='bbox 2958 4997 3071 5035; x_wconf 90' lang='lat' dir='ltr'>non</span> <span class='ocrx_word' id='word_1_829' title='bbox 3115 4982 3187 5036; x_wconf 91' lang='lat' dir='ltr'>ad</span> <span class='ocrx_word' id='word_1_830' title='bbox 3235 4983 3485 5050; x_wconf 89' lang='lat' dir='ltr'>modum,</span> 
     </span>
    </p>
   </div>
   <div class='ocr_carea' id='block_1_105' title="bbox 1896 5068 3484 5143">
    <p class='ocr_par' dir='ltr' id='par_1_105' title="bbox 1896 5068 3484 5143">
     <span class='ocr_line' id='line_1_105' title="bbox 1896 5068 3484 5143; baseline 0.003 -20"><span class='ocrx_word' id='word_1_831' title='bbox 1896 5075 2172 5141; x_wconf 88' lang='lat' dir='ltr'>quantum</span> <span class='ocrx_word' id='word_1_832' title='bbox 2199 5068 2438 5122; x_wconf 86' lang='lat' dir='ltr'>sufﬁciat</span> <span class='ocrx_word' id='word_1_833' title='bbox 2454 5068 2524 5122; x_wconf 91' lang='lat' dir='ltr'>ad</span> <span class='ocrx_word' id='word_1_834' title='bbox 2539 5068 2845 5139; x_wconf 89' lang='lat' dir='ltr'>justitiam,</span> <span class='ocrx_word' id='word_1_835' title='bbox 2868 5068 2916 5122; x_wconf 92' lang='lat' dir='ltr'>si</span> <span class='ocrx_word' id='word_1_836' title='bbox 2937 5085 3049 5124; x_wconf 92' lang='lat' dir='ltr'>non</span> <span class='ocrx_word' id='word_1_837' title='bbox 3074 5070 3200 5124; x_wconf 89' lang='lat' dir='ltr'>ideo</span> <span class='ocrx_word' id='word_1_838' title='bbox 3216 5088 3316 5142; x_wconf 87' lang='lat' dir='ltr'>pro</span> <span class='ocrx_word' id='word_1_839' title='bbox 3354 5089 3484 5143; x_wconf 92' lang='lat' dir='ltr'>quo,</span> 
     </span>
    </p>
   </div>
   <div class='ocr_carea' id='block_1_106' title="bbox 1895 5156 3486 5233">
    <p class='ocr_par' dir='ltr' id='par_1_106' title="bbox 1895 5156 3486 5233">
     <span class='ocr_line' id='line_1_106' title="bbox 1895 5156 3486 5233; baseline 0.004 -21"><span class='ocrx_word' id='word_1_840' title='bbox 1895 5164 1953 5213; x_wconf 87' lang='lat' dir='ltr'>et</span> <span class='ocrx_word' id='word_1_841' title='bbox 1978 5157 2093 5221; x_wconf 89' lang='lat' dir='ltr'>ubi,</span> <span class='ocrx_word' id='word_1_842' title='bbox 2124 5157 2179 5211; x_wconf 90' lang='lat' dir='ltr'>id</span> <span class='ocrx_word' id='word_1_843' title='bbox 2211 5162 2313 5223; x_wconf 90' lang='lat' dir='ltr'>est,</span> <span class='ocrx_word' id='word_1_844' title='bbox 2347 5173 2447 5228; x_wconf 89' lang='lat' dir='ltr'>pro</span> <span class='ocrx_word' id='word_1_845' title='bbox 2475 5156 2683 5211; x_wconf 88' lang='lat' dir='ltr'>Christi</span> <span class='ocrx_word' id='word_1_846' title='bbox 2713 5174 2922 5223; x_wconf 87' lang='lat' dir='ltr'>amore,</span> <span class='ocrx_word' id='word_1_847' title='bbox 2957 5157 3016 5212; x_wconf 91' lang='lat' dir='ltr'>in</span> <span class='ocrx_word' id='word_1_848' title='bbox 3045 5159 3307 5223; x_wconf 79' lang='lat' dir='ltr'>Ecclesia,</span> <span class='ocrx_word' id='word_1_849' title='bbox 3336 5163 3486 5233; x_wconf 88' lang='lat' dir='ltr'>quod</span> 
     </span>
    </p>
   </div>
   <div class='ocr_carea' id='block_1_107' title="bbox 1895 5246 3492 5321">
    <p class='ocr_par' dir='ltr' id='par_1_107' title="bbox 1895 5246 3492 5321">
     <span class='ocr_line' id='line_1_107' title="bbox 1895 5246 3492 5321; baseline 0.004 -19"><span class='ocrx_word' id='word_1_850' title='bbox 1895 5247 2148 5309; x_wconf 82' lang='lat' dir='ltr'>debetur.</span> <span class='ocrx_word' id='word_1_851' title='bbox 2177 5255 2277 5301; x_wconf 91' lang='lat' dir='ltr'>aut</span> <span class='ocrx_word' id='word_1_852' title='bbox 2304 5246 2352 5300; x_wconf 92' lang='lat' dir='ltr'>si</span> <span class='ocrx_word' id='word_1_853' title='bbox 2375 5263 2489 5301; x_wconf 88' lang='lat' dir='ltr'>non</span> <span class='ocrx_word' id='word_1_854' title='bbox 2518 5251 2770 5317; x_wconf 81' lang='lat' dir='ltr'>tempore</span> <span class='ocrx_word' id='word_1_855' title='bbox 2790 5251 2984 5313; x_wconf 69' lang='grc' dir='ltr'>ειοθ</span> <span class='ocrx_word' id='word_1_856' title='bbox 3002 5254 3336 5321; x_wconf 89' lang='lat' dir='ltr'>opportuno,</span> <span class='ocrx_word' id='word_1_857' title='bbox 3354 5252 3492 5307; x_wconf 90' lang='lat' dir='ltr'>dum</span> 
     </span>
    </p>
   </div>
   <div class='ocr_carea' id='block_1_108' title="bbox 1898 5335 3490 5403">
    <p class='ocr_par' dir='ltr' id='par_1_108' title="bbox 1898 5335 3490 5403">
     <span class='ocr_line' id='line_1_108' title="bbox 1898 5335 3490 5403; baseline 0.003 -11"><span class='ocrx_word' id='word_1_858' title='bbox 1898 5336 2123 5403; x_wconf 87' lang='lat' dir='ltr'>seritur,</span> <span class='ocrx_word' id='word_1_859' title='bbox 2147 5336 2233 5389; x_wconf 90' lang='lat' dir='ltr'>vel</span> <span class='ocrx_word' id='word_1_860' title='bbox 2263 5335 2309 5390; x_wconf 87' lang='lat' dir='ltr'>si</span> <span class='ocrx_word' id='word_1_861' title='bbox 2331 5352 2443 5390; x_wconf 89' lang='lat' dir='ltr'>non</span> <span class='ocrx_word' id='word_1_862' title='bbox 2462 5352 2529 5390; x_wconf 89' lang='lat' dir='ltr'>ea</span> <span class='ocrx_word' id='word_1_863' title='bbox 2542 5335 2900 5390; x_wconf 80' lang='lat' dir='ltr'>festinatione</span> <span class='ocrx_word' id='word_1_864' title='bbox 2920 5338 3140 5393; x_wconf 88' lang='lat' dir='ltr'>timoris</span> <span class='ocrx_word' id='word_1_865' title='bbox 3161 5347 3260 5393; x_wconf 89' lang='lat' dir='ltr'>aut</span> <span class='ocrx_word' id='word_1_866' title='bbox 3280 5342 3490 5396; x_wconf 88' lang='lat' dir='ltr'>amoris</span> 
     </span>
    </p>
   </div>
   <div class='ocr_carea' id='block_1_109' title="bbox 1898 5424 3496 5496">
    <p class='ocr_par' dir='ltr' id='par_1_109' title="bbox 1898 5424 3496 5496">
     <span class='ocr_line' id='line_1_109' title="bbox 1898 5424 3496 5496; baseline 0.002 -14"><span class='ocrx_word' id='word_1_867' title='bbox 1898 5426 2016 5493; x_wconf 57' lang='lat' dir='ltr'>Dei,</span> <span class='ocrx_word' id='word_1_868' title='bbox 2041 5442 2153 5496; x_wconf 86' lang='lat' dir='ltr'>qua</span> <span class='ocrx_word' id='word_1_869' title='bbox 2179 5425 2373 5480; x_wconf 89' lang='lat' dir='ltr'>deceat</span> <span class='ocrx_word' id='word_1_870' title='bbox 2402 5429 2460 5479; x_wconf 90' lang='lat' dir='ltr'>et</span> <span class='ocrx_word' id='word_1_871' title='bbox 2470 5424 2704 5496; x_wconf 88' lang='lat' dir='ltr'>jubetur</span> <span class='ocrx_word' id='word_1_872' title='bbox 2727 5444 2740 5494; x_wconf 85' lang='lat'><strong>;</strong></span> <span class='ocrx_word' id='word_1_873' title='bbox 2776 5425 3044 5496; x_wconf 88' lang='lat' dir='ltr'>alioquin,</span> <span class='ocrx_word' id='word_1_874' title='bbox 3080 5434 3143 5483; x_wconf 94' lang='lat' dir='ltr'>ut</span> <span class='ocrx_word' id='word_1_875' title='bbox 3166 5428 3391 5484; x_wconf 83' lang='lat' dir='ltr'>Veritas</span> <span class='ocrx_word' id='word_1_876' title='bbox 3418 5431 3496 5484; x_wconf 82' lang='lat' dir='ltr'>fa-</span> 
     </span>
    </p>
   </div>
   <div class='ocr_carea' id='block_1_110' title="bbox 1901 5514 3495 5588">
    <p class='ocr_par' dir='ltr' id='par_1_110' title="bbox 1901 5514 3495 5588">
     <span class='ocr_line' id='line_1_110' title="bbox 1901 5514 3495 5588; baseline 0 -16"><span class='ocrx_word' id='word_1_877' title='bbox 1901 5520 2071 5584; x_wconf 89' lang='lat' dir='ltr'>tetur,</span> <span class='ocrx_word' id='word_1_878' title='bbox 2092 5530 2308 5571; x_wconf 85' lang='lat' dir='ltr'>merces</span> <span class='ocrx_word' id='word_1_879' title='bbox 2325 5514 2482 5571; x_wconf 89' lang='lat' dir='ltr'>nulla</span> <span class='ocrx_word' id='word_1_880' title='bbox 2502 5519 2587 5570; x_wconf 86' lang='lat' dir='ltr'>est</span> <span class='ocrx_word' id='word_1_881' title='bbox 2597 5515 2747 5588; x_wconf 90' lang='lat' dir='ltr'>apud</span> <span class='ocrx_word' id='word_1_882' title='bbox 2775 5515 3003 5570; x_wconf 89' lang='lat' dir='ltr'>Patrem</span> <span class='ocrx_word' id='word_1_883' title='bbox 3024 5516 3120 5588; x_wconf 85' lang='lat' dir='ltr'>qui</span> <span class='ocrx_word' id='word_1_884' title='bbox 3137 5515 3194 5569; x_wconf 92' lang='lat' dir='ltr'>in</span> <span class='ocrx_word' id='word_1_885' title='bbox 3224 5518 3381 5573; x_wconf 82' lang='lat' dir='ltr'>caelis</span> <span class='ocrx_word' id='word_1_886' title='bbox 3393 5523 3495 5574; x_wconf 87' lang='lat' dir='ltr'>est.</span> 
     </span>
    </p>
   </div>
  </div>
