3938 6174
603 263 705 322 271
1374 264 1431 319 S'.
1473 259 1847 318 PASCHASil
1885 248 2252 313 RADBERTI
2289 251 2592 310 ABBATIS
2630 255 3120 313 CORBEIENSIS.
3683 267 3764 325 γη

606 390 845 461 Oportet
874 389 1026 443 enim
1048 387 1191 444 ﬁlios
1216 388 1398 443 Patris
1421 388 1657 459 gloriam
1681 386 1909 453 sectari;
1943 383 2073 455 quia
2092 397 2194 436 na-
2214 376 2267 438 Α
2282 384 2387 443 cet,
2412 385 2467 434 et
2487 397 2597 436 non
2619 380 2737 436 Dei.
2756 382 2925 436 Suam
2943 382 3168 450 scilicet,
3189 383 3313 454 quia
3327 400 3475 455 quam
3496 390 3767 458 quasierunt

605 484 795 534 torum
809 479 990 550 gloria
1012 484 1236 550 patrum
1255 478 1517 548 dignitas.
1544 478 1701 532 Unde
1716 482 1928 530 rectum
1954 479 2057 539 est,
2082 478 2198 527 uta
2279 469 2521 537 laudem,
2550 470 2790 525 ferentes
2820 488 3053 542 pensum
3095 473 3294 526 erroris
3324 478 3377 527 et
3413 492 3601 545 poenam
3640 496 3768 549 quam

607 585 717 639 quo
749 584 962 633 sumus,
996 568 1048 621 ei
1079 567 1268 621 omnia
1287 566 1415 620 boni
1436 566 1637 637 operis,
1660 566 1747 619 vel
1767 565 1811 619 si
1842 564 1976 635 quid
2018 568 2104 617 est
2138 559 2195 615 in
2278 566 2618 625 meruerant,
2637 560 2826 631 "culpis
2853 560 3200 631 exigentibus
3217 579 3473 633 recepere.
3497 566 3616 619 Nota
3641 584 3767 638 quam

605 656 767 712 nobis
796 658 942 728 quod
959 658 1089 727 jure
1118 656 1351 727 placeat,
1382 655 1708 709 referamus.
1748 654 1900 708 Alias
1940 653 2122 707 adhuc
2149 652 2196 706 si
2278 649 2505 718 provide
2557 649 2826 720 magister
2874 650 3124 704 veritatis
3166 668 3351 705 omnes
3384 653 3586 722 justitia
3630 662 3772 726 partes

604 746 922 800 hominibus
945 746 1246 816 placemus,
1283 744 1488 799 Christi
1526 762 1639 798 non
1669 761 1879 803 sumus,
1916 743 2046 796 licet
2070 741 2195 812 qui-
2277 741 2490 807 tangat.
2519 738 2678 792 Prius
2708 738 2883 807 igitur
2907 738 3040 809 quid
3063 756 3227 809 agas;
3251 740 3439 794 deinde
3457 758 3533 806 ne,
3554 748 3637 797 tua
3651 744 3776 797 laude

604 834 817 906 busque
844 835 1181 905 placeamus.
1201 834 1361 888 Unde
1385 840 1441 888 et
1462 832 1762 905 Apostolus
1782 849 1893 886 non
1906 848 1965 885 se
1978 831 2195 901 placere
2278 827 2543 897 deceptus
2574 844 2643 882 ex
2674 828 2868 882 eadem
2890 829 3269 898 justitia,cum
3302 830 3578 901 hypocritis
3604 832 3782 887 damne-

603 923 924 978 hominibus
944 923 1127 978 aiebat
1154 924 1293 990 (Gal.
1325 940 1361 988 ι,
1402 922 1500 987 10;,
1537 940 1788 995 quamns
1826 920 1961 975 alibi
1983 938 2100 984 nos,
2133 927 2199 975 ut
2279 915 2391 983 ris;
2424 921 2768 987 postremum
2801 917 3049 972 insinuat
3071 919 3205 972 illud
3233 919 3374 989 quod
3408 920 3639 989 potueris,
3677 938 3779 991 quo-

602 1013 741 1084 ipse,
774 1012 1032 1067 omnibus
1052 1012 1273 1084 placere
1297 1012 1497 1082 jubeat
1528 1014 1575 1077 (Ι
1599 1012 1720 1065 Cor.
1772 1027 1827 1071 χ,
1878 1010 1960 1078 33)
1991 1029 2003 1077 ;
2066 1011 2196 1081 quia
2278 1005 2442 1059 modo
2467 1022 2619 1076 agas,
2654 1011 2716 1060 ut
2744 1006 2800 1060 in
2839 1006 3026 1060 futuro
3071 1008 3264 1061 exinde
3315 1013 3496 1079 postea
3540 1011 3780 1064 coroneris.

600 1101 659 1154 in
690 1116 754 1155 eo
776 1100 895 1172 ipso
916 1118 1027 1171 quo
1048 1118 1107 1155 se
1128 1102 1245 1155 Deo
1266 1100 1473 1154 servire
1494 1098 1711 1171 probat,
1744 1103 1893 1153 recte
1921 1098 2045 1152 aliis
2074 1099 2195 1169 pla-
2279 1094 2420 1149 liinc
2448 1111 2669 1166 quoque
2696 1101 2783 1149 est
2811 1097 2956 1167 quod
2981 1097 3235 1167 sequitur
3259 1117 3271 1151 :

598 1206 725 1244 cere
762 1196 992 1261 propter
1020 1189 1291 1243 virtutum
1306 1188 1544 1242 formam
1570 1203 1683 1241 non
1696 1186 1934 1252 dubitat,
1966 1187 2097 1241 inde
2140 1192 2197 1241 et
2355 1184 2419 1236 Tc
2432 1189 2611 1237 autem
2627 1186 2861 1251 faciente
2874 1188 3283 1253 elecmosynam,
3305 1189 3697 1241 ncscz'atsinistra
3711 1192 3781 1241 tua

600 1279 672 1333 ad
702 1279 1035 1350 placendum
1065 1276 1389 1332 hominibus
1404 1278 1543 1331 alios
1569 1276 1790 1330 invitat.
1824 1276 2118 1347 Sequitur:
2276 1274 2412 1339 quid
2434 1274 2605 1339 faciat
2636 1275 2854 1326 dextera
2887 1279 3002 1327 tua.
3034 1275 3159 1328 Non
3198 1276 3343 1346 quod
3367 1281 3553 1330 natura
3591 1276 3781 1346 corporis

672 1368 811 1422 Cum
839 1370 979 1435 facis
1005 1371 1421 1434 clcemosynam,
1456 1369 1573 1420 noti
1595 1367 1724 1419 tuba
1744 1381 1938 1419 canere
1966 1371 2093 1418 ante
2125 1372 2190 1420 te.
2276 1360 2423 1414 istud
2458 1362 2762 1416 secundum
2794 1362 3038 1417 litteram
3061 1363 3369 1434 intelligere
3399 1364 3683 1435 permittat;
3713 1364 3783 1417 sed

602 1457 761 1521 Quod
790 1462 876 1510 est
902 1455 1118 1509 dicere:
1155 1456 1295 1509 Nolo
1327 1454 1665 1527 praeconium
1686 1454 1869 1508 laudis
1890 1459 2019 1507 ante
2040 1458 2095 1508 te
2114 1460 2195 1508 at-
2280 1455 2342 1503 ut
2370 1466 2434 1503 ex
2463 1455 2577 1504 tam
2609 1452 2845 1505 evidenti
2875 1454 3121 1524 corporis
3157 1460 3383 1519 secreto,
3416 1454 3553 1507 aliud
3596 1452 3783 1522 cogitare

599 1545 786 1607 tollas,
819 1550 882 1598 ut
905 1544 1141 1597 videaris
1165 1543 1234 1598 ab
1255 1543 1789 1613 hominibus,neque
1809 1542 2110 1613 praedicare
2138 1548 2193 1596 te
2277 1541 2599 1611 compellat.
2640 1541 2775 1605 Quis
2805 1559 3053 1613 unquam
3078 1545 3282 1600 dixerit
3307 1545 3449 1615 quod
3494 1544 3672 1607 anima,
3696 1558 3785 1612 qua

601 1632 772 1688 libeat
790 1633 949 1688 factis
977 1633 1109 1699 tuis,
1146 1633 1243 1687 sed
1271 1634 1469 1687 Deum.
1517 1634 1663 1687 Ante
1704 1647 1762 1685 se
1815 1632 2018 1702 quippe
2057 1631 2193 1685 tuba
2276 1630 2631 1701 tota~ubique
2662 1631 2716 1684 in
2749 1632 2901 1686 omni
2932 1633 3050 1688 loco
3090 1635 3337 1706 corporis
3385 1640 3482 1697 est,
3532 1632 3679 1705 possit
3706 1647 3788 1684 non

601 1723 771 1787 canit,
808 1722 903 1793 qui
933 1722 1156 1777 laudem
1188 1738 1347 1776 suam
1387 1721 1704 1793 quaerendo,
1752 1737 1975 1790 semper
2020 1720 2089 1774 de
2134 1738 2192 1774 se
2212 1730 2258 1790 Β
2277 1719 2485 1773 sentire
2514 1719 2743 1774 sinistra
2769 1738 2935 1776 manu
2963 1724 3110 1794 quod
3135 1730 3338 1795 agatur
3365 1723 3419 1777 in
3436 1720 3789 1776 dextera?Nam

602 1817 734 1867 ante
761 1811 898 1866 alios
928 1811 1164 1882 potiora,
1210 1817 1272 1865 ut
1317 1811 1499 1881 major
1543 1815 1829 1881 appareat,
1873 1808 2188 1863 innotescit.
2276 1808 2419 1862 sicut
2444 1810 2866 1880 compatiuntur
2893 1812 3083 1866 omnia
3114 1812 3368 1867 membra
3387 1813 3433 1866 si
3464 1810 3792 1883 patiturunum

602 1903 706 1959 Sed
738 1904 784 1958 si
817 1904 888 1957 ad
916 1903 1162 1957 litteram
1181 1901 1590 1956 Pharisaeorum
1622 1901 1685 1973 11)
1701 1899 1945 1971 ροοτὶὶω,
1974 1900 2192 1971 quoties
2276 1897 2609 1961 membrum,
2664 1899 2742 1954 ita
2786 1901 3038 1955 sentiunt
3082 1902 3290 1969 omnia,
3350 1918 3447 1973 per
3496 1900 3792 1953 viviﬁcantem

598 1993 669 2047 ad
699 1998 988 2064 erogatam
1017 1991 1182 2057 irent,
1217 1990 1352 2045 tuba
1389 1994 1520 2044 ante
1565 2006 1624 2045 se
1667 1989 1988 2053 cecinerint,
2038 2006 2101 2043 ac
2146 1989 2193 2043 si
2275 1987 2543 2054 animam,
2577 1989 2844 2060 quidquid
2891 1991 3133 2045 sentitur
3168 1991 3228 2046 in
3267 2008 3399 2046 uno.
3436 1989 3622 2045 Anima
3668 1986 3793 2050 enim,

596 2081 937 2137 convocandi
962 2080 1165 2151 gratia,
1200 2085 1264 2133 ut
1306 2078 1621 2149 pompatice
1674 2083 1902 2149 propter
1946 2077 2190 2131 favorem
2275 2093 2396 2147 quae
2428 2078 2588 2131 estin
2621 2079 2879 2133 omnibus
2911 2080 3196 2147 membris,
3233 2098 3344 2135 non
3376 2080 3551 2134 minus
3572 2077 3661 2131 scit
3680 2076 3724 2129 in
3746 2075 3797 2127 si-

599 2171 771 2240 vulgi,
801 2168 972 2223 veluti
1000 2169 1071 2222 ad
1101 2167 1479 2239 spectaculum
1506 2166 1889 2254 proced‘erent,
1923 2182 2036 2219 non
2054 2166 2192 2221 satis
2273 2166 2453 2219 nistra
2483 2167 2615 2237 quid
2642 2175 2845 2239 agatur
2873 2169 2929 2223 in
2960 2170 3206 2235 dextera,
3243 2187 3410 2243 quam
3442 2168 3566 2240 quid
3589 2167 3639 2221 in
3677 2171 3794 2219 toto:

597 2258 794 2330 liquet.
826 2259 1039 2311 Tamen
1053 2272 1155 2310 nec
1172 2254 1564 2320 dubitandum,
1588 2252 1910 2308 cum—multa
1926 2254 2191 2324 supersti-
2272 2254 2405 2323 quia
2430 2254 2635 2326 ubique
2660 2256 2821 2311 adest
2844 2261 2981 2322 tota,
3012 2264 3069 2312 et
3093 2259 3220 2313 ideo
3243 2259 3348 2313 scit
3365 2274 3429 2311 ac
3457 2255 3616 2310 sentit
3636 2252 3794 2307 omnia.

596 2348 744 2402 tiosa
763 2346 1000 2417 egerint,
1034 2345 1182 2416 quod
1210 2349 1268 2398 et
1297 2344 1461 2397 istam
1486 2342 1788 2397 habuerint
1830 2344 2188 2397 consuetudi-
2272 2344 2625 2415 QuaprOpter
2649 2346 2905 2415 cogimur
2924 2347 3096 2401 alium
3125 2348 3414 2419 requirere
3433 2360 3657 2409 sensum,
3672 2347 3717 2395 et
3728 2341 3796 2393 do-

598 2451 764 2503 nem;
799 2435 868 2488 de
900 2450 1011 2504 qua
1027 2432 1320 2496 Dominus,
1351 2431 1614 2503 loquendi
1634 2437 1861 2502 accepta
1876 2432 2183 2493 occasione,
2270 2449 2482 2499 cemur,
2516 2434 2832 2506 ubicunque
2860 2437 2939 2491 sic
2983 2438 3052 2491 de
3099 2438 3371 2492 membris
3404 2436 3650 2507 loquitur,
3689 2431 3798 2484 sicut

595 2528 789 2579 monet
812 2540 943 2578 suos
962 2539 1032 2576 ne
1047 2521 1450 2592 jactantiarum
1481 2526 1750 2592 appetant
1774 2522 2068 2593 praeconia,
2086 2523 2191 2575 sic-
2265 2523 2385 2591 jam
2416 2540 2588 2593 supra
2616 2524 2810 2579 fecisse
2836 2526 3116 2579 cernimus
3146 2527 3216 2579 de
3256 2544 3428 2581 manu
3457 2525 3536 2579 vel
3560 2521 3714 2585 oculo,
3737 2516 3800 2570 vel

594 2612 678 2669 uti
707 2613 1010 2685 hypocrita:
1042 2611 1271 2677 faciunt,
1304 2611 1401 2666 sed
1446 2611 1634 2665 omnia
1682 2612 1751 2664 ad
1792 2611 2012 2665 laudem
2063 2611 2184 2680 Dei,
2270 2614 2415 2664 sicut
2443 2612 2511 2665 de
2532 2613 2619 2666 his
2646 2613 2741 2683 qui
2771 2631 2830 2668 se
2859 2621 3245 2670 castraverunt
3266 2622 3658 2688 propterrcgna
3675 2608 3801 2663 coelo—

594 2702 887 2756 humiliter
914 2718 978 2755 ac
1008 2699 1264 2770 religiose
1289 2699 1347 2753 in
1392 2698 1732 2753 conscientia
1772 2704 1990 2768 gerant.
2042 2700 2186 2768 Ergo
2270 2716 2393 2753 rum
2420 2719 2431 2762 ;
2462 2718 2572 2755 non
2603 2702 2805 2757 debere
2835 2705 3141 2759 secundum
3172 2706 3421 2760 litteram
3465 2702 3706 2773 accipere,
3732 2694 3804 2750 sed

590 2791 1012 2864 hypocritarum
1030 2806 1233 2844 nomen
1246 2806 1311 2843 ex
1330 2788 1576 2859 antiquis
1590 2787 1959 2841 theatralibus
1973 2804 2188 2841 assum-
2268 2806 2370 2859 per
2392 2790 2496 2843 hoc
2526 2792 2789 2863 mysticas
2816 2793 3203 2848 doctrinarum
3242 2793 3565 2849 efﬁcientias
3591 2790 3804 2859 cogitare-

590 2876 2188 2951 ptumestdisciplinis,quiaerantsimulatores(simulator
2268 2877 2388 2931 Nisi
2419 2878 2559 2932 forte
2589 2881 2692 2934 hoc
2714 2882 2831 2935 loco
2862 2882 3216 2953 hyperbolice
3246 2884 3500 2938 dicatur:
3531 2878 3719 2935 nesciat
3751 2874 3807 2928 si-

592 2969 799 3039 quippe
820 2970 1009 3022 Graece
1031 2966 1323 3038 hypocrita
1344 2981 1545 3020 sonare
1588 2964 1876 3036 probatur)
1932 2965 2029 3035 qui
2056 2970 2184 3020 tan-
2267 2966 2447 3021 nistra
2474 2973 2573 3022 tua
2603 2970 2735 3040 quid
2756 2971 2989 3026 dextera
3012 2979 3111 3026 tua
3129 2977 3323 3039 303
3337 2972 3518 3037 faciat,
3533 2968 3751 3023 videlicet
3768 2968 3812 3017 ut

592 3071 763 3126 quam
792 3061 1044 3109 oratores
1064 3055 1121 3107 in
1138 3053 1422 3115 concione,
1447 3051 1698 3106 fabulose
1728 3052 1969 3123 agebant
1993 3059 2182 3124 partes
2202 3040 2245 3101 C
2267 3061 2382 3109 tam
2414 3058 2626 3112 occulto
2657 3060 2771 3125 ﬁat,
2809 3061 2997 3115 saltim
3029 3069 3092 3115 ut
3118 3078 3220 3116 nec
3250 3063 3496 3116 sinistrae
3526 3059 3578 3113 id
3596 3057 3718 3111 scire
3757 3051 3807 3105 li-

592 3159 957 3215 personarum
983 3144 1040 3197 in
1072 3142 1328 3208 theatris,
1375 3147 1431 3195 et
1476 3141 1664 3195 omnia
1710 3142 1936 3211 negotia
1987 3158 2181 3223 eorum
2264 3151 2405 3199 ceat.
2440 3146 2583 3209 Quid
2614 3147 2786 3217 igitur
2822 3150 2869 3203 si
2900 3167 3001 3220 per
3026 3151 3318 3205 sinistram
3350 3151 3691 3219 eleemosyna
3713 3148 3811 3215 p'or-

588 3233 803 3303 tragica
830 3233 913 3286 vel
942 3232 1171 3297 comica,
1196 3248 1260 3284 ac
1284 3230 1329 3284 si
1362 3235 1550 3285 essent
1580 3229 1684 3300 ipsi
1716 3246 1953 3300 quorum
1988 3248 2184 3302 perso-
2265 3234 2501 3304 rigatur,
2535 3242 2634 3290 aut
2662 3237 2707 3290 si
2739 3237 2969 3293 dextera
2999 3240 3228 3310 przecisa
3250 3241 3447 3304 fuerit,
3497 3234 3728 3306 nunquid
3763 3246 3810 3283 ea

589 3338 692 3377 nas
717 3320 1005 3392 gerebant,
1037 3318 1513 3374 monstrabantur.
1530 3318 1848 3373 Narrabant
1868 3320 2038 3385 enim,
2070 3338 2183 3375 non
2265 3340 2435 3378 manu
2464 3325 2751 3397 quidpiam
2772 3328 2894 3380 dari
2919 3345 3031 3382 non
3048 3328 3178 3383 licet
3197 3330 3479 3385 ?Constat
3496 3328 3662 3399 igitur
3674 3329 3815 3378 utras-

587 3428 737 3478 suas,
770 3411 865 3465 sed
897 3427 1090 3465 eorum
1117 3409 1398 3475 historias,
1442 3414 1499 3463 et
1537 3409 1960 3475 continentiam,
1996 3416 2181 3465 motus
2266 3430 2372 3484 que
2401 3414 2595 3469 fecisse
2628 3417 2823 3482 Deum,
2845 3422 2903 3470 et
2928 3417 3052 3472 ideo
3074 3434 3186 3473 non
3207 3420 3360 3489 quod
3385 3435 3488 3491 per
3516 3432 3633 3472 eam
3654 3416 3701 3468 ﬁt
3746 3410 3815 3462 b0-

587 3517 809 3572 quoque
831 3505 888 3554 et
907 3516 1067 3554 voces
1089 3515 1284 3553 eorum
1300 3514 1366 3551 ac
1393 3497 1596 3562 vultus,
1632 3496 1947 3553 videntibus
1997 3499 2067 3553 ob
2104 3500 2182 3554 fa—
2262 3520 2417 3567 num,
2449 3505 2597 3558 Deus
2626 3505 2779 3559 odire
2805 3511 2956 3559 recte
2983 3507 3248 3572 creditur,
3285 3510 3389 3563 sed
3420 3507 3569 3580 quod
3595 3520 3686 3576 per
3723 3515 3818 3555 eam

585 3608 775 3645 vorem
800 3590 951 3661 vulgi
980 3587 1221 3643 vicissim
1246 3586 2080 3659 repraesentabantdtasaneet
2100 3590 2179 3643 illi
2262 3591 2626 3661 signiﬁcatur,
2680 3595 2910 3648 malum.
2971 3594 3151 3649 Habet
3201 3598 3359 3651 enim
3410 3595 3643 3651 interior
3686 3593 3817 3644 homo

584 3680 681 3752 qui
711 3679 858 3735 bona
885 3697 1056 3751 opera
1082 3680 1209 3733 ﬁcto
1239 3676 1422 3731 laudis
1451 3676 1651 3743 ofﬁcio,
1688 3693 1799 3730 non
1824 3677 1893 3730 ad
1926 3678 2047 3743 Dei,
2081 3679 2179 3732 sed
2261 3686 2453 3734 noster
2513 3699 2672 3735 suam
2721 3683 3032 3749 dexteram,
3075 3684 3246 3739 habet
3284 3691 3345 3740 et
3398 3685 3711 3740 sinistram:
3747 3675 3822 3731 scd

583 3771 654 3826 ad
670 3787 829 3826 suam
844 3770 1103 3841 gloriam,
1120 3767 1631 3837 ostentant.Agunt
1643 3766 1791 3819 enim
1807 3772 1997 3837 partes
2002 3768 2181 3837 justo-
2262 3766 2476 3822 utinam
2503 3775 2653 3824 totus
2682 3771 2847 3825 homo
2872 3778 3063 3827 noster
3090 3773 3287 3828 dexter
3316 3780 3470 3829 esset
3501 3775 3513 3827 !
3545 3770 3822 3827 Pcrdexte-

581 3878 729 3927 rum,
764 3867 821 3915 et
842 3875 1136 3930 personam
1159 3873 1374 3921 eorum,
1399 3872 1525 3909 cum
1554 3855 1668 3909 sint
1697 3855 2073 3922 simulatores,
2109 3856 2179 3911 ob
2261 3873 2380 3910 ram
2416 3858 2619 3929 quippe
2651 3860 2917 3915 virtutum
2947 3880 3117 3932 opera
3143 3863 3538 3934 designantur,
3586 3876 3680 3933 per
3715 3854 3823 3910 sini-

581 3950 828 4004 favorem
858 3948 1148 4003 hominum
1166 3950 1494 4010 assumunt;
1528 3960 1640 3997 non
1670 3944 1817 4015 quod
1834 3944 2079 3999 habeant
2090 3947 2180 4016 ju-
2261 3950 2434 3999 strani
2462 3965 2588 4001 vero
2614 3949 2767 4003 vitia.
2793 3951 2923 4006 Ideo
2952 3951 3174 4017 dicitur,
3209 3953 3435 4006 nesciat
3464 3950 3688 4005 sinistra
3729 3951 3821 4005 tua.

582 4039 750 4091 stitia:
779 4053 968 4107 opera,
999 4035 1096 4089 sed
1120 4034 1253 4104 quia
1281 4033 1550 4086 simulant
1581 4050 1640 4086 se
1671 4032 2062 4088 habere.A]ias
2074 4052 2177 4089 au-
2261 4035 2414 4088 nulla
2443 4035 2698 4091 videlicet
2722 4038 2985 4093 vitiorum
3015 4040 3288 4110 operatio,
3314 4040 3457 4111 quid
3477 4044 3609 4109 agat
3634 4036 3826 4090 dextera

582 4132 697 4179 tem
739 4125 786 4178 si
802 4126 956 4194 justa
980 4127 1186 4189 essent,
1214 4137 1327 4175 non
1348 4121 1417 4174 ad
1440 4137 1518 4185 se,
1541 4121 1654 4175 imo
1671 4122 1741 4175 ad
1763 4126 1946 4188 τμη
1973 4124 2170 4192 Deum,
2256 4128 2375 4179 tua.
2410 4125 2568 4189 Quod
2589 4132 2675 4181 est
2699 4134 2889 4197 aperte
2912 4128 3113 4195 dicere,
3129 4129 3347 4183 nesciat
3358 4130 3569 4183 vitium
3583 4120 3824 4183 elationis,

582 4218 784 4268 cuncta
814 4228 935 4283 qua
979 4211 1191 4265 faciunt
1234 4208 1366 4263 boni
1422 4208 1714 4263 referrent.
1766 4212 1927 4265 Nunc
1984 4218 2172 4267 autem
2257 4220 2356 4269 aut
2383 4215 2679 4286 superbire,
2721 4217 2806 4271 vel
2833 4234 2985 4273 vanae
3005 4218 3217 4288 gloriae,
3251 4235 3355 4273 seu
3382 4219 3746 4291 quodcunque
3777 4222 3829 4262 ei

581 4301 730 4373 quia,
746 4306 811 4354 ut
839 4299 1012 4365 mimi,
1033 4297 1340 4353 secundum
1364 4296 1634 4365 tragicam
1652 4297 1915 4367 pietatem
1940 4299 1996 4354 in
2019 4301 2355 4378 thea-“illa
2382 4310 2541 4375 parte
2572 4311 2673 4371 est,
2709 4306 2841 4377 quid
2872 4311 3005 4378 agat
3051 4307 3324 4362 virtutum
3382 4309 3639 4363 dextera.
3696 4300 3829 4366 Quia,

578 4390 736 4445 tricis
766 4389 1048 4445 ludorum,
1074 4403 1261 4441 coram
1292 4384 1633 4452 hominibus,
1675 4386 1895 4454 diabolo
1919 4389 2172 4462 adstipu-
2192 4384 2244 4415 υ
2259 4393 2405 4448 sicut
2428 4394 2672 4449 tenebrze
2698 4396 2879 4450 lucem
2897 4397 3170 4462 nesciunt,
3211 4398 3292 4451 sic
3312 4403 3546 4469 oportet
3597 4393 3725 4449 vitia
3749 4389 3830 4441 vir-

577 4481 750 4546 lante,
782 4477 1132 4550 permulcent
1160 4490 1238 4541 se,
1286 4479 1343 4528 et
1384 4470 1618 4544 cupiunt
1658 4474 1800 4544 justi
1842 4476 2035 4545 videri,
2076 4479 2173 4535 ubi
2254 4487 2404 4537 tutes
2434 4484 2704 4539 nesciant.
2736 4487 2855 4541 Imo
2880 4486 3023 4541 sicut
3051 4487 3144 4541 lux
3165 4504 3261 4542 eas
3276 4488 3466 4558 fugat,
3494 4487 3576 4542 ita
3602 4485 3830 4554 fugentur

576 4584 706 4623 cum
734 4584 830 4622 rex
858 4565 1104 4620 militum
1133 4562 1366 4631 venerit,
1400 4562 1688 4618 invenient
1726 4581 1837 4619 non
1886 4584 1945 4621 se
1998 4568 2171 4624 fuisse
2253 4571 2389 4625 vitia
2417 4573 2538 4626 luce
2563 4579 2717 4629 recte
2742 4575 3103 4647 operationis.
3122 4577 3251 4631 Haec
3272 4576 3402 4631 ideo
3418 4593 3515 4631 me
3528 4575 3726 4630 dixisse
3744 4566 3830 4622 suf-

576 4673 813 4729 quorum
834 4661 1023 4727 partes
1038 4653 1284 4724 agebant
1304 4652 1362 4707 in
1376 4652 1689 4723 superﬁcie,
1708 4654 1803 4708 sed
1822 4657 2168 4713 scenicorum
2254 4660 2422 4728 ﬁciat,
2456 4679 2527 4715 ne
2544 4663 2745 4735 aliquis
2768 4665 3156 4737 superstitiose
3178 4666 3310 4719 velit
3328 4683 3618 4731 asserere,
3640 4668 3748 4719 tam
3767 4673 3830 4712 oc:

572 4746 886 4800 imitatores
907 4760 1144 4816 quorum
1168 4742 1409 4814 speciem
1430 4740 1698 4796 tenebant
1724 4742 1781 4797 in
1807 4746 1990 4800 corde.
2018 4747 2169 4811 Qua-
2250 4750 2398 4803 culte
2418 4752 2563 4821 quod
2582 4754 2885 4808 mandatur
2895 4771 2996 4808 nos
3015 4753 3195 4809 facere
3209 4754 3439 4815 debere,
3461 4761 3530 4810 ut
3540 4752 3679 4809 nulli
3698 4743 3830 4804 alteri

570 4840 801 4908 propter
820 4833 1074 4905 quisquis
1103 4831 1319 4903 appetit
1347 4830 1520 4885 videri
1560 4832 1802 4887 exterius
1853 4836 2001 4905 quod
2055 4853 2168 4891 non
2249 4839 2335 4892 vel
2365 4840 2525 4895 nobis
2556 4842 2909 4913 scireliceat;
2943 4845 3256 4916 praesertim
3292 4862 3426 4899 cum
3467 4845 3685 4899 dictum
3732 4838 3830 4893 sit?

570 4932 655 4982 est
682 4926 853 4991 intus,
883 4922 1077 4994 utique
1102 4920 1395 4993 hypocrita
1422 4925 1507 4974 est
1534 4927 1591 4975 et
1618 4921 1938 4977 ludiﬁcator
1982 4925 2165 4979 homi—
2248 4927 2338 4982 Sic
2359 4932 2531 4984 luceat
2555 4935 2653 4985 tum
2672 4939 2847 4987 vestra
2870 4949 3055 4987 coram
3094 4934 3440 4996 hominibus,
3468 4939 3533 4987 ut
3552 4931 3830 5001 glori/irem

568 5032 705 5071 num
729 5034 741 5082 ;
779 5030 917 5085 quos
941 5010 1299 5081 cumdccepit
1318 5009 1674 5064 simulatione
1695 5029 1816 5080 sua,
1835 5030 1947 5067 non
1961 5031 2053 5067 eos
2066 5014 2163 5068 sed
2245 5020 2465 5074 Patrem
2481 5027 2741 5076 vestrum.
2763 5025 3042 5077 Praeterea
3055 5028 3189 5078 sunt
3207 5023 3442 5095 plurimi
3458 5024 3582 5095 qui,
3608 5015 3830 5094 quamvi:

564 5102 1028 5177 selPS‘lmPerdit-
1054 5101 1133 5155 De
1151 5098 1351 5170 quibus
1373 5099 1662 5169 δοίὶυίίαττ
2244 5114 2455 5164 secrete
2482 5110 2777 5166 videantur
2812 5112 2959 5166 bona
2986 5129 3172 5183 agere,
3215 5118 3415 5167 tamen
3461 5113 3576 5166 scit
3633 5108 3830 5164 sinistri

633 5197 805 5250 Amen
825 5195 944 5247 dico
972 5192 1133 5256 vobis,
1156 5191 1289 5258 quia
1317 5195 1631 5256 receperunt
1652 5193 1946 5246 mercedem
1973 5211 2151 5251 suam.
2242 5198 2466 5253 illorum
2499 5200 2632 5270 quid
2662 5202 2856 5255 dextra
2891 5208 3141 5271 geratur,
3186 5202 3460 5273 quoniam
3516 5198 3830 5273 permiscen‘

561 5284 680 5338 Hoc
704 5282 773 5335 de
803 5281 890 5335 his
919 5279 1071 5344 dicit,
1097 5294 1236 5349 quos
1251 5276 1439 5347 jamin
1466 5279 1767 5348 synagogis
1786 5285 1843 5334 et
1878 5281 2012 5336 vicis
2041 5284 2158 5339 lau-
2240 5287 2423 5342 lucem
2452 5289 2715 5356 tenebris,
2751 5295 2807 5344 et
2826 5290 2906 5344 ita
2932 5290 3283 5345 confundunt
3304 5289 3464 5344 bona
3498 5307 3632 5361 quae
3661 5288 3829 5357 agunt

560 5373 658 5427 des
683 5371 942 5425 humana:
958 5371 1254 5440 paverunt;
1274 5381 1400 5419 cum
1414 5365 1615 5435 quibus
1627 5367 1797 5422 etiam
1811 5369 1870 5424 hi
1890 5371 2158 5442 colligun-
2240 5381 2305 5430 ut
2332 5378 2521 5432 omnia
2549 5378 2917 5434 obscurentur
2944 5380 3208 5447 tenebris,
3248 5386 3305 5435 et
3351 5379 3667 5450 priventur
3713 5376 3827 5429 luce

558 5468 652 5518 ων
680 5460 776 5533 qui
799 5474 994 5514 eorum
1022 5455 1337 5511 imitatores
1358 5452 1583 5521 fuerint,
1607 5455 1784 5511 Αηῖθη
1816 5461 2014 5530 ρυίΡΡο
2039 5464 2158 5518 dico
2238 5467 2432 5538 Neque
2457 5470 2769 5540 putandum
2795 5471 2944 5543 quod
2990 5472 3176 5526 solum
3224 5471 3293 5525 de
3340 5469 3541 5540 gloria
3595 5469 3813 5524 dicatur

555 5553 721 5621 vobis,
754 5550 889 5622 quia
914 5550 1235 5618 receperunt
1262 5544 1562 5599 mercedem
1591 5560 1771 5601 suam
1806 5548 1977 5606 Suam
2004 5550 2156 5609 scili-
2237 5558 2455 5615 Nesciet
2473 5562 2707 5617 sinistra
2728 5565 2860 5620 tua:
2892 5560 3081 5619 omnia
3096 5562 3248 5620 enim
3288 5559 3572 5618 vitiorum
3604 5553 3828 5617 membn
