3938 6174
145 244 237 303 273

925 253 1304 313 EXPOSITIO
1343 256 1422 313 IN
1457 253 1912 313 MA'I'I‘HIEUM.
1951 283 2024 302 —
2057 257 2194 315 LIB.
2237 258 2341 326 IV,
2376 257 2514 315 CAP
2550 256 2645 313 VI.

3307 255 3413 315 274

143 371 364 426 sinistra
396 344 701 429 virtutibus
731 379 864 430 sunt
892 379 1194 434 contraria.
1223 380 1435 436 Idcirco
1464 381 1735 452 quidquid
1755 382 1800 440 Α
1820 381 2025 437 tur.Ibi
2056 383 2262 455 quippe
2279 388 2430 439 recte
2458 383 2823 441 absconditur
2848 381 3409 451 nostraconscientia,

142 460 295 515 nobis
323 462 443 516 vitii
466 468 553 517 est
582 481 682 534 pro
710 465 832 535 lege
860 469 1071 537 peccati
1100 470 1355 532 insitum,
1390 487 1617 541 prorsus
1645 486 1739 524 ne-

142 550 274 603 scire
304 550 474 604 debet
502 558 662 607 actus
707 552 840 608 boni
878 557 1082 627 operis,
1115 559 1172 612 id
1219 564 1322 623 est,
1377 560 1433 613 in
1463 560 1616 613 nullo
1644 560 1739 614 ad-

143 639 307 704 mitti,
330 644 396 694 ut
426 657 554 712 quas
572 642 710 696 lucis
735 649 868 698 sunt
888 645 1263 717 oﬁ'uscentur;
1297 648 1394 703 sed
1419 653 1619 702 cuncta
1637 648 1739 701 cir-

142 735 457 800 cumspecte
487 732 748 786 convenit
774 733 830 787 in
862 734 1046 789 lucem
1076 737 1400 792 clarescere.

209 818 271 873 Ut
298 822 391 886 sit,
422 819 625 890 inquit,
659 825 995 891 eleemosyna
1043 829 1141 878 tua
1188 829 1251 880 in
1286 828 1561 881 absconso.
1595 825 1737 881 Abs-

141 922 309 961 consa
334 913 526 962 autem
557 909 913 982 eleemosyna
940 917 1074 967 tunc
1103 920 1252 969 recte
1280 916 1363 979 ﬁt,
1395 915 1441 969 si
1472 915 1640 969 nullis
1659 921 1739 969 te-

142 995 329 1050 nebris
363 997 684 1063 misceatur,
720 999 852 1070 quia
877 1002 1120 1058 tenebrae
1172 1020 1394 1075 semper
1438 1004 1740 1058 exteriores

139 1092 269 1140 sunt
293 1103 329 1140 a
351 1087 498 1153 luce,
520 1087 614 1143 lux
634 1102 766 1142 vero
791 1106 1013 1161 semper
1037 1092 1292 1147 interior.
1326 1094 1395 1147 Et
1416 1093 1541 1146 ideo
1584 1093 1742 1163 quid-

141 1174 271 1246 quid
298 1175 539 1230 interius
573 1177 655 1242 ﬁt,
684 1176 741 1231 id
771 1182 874 1245 est,
902 1179 959 1233 in
997 1180 1135 1243 luce,
1183 1197 1404 1252 semper
1434 1181 1494 1235 in
1514 1180 1742 1235 abscon-

140 1283 194 1320 so
220 1271 316 1320 est
347 1285 361 1334 ;
397 1267 548 1338 quod
574 1284 705 1322 vero
735 1268 793 1323 in
813 1269 1076 1335 tenebris,
1106 1270 1163 1324 id
1192 1277 1279 1325 est
1298 1271 1447 1325 vitiis
1467 1271 1740 1343 admisce-

138 1362 243 1417 tur.
278 1372 509 1426 semper
536 1357 800 1421 exterius,
833 1365 889 1412 et
915 1360 1170 1415 veritatis
1212 1361 1334 1414 luce
1364 1360 1633 1431 privatur.
1675 1362 1740 1416 In

141 1461 242 1516 qua
262 1444 541 1499 nimirum
564 1446 706 1511 luce,
725 1446 781 1500 id
796 1453 898 1513 est,
921 1448 979 1501 in
999 1448 1343 1515 abscondito,
1368 1450 1738 1521 quodcunque

143 1539 210 1601 ﬁt,
247 1537 393 1609 quia
421 1538 572 1593 Deus
589 1539 682 1593 lux
706 1546 805 1604 est,
828 1541 1315 1612 approbaturluce
1340 1561 1353 1607 ;
1383 1544 1567 1598 videre
1587 1544 1737 1598 enim

139 1626 581 1698 Dei,approbare
604 1633 706 1683 est.
735 1630 805 1683 Et
829 1631 1102 1701 quidquid
1127 1631 1185 1685 in
1226 1633 1347 1686 lucc
1367 1638 1591 1699 est,non
1613 1634 1740 1704 reji-

1818 473 1881 523 ut
1924 470 1999 525 ibi
2024 472 2099 526 sit
2122 489 2217 527 cor
2238 479 2514 540 nostrum,
2550 472 2646 528 ubi
2673 479 2729 528 et
2756 474 3055 527 thesaurus
3083 476 3292 527 noster.
3327 471 3412 527 Ibi

1819 559 1967 613 enim
1992 562 2142 615 Deus
2168 563 2333 616 Pater
2364 564 2652 633 conspicit,
2673 562 2749 617 ibi
2779 562 2928 616 videt
2951 566 3008 616 et
3037 560 3413 633 approbat,ibi

1820 647 1925 702 sibi
1952 649 2174 719 placent
2201 651 2408 705 omnia.
2427 649 2601 705 Extra
2622 652 2767 722 quod
2790 656 3067 705 secretum
3097 649 3237 704 nihil
3263 649 3415 704 videt

1820 740 1878 789 et
1906 738 2196 808 approbat,
2221 739 2361 793 nihil
2389 745 2476 792 est
2502 739 3079 810 quodaloplaceat,
3104 738 3244 792 nihil
3264 738 3414 809 quod

1820 832 2066 880 maneat.
2112 827 2322 881 Idcirco
2365 844 2589 882 necesse
2634 834 2719 883 est
2756 834 2819 881 ut
2866 844 2967 897 pro
2998 827 3220 881 Christo
3258 832 3317 881 et
3353 827 3413 881 in

1821 914 2044 969 Christo
2074 916 2215 970 ﬁant
2242 916 2433 970 omnia
2456 935 2468 983 ;
2494 916 2625 987 quia
2644 916 2783 971 nihil
2803 922 2891 971 est
2905 916 3058 970 Patri
3088 916 3235 987 quod
3256 921 3414 970 extra

1822 1003 2128 1069 Christum,
2152 1004 2247 1058 ubi
2275 1003 2383 1059 sibi
2403 1003 2543 1059 bene
2563 1006 2919 1076 complacuit,
2940 1006 3157 1077 placeat
3178 1004 3410 1076 aliquid,

1821 1093 1907 1146 vel
1937 1093 2169 1147 videndo
2199 1094 2540 1165 comprobet.
2574 1095 2716 1148 Ilinc
2746 1101 2831 1148 est
2858 1094 3005 1165 quod
3030 1095 3285 1165 sequitur
3314 1111 3325 1144 :

1895 1182 1959 1235 Et
1990 1199 2117 1236 cum
2142 1186 2331 1248 oratis,
2357 1200 2469 1237 non
2498 1186 2654 1237 eritis
2681 1187 2821 1237 sicut
2849 1184 3159 1252 hypocrita),
3189 1199 3253 1237 ac
3282 1181 3418 1236 reli-

1824 1287 1953 1341 qua.
1988 1271 2121 1335 Quae
2162 1272 2429 1326 nimirum
2461 1273 2742 1328 sententia
2770 1272 3131 1343 conjungitur
3161 1272 3231 1325 ad
3270 1271 3416 1343 prio-

1822 1376 1974 1412 rem:
2009 1377 2073 1414 ex
2094 1361 2213 1431 ipsa
2240 1361 2634 1433 conjunctione
2658 1360 2859 1414 similis
2881 1360 3016 1414 ordo
3036 1360 3419 1432 loquendirei-

1820 1454 2055 1502 teratur.
2092 1450 2257 1503 Prius
2307 1450 2561 1504 dixerat:
2609 1449 2886 1505 Atlendite
2926 1466 2992 1503 ne
3010 1452 3298 1518 justitiam
3326 1466 3416 1503 ve-

1820 1543 1993 1591 stram
2015 1540 2236 1605 faciatis
2256 1554 2443 1593 coram
2463 1540 2799 1603 hominibus,
2819 1553 2884 1593 ac
2903 1537 3185 1592 subditur:
3206 1539 3273 1592 Et
3289 1554 3417 1591 cum

1822 1628 2011 1691 oratis,
2050 1643 2161 1681 non
2192 1630 2345 1681 eritis
2364 1630 2506 1681 sicut
2529 1628 2843 1695 hypocrita.
2869 1627 3010 1693 Qua,
3052 1627 3197 1681 sicut
3222 1627 3417 1681 Phari-

142 1715 314 1781 citur;
337 1715 619 1787 quidquid
649 1734 778 1772 vero
805 1720 1068 1785 exterius,
1095 1720 1151 1773 id
1174 1724 1262 1775 est
1288 1721 1347 1775 in
1375 1720 1736 1783 tenebris,re-
1757 1720 1799 1782 Β
1824 1715 1919 1769 seei
1944 1715 2316 1780 simulatores,
2347 1715 2404 1769 id
2425 1720 2528 1779 est,
2562 1716 2866 1786 hypocrita:
2897 1715 3124 1783 ﬁebant,
3156 1716 3239 1770 ita
3262 1721 3319 1771 et
3355 1716 3416 1772 in

139 1804 599 1875 probatur.Multi
622 1806 845 1876 quidem
871 1808 1049 1862 multa
1070 1826 1241 1879 super
1258 1810 1363 1863 hoc
1384 1809 1627 1880 capitulo
1643 1812 1743 1864 ﬁn-

137 1899 328 1964 gentes
342 1894 834 1965 3090piniones
842 1897 1022 1951 varias
1035 1897 1497 1952 ediderunt.Nam
1513 1899 1741 1969 quidam

139 1999 326 2037 eorum
354 2000 461 2054 per
477 1983 767 2038 sinistram
786 2002 1050 2056 paganos,
1061 1987 1290 2058 quidam
1311 2004 1440 2042 vero
1462 1988 1735 2055 inimicos,

140 2078 187 2125 et
211 2072 627 2143 quamplurimi
653 2090 879 2128 uxorem
910 2075 1113 2130 debere
1136 2076 1377 2147 intelligi
1400 2084 1736 2145 sanxerunt;

138 2161 222 2214 sed
250 2162 643 2232 repugnantia
684 2179 949 2218 sensuum
990 2172 1199 2235 cogunt
1244 2182 1312 2219 ea
1357 2183 1640 2238 respuere,
1684 2172 1741 2220 et

138 2249 269 2303 hanc
300 2266 480 2319 quam
512 2250 805 2320 sequimur
844 2252 1276 2323 intelligentiam
1342 2259 1533 2309 tenere
1561 2274 1572 2308 :
1607 2255 1741 2310 licet

140 2338 397 2409 superius
424 2355 526 2409 per
546 2339 833 2394 dexteram
864 2357 1091 2395 uxorem
1129 2343 1216 2396 vel
1241 2343 1486 2398 amicum
1508 2344 1741 2399 scanda-

137 2426 367 2481 lizantes
387 2444 493 2482 nos
522 2445 686 2498 posse
714 2429 908 2501 accipi,
933 2435 991 2484 et
1014 2430 1263 2485 abscindi
1287 2450 1317 2486 a
1334 2432 1496 2486 nobis
1511 2433 1733 2498 debere,

138 2515 469 2571 dixerimus.
528 2518 797 2572 Servatur
838 2524 1026 2573 autem
1084 2520 1294 2575 idioma
1338 2522 1621 2592 loquendi,
1675 2527 1740 2577 ut

134 2605 409 2676 quidquid
462 2606 524 2660 in
566 2605 671 2659 hoc
716 2623 974 2662 sermone
998 2609 1340 2678 generaliter
1363 2611 1734 2681 proposuerit,

130 2695 451 2765 specialiter
467 2701 827 2765 exsequatur.
855 2697 998 2751 Hinc
1018 2704 1106 2751 est
1125 2699 1274 2768 quod
1288 2716 1459 2770 supra
1474 2700 1741 2755 Christia-

129 2799 325 2837 norum
346 2783 648 2854 justitiam
667 2784 837 2855 ccepit
859 2785 1114 2856 implere,
1148 2792 1205 2840 et
1225 2803 1347 2841 eam
1379 2804 1413 2841 a
1430 2788 1738 2843 Pharisaeo-

122 2888 241 2926 rum
273 2872 659 2942 distinguere,
690 2890 856 2943 quem
886 2874 1130 2944 profecto
1160 2876 1338 2930 vetuit
1362 2882 1427 2930 ut
1450 2877 1741 2931 videamur

119 2978 305 3017 coram
338 2961 676 3016 hominibus
691 2962 1138 3018 exhibere.Nunc
1150 2971 1340 3020 autem
1362 2966 1614 3020 eamdem
1623 2968 1741 3036 jus-

1824 1803 2076 1858 oratione
2102 1803 2508 1873 gloriabantur,
2541 1820 2607 1858 ac
2630 1804 3016 1875 superstitiose
3044 1810 3286 1860 tantum.
3344 1806 3419 1861 Ut

1823 1892 2144 1947 viderentur
2172 1892 2242 1947 ab
2268 1892 2670 1960 hominibus,in
2699 1893 3083 1963 synagogis,et
3109 1893 3169 1947 in
3195 1893 3418 1965 angulis

1823 1982 2135 2052 platearum
2166 1981 2419 2036 orabant.
2448 1983 2513 2037 In
2534 1981 2755 2052 angulis
2781 1982 3165 2053 autem,quasi
3191 1981 3419 2037 abscon-

1822 2088 1976 2125 sores
2004 2088 2231 2142 precum
2253 2088 2505 2136 suarum,
2529 2078 2585 2125 et
2612 2076 2806 2125 tamen
2832 2072 2893 2125 in
2928 2071 3129 2142 plateis
3156 2076 3221 2126 ut
3258 2072 3415 2126 vide-

1820 2165 2036 2224 rentur;
2061 2177 2126 2214 ac
2145 2177 2245 2232 per
2272 2161 2376 2214 hoc
2395 2177 2461 2214 ex
2480 2166 2721 2232 utroque
2742 2159 2985 2231 amplius
3006 2159 3411 2230 gloriabantur.

1823 2250 1975 2314 Quos
1997 2266 2145 2321 saepe
2164 2249 2503 2304 infirmiores
2525 2249 2733 2320 quique
2748 2249 3120 2321 adspicientes
3142 2249 3420 2320 putabant

1822 2355 1917 2392 eos
1935 2355 2056 2392 esse
2074 2338 2289 2409 aliquid
2306 2338 2453 2409 quod
2476 2354 2587 2392 non
2608 2342 2788 2392 erant.
2808 2339 2874 2392 In
2897 2339 3103 2409 angulo
3124 2340 3274 2393 enim
3294 2345 3420 2394 orat

1823 2426 2097 2498 quisquis,
2128 2442 2164 2480 a
2189 2432 2341 2481 recta
2369 2427 2709 2482 conscientia
2728 2427 3049 2495 deﬂectens,
3081 2427 3329 2483 tenebris
3357 2445 3418 2483 se

1820 2515 2065 2581 obducit,
2095 2521 2152 2569 et
2175 2514 2438 2569 abscondi
2462 2532 2520 2570 se
2547 2516 2795 2571 simulat.
2842 2516 2951 2571 Sed
2976 2521 3185 2583 tamen,
3218 2534 3418 2589 quam-

1818 2604 1902 2657 vis
1930 2606 1988 2658 in
2019 2605 2289 2659 absconso
2332 2621 2494 2659 orare
2540 2621 2600 2659 se
2653 2606 2847 2676 ﬁngat,
2896 2606 2956 2659 in
3002 2606 3186 2677 platea
3224 2612 3418 2661 tamen

1822 2698 1964 2759 orat,
1983 2693 2114 2765 quia
2133 2693 2410 2763 publicam
2433 2699 2488 2748 et
2508 2695 2681 2748 latam
2699 2694 2989 2749 hominum
3010 2694 3215 2749 famam
3233 2696 3416 2750 elatus

1821 2788 2028 2854 captat,
2059 2799 2162 2837 nec
2202 2782 2432 2837 dubium
2481 2783 2869 2855 superstitiose
2906 2784 2977 2838 ad
3006 2784 3251 2839 litteram
3280 2784 3417 2839 istas

1823 2888 1918 2926 eos
1946 2871 2284 2927 observasse.
2306 2873 2452 2926 Nam
2472 2877 2531 2927 et
2554 2889 2654 2926 nos
2673 2872 2996 2943 frequenter
3023 2889 3135 2928 non
3157 2874 3338 2931 solum
3358 2874 3417 2928 in

1823 2961 2044 3032 publico
2068 2962 2156 3016 vel
2183 2961 2240 3015 in
2270 2961 2519 3032 quolibet
2545 2962 2773 3032 angulo,
2796 2962 2893 3016 sed
2916 2961 3125 3033 ubique
3154 2978 3414 3030 oramus;

122 3050 303 3106 titiam
336 3052 498 3105 sicut
526 3067 629 3121 per
656 3057 845 3122 partes
871 3052 1102 3124 impleta
1129 3059 1253 3107 est;
1303 3055 1382 3109 ita
1419 3072 1518 3126 per
1544 3060 1733 3126 partes
1754 3040 1798 3101 Ο
1818 3051 2064 3122 profecto
2094 3051 2225 3122 quia
2254 3067 2475 3122 semper
2519 3056 2576 3105 et
2616 3051 2823 3122 ubique
2869 3068 2983 3105 non
3029 3050 3214 3106 minus
3255 3068 3417 3107 orare

121 3141 413 3209 quomodo
450 3140 576 3194 ﬁeri
614 3140 834 3207 debeat,
877 3142 1153 3212 explanat.
1209 3144 1354 3198 Nam
1383 3144 1738 3216 eleemosyna

121 3246 245 3299 pars
264 3229 521 3299 justitia:
550 3234 654 3295 est,
687 3230 833 3284 sicut
860 3230 1103 3301 plurima
1131 3249 1254 3303 quae
1299 3240 1633 3304 sequuntur,
1670 3235 1738 3288 Et

121 3317 242 3372 ideo
271 3319 429 3373 dicit
460 3336 472 3370 :
519 3319 583 3372 Te
610 3324 797 3372 autem
824 3321 1061 3386 faciente
1080 3324 1496 3388 elecmosynam,
1533 3325 1737 3376 nesciat

119 3410 361 3461 sinistra
390 3413 496 3461 tua
526 3409 665 3475 quid
690 3409 861 3474 faciat
890 3410 1110 3462 dextera
1140 3414 1257 3463 tua.
1291 3410 1436 3480 Ergo
1467 3411 1736 3465 Pharisaei

120 3494 334 3551 faciunt
355 3497 806 3567 eleemosynam,
840 3496 919 3550 ita
942 3502 1006 3551 ut
1033 3497 1214 3551 eidem
1244 3498 1474 3553 sinistra
1496 3500 1735 3553 commi-

119 3592 395 3640 sceantur
428 3601 586 3639 vana;
611 3585 796 3639 laudis
826 3602 1013 3656 opera.
1032 3587 1244 3641 idcirco
1259 3588 1420 3642 docet
1438 3589 1497 3642 in
1527 3589 1730 3659 specie,

120 3675 264 3745 quod
285 3674 475 3746 paulo
495 3674 758 3744 superius
777 3674 1109 3729 docueratin
1129 3677 1520 3746 genere.lllinc
1532 3680 1736 3749 quippe

116 3764 429 3833 pluraliter
458 3764 674 3817 dictum
703 3768 789 3817 est
818 3764 1106 3818 omnibus:
1148 3768 1331 3819 Cavete
1355 3784 1419 3820 ne
1448 3771 1736 3835 justitiam

117 3859 359 3907 restrain
380 3854 619 3921 faciatis
645 3869 830 3906 coram
852 3854 1186 3907 hominibus.
1206 3856 1377 3909 Istinc
1393 3872 1521 3909 vero
1541 3855 1736 3926 singu-

113 3941 344 3997 lariter:
401 3943 470 3996 Te
518 3945 726 4006 autem,
767 3942 971 4011 inquit,
1013 3944 1249 4009 faciente
1313 3948 1730 4013 eleemosynam,

114 4036 322 4085 nesciat
356 4034 612 4085 sinistra
645 4036 762 4084 tua.
782 4031 942 4085 Unde
963 4031 1129 4085 datur
1146 4032 1380 4103 intelligi
1403 4034 1551 4104 quod
1579 4040 1636 4088 et
1656 4034 1734 4088 ibi

110 4136 256 4175 unus
275 4121 343 4175 in
372 4135 602 4185 omnes,
637 4123 695 4173 et
716 4119 806 4173 hic
834 4136 1029 4174 omnes
1046 4120 1214 4175 simul
1234 4122 1291 4175 in
1320 4139 1430 4177 uno
1456 4122 1735 4193 accipiun-

111 4215 218 4261 tur.
252 4208 559 4265 Omnibus
585 4214 776 4263 tamen
816 4210 1143 4276 cavendum,
1176 4217 1238 4264 ut
1266 4211 1324 4264 in
1353 4216 1567 4266 secreto
1598 4228 1732 4266 con-

1819 3156 1988 3210 quam
2010 3143 2068 3193 et
2093 3140 2305 3209 gratias
2334 3155 2501 3209 agere
2533 3138 2817 3209 jubemur.
2849 3139 3011 3203 Quod
3038 3139 3210 3193 simili
3248 3140 3415 3195 modo

1820 3227 2375 3299 accipiendum,sicut
2383 3227 2504 3298 jam
2517 3243 2687 3298 supra
2707 3227 2776 3281 de
2790 3228 3012 3297 justitia
3030 3229 3410 3300 exposuimus.

1820 3317 1946 3383 Non
1968 3316 2114 3370 enim
2145 3315 2407 3387 prohibet
2431 3332 2593 3370 orare
2620 3316 2847 3387 ubique,
2867 3317 2965 3371 sed
2988 3317 3281 3387 signanter
3301 3318 3411 3374 ait:

1891 3406 2027 3460 Cum
2059 3410 2243 3459 autem
2270 3408 2461 3472 oratis,
2494 3421 2607 3459 non
2635 3408 2791 3460 eritis
2812 3402 2954 3460 sicut
2973 3407 3285 3476 hypocrita,
3317 3412 3417 3478 qui

1817 3499 2012 3548 amant
2033 3500 2235 3553 stantes
2249 3510 2429 3560 orare,
2454 3499 2531 3549 ut.
2545 3497 2844 3549 videantur
2865 3498 2934 3549 ab
2947 3496 3285 3563 hominibus,
3302 3504 3409 3552 etc.

1818 3583 2189 3654 Nequaquam
2227 3583 2401 3653 igitur
2429 3582 2583 3637 nefas
2612 3588 2698 3637 est
2719 3599 3052 3655 quocunque
3081 3585 3203 3638 loco
3232 3585 3412 3639 Deum

1818 3688 1979 3725 orare
2004 3688 2069 3726 ac
2098 3672 2271 3727 videri
2299 3671 2369 3725 ab
2395 3671 2746 3739 hominibus;
2778 3672 2876 3726 sed
2906 3672 3032 3727 ideo
3054 3690 3215 3727 orare
3246 3678 3312 3727 ut
3342 3674 3415 3728 vi-

1818 3759 2023 3824 dearis,
2052 3769 2108 3814 et
2137 3760 2215 3815 ibi
2244 3760 2581 3815 constituere
2620 3761 2791 3814 ﬁnem
2826 3761 3095 3818 orationis
3124 3767 3190 3816 ut
3224 3762 3413 3817 laude-

1818 3849 1897 3903 ris
1942 3850 2102 3915 Quod
2125 3850 2264 3905 bene
2294 3850 2589 3921 sequentia
2615 3849 3006 3904 demonstrant
3030 3867 3041 3903 :
3083 3853 3259 3905 Amen
3287 3854 3407 3908 dico

1818 3942 2307 4008 vobis,receperunt
2329 3941 2622 3993 mercedem
2640 3939 2965 3992 suam.Eam
2984 3938 3241 3994 videlicet
3259 3957 3410 3995 mer-

1815 4029 2028 4094 cedam,
2063 4044 2175 4098 qua
2202 4027 2304 4081 visi
2334 4032 2391 4082 et
2417 4028 2631 4083 laudati
2661 4033 2795 4083 sunt
2821 4033 3066 4095 orantes,
3097 4029 3259 4101 quasi
3286 4031 3414 4086 reli-

1812 4116 1975 4187 giosi.
2006 4118 2132 4172 Non
2162 4118 2310 4188 quod
2338 4134 2471 4172 vera
2497 4118 2619 4172 laus
2637 4124 2853 4187 noceat,
2887 4120 2983 4174 sed
3005 4120 3131 4175 ideo
3160 4138 3321 4178 orare
3346 4129 3412 4179 ut

1816 4206 2053 4261 videaris
2082 4214 2140 4262 et
2165 4207 2412 4262 lauderis
2440 4208 2510 4262 ab
2546 4208 2647 4275 eis,
2675 4210 2822 4281 quod
2854 4209 3276 4281 hypocritarum
3301 4219 3408 4281 est,

109 4299 391 4365 scientiae,
446 4314 643 4351 coram
686 4298 821 4363 Deo,
863 4304 1064 4353 cuncta
1091 4299 1329 4354 ﬁdeliter
1365 4307 1569 4370 agant;
1620 4318 1730 4356 non
1753 4311 1928 4373 “non
1955 4297 2122 4351 modo
2147 4297 2305 4351 nulla
2335 4315 2548 4353 merces
2573 4303 2659 4353 est
2693 4300 2843 4369 (quia
2868 4299 3081 4355 fructus
3122 4316 3294 4373 prava
3326 4303 3410 4358 in-

151 4349 391 4365 κ-ν--πη,
625 4349 641 4350 κ
688 4349 720 4351 —
1091 4349 1318 4354 ν--η-η-
1621 4349 1730 4356 -νη
1919 4349 1922 4350 ν
1958 4349 1964 4350 γ
2580 4349 2656 4353 η-
2695 4349 2842 4369 ιι-νκ
2868 4349 3079 4355 ---ν---
3122 4349 3294 4373 τ--η-

110 4388 273 4442 modo
320 4394 400 4443 ut
447 4387 789 4458 temporalia
815 4397 1132 4453 caveantur,
1166 4394 1222 4443 et
1265 4389 1447 4443 omnis
1483 4349 2064 4444 commo-Dtentione
2106 4387 2259 4441 intus
2312 4394 2654 4454 evacuatur),
2687 4405 2879 4443 verum
2908 4389 3077 4444 etiam
3105 4390 3300 4446 vitium
3331 4392 3408 4446 si-

107 4474 251 4531 ditas
288 4476 517 4541 laudis,
570 4476 657 4530 vel
706 4476 1001 4531 retributio
1030 4478 1365 4532 exteriorum
1396 4495 1605 4544 rerum,
1640 4496 1733 4534 ve-

108 4582 227 4620 rum
284 4565 495 4621 omnis
547 4565 809 4619 vitiorum
860 4565 1019 4620 fucus
1077 4567 1382 4622 auferatur.
1449 4568 1612 4634 Quia,
1685 4569 1732 4623 si

105 4657 325 4711 nescire
352 4654 541 4726 jubet
586 4655 722 4725 quid
752 4661 886 4725 agat
927 4656 1171 4722 dextera,
1230 4657 1404 4711 multo
1437 4657 1621 4713 minus
1652 4658 1727 4712 si-

104 4746 283 4800 nistra
312 4744 560 4816 operari
590 4726 775 4815 potest
816 4744 963 4815 quod
994 4746 1228 4816 placeat,
1263 4746 1347 4800 vel
1380 4747 1528 4817 quod
1558 4764 1725 4818 repu-

105 4839 253 4889 tetur
284 4835 351 4889 in
387 4834 651 4887 dextera.
685 4834 813 4889 Haec
840 4833 1011 4905 igitur
1037 4835 1331 4906 disciplina
1358 4836 1599 4891 ﬁliorum
1619 4842 1722 4892 est.

103 4923 324 4978 Idcirco
357 4938 569 4977 coram
598 4910 850 4993 paternis
871 4924 1121 4994 vultibus
1166 4942 1389 4996 semper
1416 4926 1473 4979 in
1504 4926 1733 4981 abscon-

102 5028 160 5065 so
188 5011 579 5068 conscientia:
611 5012 789 5066 virtus
824 5012 1059 5081 justitia:
1098 5014 1406 5069 exhibenda
1453 5022 1555 5069 est.
1606 5016 1732 5085 Non

104 5104 246 5171 quod
278 5119 414 5157 non
448 5100 682 5155 videant
710 5101 873 5155 alteri
918 5119 1041 5172 quae
1066 5104 1332 5173 gerimus,
1366 5105 1463 5158 sed
1502 5110 1565 5159 ut
1592 5105 1733 5159 nihil

106 5193 316 5247 sanctis
374 5190 773 5245 admisceatur
803 5191 1083 5261 operibus,
1130 5192 1240 5247 imo
1290 5194 1361 5247 ad
1412 5194 1632 5247 laudem
1679 5200 1736 5249 et

110 5282 352 5349 gloriam
390 5279 595 5334 Patris
623 5279 921 5349 proﬁciant
950 5280 1237 5335 universa:
1285 5282 1537 5353 nihilque
1573 5301 1637 5338 ex
1668 5301 1734 5338 ea

110 5378 411 5440 quaeratur
442 5367 604 5422 aliud
620 5369 1157 5436 commoditatis,sed
1182 5370 1597 5426 abscondantur
1621 5389 1736 5427 om-

112 5461 217 5523 nia,
249 5460 355 5514 ubi
382 5465 453 5513 et
493 5456 598 5511 vita
629 5462 822 5511 nostra
846 5458 1115 5513 absconsa
1144 5465 1231 5514 est
1253 5477 1380 5514 cum
1408 5461 1648 5528 Christo,
1680 5469 1738 5519 et

112 5564 312 5623 magna
342 5545 673 5603 multitudo
693 5547 1002 5604 dulcedinis
1021 5547 1129 5603 sibi
1142 5547 1468 5605 timentibus
1485 5568 1735 5609 reserva-

1815 4477 2159 4543 mulationis,
2193 4484 2248 4532 et
2268 4478 2542 4533 irrisionis
2571 4483 2766 4532 contra
2786 4478 2963 4533 Deum
2994 4483 3408 4551 augetur.Deus

1815 4565 1964 4618 enim
1992 4582 2101 4619 non
2124 4566 2463 4634 irridentur;
2491 4568 2595 4622 scit
2616 4570 2812 4647 utique
2834 4569 2968 4640 quia
2990 4569 3160 4625 latior
3187 4577 3273 4627 est
3292 4589 3410 4628 cor-

1813 4654 1882 4708 de
1911 4660 2121 4720 nostro,
2147 4656 2278 4725 quid
2301 4656 2426 4724 sibi,
2466 4657 2599 4728 quid
2628 4674 2782 4712 vanae
2807 4658 3000 4729 gloriae
3029 4659 3089 4714 in
3130 4661 3412 4717 conscien-

1808 4743 1888 4797 tia
1914 4744 2283 4815 appendatur.

1884 4835 1961 4890 Tu
1981 4840 2185 4902 autem,
2217 4834 2418 4907 inquit,
2442 4853 2569 4891 cum
2596 4840 2796 4905 orabis,
2829 4842 2986 4894 intra
3017 4843 3080 4895 in
3108 4845 3221 4908 8|
3244 4846 3286 4908 Ι
3309 4858 3415 4898 cu-

1817 4927 2061 4979 biculum
2116 4932 2295 4979 tuum.
2339 4926 2714 4997 Singularitcr
2741 4944 2944 4999 nempe
2968 4929 3236 4986 edocetur
3257 4933 3408 5003 quod

1815 5032 2004 5085 supra,
2039 5016 2184 5070 sicut
2210 5020 2264 5069 et
2286 5016 2356 5070 de
2370 5016 2611 5086 justitia,
2650 5018 2944 5089 pluraliter
2970 5019 3218 5074 effertur.
3252 5021 3413 5076 Unde

1816 5102 1984 5158 datur
2007 5104 2246 5175 intelligi
2278 5104 2427 5176 quod
2455 5106 2545 5160 hic
2568 5107 2755 5162 unitas
2786 5125 2887 5179 pro
2912 5109 3210 5163 universali
3231 5110 3414 5167 Eccle-

1818 5194 1902 5247 sia
1930 5196 2248 5265 colligitur;
2275 5212 2455 5267 neque
2485 5197 2703 5251 ratione
2737 5204 2891 5253 caret
2919 5200 3067 5270 quod
3095 5216 3243 5270 saepe
3281 5203 3413 5259 uni-

1817 5285 2053 5339 versalia
2075 5291 2349 5356 praecepta
2381 5286 2541 5357 quasi
2579 5287 2650 5341 ad
2688 5303 2865 5342 unum
2904 5288 3247 5360 diriguntur,
3277 5293 3415 5350 dum

1818 5374 2108 5445 pluralitas
2128 5375 2185 5430 in
2215 5392 2281 5431 eo
2309 5381 2586 5431 teneatur.
2604 5377 2762 5432 Unde
2779 5382 2864 5432 est
2880 5376 3031 5434 istud
3059 5379 3117 5434 in
3146 5380 3417 5440 Deutero-

1817 5465 2006 5519 nomio
2037 5482 2203 5535 quam
2234 5483 2401 5539 saepe,
2437 5472 2492 5520 ct
2529 5466 2588 5520 in
2632 5466 2757 5523 aliis
2777 5466 3116 5537 quibuslibet
3142 5469 3278 5524 locis
3311 5474 3418 5529 :Et

1821 5570 1989 5619 nunc,
2016 5556 2207 5621 Israel,
2242 5559 2382 5611 audi
2412 5561 2679 5626 praecepta
2703 5562 2752 5611 et
2761 5556 2984 5627 judicia
3014 5573 3131 5627 qua:
3146 5572 3238 5623 ego
3263 5560 3419 5617 doceo
