3938 6174
508 356 616 417 275

1273 328 1331 409 s.
1373 347 1753 408 pascmsn
1791 342 2155 404 RADBERTI
2190 338 2496 399 ABBATIS
2531 334 3025 394 CORBEIENSIS.

3618 338 3710 394 276

512 491 579 551 te,
607 488 674 538 ut
715 483 923 551 faciens
965 496 1027 536 ea
1058 482 1230 545 viras,
1258 482 1308 531 et
1344 475 1703 544 ingrediaris,
1744 477 1793 526 et
1829 471 2101 541 possideas
2116 470 2167 529 A
2185 468 2323 521 ﬁnes
2349 470 2631 520 terrarum
2647 462 2947 534 quaerendo
2971 461 3150 516 Deum
3172 461 3381 516 animus
3402 477 3457 516 se
3479 461 3715 518 diffundat

512 578 723 629 terram
770 571 942 641 (Deut.
976 584 1049 635 Iv,
1094 568 1164 636 l).
1197 567 1342 621 Nam
1388 564 1467 618 sic
1495 578 1595 634 per
1621 576 1844 615 omnem
1888 563 2104 613 textum

510 660 687 733 ipsius
706 658 835 714 libri
865 657 1024 730 quasi
1044 654 1318 726 singulari
1337 668 1592 724 personae
1612 649 1880 721 loquitur,
1902 653 1968 702 ut
1985 646 2108 702 uni-

510 756 604 808 tas
630 750 806 805 totius
829 746 1019 820 populi
1039 742 1478 799 commendetur.
1503 739 1650 805 Quid
1669 739 1910 809 denique
1929 736 2108 807 magis

513 856 691 896 unum
718 854 839 893 esse
867 839 1067 907 potest,
1100 848 1270 903 quam
1300 847 1503 901 corpus
1532 828 1937 898 Ecclesiae,quae
1961 826 2108 880 mul-

514 930 589 984 tis
625 945 690 983 ex
712 925 965 999 partibus
995 921 1303 977 counitur?
1349 918 1771 990 Signiﬁcantius
1801 916 1949 970 enim
1977 914 2110 985 quia

515 1034 630 1073 una
656 1015 928 1071 charitate
950 1011 1157 1067 Christi
1173 1010 1418 1074 fulcitur,
1442 1013 1500 1063 et
1522 1008 1631 1062 ﬁde
1656 1010 1979 1077 generatur,
2010 1020 2111 1075 per

515 1122 693 1162 unum
718 1102 1111 1159 universa!itas
1129 1099 1542 1171 exprimitur,et
1564 1097 1644 1151 sic
1664 1094 1923 1151 omnibus
1940 1092 2109 1148 veluti

516 1195 620 1250 soli
650 1209 834 1251 sermo
859 1191 1082 1246 divinus
1121 1189 1437 1244 intimatur.
1466 1186 1541 1241 Ut
1582 1201 1683 1257 per
1727 1185 1833 1238 hoc
1862 1199 2009 1238 unus
2049 1182 2109 1235 in

516 1283 754 1350 cunctis,
789 1287 847 1337 et
872 1279 1059 1336 cuncti
1089 1279 1149 1333 in
1171 1294 1286 1332 uno
1320 1275 1489 1331 simul
1518 1274 1862 1337 animentur,
1904 1289 1970 1327 ex
1999 1287 2109 1343 quo

515 1372 765 1426 maxima
782 1367 1103 1424 communio
1130 1364 1386 1421 Ecclesiae
1412 1368 1776 1418 monstratur.
1815 1362 1894 1416 Tu
1921 1365 2108 1414 autem

514 1452 721 1525 inquit,
745 1467 869 1506 eum
891 1450 1093 1503 orabis.
1123 1448 1204 1501 Ac
1230 1446 1278 1501 si
1306 1446 1473 1511 dicat,
1501 1444 1632 1516 quia
1650 1443 1899 1498 omnium
1932 1442 2112 1495 Eccle-

516 1542 729 1597 siarum
758 1554 938 1594 unum
963 1541 1049 1591 est
1075 1533 1294 1607 corpus,
1328 1534 1534 1589 idcirco
1563 1539 1645 1599 tu,
1689 1532 1869 1587 amica
1893 1547 2018 1585 mea
2056 1535 2112 1584 et

520 1646 746 1702 sponsa,
779 1644 901 1699 quae
926 1625 1065 1680 mihi
1090 1641 1292 1696 corpus
1322 1640 1399 1689 es,
1433 1622 1653 1694 quoties
1681 1637 1829 1687 oras,
1877 1620 2028 1675 intra
2054 1619 2114 1672 in

520 1717 839 1774 cubiculum
867 1719 1049 1769 tuum.
1104 1712 1436 1769 Cubiculum
1463 1716 1653 1766 autem
1682 1710 1820 1764 dicit
1848 1707 2115 1763 secretius

2187 557 2282 611 sed
2313 556 2464 609 intus
2493 569 2659 625 quem
2687 552 2873 623 diligit
2902 551 3011 605 ﬁde
3038 556 3244 615 teneat,
3275 557 3331 605 et
3356 551 3547 605 eisdem
3569 553 3715 607 virtu-

2186 645 2336 701 tibus
2364 642 2565 715 quibus
2593 659 2722 696 eum
2751 641 2887 696 colit
2926 640 3195 696 attentius
3221 645 3416 695 exoret.
3457 640 3539 694 Sic
3560 640 3720 711 itaque

2189 736 2349 790 decet
2376 734 2612 787 adorare
2642 748 2789 797 eum,
2823 730 2919 801 qui
2945 746 3047 785 nec
3067 730 3187 784 loco
3206 730 3487 794 clauditur,
3516 745 3607 783 nec
3632 731 3723 783 ﬁne

2188 822 2545 893 terminatur.
2580 821 2722 875 Hinc
2749 836 2972 892 quoque
2998 819 3221 873 mulieri
3250 819 3619 873 Samaritana:
3658 820 3724 872 Ve-

2191 917 2321 977 niet,
2360 910 2563 983 inquit,
2598 916 2805 979 tempus
2836 910 3056 979 quando
3092 911 3212 963 veri
3233 909 3532 962 adoratores
3555 908 3726 960 adora-

2193 1003 2329 1055 bunt
2357 1004 2573 1055 Patrem
2598 1002 2661 1053 in
2690 1001 2895 1067 spiritu
2921 1003 2971 1051 et
2997 1000 3223 1051 veritate
3256 998 3422 1064 (Joan.
3455 1008 3524 1060 ιν,
3544 992 3640 1057 23).
3662 995 3727 1048 Ac

2191 1090 2239 1144 si
2266 1090 2434 1156 dicat,
2467 1087 2782 1143 adorabunt
2826 1087 3051 1141 Patrem
3081 1089 3138 1140 et
3176 1084 3375 1140 Filium
3407 1089 3462 1138 et
3493 1082 3729 1154 Spiritum

2191 1183 2483 1245 sanctum;
2528 1177 2659 1249 quia
2695 1176 2845 1230 Deus
2880 1174 3126 1230 Trinitas
3170 1190 3281 1229 non
3325 1172 3452 1228 alibi
3495 1188 3644 1243 quam
3682 1171 3729 1224 in

2191 1267 2373 1339 seipso
2401 1267 2670 1321 adoratur
2698 1269 2754 1320 et
2779 1264 3005 1321 colitur.
3045 1262 3197 1317 Felix
3217 1264 3377 1335 plane
3404 1260 3587 1326 cubile,
3610 1259 3732 1330 quod

2188 1363 2349 1413 tanta
2378 1356 2684 1428 capacitate
2713 1355 2843 1409 ﬁdei
2873 1354 3161 1420 dilatatur,
3179 1359 3245 1408 ut
3262 1353 3581 1407 immensum
3604 1354 3655 1404 et
3669 1349 3736 1403 in-

2192 1444 2752 1518 comprehensibilem
2781 1442 3166 1515 apprehendat
3189 1461 3200 1495 :
3227 1441 3321 1496 ubi
3349 1441 3643 1512 quicunque
3664 1438 3737 1491 in-

2191 1552 2419 1607 gressus
2444 1539 2585 1599 orat,
2601 1534 2742 1588 nihil
2770 1533 3035 1588 haesitans
3057 1536 3335 1603 exposcat.
3363 1530 3608 1601 quoniam
3623 1528 3673 1581 in
3690 1543 3738 1580 se

2199 1624 2367 1679 habet
2395 1640 2495 1695 per
2522 1624 2689 1677 ﬁdem
2718 1639 2884 1693 quem
2912 1627 3054 1687 orat,
3078 1638 3112 1675 a
3141 1637 3252 1692 quo
3273 1618 3523 1692 perfacile
3540 1618 3741 1671 devotus

2197 1713 2471 1768 obtinebit
2490 1713 2731 1767 fideliter
2754 1711 2902 1783 quod
2922 1716 3065 1765 orat.
3089 1710 3250 1764 Unde
3270 1707 3559 1763 Psalmista
3576 1703 3745 1774 inquit:

521 1806 729 1862 mentis
757 1820 1046 1869 arcanum,
1070 1802 1167 1857 ubi
1190 1818 1356 1857 nemo
1380 1800 1568 1855 videre
1591 1804 1775 1871 potest
1798 1798 1932 1869 quid
1956 1798 2032 1851 sit
2058 1797 2117 1850 in

2201 1803 2356 1873 Apud
2402 1819 2487 1857 me
2534 1804 2711 1856 oratio
2758 1817 2877 1855 mea
2926 1803 3030 1854 Deo
3069 1803 3192 1853 vita
3222 1814 3349 1852 mea
3379 1798 3535 1864 (Psat.
3561 1807 3661 1859 xu,
3686 1792 3746 1859 9).

522 1896 638 1963 illo,
688 1893 797 1949 nisi
848 1893 1079 1964 spiritus
1132 1890 1376 1947 hominis
1407 1889 1503 1961 qui
1554 1894 1641 1944 est
1678 1888 1737 1942 in
1767 1904 1851 1944 eo.
1893 1887 1974 1943 De
2012 1886 2115 1941 hoc

524 1985 730 2059 quippe
750 1981 917 2038 cubili
947 1980 1122 2036 David
1150 1980 1429 2034 monendo
1458 1977 1611 2033 canit
1634 1995 1645 2031 :
1679 1978 1804 2045 Qua:
1822 1978 2007 2031 dicitis
2027 1975 2115 2029 in-

523 2074 664 2147 quit,
696 2076 760 2128 in
788 2072 1041 2127 cordibus
1069 2071 1279 2135 vestris,
1304 2073 1353 2123 et
1376 2070 1439 2122 in
1469 2068 1741 2122 cubitibus
1769 2067 1961 2120 vestris
1979 2080 2119 2118 eom-

517 2164 851 2235 pungimini
879 2162 1044 2228 (Psal.
1068 2173 1141 2223 Iv,
1173 2158 1250 2225 5);
1274 2157 1496 2211 videtur
1520 2156 1670 2209 enim
1692 2154 1905 2225 aliquid
1934 2169 2119 2207 secre-

523 2252 637 2308 tius
664 2267 766 2323 per
793 2266 861 2303 ea
883 2249 1023 2303 velle
1052 2246 1379 2317 signiﬁcari,
1411 2245 1544 2299 dum
1572 2261 1694 2316 quan
1720 2243 1886 2298 corde
1915 2241 2120 2313 promi-

524 2337 836 2411 mus,quasi
857 2337 1135 2391 introrsus
1155 2335 1312 2406 prius
1321 2332 1620 2405 compungi
1633 2331 2006 2403 jubemur.Ad
2019 2331 2120 2384 hu-

520 2430 616 2500 jus
658 2444 792 2498 ergo
829 2425 1028 2480 cubilis
1057 2423 1265 2478 ostium
1294 2422 1481 2495 pulsat
1524 2421 1800 2493 sapientia
1826 2420 2010 2474 Patris
2040 2419 2121 2473 ita

525 2518 718 2571 dicens
756 2534 767 2569 :
802 2516 931 2570 Ecce
958 2519 1037 2569 sto
1065 2515 1139 2567 ad
1168 2514 1369 2567 ostium
1397 2518 1445 2566 et
1470 2514 1629 2581 pulso
1674 2510 1857 2581 (Apoc.
1890 2523 1968 2576 Ill,
2002 2509 2114 2575 20).

527 2604 687 2670 Quod
713 2620 849 2658 sane
876 2601 1083 2657 ostium
1114 2601 1164 2654 ei
1194 2617 1295 2672 per
1322 2600 1489 2654 ﬁdem
1518 2598 1789 2671 aperitur,
1822 2598 1891 2652 de
1920 2613 2031 2669 quo
2060 2596 2119 2650 in

527 2693 773 2750 Canticis
794 2708 1000 2765 sponsa
1016 2690 1298 2762 loquitur:
1326 2692 1609 2744 Pessulum
1634 2691 1763 2743 ostii
1785 2690 1896 2742 mei
1922 2689 2121 2756 aperui

526 2785 720 2839 dilecto
751 2764 870 2837 meo
901 2784 1081 2849 (Uant.
1128 2796 1183 2845 v,
1216 2776 1288 2851 6).
1328 2778 1522 2833 Pulsat
1544 2778 1735 2849 itaque
1763 2764 2018 2831 Christus
2049 2775 2120 2829 ad

526 2872 754 2938 ostium,
786 2870 1004 2943 quoties
1026 2885 1127 2941 per
1154 2867 1555 2940 aspirationem
1586 2865 1720 2920 boni
1748 2866 1933 2938 aperis
1963 2881 2121 2919 men-

526 2968 643 3017 tem
660 2960 851 3026 amcit,
883 2960 1043 3029 cujus
1067 2956 1313 3028 profecto
1339 2973 1458 3017 vox,
1484 2971 1653 3026 quam
1665 2970 1810 3025 saepe
1828 2953 2121 3008 blandien-

526 3050 602 3106 tis
630 3050 831 3104 aﬁ‘ectu
858 3046 1187 3117 ingeminat,
1218 3046 1300 3099 ita
1326 3044 1548 3099 dicens:
1578 3043 1749 3113 Aperi
1776 3045 1937 3107 mihi,
1967 3059 2124 3098 soror

2195 1894 2380 1963 Atque
2400 1891 2566 1963 paulo
2590 1890 2849 1962 superius
2874 1908 2884 1943 :
2916 1891 3038 1944 Haec
3052 1890 3370 1943 recordatus
3396 1888 3585 1949 sum,et
3610 1882 3752 1949 e/fudi

2199 1984 2263 2036 in
2286 1998 2369 2035 me
2399 1982 2658 2034 animam
2677 1995 2857 2033 meam
2882 1979 3066 2045 (Ibid.,
3091 1976 3164 2045 4).
3199 1978 3265 2032 In
3286 1992 3394 2041 me,
3415 1968 3754 2043 inquit,ell‘udi

2200 2070 2446 2125 animam
2478 2066 2681 2134 meatu,
2717 2066 2850 2139 quia
2877 2067 3026 2121 intra
3055 2082 3145 2120 me
3177 2071 3265 2120 est
3293 2081 3459 2136 quem
3480 2062 3583 2118 ﬁde
3607 2062 3752 2121 tenet,

2200 2160 2475 2214 charitate
2500 2157 2703 2227 diligit,
2748 2172 2918 2227 super
2963 2171 3128 2227 quem
3158 2171 3259 2226 spe
3300 2157 3451 2208 certa
3478 2149 3684 2213 innitor,
3711 2150 3757 2199 et

2201 2249 2357 2303 cultu
2395 2246 2683 2317 religionis
2729 2244 3057 2317 suppliciter
3093 2244 3353 2315 imploro.
3387 2241 3478 2296 Sic
3505 2240 3677 2309 itaque
3702 2235 3758 2288 de

2198 2340 2361 2393 Anna
2391 2336 2616 2406 legitur,
2660 2351 2787 2388 cum
2817 2333 3219 2404 multiplicaret
3251 2347 3443 2405 preces
3473 2343 3647 2384 coram
3673 2326 3760 2379 Do-

2200 2427 2439 2491 mino,et
2458 2423 2581 2479 Heli
2601 2423 2923 2477 observaret
2939 2439 3001 2476 os
3020 2421 3322 2493 ejus,quod
3344 2423 3446 2475 illa
3474 2416 3761 2487 loquebatur

2201 2520 2265 2571 in
2289 2516 2444 2570 corde
2472 2530 2589 2580 suo,
2624 2518 2948 2581 tantumque
2978 2513 3127 2566 tabia
3157 2513 3320 2565 illius
3342 2510 3696 2568 merebantur,
3722 2505 3761 2555 et

2200 2621 2302 2659 vos:
2324 2607 2545 2673 penitus
2568 2618 2679 2657 non
2699 2602 3033 2656 audiebatur
3062 2602 3111 2667 (I
3140 2602 3263 2667 Reg.
3296 2614 3338 2664 ι,
3378 2597 3481 2669 13).
3512 2593 3647 2660 Quid
3682 2606 3766 2663 pu-

2200 2699 2306 2758 tas,
2338 2692 2591 2763 nunquid
2617 2696 2682 2746 ut
2711 2690 3001 2745 videretur
3028 2688 3227 2743 orabat
3251 2689 3278 2742 7
3307 2689 3434 2743 Non
3462 2685 3661 2755 utique,
3683 2678 3763 2734 sed

2202 2782 2392 2837 clauso
2418 2781 2581 2845 ostio,
2615 2780 2826 2835 scilicet
2839 2778 3014 2833 tacita
3049 2776 3414 2843 conscientia,
3431 2779 3495 2829 ut
3516 2768 3770 2827 exaudire-

2202 2870 2363 2926 turin
2380 2867 2957 2933 cubiculo,Deum,cui
2966 2871 3169 2939 praesto
3187 2864 3537 2927 suntomnia,
3545 2856 3766 2929 rogabat.

2204 2960 2272 3015 Et
2291 2960 2417 3014 ideo
2437 2958 2699 3013 exaudita
2721 2962 2822 3023 est,
2832 2957 2962 3028 quia
2982 2972 3108 3011 cum
3131 2972 3196 3010 eo
3221 2955 3319 3027 qui
3340 2954 3543 3025 ubique
3558 2961 3771 3022 praesens

2206 3046 2547 3118 est,largiter
2558 3047 2716 3111 ﬂens,
2735 3045 2795 3099 in
2815 3061 2937 3099 sese
2954 3044 3191 3099 interius
3213 3042 3557 3099 versabatur.
3597 3037 3772 3093 Clauso

530 3154 673 3204 mea,
713 3139 896 3191 amica
947 3152 1089 3202 mea,
1137 3136 1386 3189 columba
1426 3150 1565 3199 mea,
1608 3136 1971 3187 immaculata
2002 3149 2119 3186 mea

2207 3142 2266 3203 3
2280 3142 2319 3203 Ι
2333 3137 2593 3207 situque
2606 3135 2747 3190 ostio
2774 3135 2955 3189 Deum
2969 3138 3094 3188 orat
3116 3133 3376 3205 quisquis
3396 3148 3463 3186 ea
3480 3145 3596 3202 qua:
3615 3143 3647 3181 a
3661 3122 3773 3179 foris

537 3228 717 3299 (Cant.
746 3240 800 3292 v,
831 3224 908 3291 ‘2),
938 3240 1060 3294 quae
1086 3223 1195 3277 nisi
1224 3222 1469 3294 pulsanti
1504 3221 1806 3293 aperuerit,
1844 3237 2017 3276 vacua
2044 3221 2127 3275 in-

530 3322 749 3372 trorsus
778 3314 836 3368 in
864 3330 924 3368 se
952 3312 1119 3367 redit.
1157 3311 1301 3376 Quid
1332 3311 1482 3366 enim
1509 3311 1738 3383 prodest
1764 3327 1926 3365 orare
1962 3310 2021 3364 in
2058 3326 2124 3364 eo

533 3404 787 3462 cubiculo
815 3402 1039 3468 mentis,
1071 3400 1167 3456 ubi
1197 3416 1300 3455 nec
1328 3401 1509 3467 Pater,
1543 3416 1646 3455 nec
1671 3400 1845 3454 Filius
1872 3416 1975 3454 nec
2004 3400 2126 3471 Spi-

531 3495 677 3551 ritus
704 3497 930 3549 sanctus
964 3490 1252 3546 venientes
1289 3490 1473 3544 adhuc
1512 3489 1719 3561 recepti
1760 3493 1912 3556 sunt,
1942 3505 2125 3560 neque

500 3616 511 3643 ρ
532 3583 883 3639 mansionem
908 3581 1056 3653 apud
1088 3596 1217 3635 eum
1242 3579 1466 3635 fecere?
1488 3579 1844 3651 Quapropter
1870 3578 2125 3650 quisquis

533 3673 682 3730 infra
705 3671 1022 3727 cubiculum
1055 3669 1237 3724 cordis
1267 3669 1467 3736 Deum,
1506 3674 1571 3723 ut
1610 3669 1832 3739 jussum
1876 3673 1980 3734 est,
2012 3668 2129 3722 vult

531 3778 716 3830 orare,
750 3762 905 3834 prius
930 3776 1031 3832 per
1057 3759 1226 3814 ﬁdem
1270 3757 1478 3813 ostium
1516 3757 1761 3830 pulsanti
1802 3758 2039 3829 aperiat,
2072 3762 2129 3812 et

532 3852 889 3910 deosculetur
933 3866 1061 3905 eum
1098 3866 1202 3921 per
1247 3848 1598 3915 charitatem,
1630 3853 1800 3919 atque
1837 3847 1988 3901 intra
2030 3862 2128 3900 cu-

533 3942 782 3998 biculum
809 3939 1098 4011 genitricis
1134 3956 1268 4006 suae,
1300 3937 1396 3993 ubi
1434 3937 1701 3991 doceatur
1726 3936 1796 3991 ab
1826 3953 1911 4003 eo,
1941 3940 2050 4002 3]
2069 3942 2129 4000 π

536 4031 768 4086 devotus
815 4028 1042 4082 indicat.
1084 4027 1349 4097 Alioquin
1399 4026 1532 4097 quid
1564 4027 1795 4097 prodest
1844 4041 2004 4079 orare
2034 4023 2129 4079 ubi

535 4135 648 4173 non
678 4133 800 4172 esse
829 4117 963 4170 velis
993 4132 1159 4186 quem
1189 4122 1315 4169 or'as
1341 4116 1366 4168 ’t
1400 4116 1557 4179 Quod
1597 4115 1643 4168 si
1681 4115 1790 4169 fide
1811 4115 1931 4185 jam
1969 4119 2128 4168 tenes

538 4223 706 4277 quem
735 4204 921 4275 diligis
946 4221 1011 4257 ex
1030 4209 1149 4258 toto
1176 4203 1342 4257 corde
1367 4208 1486 4268 tuo,
1503 4209 1559 4257 et
1578 4219 1640 4257 ex
1661 4208 1781 4257 tota
1799 4204 1986 4257 anima
2005 4208 2123 4269 tua,

536 4301 593 4349 et
620 4310 687 4348 ex
708 4298 831 4348 tota
856 4293 1061 4346 virtute
1090 4298 1206 4357 tua,
1239 4296 1389 4344 recte
1417 4291 1593 4344 intras
1621 4290 1938 4345 cubiculum
1968 4308 2126 4345 men-

2205 3225 2460 3297 improbe
2490 3241 2550 3279 se
2578 3225 2938 3294 immergunt,
2972 3222 3028 3277 vi
3054 3222 3290 3293 spiritus
3320 3227 3380 3276 et
3407 3211 3773 3275 obsecrationis

2206 3315 2479 3381 custodia,
2514 3314 2764 3368 funditus
2790 3328 2860 3366 ne
2889 3315 3205 3382 surrepant,
3240 3310 3487 3383 repellit.
3518 3304 3775 3378 Appetunt

2206 3404 2356 3460 enim
2379 3409 2572 3459 nostra
2585 3400 3277 3471 interiora,etcbstrepunt
3304 3400 3377 3455 ad
3397 3397 3577 3455 cordis
3595 3393 3777 3450 ostium

2204 3478 2531 3561 visibilia,et
2559 3493 2749 3547 omnia
2778 3507 2901 3562 qua:
2930 3490 3099 3560 hujus
3127 3489 3254 3544 vitia
3284 3495 3427 3544 sunt
3454 3481 3773 3557 temporalia.

2206 3583 2511 3654 Propterea
2537 3580 2910 3635 obserandum
2938 3583 3042 3641 est,
3075 3582 3133 3632 et
3170 3582 3329 3633 totus
3378 3576 3613 3632 interior
3637 3573 3782 3627 homo

2209 3671 2545 3725 intrinsecus
2574 3669 2937 3740 colligendus,
2962 3672 3240 3738 quatenus
3276 3666 3598 3722 cubiculum
3625 3663 3783 3731 ingre—

2209 3761 2416 3815 diatur.
2446 3760 2527 3815 De
2557 3775 2668 3831 quo
2694 3773 2901 3830 sponsa
2919 3758 3146 3811 laetatur
3164 3756 3223 3810 in
3255 3756 3530 3822 Canticis,
3562 3750 3700 3825 quod
3714 3750 3786 3803 in-

2210 3848 2523 3904 troduxerit
2541 3864 2665 3902 eam
2687 3863 2781 3901 rex
2810 3847 2870 3900 in
2900 3845 3214 3900 cubiculum
3240 3861 3409 3901 suum
3446 3845 3618 3907 (Cant,
3646 3855 3682 3906 Ι,
3710 3839 3777 3902 4).

2211 3938 2289 3993 Ex
2306 3938 2409 3991 hoc
2439 3936 2643 4008 quippe
2671 3934 2923 3990 cubiculo
2948 3934 3019 3988 ad
3033 3934 3192 3989 illum
3215 3933 3565 4005 pervenitur.
3591 3930 3658 3985 Et
3680 3927 3788 3982 ideo

2211 4027 2282 4081 ﬁd
2291 4026 2391 4080 elis
2417 4025 2606 4080 anima
2624 4025 2779 4097 prius
2799 4041 2921 4079 sese
2941 4023 3309 4094 ingrediatur,
3334 4025 3628 4093 Deumque
3645 4031 3786 4073 man-

2209 4116 2366 4171 sione
2390 4115 2573 4170 cordis
2586 4114 2873 4186 suscipiat,
2897 4118 2962 4167 ut
2984 4112 3186 4168 deinde
3205 4128 3306 4184 per
3323 4112 3515 4184 ipsum
3536 4111 3606 4165 ad
3623 4108 3788 4181 ipsum

2208 4204 2473 4260 subvecta
2500 4204 2834 4276 quandoque
2862 4201 3147 4273 pertingat
3177 4220 3188 4255 :
3248 4208 3307 4256 et
3328 4202 3487 4274 quod
3517 4215 3661 4255 nunc
3686 4210 3787 4267 spe.

2207 4300 2344 4350 tunc
2372 4294 2553 4366 reipsa
2576 4295 2694 4363 jam
2720 4291 2780 4345 in
2809 4291 2993 4363 patria
3014 4291 3175 4345 beate
3204 4290 3450 4346 fruatur.
3485 4290 3648 4355 Quia,
3676 4286 3792 4340 licet

534 4384 628 4449 tis,
644 4383 741 4439 ubi
771 4383 922 4437 Deus
948 4380 1193 4435 Trinitas
1208 4396 1309 4451 per
1337 4378 1505 4433 ﬁdem
1525 4379 1744 4444 colitur,
1773 4395 1872 4449 per
1890 4380 2128 4434 charita-
2144 4420 2192 4478 D
2210 4400 2312 4455 pro
2350 4384 2533 4455 gratia
2575 4388 2785 4437 aeterna
2815 4380 2974 4434 nobis
2998 4380 3337 4434 concedatur
3362 4380 3571 4451 gloria,
3603 4379 3658 4432 in
3685 4389 3795 4430 cono

535 4478 652 4528 tem
684 4470 1059 4543 amplectitur,
1074 4485 1175 4540 per
1200 4484 1355 4540 spem
1388 4484 1609 4539 quoque
1638 4466 1967 4539 profundius
1992 4470 2125 4523 soli-

534 4562 721 4617 datur.
750 4561 887 4615 Tale
915 4559 1120 4631 quippe
1146 4557 1419 4629 templum
1443 4557 1563 4627 jam
1586 4572 1805 4611 sacrum
1837 4563 1941 4624 est,
1982 4559 2127 4613 sicut

532 4650 614 4710 ait
636 4649 972 4723 Apostolus:
1006 4651 1286 4718 Templum
1315 4648 1413 4702 Dei
1430 4651 1683 4700 sanctum
1713 4652 1806 4713 est,
1837 4650 1981 4716 quod
1998 4652 2125 4703 estis

532 4756 622 4795 vos
664 4742 712 4803 (Ι
755 4741 875 4795 Cor.
917 4752 1001 4805 Ill,
1035 4735 1148 4807 '17).
1193 4736 1338 4801 Quid
1368 4736 1542 4807 igitur
1588 4737 1817 4808 prodest
1865 4737 2119 4803 introire,

535 4829 733 4885 orandi
759 4827 962 4900 gratia,
997 4843 1106 4898 quo
1158 4826 1344 4880 nullus
1375 4831 1461 4879 est
1491 4826 1777 4897 religionis
1809 4827 2005 4881 locus?
2034 4828 2126 4882 Id-

536 4919 701 4983 circo,
726 4917 858 4988 quia
876 4916 1053 4987 gratis
1082 4915 1233 4970 venit
1256 4913 1511 4969 Christus
1538 4916 1768 4986 pulsans
1796 4916 1865 4970 ad
1895 4916 2122 4981 ostium,

533 5006 886 5078 suscipiatur,
920 5010 978 5059 et
1032 5021 1132 5076 per
1158 5004 1490 5058 charitatem
1523 5004 1759 5059 interius
1801 5005 1972 5059 tacita
2000 5021 2127 5059 con-

529 5095 767 5152 scientia
784 5095 1156 5166 amplectatur
1166 5094 1316 5148 Deus
1332 5093 1604 5148 Trinitas:
1630 5099 1750 5149 tum
1764 5094 2128 5165 utique,sicut

532 5184 871 5257 praecipitur,
893 5184 1186 5238 claudatur
1209 5182 1434 5247 ostium,
1462 5187 1519 5235 et
1546 5188 1738 5237 oretur
1764 5183 1912 5237 Deus
1935 5183 2120 5237 Pater.

532 5273 741 5329 Oretur
770 5278 959 5327 autem
992 5289 1105 5326 non
1132 5273 1371 5344 strepitu
1417 5270 1713 5325 verborum
1755 5276 1995 5339 tantum,
2028 5273 2125 5327 sed

532 5362 643 5415 ﬁde
663 5377 727 5415 ac
746 5377 845 5432 spe
866 5367 924 5415 et
950 5362 1222 5415 charitate
1255 5361 1407 5414 intus
1443 5360 1589 5430 quod
1619 5360 1921 5430 quaerimus
1949 5360 2127 5430 impe:

532 5456 735 5505 tretur.
770 5451 899 5504 Haec
919 5456 1022 5517 est,
1068 5451 1317 5520 inquam,
1348 5464 1480 5501 vera
1507 5447 1701 5518 religio
1733 5448 2126 5501 Christianita-

533 5539 627 5605 tis,
662 5555 772 5592 non
796 5545 862 5593 ut
892 5540 1039 5593 ultra
1058 5540 1223 5593 cmlos
1255 5542 1352 5591 aut
1388 5536 1530 5591 infra
1557 5539 1842 5607 abyssum,
1872 5536 1956 5589 vel
1981 5537 2123 5589 circa

2209 4471 2441 4525 scientia
2460 4476 2649 4525 tamen
2685 4469 2790 4522 sibi
2818 4470 3204 4540 unusquisque
3224 4469 3376 4540 gerit
3396 4468 3535 4540 quid
3556 4461 3793 4522 velitadi-

2206 4560 2345 4632 pisci
2376 4560 2445 4613 de
2473 4575 2575 4612 suo
2606 4557 2794 4612 labore
2816 4557 2875 4611 in
2896 4574 3076 4629 prece.
3112 4558 3256 4612 Hinc
3283 4575 3515 4630 quoque
3543 4556 3792 4626 scriptum

2206 4648 2687 4704 estzEasultabunt
2711 4649 2892 4700 sancti
2916 4649 2979 4700 in
2998 4648 3197 4714 gloria,
3219 4648 3565 4701 laetabuntur
3586 4648 3647 4698 in
3664 4640 3797 4697 cubi-

2210 4740 2353 4793 libus
2380 4739 2496 4790 suis
2514 4738 2681 4807 (Psat.
2713 4745 2934 4797 cxnvn).
2967 4735 3337 4790 Exsultabunt
3364 4753 3508 4807 ergo
3543 4735 3614 4789 de
3636 4729 3801 4805 gloria

2207 4841 2308 4897 pro
2336 4824 2519 4896 gratia
2562 4825 2741 4895 gratis
2763 4829 3041 4896 percepta,
3076 4823 3421 4879 laetabuntur
3452 4825 3513 4879 in
3540 4818 3799 4877 cubilibus

2208 4913 2341 4979 suis,
2366 4913 2578 4968 scilicet
2605 4914 2662 4967 in
2690 4912 3057 4978 conscientiis,
3082 4912 3214 4983 quia
3241 4912 3299 4966 in
3330 4912 3435 4981 eis,
3460 4912 3598 4969 dum
3631 4909 3805 4965 essent

2207 5002 2265 5057 in
2293 5018 2471 5073 agone
2497 5002 2682 5074 positi,
2711 5003 2917 5061 Christi
2945 5002 3127 5072 gratia
3153 5002 3427 5072 gaudium
3449 5006 3538 5057 est
3563 5002 3799 5071 operata.

2209 5092 2329 5156 Qua
2343 5092 2412 5145 de
2433 5109 2600 5147 causa
2620 5097 2811 5147 monet
2826 5092 3095 5162 magister
3105 5091 3357 5145 veritatis
3378 5098 3443 5145 ut
3462 5089 3809 5161 ingrediatur

2207 5182 2591 5253 unusquisque
2619 5180 2801 5235 cubile
2849 5181 3051 5246 cordis,
3087 5186 3145 5235 ct
3171 5180 3245 5233 ibi
3266 5180 3506 5251 incipiat
3531 5194 3694 5234 orare
3730 5173 3806 5227 vel

2208 5271 2429 5342 operari
2452 5287 2561 5341 quo
2591 5270 2766 5341 possit
2791 5276 2985 5341 postea
3005 5270 3203 5324 laetari.
3238 5269 3650 5341 Unusquisque
3670 5265 3807 5321 enim

2208 5360 2265 5413 in
2296 5377 2356 5415 se
2387 5366 2607 5414 tantum
2635 5359 2875 5429 gloriam
2907 5358 3154 5425 habebit,
3177 5364 3234 5413 et
3249 5375 3359 5412 non
3379 5357 3443 5412 in
3467 5356 3810 5412 alteroJizrc

2209 5455 2398 5502 autem
2430 5449 2618 5503 omnia
2663 5448 2933 5518 magister
2959 5448 3084 5503 vitae
3113 5447 3192 5501 sic
3235 5447 3510 5513 instituit,
3556 5444 3808 5501 utﬁlium

2208 5538 2447 5603 erudiat,
2471 5544 2527 5590 (Et
2546 5537 2670 5590 ideo
2699 5537 2803 5589 ait:
2838 5538 3034 5591 Clauso
3063 5540 3198 5590 ostio
3235 5553 3335 5589 ora
3362 5538 3599 5591 Patrem
3630 5540 3803 5595 tuum,

2207 5627 2284 5680 Ac
2314 5626 2361 5679 si
2391 5626 2572 5680 dicat:
2608 5625 2697 5681 Sic
2727 5642 2825 5680 ora
2852 5631 2918 5680 ut
2944 5625 3092 5680 ﬁlius
3119 5631 3175 5680 et
3197 5623 3516 5681 secundum
3555 5623 3707 5696 quod
3734 5637 3813 5676 re
