3938 6174
193 274 291 334 277
966 276 1348 333 EXPOSITIO
1385 277 1466 334 IN
1503 276 1947 334 MATTHIEUM.
1984 307 2046 322 -
2078 280 2216 337 LIB.
2259 280 2356 349 IV,
2394 281 2534 336 CAP
2575 281 2670 336 VI.
2815 283 2818 286 ’
3361 285 3468 344 278

195 406 356 457 natus
389 417 452 456 es
481 418 600 457 ora.
630 400 947 458 Paternitas
976 404 1098 473 ejus
1137 408 1195 458 te
1228 403 1425 457 doceat
1453 420 1563 474 qua
1593 403 1796 458 ﬁducia
1807 404 2036 465 Aetiam
2067 405 2394 477 priusquam
2425 410 2706 477 petantur.
2739 407 2848 463 Sed
2878 408 2997 463 haec
3025 411 3256 480 quaestio
3285 413 3471 483 perfa-

200 491 283 544 vel
313 507 425 561 quo
455 492 661 546 affectu
688 509 848 546 orare
895 491 1099 546 debeas
1131 511 1142 546 :
1187 493 1411 546 Patrem
1441 493 1590 546 enim
1630 509 1792 560 oras;
1878 495 1982 548 cile
2011 495 2260 562 solvitur,
2285 496 2332 549 si
2356 496 2491 550 ordo
2509 495 2733 551 debitus
2758 503 2815 551 et
2828 498 3052 568 justitia
3079 506 3365 570 pensatur.
3391 501 3472 556 Si-

197 579 498 649 ingredere
528 580 599 634 ad
646 596 776 635 eum
824 580 882 634 in
925 580 1284 647 conscientia,
1318 586 1377 634 et
1421 597 1520 634 ora
1546 580 1704 634 illum
1734 585 1799 635 ut
1879 584 2105 654 quidem
2139 585 2288 639 aliud
2317 590 2402 639 est
2427 585 2708 654 ignoranti
2741 587 2888 657 quod
2918 587 3468 658 nesciebatnarrare,

195 668 386 723 Filius.

264 757 333 811 Et
372 760 560 823 Pater,
599 762 699 828 qui
726 761 867 814 ridet
909 762 970 814 in
998 761 1270 824 absconso,
1304 761 1485 813 reddet
1517 761 1635 813 tibi.
1667 757 1798 813 Noli

201 863 366 902 orare
395 853 461 901 ut
477 847 718 902 videaris
750 848 820 902 ab
841 848 1178 913 hominibus,
1205 849 1298 902 sed
1321 864 1420 902 ora
1438 848 1589 902 intus
1608 848 1797 902 clauso

204 937 370 1003 ostio,
396 943 462 990 ut
493 937 667 991 Pater
695 943 827 991 tuus
855 938 1057 1004 videat,
1090 943 1146 992 et
1174 938 1360 1003 Pater,
1393 937 1486 1008 qui
1511 936 1710 991 viderit
1737 937 1795 990 in

200 1025 497 1090 absconso,
531 1027 728 1080 reddet
753 1026 875 1082 tibi.
907 1027 1124 1080 Reddet
1151 1033 1338 1080 autem
1372 1042 1482 1079 non
1511 1024 1675 1078 verba
1696 1041 1796 1096 pro

196 1115 403 1180 verbis,
463 1132 648 1186 neque
689 1132 790 1186 pro
839 1115 1096 1186 precibus
1136 1131 1376 1186 precem,
1411 1114 1508 1168 sed
1552 1114 1796 1169 fructum

195 1204 494 1271 orationis,
530 1211 588 1258 et
613 1205 925 1258 mercedem
954 1205 1102 1258 ﬁdei.

266 1295 504 1348 Orantes
532 1299 719 1348 autem
749 1297 916 1347 nolite
945 1297 1185 1347 multum
1209 1296 1377 1361 loqui,
1410 1296 1549 1346 sicut
1570 1293 1790 1346 ethnici.

192 1383 368 1438 Plane
400 1383 656 1436 ethnicos
681 1383 920 1453 gentiles
950 1388 1124 1447 vocat,
1156 1383 1242 1435 vel
1276 1382 1656 1453 philosophos.
1699 1382 1794 1452 qui

196 1471 421 1526 duabus
447 1473 519 1526 de
550 1472 732 1526 causis
755 1472 1024 1543 prolixius
1053 1471 1307 1528 orabant.
1339 1471 1620 1525 Putabant
1644 1471 1793 1525 enim

192 1562 469 1632 apposite,
501 1561 647 1615 sicut
673 1561 730 1614 in
762 1577 949 1614 rerum
981 1561 1221 1631 negotiis
1251 1566 1308 1614 et
1324 1577 1619 1614 causarum
1644 1566 1794 1614 statu

1879 673 2031 726 aliud
2063 690 2192 727 vero
2222 675 2371 728 cultu
2394 675 2681 744 religionis
2710 691 2870 729 orare
2899 676 3058 730 illum
3111 677 3170 731 ui
3185 677 3471 749 subjectus

1879 778 2002 815 esse
2024 762 2284 828 debes,et
2300 763 2447 834 apud
2479 763 2743 818 scientem
2775 770 2965 835 petere
2990 772 3053 819 ut
3081 767 3320 838 accipias
3347 786 3472 838 gra-

1880 850 1953 904 tis
1983 851 2131 922 quod
2181 869 2246 905 ex
2293 857 2350 905 te
2379 857 2546 906 antea
2575 869 2687 906 non
2736 853 3018 908 habueris.
3052 855 3269 927 Quippe
3305 857 3471 929 longe

1879 940 2033 993 aliud
2069 946 2153 993 est
2182 941 2377 994 devote
2411 941 2710 1011 implorare
2741 943 2886 1013 apud
2905 943 3179 1013 potiorem
3197 950 3252 998 te
3268 947 3470 1001 suffra-

1877 1029 2051 1099 gium,
2074 1034 2130 1082 et
2155 1029 2307 1083 aliud
2347 1029 2571 1083 inﬁrmo
2608 1032 2826 1084 narrari
2857 1048 2979 1102 quae
3009 1033 3206 1091 nescit.
3238 1035 3384 1088 Sane
3413 1035 3472 1090 in

1880 1134 1992 1171 uno
2023 1135 2216 1172 eorum
2247 1118 2516 1172 indicium
2540 1125 2626 1172 est
2649 1120 2993 1190 ignorantiae,
3031 1121 3090 1175 in
3118 1123 3292 1177 altero
3338 1141 3468 1178 vero

1880 1201 2209 1273 obsequium
2235 1203 2489 1273 justitiae.
2507 1203 2590 1257 Ibi
2605 1205 2850 1258 ﬁdeliter
2864 1205 3155 1260 referimus
3174 1206 3464 1274 nescienti,

1877 1291 1969 1344 hic
1999 1291 2325 1363 suppliciter
2356 1291 2746 1346 subsecramus
2777 1299 2832 1347 et
2855 1295 3096 1365 petimus
3121 1312 3154 1349 a
3181 1296 3464 1367 largitore.

1877 1380 2010 1432 Vult
2039 1380 2188 1433 enim
2220 1381 2368 1434 Deus
2396 1381 2733 1451 interrogari
2753 1399 2830 1447 se,
2852 1387 2915 1436 ut
2941 1382 3161 1438 bonitas
3179 1386 3300 1454 ejus
3320 1385 3470 1439 deri-

1882 1475 2040 1522 vetur
2061 1469 2127 1522 ad
2146 1469 2502 1539 plurimos,et
2520 1476 2706 1524 tamen
2723 1471 2942 1525 devotio
2965 1479 3021 1525 et
3040 1478 3218 1527 status
3232 1474 3467 1543 justitize

1878 1563 2133 1611 servetur
2162 1559 2310 1628 apud
2341 1557 2640 1629 subjectos.
2664 1561 2789 1614 Non
2820 1561 2979 1631 quasi
3004 1562 3255 1616 nesciens
3277 1563 3479 1617 docea-

191 1651 339 1704 soliti
368 1655 625 1715 erant,3
640 1657 674 1714 Ι
692 1655 748 1715 4
772 1650 840 1703 ad
861 1651 1307 1720 persuadendum
1326 1649 1652 1720 loqui,itain
1674 1665 1795 1703 ora-
1816 1720 1842 1722 ξ
1875 1651 1988 1712 tur,
2022 1647 2118 1700 sed
2150 1648 2303 1700 velut
2321 1647 2500 1701 bonus
2529 1648 2800 1703 Dominus
2828 1650 3156 1722 suppliciter
3175 1657 3470 1708 veneratus

193 1740 344 1793 tione
369 1738 601 1804 debere,
643 1737 980 1792 arbitrantes
1025 1739 1204 1792 Deum
1245 1738 1428 1792 verbis
1466 1720 2182 1809 persuailerchlementer
2209 1742 2474 1807 praestare
2526 1737 2807 1807 dignetur.
2831 1720 2990 1793 Unde
3039 1745 3096 1793 et
3159 1742 3473 1813 composuit

193 1844 374 1898 posse.
405 1827 495 1888 Et,
520 1827 666 1880 sicut
694 1827 1064 1880 conciliabant
1089 1826 1383 1881 verborum
1403 1827 1662 1881 facundia
1689 1828 1794 1882 sibi

188 1917 409 1987 judices
429 1916 505 1970 ad
555 1916 872 1981 favendum,
905 1915 1323 1987 reddebantque
1351 1917 1596 1971 intentos
1625 1923 1794 1988 atque

191 2005 600 2071 benevolos,sic
614 2005 807 2075 utique
828 2004 1202 2059 moliebantur
1220 2006 1566 2076 permulcere
1589 2007 1788 2072 Deum,

194 2095 321 2166 quia
354 2094 602 2164 singulis
631 2094 690 2147 in
720 2094 902 2148 causis
918 2093 1292 2165 Opinabantur
1318 2111 1444 2148 eum
1466 2095 1612 2148 ﬂecti
1631 2112 1792 2166 posse

191 2183 659 2257 persuasibilibus
687 2183 887 2240 verbis.
921 2185 1020 2238 Vel
1050 2185 1190 2239 forte
1220 2185 1344 2239 ideo
1375 2185 1679 2256 plurimum
1709 2186 1792 2238 lo-

190 2274 532 2346 quebantur,
565 2273 700 2344 quia
721 2273 860 2327 nihil
882 2274 949 2327 de
972 2274 1333 2340 conscientia,
1352 2275 1447 2328 sed
1463 2274 1652 2328 omnia
1667 2291 1792 2328 ver-

188 2362 386 2418 borum
411 2363 710 2434 superﬁcie
740 2362 1010 2432 agebant,
1044 2363 1353 2416 nescientes
1387 2362 1592 2433 ubique
1612 2363 1791 2418 Deum

189 2453 403 2507 adesse.
421 2453 676 2517 Quorum
699 2451 868 2506 infida
881 2452 1210 2523 supplicatio
1234 2451 1499 2523 poscebat
1525 2457 1607 2518 ut,
1631 2452 1677 2506 si
1699 2451 1793 2506 ab-

191 2547 332 2597 esset
357 2558 532 2613 quem
552 2540 846 2611 rogabant,
883 2557 1036 2594 more
1054 2542 1368 2596 daemonum
1391 2542 1617 2596 tandem
1634 2542 1794 2596 adve-

190 2632 369 2698 niret;
407 2631 638 2684 veniens
664 2638 874 2696 autem,
911 2631 1057 2701 quod
1099 2630 1254 2700 prius
1282 2631 1575 2696 nescierat,
1607 2631 1795 2684 amba-

187 2718 346 2789 gibus
385 2717 684 2772 verborum
714 2719 1044 2773 addisceret.
1078 2720 1192 2773 Nec
1223 2719 1426 2772 mirum
1456 2720 1645 2790 itaque
1665 2737 1792 2774 cum

194 2808 354 2861 idolis
383 2808 818 2874 famularentur,
855 2808 900 2862 si
933 2808 1110 2862 multa
1131 2824 1317 2862 coram
1347 2808 1529 2862 surdis
1558 2809 1791 2880 profun-

189 2897 384 2950 derent
429 2897 601 2950 verba
650 2897 966 2968 nugatoria.
1017 2897 1327 2951 Praesertim
1371 2914 1496 2952 cum
1540 2914 1641 2951 nec
1686 2898 1792 2970 ipsi

1878 1823 2260 1878 brevissimam
2293 1841 2533 1896 precem,
2564 1826 2610 1880 si
2641 1828 2920 1897 quomodo
2953 1830 3192 1883 salutem
3230 1831 3469 1886 celerem

1877 1913 2193 1967 misericors
2223 1913 2516 1979 tribueret,
2551 1919 2609 1969 et
2636 1916 2790 1970 nulla
2812 1917 3147 1988 przepediret
3171 1919 3471 1974 verborum

1878 2002 2188 2072 prolixitas,
2207 2003 2320 2057 imo
2368 2003 2572 2058 fiducia
2600 2010 2747 2059 esset
2775 2022 2839 2059 ex
2867 2005 3138 2060 brevitate
3167 2007 3465 2075 dictorum,

1878 2092 2024 2162 quod
2049 2092 2175 2162 pius
2201 2093 2395 2162 judex,
2418 2093 2512 2163 qui
2531 2091 2684 2148 brevi
2712 2111 2771 2148 se
2800 2095 2978 2149 voluit
3004 2097 3191 2165 rogari
3221 2099 3465 2165 oraculo,

1875 2179 2040 2234 citius
2061 2185 2274 2234 annuat
2302 2180 2552 2251 poscenti
2573 2198 2639 2235 ex
2666 2187 2811 2236 voto.
2844 2183 3471 2256 Verumtamen,quam-

1874 2268 1956 2322 vis
2013 2285 2188 2338 pauca
2245 2270 2623 2340 composuerit
2667 2269 2836 2325 verba
2883 2271 3085 2343 quibus
3130 2290 3232 2328 nos
3275 2274 3472 2330 doceat

1877 2373 2058 2423 orare,
2095 2359 2459 2428 quaerendum
2492 2365 2684 2413 tamen
2737 2359 2982 2414 arbitror
3008 2377 3109 2416 cur
3135 2363 3222 2416 vel
3251 2363 3471 2418 hisdem

1873 2446 2066 2517 paucis
2097 2447 2279 2501 verbis
2319 2464 2458 2519 opus
2477 2448 2552 2502 sit
2571 2449 2641 2502 ad
2662 2465 2790 2503 eum
2813 2450 2907 2520 qui
2939 2451 3043 2505 scit
3066 2451 3272 2519 omnia,
3289 2457 3347 2506 et
3374 2469 3474 2508 no-

1875 2535 1970 2602 vit,
1992 2541 2054 2590 ut
2071 2535 2282 2590 dictum
2300 2542 2403 2604 est,
2424 2537 2558 2608 quid
2606 2537 2765 2591 nobis
2794 2555 3019 2593 necesse
3039 2540 3128 2605 sit,
3166 2547 3471 2613 antequam

1874 2630 2150 2695 petamus.
2169 2625 2251 2679 Ad
2268 2626 2415 2696 quod
2437 2626 2584 2680 illico
2605 2627 2913 2695 fatendum,
2937 2628 3123 2702 potius
3143 2629 3309 2684 rebus
3331 2647 3471 2701 quas

1874 2715 2061 2770 animo
2089 2715 2358 2785 gerimus,
2384 2721 2441 2770 et
2465 2715 2775 2770 intentione
2795 2717 2997 2783 cordis,
3020 2734 3147 2771 cum
3173 2718 3469 2774 dilectione

1873 2820 2014 2876 pura
2045 2809 2101 2858 et
2131 2804 2488 2875 simplicitate
2514 2805 2763 2870 affectus,
2783 2822 2885 2859 nos
2913 2823 3081 2878 agere
3105 2806 3306 2862 debere
3318 2809 3469 2879 apud

1872 2895 2074 2959 Deum,
2116 2910 2285 2964 quam
2307 2894 2508 2961 verbis,
2538 2899 2603 2948 ut
2630 2894 3018 2965 impetremus.
3047 2896 3260 2951 Idcirco
3287 2898 3468 2952 scien-

189 2984 477 3039 daemones
516 2985 658 3039 scire
682 2992 928 3056 possent,
963 2991 1262 3057 antequam
1293 2987 1474 3057 ignari
1490 3003 1682 3041 eorum
1703 2987 1792 3041 in-
1874 2984 2007 3037 dum
2037 2982 2204 3037 verba
2236 2999 2336 3037 nos
2375 2983 2645 3049 docuisse,
2680 2989 2743 3037 ut
2781 2983 2991 3038 eisdem
3032 2985 3257 3040 doceret
3286 2987 3468 3042 verbis

192 3079 561 3128 struerentur
589 3074 830 3145 eloquio,
865 3076 997 3146 quid
1028 3075 1382 3130 obsecrantes
1413 3077 1642 3132 vellent.
1683 3077 1788 3131 Sed
1811 3077 1852 3136 ί]
1873 3073 2004 3144 quid
2036 3088 2196 3126 orare
2222 3077 2495 3143 oporteat,
2518 3078 2794 3143 quatenus
2826 3090 2893 3127 ex
2919 3074 3008 3128 his
3038 3075 3260 3130 animus
3280 3077 3468 3131 conci-

188 3163 367 3216 ﬁdelis
399 3163 511 3217 Dei
528 3167 846 3217 oratornon
873 3165 1177 3218 multorum
1219 3174 1345 3234 eget
1363 3165 1678 3232 verborum,
1697 3183 1792 3219 ne-
1872 3167 2031 3232 peret
2059 3166 2116 3215 et
2144 3162 2426 3215 memoria
2470 3161 2768 3216 mandaret
2795 3164 3047 3233 regulam
3079 3165 3275 3218 orandi
3309 3185 3321 3219 :
3353 3182 3468 3221 non

187 3268 293 3322 que
319 3252 402 3306 illi
433 3268 670 3306 narrare
692 3253 932 3324 plurima
962 3269 1100 3324 Opus
1118 3260 1220 3320 est,
1238 3253 1326 3307 cui
1357 3255 1545 3307 omnia
1572 3260 1785 3324 patent,
1870 3249 2039 3329 verba
2067 3265 2189 3320 quae
2219 3250 2446 3316 diceret,
2483 3251 2577 3304 sed
2609 3267 2699 3304 res
2727 3256 2785 3305 et
2820 3251 3226 3307 sententiarum
3256 3253 3467 3308 intelli-

185 3347 240 3395 et
269 3341 479 3412 ubique
509 3347 796 3395 scrutatur
821 3347 1162 3396 secretorum
1208 3359 1430 3409 arcana,
1454 3348 1511 3396 et
1538 3343 1790 3397 intensor
1869 3339 2118 3408 gentiam
2149 3355 2214 3392 ex
2246 3340 2446 3393 affectu
2474 3340 2608 3411 quid
2639 3346 2982 3411 exposceret.
3015 3342 3279 3413 Alioquin
3324 3359 3466 3398 nun-

185 3437 272 3483 est
302 3431 581 3495 cordium,
609 3430 881 3484 discretor
905 3447 1123 3502 quoque
1153 3431 1555 3501 cogitationum
1577 3449 1642 3485 ac
1667 3449 1787 3486 me-
1871 3443 2037 3498 quam
2068 3428 2193 3482 aliis
2239 3428 2422 3482 verbis
2460 3429 2734 3483 orandum
2774 3435 2936 3494 esset,
2969 3446 3136 3499 quam
3169 3431 3380 3486 eisdem
3405 3433 3466 3488 in

190 3518 494 3572 dullarum.
521 3519 631 3573 Sed
663 3535 763 3573 nec
785 3537 920 3573 sane
942 3521 1149 3574 multas
1172 3521 1464 3592 lacrymas,
1485 3522 1788 3576 velmultas
1870 3518 2070 3588 quibus
2091 3520 2207 3572 haec
2224 3519 2429 3573 docuit.
2454 3520 2616 3573 Nunc
2631 3524 2818 3573 autem
2835 3520 3001 3590 longe
3018 3521 3183 3574 aliter
3200 3521 3460 3577 sentitur.

185 3606 600 3661 obsecrationes
621 3608 678 3662 in
708 3609 953 3678 puritate
965 3610 1147 3663 cordis
1169 3610 1418 3675 damnat,
1440 3611 1672 3664 damnat
1690 3627 1787 3664 au-

185 3702 302 3749 tem
315 3697 759 3767 multiloquium,
785 3699 932 3767 quod
952 3698 1020 3751 de
1037 3698 1366 3753 inﬁdelitate
1384 3705 1439 3752 et
1459 3699 1784 3770 impuritate

187 3786 388 3839 mentis
399 3792 727 3856 generatur.
747 3787 1005 3856 Alioquin
1027 3793 1083 3840 et
1099 3789 1314 3840 Annam
1335 3789 1573 3859 legimus
1593 3805 1784 3859 preces

183 3874 586 3945 multiplicasse
607 3891 793 3928 coram
817 3876 1074 3938 Domino,
1099 3882 1155 3929 et
1170 3883 1486 3931 sanctorum
1509 3878 1780 3948 plurimos

185 3961 355 4017 biduo
382 3964 705 4034 triduoque,
737 3964 857 4018 sine
885 3965 996 4018 ulla
1055 3964 1468 4020 intermissibne
1497 3968 1777 4020 orationes

181 4067 311 4104 suas
331 4054 636 4123 protelasse
657 4072 668 4120 ;
694 4054 787 4106 sed
813 4059 869 4107 et
889 4053 1186 4107 Dominum
1204 4056 1628 4126 pernoctassein
1648 4073 1775 4110 ora-

179 4140 352 4207 tione,
383 4148 556 4213 atque
587 4141 645 4195 in
671 4142 875 4212 agonia
894 4143 1163 4214 prolixius
1188 4161 1394 4210 orasse,
1429 4144 1506 4197 ita
1528 4150 1591 4198 ut
1612 4145 1782 4198 sudor

182 4230 308 4297 ejus
338 4232 497 4300 quasi
527 4236 692 4300 gutta
723 4231 1012 4301 sanguinis
1041 4232 1098 4285 in
1128 4238 1336 4286 terram
1370 4232 1779 4288 distillaret.Ex

183 4333 296 4386 quo
321 4319 487 4374 datur
503 4320 743 4389 intelligi
765 4321 913 4391 quod
939 4338 1051 4374 non
1082 4321 1466 4392 multiplicatio
1484 4339 1707 4392 precum
1723 4329 1779 4376 et

1869 3607 2080 3660 Idcirco
2110 3624 2222 3660 non
2261 3607 2442 3661 verbis
2498 3608 2647 3678 apud
2687 3625 2815 3661 eum
2846 3608 3087 3677 agimus,
3121 3610 3218 3662 sed
3260 3610 3461 3665 allectu

1869 3696 2093 3762 mentis,
2125 3713 2289 3766 quem
2320 3713 2386 3749 ex
2432 3696 2640 3750 eisdem
2688 3696 2870 3749 verbis
2929 3697 3300 3767 percepimus,
3333 3715 3461 3752 cum

1867 3785 1975 3838 ﬁde
1995 3801 2059 3838 ac
2079 3802 2175 3856 spe
2205 3790 2261 3838 et
2276 3785 2566 3839 charitatis
2597 3785 2864 3855 obsequio
2885 3785 3080 3839 devote
3097 3785 3461 3855 implorantes

1865 3889 2015 3940 eum,
2043 3879 2319 3945 quatenus
2351 3878 2542 3938 316
2567 3891 2632 3927 ex
2660 3873 2843 3927 verbis
2871 3874 3210 3928 accendatur
3233 3890 3328 3927 cor
3356 3891 3460 3928 no-

1865 3968 2064 4029 strum,
2091 3969 2148 4017 et
2166 3969 2457 4017 serenetur
2495 3963 2552 4016 in
2577 3962 2866 4033 precibus:
2891 3962 3198 4028 deinde,ab
3227 3963 3347 4034 ipsa
3377 3965 3460 4020 in-

1862 4052 2112 4105 tentione
2133 4052 2315 4105 cordis
2335 4051 2620 4117 illustrati,
2639 4051 2785 4122 quod
2799 4051 2918 4123 ipse
2935 4052 3124 4106 docuit
3143 4053 3460 4110 ﬁducialius

1862 4139 2249 4211 impetremus.
2281 4143 2361 4194 Ac
2385 4157 2485 4213 per
2503 4141 2622 4208 hoc,
2657 4158 2721 4194 ex
2749 4141 2923 4212 ipsius
2951 4141 3224 4208 doctrina,
3249 4159 3346 4197 cor
3363 4160 3460 4199 no-

1861 4235 2041 4284 strum
2071 4230 2204 4300 quid
2228 4246 2389 4284 orare
2419 4229 2602 4297 debet,
2639 4230 2830 4301 paucis
2877 4231 3194 4288 illustratur
3232 4233 3453 4303 verbis;

1860 4318 2201 4373 illustratum
2232 4336 2383 4385 vero,
2415 4336 2528 4374 non
2564 4320 2860 4374 indicando
2902 4320 2991 4374 cui
3022 4321 3211 4376 omnia
3238 4328 3451 4394 patent,

183 4407 423 4475 profusio
446 4409 622 4479 jugis,
642 4426 706 4462 ex
725 4411 926 4463 affectu
946 4409 1118 4463 divini
1138 4411 1364 4474 amoris,
1391 4412 1475 4464 vel
1505 4411 1773 4466 interces-
1793 4407 1842 4466 D
1859 4409 1955 4462 sed
1980 4409 2343 4482 supplicando
2375 4409 2470 4480 qui
2507 4409 2695 4462 omnia
2730 4415 2933 4480 potest,
2969 4411 3324 4466 alfectuosius
3352 4413 3455 4468 dif-

182 4495 270 4547 sio
300 4498 463 4551 venia:
493 4499 814 4564 damnatur,
841 4499 939 4552 sed
989 4499 1136 4570 quod
1190 4503 1408 4554 tantum
1442 4499 1774 4554 verbotenus
1855 4497 2128 4564 funditur,
2164 4503 2222 4551 et
2250 4498 2496 4568 exposcit
2526 4514 2653 4551 cum
2698 4499 2991 4557 charitate.
3027 4501 3172 4570 quod
3197 4502 3318 4571 jam
3352 4519 3452 4574 spe

179 4599 379 4639 vacuas
402 4588 620 4658 replere
649 4604 816 4642 auras
843 4588 962 4642 sine
993 4589 1283 4642 affectione
1323 4589 1624 4643 inﬁdeliter
1649 4606 1774 4643 con-
1859 4586 1988 4640 ﬁdei
2016 4587 2330 4657 percepisse
2362 4586 2739 4657 prmsumitur.
2775 4589 2913 4658 Spes
2931 4605 3060 4642 vero
3090 4606 3203 4643 non
3224 4591 3451 4647 confun-

179 4674 430 4739 tendunt.
450 4676 732 4730 Nimirum
757 4677 887 4747 quia
901 4678 1046 4731 sicut
1073 4677 1388 4732 damnabile
1416 4684 1501 4732 est
1519 4695 1643 4732 cum
1676 4679 1774 4750 hy-
1855 4675 2026 4740 ditur,
2060 4676 2319 4745 quoniam
2349 4675 2592 4729 Charitas
2615 4676 2717 4729 Dei
2739 4676 2941 4731 diffusa
2969 4683 3054 4732 est
3081 4678 3140 4732 in
3168 4679 3446 4749 cordibus,

177 4763 399 4831 pocritis
427 4781 609 4832 orare,
643 4771 708 4820 ut
735 4765 804 4819 ab
835 4767 1153 4820 hominibus
1179 4767 1466 4820 videamur
1491 4785 1501 4819 :
1536 4767 1614 4820 ita
1643 4767 1772 4821 inﬁ-
1855 4755 2062 4817 nostris
2083 4780 2184 4836 per
2204 4765 2474 4834 Spiritum
2501 4769 2758 4818 sanctum
2775 4766 2870 4837 qui
2893 4766 3057 4820 datus
3082 4772 3166 4821 est
3179 4767 3359 4823 nobis.
3383 4771 3448 4825 In

180 4849 418 4908 delitatis
440 4860 544 4920 est,
568 4871 698 4908 cum
714 4855 1018 4925 gentilibus
1042 4856 1096 4908 in
1120 4855 1475 4926 multiloquia
1496 4873 1597 4909 nos
1609 4872 1773 4910 exau-
1855 4869 1965 4924 quo
1995 4853 2260 4907 nimirum
2291 4853 2501 4924 Spiritu
2512 4855 2746 4924 jamque
2775 4855 3112 4910 clamamus:
3146 4856 3323 4925 Abba,
3346 4859 3450 4913 Pa-

181 4938 291 4993 diri
308 4948 518 5012 putare,
541 4960 645 4998 nec
671 4944 1001 5014 intelligere,
1030 4945 1228 4998 saltem
1258 4944 1766 5012 credendo,Deum,

176 5028 271 5081 cui
288 5039 477 5099 praesto
502 5039 634 5086 sunt
653 5049 719 5086 ea
744 5050 864 5103 quia
886 5037 1036 5092 sunt,
1062 5050 1250 5104 quaeve
1285 5033 1532 5100 fuerunt,
1547 5035 1632 5088 vel
1647 5052 1770 5104 qua:

173 5115 361 5171 futura
386 5129 532 5186 sunt,
553 5121 738 5192 ipsum
761 5122 915 5192 prius
937 5121 1097 5187 scire,
1123 5139 1288 5192 quam
1309 5128 1586 5193 petamus,
1605 5124 1769 5194 quid-

181 5205 313 5274 quid
349 5227 482 5280 opus
511 5217 602 5264 est
621 5210 800 5268 nobis.
816 5211 896 5265 De
927 5227 1036 5281 quo
1063 5218 1210 5265 recte
1231 5211 1500 5282 qumritur
1522 5230 1532 5263 :
1553 5212 1596 5265 si
1621 5212 1768 5266 Deus

182 5297 250 5357 3
266 5301 296 5358 I
311 5302 366 5361 ὅ
387 5304 550 5353 antea
571 5300 725 5352 novit
741 5316 906 5370 quam
927 5306 1206 5370 petamus,
1221 5300 1352 5370 quid
1371 5317 1511 5371 opus
1525 5302 1768 5372 estapud

177 5381 462 5440 scientiam
491 5393 704 5458 petere,
736 5389 820 5442 vel
863 5406 980 5454 cur,
1008 5389 1136 5442 licet
1175 5389 1365 5459 paucis
1395 5388 1577 5444 verbis
1608 5407 1768 5447 orare

172 5468 407 5537 jubeat?
434 5477 577 5532 Nam
608 5484 668 5532 et
697 5477 922 5548 quidam
945 5478 1401 5550 philosophorum
1420 5481 1767 5550 superﬂuum

177 5557 430 5619 dixerunt
455 5583 585 5622 eum
627 5565 886 5638 precibus
919 5567 1166 5639 fatigari,
1212 5567 1308 5640 qui
1351 5569 1507 5624 novit
1547 5569 1769 5646 singula

1852 4949 1959 4996 ter.
1983 4942 2125 4996 Ilinc
2143 4942 2352 5013 liquido
2373 4949 2549 5013 patet,
2583 4959 2694 4997 non
2725 4943 2877 4998 aliud
2911 4962 3014 4999 nos
3042 4961 3201 5000 orare
3221 4946 3443 5015 debere,

1854 5047 2022 5102 quam
2067 5032 2212 5102 quod
2237 5032 2424 5086 docuit
2445 5032 2714 5102 magister
2743 5033 2993 5088 veritatis
3026 5053 3036 5088 :
3067 5039 3141 5102 et,
3165 5035 3294 5090 licet
3321 5037 3447 5090 aliis

1852 5119 2033 5175 verbis
2047 5121 2370 5191 frequenter
2385 5138 2627 5188 oremus,
2645 5129 2837 5177 tamen
2853 5124 3000 5194 quod
3024 5125 3173 5178 aliud
3191 5141 3302 5179 non
3314 5125 3446 5180 licet

1852 5225 2012 5263 orare
2034 5209 2264 5262 minime
2285 5209 2624 5265 dubitamus.
2643 5212 2804 5266 Unde
2818 5214 3128 5284 perpendat
3151 5213 3208 5267 in
3222 5214 3444 5270 Christo

1850 5304 2098 5364 renatus,
2133 5298 2284 5369 quia,
2320 5315 2386 5352 ex
2415 5316 2524 5370 quo
2549 5301 2771 5370 justitia
2800 5302 3246 5361 Christianorum
3276 5305 3446 5376 coepit

1851 5388 2078 5458 egregie
2108 5388 2420 5459 adimpleri,
2454 5389 2525 5442 ab
2573 5389 2701 5444 inde
2746 5391 2991 5446 ﬁliorum
3020 5393 3246 5464 adoptio
3277 5393 3443 5464 ccepit

1851 5478 2164 5533 reformari.
2189 5478 2273 5544 Et,
2299 5477 2345 5531 si
2366 5477 2565 5532 viderit
2604 5497 2663 5533 se
2690 5481 2902 5534 eisdem
2925 5483 3156 5552 justitiae
3188 5482 3440 5554 partibus

1851 5568 2052 5637 favere,
2071 5567 2288 5622 noverit
2301 5583 2361 5621 se
2375 5567 2518 5638 jure.
2535 5568 2851 5657 adqptionis
2872 5571 3051 5625 filium
3072 5572 3276 5638 vocari,
3300 5573 3355 5622 et
3374 5576 3440 5616 ex

3439 5675 3487 5711 τί
