3938 6174
478 293 587 353 279

1234 296 1294 353 S.
1333 295 1712 354 PASCHASII
1749 292 2110 353 RADBERTI
2147 290 2453 347 ABBATIS
2490 287 2986 349 CORBEIENSIS.

3587 302 3680 361 280
3784 282 3795 293 “

482 421 681 477 eadem
701 421 1002 494 adoptione
1027 425 1263 494 paterna
1288 421 1503 477 viscera
1530 421 1599 476 ad
1631 420 2070 476 misericordiam
2087 417 2140 478 A
2158 417 2376 488 diligat.
2408 417 2552 472 Nam
2575 416 2621 471 si
2649 417 2755 472 hoc
2775 419 2958 474 solum
2987 419 3137 492 quod
3157 420 3382 492 jubetur
3406 429 3532 491 orat,
3544 425 3686 484 rebus

484 512 820 583 promereri.
838 512 934 567 Sin
953 518 1142 567 autem
1156 512 1345 565 minus
1356 510 1658 565 attenderit
1668 511 1815 582 quod
1834 509 2077 582 praemit-

485 600 643 664 titur,
679 600 992 654 timendum
1026 617 1098 654 ne
1138 600 1317 655 oratio
1366 599 1466 653 ﬁat
1495 598 1867 653 exsecrabilis.
1900 598 2080 652 Aliter

486 705 620 760 ergo
646 689 831 743 vivere
848 706 1015 760 quam
1035 694 1095 742 ut
1105 688 1312 748 docuit.
1338 688 1679 758 degenerare
1696 693 1781 741 est
1803 705 1835 742 a
1867 688 2072 758 gratia,

486 795 590 850 per
619 796 788 849 quam
820 778 923 833 sibi
956 794 1057 831 nos
1097 776 1248 831 Deus
1280 777 1448 830 Pater
1481 776 1769 848 adoptavit
1805 777 1865 831 in
1894 776 2075 842 ﬁlios;

485 867 653 922 aliter
679 884 808 921 vero
837 883 1014 931 orare,
1045 882 1156 919 non
1184 866 1366 919 solum
1396 866 1736 936 ignorantia,
1766 883 1958 921 verum
1990 882 2081 920 er-

488 957 635 1011 roris
662 956 828 1027 culpa
847 955 1204 1026 praegravari.
1226 955 1302 1009 Ex
1322 972 1432 1026 quo
1462 955 1610 1009 idem
1640 956 1719 1010 ait
1752 974 1764 1008 :
1792 955 2083 1026 Rejecistis

487 1045 754 1099 mandata
780 1044 883 1098 Dei
913 1048 977 1098 ut
1004 1043 1338 1098 traditiones
1360 1050 1570 1099 vestras
1589 1044 1850 1099 statuatis
1870 1045 2080 1104 (Matth.

488 1146 584 1195 xv,
605 1127 675 1197 3).
706 1128 865 1183 Unde
886 1145 1112 1183 oremus
1124 1128 1673 1183 sicutdocuitunicus
1684 1130 1857 1183 Filius
1877 1129 2080 1196 Patris,

492 1217 588 1288 qui
617 1218 842 1272 Patrem
873 1233 1061 1283 suum,
1083 1218 1295 1272 scilicet
1323 1235 1358 1271 a
1398 1223 1623 1284 natura,
1656 1223 1911 1272 nostrum
1947 1234 2084 1289 prae-

488 1306 636 1361 stitit
652 1324 774 1362 esse
787 1323 887 1378 per
895 1306 1156 1377 gratiam.
1168 1307 1238 1360 Et
1247 1306 1515 1360 honorem
1529 1308 1819 1379 proprium
1849 1308 2085 1378 largitus

490 1402 578 1451 est
596 1395 919 1450 hominibus
938 1401 1018 1456 ut.
1037 1395 1184 1466 quod
1206 1395 1361 1450 solus
1380 1395 1624 1450 habebat
1636 1396 2085 1452 consubstantia-

490 1486 668 1541 litalis
697 1487 973 1558 optimum
997 1505 1011 1553 ;
1059 1485 1271 1540 cunctis
1300 1502 1404 1540 sua
1430 1485 1680 1540 bonitate
1709 1504 1810 1557 per
1842 1487 2086 1557 gratiam

495 1575 1045 1629 donaretindultum.
1068 1575 1423 1646 Quapropter
1450 1576 1638 1629 docuit
1648 1575 1805 1647 prius
1829 1592 1931 1629 nos
1959 1593 2086 1630 con-

493 1663 701 1719 formes
730 1681 852 1718 esse
880 1664 1101 1729 debere,
1118 1664 1319 1719 deinde
1343 1664 1635 1730 concessit,
1665 1665 1814 1736 quod
1842 1665 1961 1736 ipse
1980 1666 2082 1719 ha-

2160 523 2220 560 se
2258 511 2615 577 accepturum
2644 508 2793 578 quod
2820 526 2919 579 spe
2964 511 3251 581 praesumit
3282 511 3336 565 in
3366 528 3427 566 eo
3445 514 3528 584 qui
3569 517 3687 569 nulli

2159 602 2332 667 negat
2349 596 2496 668 quod
2518 597 2843 668 requisitur,
2859 598 3203 654 conﬁdenter
3222 600 3468 670 gaudeat.
3496 601 3689 657 Publica

2161 692 2249 740 est
2271 685 2421 748 enim
2451 686 2711 741 omnibus
2748 686 2807 741 in
2838 688 3061 742 Christo
3090 689 3316 756 renatis,
3347 695 3400 743 et
3421 692 3692 746 communis

2158 774 2276 829 haec
2314 775 2514 835 oratio.
2547 775 2769 845 quando
2799 791 2912 830 non
2943 793 3042 847 pro
3071 793 3201 844 uno,
3234 777 3327 832 sed
3356 794 3449 848 pro
3477 778 3694 833 omnibus

2162 863 2488 930 etlunditur,
2506 864 2636 935 quia
2657 865 2923 919 omnesin
2943 864 3164 921 Christo
3177 882 3345 920 unum
3366 868 3698 922 sumus.Deus

2163 952 2342 1023 igitur
2358 952 2511 1023 pacis
2540 958 2597 1006 et
2622 953 2948 1021 concordiae,
2980 954 3248 1024 magister
3270 955 3520 1020 veritatis,
3548 956 3700 1009 unita-

2163 1047 2281 1096 tem
2306 1046 2629 1096 renatorum
2662 1042 2927 1097 instituit.
2958 1044 3089 1098 Ideo
3130 1044 3207 1098 sic
3234 1061 3402 1098 unum
3431 1060 3522 1115 pro
3548 1044 3700 1098 omni-

2165 1130 2269 1185 bus
2289 1131 2655 1197 orarevoluit,
2670 1132 2948 1202 quomodo
2983 1133 3105 1203 ipse
3141 1133 3200 1187 in
3234 1150 3343 1187 uno
3356 1133 3513 1187 simul
3538 1149 3703 1187 omnes

2164 1219 2426 1291 portavit.
2459 1220 2601 1273 Nam
2634 1221 2819 1291 majus
2863 1226 2950 1275 est
2973 1236 3149 1275 unum
3198 1222 3257 1275 in
3284 1221 3526 1275 omnibus
3551 1237 3704 1287 orare,

2166 1325 2337 1380 quam
2365 1308 2423 1362 in
2459 1308 2641 1379 seipso
2671 1309 2937 1380 aliquem,
2970 1316 3199 1381 propter
3226 1310 3370 1381 quod
3392 1327 3497 1364 non
3523 1309 3710 1363 modica

2166 1398 2343 1451 virtus
2385 1399 2656 1452 orationis
2709 1403 2769 1463 θ
2783 1405 2820 1464 Ι
2838 1405 2897 1463 8
2946 1399 3315 1454 existimanda
3342 1404 3441 1465 est,
3471 1400 3523 1452 in
3542 1415 3600 1452 eo
3631 1397 3710 1453 ubi

2167 1503 2362 1542 omnes
2391 1504 2493 1558 pro
2523 1503 2636 1541 uno
2661 1487 2830 1542 simul
2860 1494 3042 1552 orant,
3071 1489 3204 1559 quia
3232 1506 3377 1544 unus
3407 1488 3465 1543 in
3490 1486 3712 1542 omnibus

2166 1576 2475 1630 dedicatur.
2510 1577 2580 1631 Et
2606 1592 2735 1631 cum
2762 1577 2969 1632 dicitur
2994 1577 3065 1632 ab
3093 1578 3351 1633 omnibus
3382 1597 3393 1632 :

2240 1669 2405 1720 Pater
2426 1671 2626 1732 noster,
2650 1670 2750 1735 qui
2769 1684 2820 1720 es
2852 1670 2914 1721 in
2942 1671 3104 1722 catis.
3121 1668 3178 1723 Si
3209 1668 3447 1739 proiecto
3474 1667 3645 1721 unitus
3665 1682 3715 1719 es

495 1750 665 1807 bebat
693 1770 758 1807 ex
788 1758 991 1808 natura
1020 1754 1267 1821 deitatis,
1290 1753 1451 1808 nobis
1478 1770 1579 1825 per
1608 1733 1924 1826 adoptionis
1950 1772 2086 1826 gra-
2104 1733 2151 1793 Β
2169 1756 2228 1810 in
2259 1755 2463 1810 Christi
2497 1733 2750 1826 corpore,
2782 1772 2978 1810 omnes
3014 1733 3433 1827 paritersecum
3459 1761 3511 1810 te
3533 1755 3585 1810 in
3610 1771 3717 1826 pre-

496 1840 634 1896 tiam
663 1842 1128 1914 possidere.Quid
1157 1843 1331 1914 igitur
1351 1842 1716 1897 ordinabilius
1743 1843 1851 1898 dici
1879 1849 2082 1915 potest,

498 1931 699 2002 quidve
728 1932 1050 2002 potentius?
1078 1931 1211 2004 quid
1239 1931 1554 2004 benignius,
1575 1933 1663 1987 vel
1691 1932 1824 2003 quid
1855 1933 2086 2003 largius,

496 2036 665 2092 quam
696 2020 846 2092 quod
870 2020 1132 2091 praestitit
1158 2020 1338 2087 nobis,
1367 2026 1426 2075 et
1452 2021 1641 2076 docuit
1666 2038 1770 2076 nos
1793 2023 2090 2094 comparti-

493 2109 645 2182 cipes
678 2126 799 2165 esse
832 2110 1076 2165 nominis
1090 2112 1232 2180 ejus,
1255 2115 1312 2164 et
1338 2110 1630 2181 dignitatis
1652 2111 1784 2165 fecit
1802 2128 1924 2166 esse
1951 2128 2086 2166 con-

495 2204 677 2255 sortes
699 2200 725 2253 ?
748 2199 890 2254 Hinc
919 2204 1006 2254 est
1031 2216 1165 2269 ergo
1219 2199 1367 2270 quod
1414 2200 1563 2254 inter
1590 2204 1791 2255 caetera
1817 2201 2090 2255 salutaria

496 2306 601 2343 sua
629 2288 842 2342 monita
872 2294 931 2343 et
956 2293 1235 2360 praecepta
1261 2287 1470 2353 divina,
1504 2288 1706 2360 quibus
1734 2289 2089 2345 credentibus

496 2378 739 2432 consulit
774 2376 845 2430 ad
897 2378 1157 2442 salutem,
1205 2378 1497 2448 proposuit
1540 2378 1711 2432 etiam
1758 2379 1955 2434 orandi
1984 2379 2093 2433 for-

496 2482 670 2532 mam,
692 2465 939 2521 instituit
967 2466 1317 2537 qualitatem,
1334 2466 1569 2521 tradidit
1591 2467 1963 2539 disciplinam,
1977 2486 2094 2524 mo-

497 2555 624 2610 nuit
655 2555 789 2626 quid
836 2555 1161 2626 petendum,
1192 2555 1348 2609 dedit
1397 2572 1596 2610 ausum
1644 2557 1978 2628 adoptionis,
2006 2563 2089 2625 ut,

495 2648 608 2711 3|
630 2648 681 2709 θ
714 2645 849 2698 dum
879 2644 1117 2699 interius
1144 2645 1200 2699 in
1229 2643 1390 2699 nobis
1418 2646 1565 2717 apud
1579 2646 1802 2701 Patrem
1826 2648 2089 2719 petimus,

492 2732 712 2788 facilius
722 2732 1553 2805 audiamur.Implevitdenique
1566 2736 1713 2806 quod
1732 2736 2087 2807 promiserat,

494 2820 629 2895 quia
649 2823 761 2879 veri
776 2824 1104 2878 adoratores
1135 2823 1448 2878 adorabunt
1468 2824 1694 2878 Patrem
1713 2825 1771 2878 in
1805 2825 2006 2897 spiritu
2034 2831 2092 2880 et

498 2912 752 2967 veritate.
785 2912 918 2966 Veri
948 2911 1156 2982 itaque,
1190 2912 1343 2983 quia,
1386 2914 1549 2983 juxta
1589 2912 2089 2968 sanctiﬁcationem

2169 1845 2326 1899 cibus
2350 1848 2665 1910 assumunt,
2721 1850 2892 1916 atque
2918 1850 2981 1900 ut
3011 1847 3113 1900 ﬁat
3135 1847 3386 1902 volontas
3406 1846 3463 1900 in
3489 1850 3558 1911 te,
3580 1843 3721 1899 simul

2169 1935 2492 2006 implorant.
2530 1934 2743 1988 Idcirco
2798 1950 2910 1988 non
2958 1935 3178 1990 modica
3219 1935 3509 2007 cogitanda
3529 1922 3608 1988 est
3624 1933 3721 1986 haec

2170 2024 2377 2089 unitas,
2399 2040 2511 2077 non
2541 2023 2994 2095 parvipendenda
3012 2029 3129 2079 tam
3160 2026 3325 2079 ﬁrma
3350 2025 3405 2078 in
3431 2023 3723 2079 Christoso-
3810 2026 3817 2033 ”

2169 2113 2363 2178 cietas,
2381 2112 2477 2167 ubi
2503 2111 2755 2166 omnium
2768 2129 2872 2166 vox
2901 2119 2988 2168 est
3013 2120 3221 2180 una,et
3241 2114 3407 2169 simul
3436 2128 3614 2167 omnes
3629 2126 3725 2165 una

2170 2203 2279 2256 ﬁde
2307 2203 2488 2256 Deum
2507 2202 2565 2255 in
2594 2207 2783 2256 mente
2813 2208 3057 2272 portant,
3076 2220 3191 2257 una
3210 2203 3479 2259 charitate
3496 2201 3720 2271 diligunt,

2170 2309 2283 2347 una
2305 2294 2427 2362 jam
2466 2308 2565 2363 spe
2591 2290 2890 2359 fruuntur;
2920 2291 3089 2346 simul
3112 2309 3335 2364 quoque
3365 2307 3550 2346 omnes
3575 2303 3724 2343 unum

2173 2387 2391 2454 petunt,
2426 2398 2600 2436 unum
2646 2386 2922 2451 quaerunt,
2954 2398 3126 2435 unam
3166 2383 3393 2452 pulsant
3419 2380 3488 2435 ad
3524 2380 3723 2450 januam

2173 2471 2418 2544 pietatis.
2438 2469 2778 2540 Nihiligitur
2798 2470 3054 2536 validius,
3079 2470 3221 2525 nihil
3249 2468 3582 2541 locupletius,
3611 2464 3727 2520 nihil

2174 2560 2394 2625 melius,
2409 2576 2574 2632 quam
2593 2565 2658 2614 ut
2685 2575 2879 2613 omnes
2898 2575 3075 2613 unum
3091 2560 3225 2627 sint,
3247 2565 3305 2615 et
3320 2575 3507 2614 omnes
3528 2572 3618 2628 pro
3634 2569 3727 2610 uno

2173 2650 2486 2720 invigilent,
2513 2649 2677 2703 sicuti
2694 2665 2841 2703 unus
2866 2665 2966 2720 pro
2995 2648 3262 2704 omnibus
3291 2650 3436 2703 inter
3460 2661 3653 2716 omnes,
3678 2647 3731 2696 ut

2172 2739 2418 2794 universi
2438 2738 2605 2792 simul
2627 2737 2685 2791 in
2713 2736 2935 2792 Christo
2945 2754 3122 2793 unum
3142 2738 3513 2794 inveniantur.
3529 2736 3640 2799 Qua
3654 2748 3729 2787 re-

2171 2844 2305 2883 vera
2335 2828 2464 2894 ﬁde,
2504 2844 2616 2898 qua
2634 2843 2751 2898 spe,
2788 2843 2899 2897 qua
2919 2827 3161 2898 denique
3180 2828 3453 2882 charitate
3477 2822 3648 2879 docuit
3676 2824 3731 2874 ut

2170 2933 2337 2970 nemo
2364 2915 2611 2970 ﬁdelium
2648 2915 2718 2969 ab
2740 2916 2845 2970 hac
2869 2915 3085 2970 unitate
3117 2933 3176 2970 se
3200 2917 3430 2971 dividat.
3448 2914 3571 2970 Ideo
3588 2924 3730 2966 nemo

498 3000 728 3072 spiritus
758 3005 816 3054 et
842 2999 1202 3054 traditionem
1229 3001 1502 3069 veritatis,
1536 3002 1761 3056 Patrem
1789 3002 2090 3057 adoramus
2109 3010 2152 3070 ί]
2174 3005 2321 3076 apud
2342 3006 2561 3059 Patrem
2582 3004 2885 3076 impetrare
2902 3005 3050 3075 quod
3064 3005 3242 3060 Filius
3266 3004 3456 3061 docuit
3478 3002 3661 3058 unicus
3683 3013 3733 3051 se

497 3088 619 3143 sine
637 3089 752 3143 ullo
781 3089 990 3143 erroris
1009 3087 1315 3144 obstaculo.
1347 3091 1463 3144 Nos
1484 3090 1632 3144 enim
1663 3091 1940 3146 nescimus
1958 3108 2093 3162 quo-

497 3176 664 3231 modo
711 3181 967 3247 oporteat
1000 3192 1183 3245 orare,
1215 3178 1312 3231 sed
1357 3178 1599 3249 Spiritus
1626 3184 1853 3234 sanctus
1883 3185 1968 3234 est
1996 3180 2092 3251 qui

496 3266 659 3320 docet
687 3282 789 3320 nos
814 3266 883 3320 de
913 3265 1192 3333 omnibus,
1218 3273 1274 3321 et
1303 3268 1551 3338 postulat
1572 3285 1672 3339 pro
1720 3268 1900 3329 nobis.
1924 3275 2092 3342 atque

503 3355 821 3427 transponit
842 3355 899 3409 in
922 3372 1145 3410 omnem
1166 3356 1475 3411 veritatem.
1510 3357 1720 3413 Idcirco
1741 3359 1896 3412 nulla
1916 3360 2094 3431 magis

497 3445 768 3516 spiritalis
797 3445 974 3499 oratio
1003 3461 1185 3516 neque
1215 3445 1510 3517 profusior,
1526 3464 1844 3518 quanquam
1875 3466 1909 3502 a
1928 3450 2089 3517 Filio,

500 3533 693 3604 quiest
706 3535 946 3600 Veritas,
970 3551 1035 3589 ex
1052 3536 1175 3607 ejus
1203 3552 1299 3589 ore
1324 3536 1693 3608 percepimus.
1725 3538 1922 3592 Amica
1942 3539 2092 3593 enim

500 3629 559 3678 et
578 3622 872 3678 familiaris
898 3624 1077 3678 oratio
1116 3630 1218 3690 est,
1261 3625 1442 3680 Deum
1492 3625 1562 3679 de
1592 3642 1711 3691 suo,
1746 3626 1868 3698 ipso
1897 3627 2093 3699 praeci-

497 3712 705 3785 piente,
739 3729 957 3784 rogare,
983 3718 1040 3767 et
1060 3714 1130 3767 ad
1158 3714 1349 3785 plures
1376 3720 1639 3786 paternas
1671 3716 1877 3770 Christi
1897 3734 2092 3772 ascen-

498 3802 632 3857 dere
654 3803 946 3861 _mandata.
976 3802 1121 3868 Quid
1148 3803 1324 3874 igitur
1351 3808 1533 3875 putas,
1561 3810 1897 3876 agnoscetne
1925 3807 2095 3860 Pater

502 3892 629 3947 Filii
647 3893 735 3948 sui
752 3891 954 3947 verba?
974 3893 1121 3964 Ergo
1141 3910 1266 3947 cum
1284 3909 1506 3964 precem
1518 3892 1768 3959 facimus,
1790 3895 1914 3949 ideo
1942 3895 2093 3949 intra

499 3980 818 4037 cubiculum
844 3983 1056 4037 intrare
1081 3981 1367 4052 jubemur,
1395 3980 1573 4053 utqui
1598 3983 1816 4038 habitat
1834 3983 2090 4038 Christus

501 4069 658 4123 intus
711 4070 769 4124 in
801 4075 1044 4140 pectore,
1077 4071 1196 4140 ipse
1226 4071 1301 4123 sit
1327 4076 1386 4124 et
1411 4071 1469 4125 in
1491 4087 1641 4126 voce.
1672 4072 1935 4144 Alioquin
1973 4073 2092 4128 sine

498 4157 617 4211 Deo
647 4158 795 4228 apud
823 4158 1001 4211 Deum
1032 4174 1225 4227 preces
1253 4158 1505 4224 fundere,
1538 4177 1601 4214 ac
1625 4177 1743 4214 rem
1774 4162 1956 4217 verbis
1983 4163 2093 4217 im-

500 4244 655 4316 plere
711 4261 1010 4316 possumus
1054 4246 1340 4317 profecto;
1376 4248 1633 4302 effectum
1664 4249 1850 4320 operis
1878 4267 2093 4323 nequa-

501 4349 671 4404 quam
696 4333 1089 4388 obtinebimus.

571 4421 665 4478 Sic
690 4437 836 4490 ergo,
868 4422 1072 4494 inquit,
1096 4439 1184 4477 ros
1224 4425 1485 4478 orabit-1's:
1518 4423 1596 4479 Et
1618 4425 1752 4497 quid
1773 4431 1857 4480 est
1885 4427 2088 4482 dicere.

500 4507 593 4564 Sic
627 4525 753 4576 ergo
782 4526 869 4563 ros
910 4512 1173 4565 ambitis?
1195 4511 1323 4578 nisi,
1355 4528 1469 4566 non
1492 4518 1553 4567 ut
1580 4515 1892 4583 hypocrita,
1925 4521 1990 4570 ut
2010 4516 2093 4569 vi-

500 4598 765 4664 deamini,
791 4615 902 4654 non
932 4606 993 4654 ut
1024 4602 1249 4667 ethnici,
1282 4601 1340 4656 in
1371 4602 1743 4675 multiloquio,
1776 4605 1873 4659 sed
1900 4611 1964 4660 ut
1991 4606 2094 4660 do-

500 4704 619 4755 ceo,
642 4694 701 4743 et
730 4691 878 4760 quod
908 4691 1098 4758 doceo,
1133 4696 1190 4746 et
1213 4694 1490 4764 quomodo
1518 4695 1709 4762 doceo,
1738 4712 1833 4751 vos
1864 4697 1961 4767 qui
1980 4698 2090 4752 mei

500 4777 655 4844 estis,
684 4777 935 4833 orabitis.
969 4780 1114 4852 Ergo
1143 4780 1239 4835 ubi
1270 4799 1382 4837 non
1427 4783 1608 4838 solum
1648 4785 1968 4856 pensandus
2007 4792 2093 4842 est

501 4866 729 4921 effectus
757 4869 1046 4933 orationis,
1079 4887 1272 4925 verum
1302 4872 1469 4927 etiam
1498 4874 1827 4944 cogitandus
1869 4873 2091 4929 habitus

502 4956 767 5031 corporis,
795 4962 853 5012 et
872 4959 1069 5013 modus
1095 4960 1264 5027 vocis,
1294 4961 1561 5032 quietudo
1593 4979 1815 5035 quoque
1843 4963 2089 5035 discipli-

501 5061 587 5101 nae
616 5046 844 5113 Christi,
869 5052 925 5101 et
962 5048 1142 5119 pudor
1167 5049 1523 5105 humilitatis.
1555 5052 1793 5123 Propter
1819 5052 1967 5124 quod
2004 5053 2090 5107 in-

500 5133 610 5190 fert
643 5156 655 5190 :
688 5136 780 5192 Sic
809 5153 933 5206 ergo
962 5153 1050 5190 vos
1079 5140 1311 5192 orabz‘tz‘s
1328 5159 1344 5203 ;
1374 5156 1439 5194 ac
1481 5140 1529 5193 si
1556 5140 1787 5208 diceret,
1821 5147 1886 5195 ut
1905 5142 2086 5205 trado,

500 5233 567 5282 ut
590 5228 826 5292 instruo,
863 5235 928 5284 ut
976 5230 1256 5303 praecipio,
1296 5236 1361 5286 ut
1385 5233 1701 5303 praescribo.
1736 5235 1888 5289 Deus
1937 5235 2088 5289 enim

501 5333 613 5371 non
633 5317 799 5383 vocis,
826 5318 923 5373 sed
936 5319 1119 5373 cordis
1149 5320 1374 5374 auditor
1403 5327 1509 5386 est,
1527 5321 1596 5376 de
1622 5340 1731 5393 quo
1755 5324 2036 5394 Propheta
2072 5344 2084 5378 :

499 5406 984 5474 Przparalioncm,
1020 5408 1218 5478 inquit,
1245 5411 1422 5463 eordz's
1451 5428 1637 5464 eorum
1683 5414 1899 5467 audivit
1927 5416 2090 5467 auris

503 5482 774 5562 tua(‘1’sa’v.
801 5513 868 5559 IX,
892 5495 1002 5562 ‘20).
1046 5497 1255 5551 Idcirco
1282 5499 1534 5570 quisquis
1565 5505 1707 5561 orat,
1732 5500 1888 5553 illum
1921 5519 2084 5572 quem

502 5589 644 5650 orat,
669 5585 787 5656 jam
820 5603 920 5658 per
948 5585 1112 5641 ﬁdem
1147 5587 1203 5643 in
1219 5588 1382 5643 corde
1408 5593 1612 5654 teneat,
1630 5606 1729 5663 per
1756 5589 2089 5646 charitatcm

1936 5695 1968 5712 ρ

2175 3094 2428 3161 dithdat;
2457 3110 2643 3159 nemo,
2661 3111 2783 3165 quae
2796 3094 3004 3160 docuit,
3029 3112 3199 3167 opera
3221 3096 3463 3150 filiorum
3493 3088 3736 3164 ignaviter

2174 3183 2584 3255 praetermittat.
2600 3184 2729 3238 Haec
2774 3189 2877 3250 est,
2902 3184 3153 3254 inquam,
3183 3184 3290 3239 illa
3310 3188 3568 3257 potestas,
3591 3193 3733 3251 quam

2174 3273 2330 3328 dedit
2348 3271 2667 3327 hominibus
2694 3272 2838 3327 filios
2867 3273 2969 3328 Dei
2999 3272 3141 3327 ﬁeri.
3174 3274 3390 3329 Idcirco
3416 3279 3472 3328 et
3497 3266 3737 3343 praemisit

2174 3379 2345 3433 opera
2373 3362 2685 3433 potestatis,
2717 3367 2784 3416 ut
2799 3378 2865 3417 ex
2893 3361 3067 3435 ipsius
3096 3368 3330 3418 maneat
3353 3360 3571 3434 adoptio
3597 3356 3739 3413 liber-

2174 3452 2307 3506 tatis
2326 3456 2548 3507 nostraz.
2581 3452 2817 3522 Propter
2842 3451 2990 3523 quod
3012 3452 3111 3505 dat
3137 3468 3342 3507 ausum
3371 3449 3561 3506 orandi
3589 3460 3735 3519 quam

2172 3541 2325 3595 dedit
2356 3547 2413 3596 et
2442 3540 2652 3605 docuit,
2705 3541 2751 3595 si
2781 3540 2926 3612 quod
2962 3540 3147 3596 minus
3172 3546 3259 3596 est
3300 3543 3358 3597 in
3391 3540 3547 3597 nobis
3572 3542 3633 3592 ut
3653 3548 3739 3607 per

2169 3630 2412 3701 gratiam
2442 3629 2761 3701 impleatur.
2796 3629 2938 3683 Hinc
2972 3630 3192 3701 quoties
3241 3636 3497 3686 nostrum
3540 3623 3737 3696 aliquis»

2176 3719 2430 3792 quamvis
2456 3724 2705 3775 semotus
2734 3736 2768 3773 a
2805 3719 3038 3787 caateris,
3080 3725 3137 3774 et
3171 3719 3562 3776 secretioribus
3596 3713 3738 3771 habi-

2173 3815 2301 3864 tans
2350 3809 2591 3863 latenter
2646 3808 2802 3871 locis,
2834 3809 3011 3862 Deum
3057 3809 3284 3863 Patrem
3341 3803 3739 3879 nuncupaverit,

2175 3898 2602 3962 animadvertat,
2634 3914 2746 3951 non
2775 3898 3080 3969 separatim
3109 3898 3369 3968 singulis,
3402 3898 3499 3952 sed
3524 3907 3744 3951 commu-

2174 3988 2323 4041 niter
2342 3986 2618 4041 universis
2646 3986 2857 4041 donum
2879 3988 3023 4041 tanti
3052 3987 3302 4041 muneris
3327 3986 3669 4043 attributum.
3687 3980 3745 4034 Et

2175 4077 2299 4132 ideo
2320 4093 2484 4130 nemo
2513 4075 2618 4130 sibi
2648 4076 2955 4147 applaudat
2975 4076 3179 4142 dicere,
3210 4076 3384 4132 Pater
3402 4092 3558 4131 meus
3581 4072 3669 4145 qui
3694 4085 3745 4123 es

2175 4166 2233 4221 in
2262 4165 2435 4228 caelis,
2484 4166 2580 4220 sed
2629 4167 2794 4219 Pater
2842 4171 3045 4232 noster,
3083 4167 3351 4236 quoniam
3403 4166 3507 4220 soli
3544 4161 3744 4218 Christo

2175 4256 2462 4327 competit,
2489 4255 2650 4325 cujus
2678 4254 2902 4326 proprie
2932 4260 3092 4325 pater
3120 4260 3206 4309 est
3242 4256 3410 4310 Deus.
3448 4253 3603 4309 Unde
3630 4245 3745 4304 alibi

2106 4340 2155 4397 D
2174 4345 2465 4415 signanter
2483 4344 2580 4407 ait,
2612 4345 2747 4397 Vada
2774 4344 2848 4397 ad
2873 4345 3093 4397 Patrem
3138 4361 3343 4411 meum,
3384 4342 3585 4398 deinde
3610 4341 3748 4395 intu-

2175 4434 2320 4499 lit,ct
2349 4436 2565 4488 Patrem
2597 4432 3034 4504 vestrum(Joan.
3057 4450 3146 4499 xx,
3178 4433 3287 4501 17).
3321 4434 3445 4499 Quo
3477 4432 3639 4495 dicto,
3668 4442 3748 4479 sa-

2174 4522 2247 4576 tis
2277 4522 2515 4576 discrete
2547 4521 2815 4588 insinuat,
2863 4520 2969 4575 sibi
3011 4522 3311 4591 specialem
3353 4521 3592 4594 gloriam
3618 4512 3747 4588 quod

2175 4612 2348 4666 Filius
2368 4617 2453 4666 est
2466 4627 2773 4681 congruere
2795 4627 2894 4681 per
2918 4616 3199 4677 naturam,
3213 4612 3536 4682 generalem
3550 4617 3752 4680 quoque

2174 4702 2415 4771 gratiam
2446 4700 2762 4771 adoptionis
2786 4701 2999 4755 cunctis
3033 4701 3411 4755 communiter
3450 4710 3754 4755 concessam

2172 4806 2293 4844 esse
2325 4806 2424 4860 per
2443 4788 2707 4859 gratiam.
2730 4790 2807 4843 Ac
2826 4790 2870 4844 si
2899 4789 3102 4861 aliquis
3141 4789 3549 4861 paterfamilias
3578 4798 3754 4857 quem-

2172 4879 2323 4951 piam
2366 4877 2536 4933 habet
2568 4894 2603 4931 a
2630 4883 2831 4933 natura
2864 4879 3041 4934 filium
3067 4884 3125 4933 et
3150 4884 3341 4933 tamen
3383 4879 3572 4950 plures
3591 4870 3754 4946 possi-

2171 4968 2304 5022 deat
2328 4967 2583 5033 famulos,
2605 4967 2859 5039 nunquid
2874 4967 2944 5021 ob
2972 4968 3077 5022 hoc
3106 4965 3650 5040 quiapaterfamilias
3676 4959 3754 5014 di-

2172 5057 2337 5125 citur,
2365 5057 2511 5112 servi
2533 5056 2602 5111 ab
2648 5074 2714 5111 eo
2760 5074 2918 5128 aqua
2947 5057 3267 5113 conditione
3297 5056 3584 5112 habentur
3610 5057 3673 5108 ut
3694 5048 3755 5104 ﬁ-

2172 5146 2299 5213 lius,
2325 5146 2635 5218 praesertim
2670 5164 2797 5202 cum
2816 5146 2964 5201 idem
2994 5146 3169 5200 Filius
3199 5147 3475 5202 Dominus
3503 5142 3758 5216 probetur

2174 5251 2296 5288 esse
2316 5235 2683 5289 cunctorum?
2712 5236 2876 5289 Patet
2900 5235 3073 5305 igitur
3096 5235 3155 5288 in
3185 5236 3362 5290 altero
3397 5230 3758 5288 consubstan-

2171 5322 2381 5377 tialitas
2404 5329 2637 5389 naturae,
2657 5324 2711 5377 in
2744 5324 2920 5377 altero
2950 5340 3077 5377 vero
3097 5323 3319 5378 bonitas
3340 5318 3759 5377 dominantis.et

2173 5410 2230 5464 in
2244 5418 2481 5482 utroque
2502 5428 2797 5466 commune
2815 5412 3171 5483 paternitatis
3187 5417 3247 5480 ξι
3262 5420 3298 5479 1
3312 5418 3373 5477 π
3385 5426 3593 5465 nomen
3607 5403 3758 5461 sorti-

2173 5505 2283 5553 tur.
2318 5502 2476 5555 Unde
2506 5503 2792 5566 docemur,
2824 5517 3019 5555 omnes
3049 5518 3188 5572 quos
3220 5501 3368 5555 unda
3401 5500 3556 5553 lavat
3584 5493 3757 5565 bapti-

2174 5590 2298 5658 smi,
2334 5607 2434 5646 nos
2464 5592 2521 5645 in
2541 5591 2662 5665 ipso
2687 5592 2889 5647 fratres
2919 5606 3039 5645 esse
3067 5590 3291 5656 debere,
3326 5595 3383 5645 et
3419 5588 3480 5642 in
3527 5584 3756 5643 invicem
