3938 6174
218 289 306 353 281

974 288 1355 349 EXPOSITIO
1392 292 1475 371 IN
1511 287 1961 348 MATI‘HEUM.
2003 319 2069 331 —
2109 288 2246 345 LIB.
2288 287 2382 354 IV,
2429 286 2587 342 CAP.
2628 286 2725 342 VI.

3366 276 3491 361 A282

214 415 578 472 fraternitatis
605 415 831 471 vinculo
859 414 1081 471 sociari.
1113 418 1193 471 Ac
1219 433 1321 487 per
1337 417 1443 473 hoc
1473 417 1531 472 in
1558 422 1800 487 utroque
1818 417 1869 477 A
1889 430 1963 479 εστ
1987 441 2114 479 cum
2145 425 2249 477 Deo
2286 424 2347 476 in
2368 423 2511 475 cali:
2530 421 2659 490 (Col.
2692 433 2774 485 ιιι,
2806 417 2889 485 1),
2931 419 3050 488 Age
3093 419 3230 488 jam,
3275 431 3481 486 quaeso,

215 507 372 562 simul
401 522 707 561 monemur
735 506 891 560 Patri
922 506 1229 577 rependere
1254 508 1517 562 aﬁ'ectum
1547 506 1803 578 adoptio-

214 596 307 663 nis,
339 600 399 650 et
420 594 695 649 fratribus
724 611 834 649 non
858 595 1069 661 odium,
1106 595 1204 649 sed
1228 595 1806 674 germanitatisobse-

214 685 335 756 quio
386 684 694 739 deservire.
746 684 804 738 Si
833 683 983 737 enim
1014 685 1253 739 carnalis
1293 684 1556 740 nativitas
1599 702 1665 739 ex
1694 701 1807 739 uno

212 774 531 828 mortalium
561 789 664 827 nos
690 772 834 826 tanti
867 773 1078 827 amoris
1108 773 1247 843 ligat
1260 774 1504 839 vinculo,
1534 774 1808 845 multipli-

208 861 317 916 cius
356 862 660 932 cogitanda
692 867 778 915 est
814 861 1142 916 fraternitas
1172 878 1239 916 ex
1268 863 1385 917 Deo
1419 864 1586 918 Patre
1636 879 1808 918 vene-

207 951 397 1018 randa,
422 967 596 1021 quam
624 966 792 1005 nemo
812 950 919 1005 nisi
949 951 1220 1022 spiritalis
1240 957 1425 1022 potest
1449 952 1806 1021 dignoscere.

205 1040 489 1111 Alioquin,
531 1039 580 1093 si
615 1055 730 1094 non
764 1039 1094 1110 spiritaliter
1137 1046 1486 1106 renascatur,
1524 1041 1806 1111 quomodo

208 1129 351 1183 valet
384 1128 811 1199 apprehendere
845 1134 947 1183 aut
973 1133 1184 1183 sentire
1209 1130 1467 1185 affectum
1496 1130 1802 1185 secundum

207 1217 534 1272 interiorem
556 1218 841 1271 hominem
862 1218 1032 1288 hujus
1049 1219 1298 1273 amoris?
1317 1220 1573 1289 Namque
1605 1219 1652 1272 si
1677 1235 1810 1273 vera

205 1307 305 1361 ﬁde
326 1312 389 1360 et
417 1323 522 1377 spe
549 1306 865 1361 certissima
884 1307 1002 1362 haec
1024 1307 1333 1379 paternitas
1352 1314 1721 1363 veneraretur
1751 1313 1807 1362 et

204 1401 514 1462 amaretur,
548 1412 650 1467 per
679 1396 951 1467 Spiritum
976 1402 1235 1452 sanctum
1271 1397 1548 1451 charitate
1583 1397 1803 1462 dill‘usa,

204 1501 498 1555 nunquam
518 1483 842 1539 fratemitas
858 1486 1042 1540 carnis
1058 1486 1303 1558 amplius
1318 1486 1528 1540 valeret
1543 1486 1691 1557 apud
1713 1486 1812 1540 ali-

206 1590 361 1645 quos,
406 1573 511 1627 sed
554 1573 882 1644 praeferrent
917 1574 1284 1629 nobilitatem
1317 1591 1383 1629 ex
1424 1576 1559 1639 Deo,
1592 1581 1650 1628 et
1688 1591 1814 1644 gra-

204 1662 336 1716 tiam
368 1661 698 1733 adoptionis
717 1664 1101 1734 curruptioni;
1134 1664 1444 1734 darentque
1473 1679 1700 1734 operam
1730 1680 1799 1717 ne

206 1727 516 1822 degeneres
548 1751 871 1817 existerent,
888 1727 957 1807 et
976 1727 1133 1806 tanto
1160 1727 1394 1824 parente
1417 1727 1652 1822 indigni,
1682 1769 1806 1833 pro:
1823 1727 1871 1788 Β

205 1846 321 1911 pter
347 1844 696 1895 vetustatem
728 1840 931 1895 carnis.
962 1842 1099 1895 Ecce
1129 1857 1298 1913 quam
1328 1841 1511 1895 ﬁdelis
1540 1848 1597 1895 et
1640 1841 1811 1895 beata

206 1928 364 1983 debet
394 1928 676 1984 aestimari
718 1930 918 1995 oratio,
961 1946 1132 2000 quam
1170 1930 1332 1984 nobis
1360 1930 1556 1984 doctor
1589 1930 1714 1985 vitae
1752 1934 1809 1983 et

208 2017 477 2088 magister
506 2017 756 2072 scelestis
783 2018 1008 2084 docuit;
1043 2034 1169 2072 ecce
1194 2035 1361 2089 quam
1383 2018 1535 2073 beati
1562 2036 1664 2073 nos
1685 2036 1810 2074 esse

206 2122 527 2177 possumus,
561 2106 609 2159 si
636 2106 754 2160 haec
780 2123 894 2160 non
924 2112 1146 2161 tantum
1174 2106 1356 2161 ofﬁcio
1377 2108 1510 2173 oris,
1537 2108 1637 2162 sed
1658 2108 1808 2162 ﬁdeli

208 2194 651 2250 conversationis
672 2211 960 2249 servamus
975 2202 1131 2262 actu;
1151 2212 1276 2251 ecce
1296 2213 1466 2267 quam
1497 2202 1651 2251 certa
1680 2214 1807 2269 spes

212 2284 404 2339 salutis
419 2284 561 2338 data
588 2290 676 2339 est
704 2284 1079 2352 credentibus,
1097 2291 1420 2357 quantaque
1443 2286 1590 2341 circa
1613 2302 1714 2341 nos
1731 2287 1812 2341 di-

214 2373 369 2428 lectio
391 2373 686 2429 Creatoris
712 2374 1064 2440 diﬁ‘unditur,
1098 2380 1311 2446 quanta
1336 2376 1721 2430 misericordia
1757 2381 1813 2429 et

212 2463 383 2534 pietas
412 2468 792 2534 praerogatur,
814 2469 1137 2535 quantaque
1159 2465 1345 2535 gratia
1371 2470 1428 2519 et
1456 2465 1675 2520 ﬁduciae
1696 2482 1817 2520 mu-

214 2567 311 2605 nus
334 2551 693 2621 indulgetur,
717 2556 799 2616 ut,
821 2551 916 2622 qui
936 2552 1081 2606 servi
1102 2553 1256 2623 digni
1272 2569 1383 2607 non
1398 2553 1813 2620 fuimus,Deum

212 2647 425 2710 patrem
466 2640 658 2694 dicere
693 2640 1023 2695 audeamus.
1056 2641 1214 2696 Unde
1254 2658 1480 2696 necesse
1521 2647 1606 2697 est
1654 2644 1813 2713 quasi

212 2729 303 2783 ﬁlii
336 2729 445 2783 Dei
486 2729 742 2784 vivamus
780 2735 839 2784 et
854 2746 1266 2797 conversemur,
1303 2737 1365 2785 ut
1408 2731 1464 2785 id
1500 2722 1629 2786 esse
1660 2732 1812 2801 quod

213 2816 468 2883 dicimur,
493 2818 830 2889 spiritaliter
857 2824 986 2873 actu
1007 2825 1065 2873 et
1097 2819 1346 2874 moribus
1385 2820 1704 2891 probemus,
1729 2837 1813 2874 se-

214 2908 456 2961 cundum
482 2907 634 2977 quod
663 2908 906 2962 Joannes
952 2907 1033 2962 ait
1066 2927 1077 2962 :
1112 2908 1218 2975 Qui
1245 2915 1412 2962 natus
1456 2915 1530 2963 est
1578 2926 1642 2963 ea:
1686 2911 1807 2975 Deo,

218 3010 319 3050 non
332 2998 771 3065 peccattlJoan.
804 3013 858 3057 v,
894 2994 1001 3066 '18),
1033 2998 1166 3069 quia
1194 2998 1312 3052 nati
1329 2997 1472 3052 vitas
1505 2998 1605 3052 Dei
1632 3004 1813 3052 custo-

215 3083 290 3139 dit
316 3085 507 3151 illum,
559 3090 617 3139 et
656 3084 911 3139 diabolus
949 3102 1060 3140 non
1089 3086 1271 3157 tangit
1310 3103 1457 3141 eum.
1487 3086 1595 3150 Qui
1626 3094 1812 3142 autem

208 3180 500 3245 peccatum
538 3173 692 3239 facit,
723 3190 836 3228 non
875 3181 962 3229 est
984 3192 1050 3229 ex
1070 3176 1204 3242 Deo,
1230 3176 1329 3230 sed
1352 3193 1417 3229 ex
1437 3175 1817 3247 diabolo,quia

213 3263 469 3317 diabolus
499 3262 572 3317 ab
601 3263 765 3317 initio
799 3270 1010 3333 peccat.
1042 3264 1272 3329 Idcirco,
1307 3270 1595 3319 servantes
1624 3282 1813 3319 sacra-

215 3359 470 3407 mentum
499 3351 813 3406 nativitatis
830 3358 1055 3418 nostraz,
1071 3353 1141 3406 ab
1161 3354 1314 3407 omni
1330 3354 1454 3408 labe
1476 3355 1689 3425 peccati
1711 3371 1815 3409 nos

216 3442 496 3496 immunes
525 3441 928 3509 custodiamus,
945 3448 1010 3496 ut
1033 3459 1159 3497 vere
1188 3442 1288 3496 lilii
1317 3443 1417 3497 Dei
1447 3444 1812 3508 simus.Quod

214 3530 378 3601 longe
404 3530 587 3585 Isaias
614 3546 747 3584 voce
774 3536 969 3586 nostra
993 3531 1345 3595 vaticinatur,
1381 3531 1570 3586 dicens
1601 3549 1614 3586 :
1647 3534 1725 3586 Tu
1761 3550 1813 3587 es

222 3622 370 3673 enim
418 3622 584 3674 Pater
623 3625 820 3685 noster,
864 3623 999 3689 quia
1040 3622 1322 3675 Abraham
1361 3624 1585 3675 nescivit
1618 3638 1732 3685 nos,
1766 3627 1815 3675 et

222 3707 392 3762 Israel
438 3724 554 3762 non
590 3712 855 3776 cognovit,
887 3710 979 3762 sed
1004 3714 1083 3775 tu,
1124 3711 1373 3775 Domine,
1419 3712 1581 3765 Pater
1615 3716 1813 3776 noster,

224 3798 289 3850 ab
313 3799 482 3850 initio
502 3813 705 3851 nomen
735 3801 897 3850 tuum
927 3813 1091 3867 super
1120 3814 1217 3852 nos
1250 3800 1377 3866 (lsa.
1407 3813 1562 3862 LXIII,
1599 3796 1706 3868 16).
1741 3801 1821 3853 De

226 3900 333 3955 quo
353 3884 622 3939 nimirum
651 3886 878 3940 nomine
904 3886 1041 3941 satis
1070 3887 1251 3941 edocti
1272 3904 1555 3959 rogamus.

292 3975 686 4042 Sancti'ﬁcetur
714 3991 911 4029 nomen
941 3981 1120 4029 tuum.
1168 3975 1280 4031 Sed
1318 3977 1472 4048 prius
1502 3978 1772 4048 quaeritur
1803 3996 1814 4030 :

227 4062 378 4117 Deus
403 4070 567 4135 pater
595 4063 729 4134 quia
747 4063 957 4135 ubique
984 4080 1105 4119 esse
1137 4066 1404 4133 creditur,
1437 4084 1564 4120 cum
1608 4066 1657 4120 ei
1689 4072 1822 4121 tan-

228 4156 375 4217 tum,
403 4156 502 4220 qui
522 4169 575 4206 es
605 4157 797 4218 320
816 4156 879 4207 in
908 4156 1069 4218 cretis,
1094 4155 1347 4209 dicatur?
1394 4156 1622 4209 Necnon
1659 4155 1817 4222 illud,

226 4241 307 4294 Ad
337 4245 386 4293 te
416 4242 592 4295 levavi
618 4246 798 4296 oculos
827 4259 989 4307 meos,
1012 4247 1112 4313 qui
1142 4244 1357 4299 habitas
1392 4247 1455 4298 in
1481 4248 1623 4298 catis
1655 4242 1816 4316 (Psat.

223 4343 392 4395 (χχχιι,
411 4330 461 4399 1)
482 4346 583 4384 seu
604 4335 663 4385 et
678 4330 736 4385 in
755 4332 1187 4403 quamplurimis
1207 4333 1360 4398 locis,
1384 4334 1479 4387 ubi
1495 4334 1643 4394 Deus
1657 4334 1823 4387 Pater

1888 513 2199 569 cmlestium
2231 516 2531 577 scrutator,
2566 516 2622 564 et
2650 508 2911 580 perquire
2937 508 3168 578 quinam
3204 505 3327 560 caeli
3356 510 3489 558 sunt

1889 603 1949 657 in
1978 602 2179 673 quibus
2206 608 2264 655 et
2292 601 2468 655 Deum
2493 600 2719 652 Patrem
2740 604 2798 651 et
2823 598 2994 651 vitam
3015 604 3170 651 tuam
3196 592 3483 648 abscondi-

1889 698 2005 746 tam
2025 690 2395 761 recognoscis.
2421 687 2687 759 Nunquid
2705 686 2980 740 altissima
3003 684 3199 739 mundi
3228 698 3488 753 corpora,
3541 736 3553 747 ,

1891 798 2016 852 qua":
2038 796 2152 834 non
2183 783 2420 850 possunt
2443 793 2563 830 esse
2585 776 2692 830 nisi
2714 776 2771 829 in
2800 776 2920 829 loco
2938 774 2965 826 ?
2995 774 3156 837 Quod
3184 772 3232 826 si
3269 771 3353 825 ita
3380 774 3485 836 est,

1889 886 2020 923 aves
2040 868 2163 922 cceli
2188 866 2418 937 majoris
2439 865 2624 918 meriti
2657 870 2842 929 erunt,
2862 879 3101 933 quarum
3137 859 3486 915 conversatio

1891 958 2006 1011 Deo
2025 956 2260 1010 vicinior
2281 960 2391 1011 est:
2426 954 2572 1025 quod
2606 953 2833 1006 omnino
2866 958 3017 1005 stare
3044 967 3155 1005 non
3185 953 3387 1020 potest.
3421 949 3488 1001 Et

1889 1047 2016 1102 ideo
2040 1046 2330 1101 fatendum
2364 1045 2545 1098 Deum
2573 1058 2848 1112 nusquam
2880 1041 2935 1094 in
2962 1040 3082 1094 loco
3112 1037 3486 1108 corporalium

1890 1153 2079 1190 rerum
2104 1134 2465 1206 quaerendum
2488 1136 2589 1185 aut
2608 1131 2999 1201 cogitandum;
3029 1144 3210 1199 neque
3239 1126 3485 1196 aliquem

1890 1242 2012 1280 esse
2042 1226 2225 1278 locum
2248 1239 2357 1294 quo
2385 1237 2497 1275 non
2514 1221 2603 1285 sit,
2629 1220 2761 1290 quia
2781 1219 2963 1272 omnis
2992 1218 3148 1271 locus
3173 1219 3375 1287 prmsto
3402 1218 3489 1267 est

1890 1315 1960 1369 ei.
1989 1316 2130 1369 Nam
2154 1312 2300 1384 quod
2334 1310 2539 1380 ubique
2560 1314 2664 1372 est,
2700 1307 2779 1361 ita
2806 1306 2914 1360 dici
2946 1306 3166 1359 videtur
3190 1320 3303 1358 non
3334 1302 3484 1373 quod

1892 1402 2219 1458 localiterin
2250 1400 2402 1454 omni
2428 1399 2502 1452 sit
2527 1399 2646 1450 loco
2676 1394 2921 1457 (omnino
2951 1394 3097 1447 enim
3128 1393 3187 1446 in
3212 1393 3333 1446 loco
3365 1406 3488 1445 esse

1893 1510 2005 1547 non
2031 1495 2253 1563 potestl,
2276 1489 2371 1543 sed
2401 1487 2549 1558 quod
2579 1486 2629 1539 ei
2652 1484 2835 1539 omnis
2856 1483 3009 1537 locus
3034 1481 3198 1546 adsit,
3222 1481 3383 1551 eique
3415 1478 3487 1533 ad

1892 1582 2225 1653 capiendum
2246 1583 2455 1650 pateat,
2471 1592 2596 1630 cum
2614 1575 2733 1645 ipse
2764 1589 2875 1627 non
2904 1571 3243 1641 suscipiatur
3267 1570 3324 1622 in
3345 1569 3483 1632 loco,

1895 1677 2064 1742 atque
2084 1670 2209 1723 ideo
2229 1673 2379 1721 recte
2400 1681 2679 1736 nusquam
2709 1663 2766 1717 in
2797 1663 2915 1715 loco
2933 1677 3052 1714 esse
3073 1659 3309 1713 dicatur.
3330 1657 3490 1721 Quo-

1896 1759 2045 1812 niam
2068 1757 2315 1828 Spiritus
2345 1757 2493 1810 Deus
2508 1753 2717 1824 ubique
2735 1757 2839 1811 est,
2866 1750 3000 1804 licet
3014 1748 3204 1803 nonin
3230 1748 3372 1812 loco,
3388 1745 3487 1799 sed

1894 1848 1951 1901 in
1979 1846 2322 1918 spiritalibus
2350 1852 2408 1899 et
2435 1845 2492 1898 in
2511 1842 2750 1898 Sanctis.
2774 1840 2913 1894 Hinc
2935 1854 3156 1909 quoque
3178 1835 3348 1890 David
3370 1834 3483 1888 ait:

1890 1938 2050 2002 Deus,
2083 1939 2183 2004 qui
2214 1938 2275 1988 in
2308 1936 2513 1987 sanctis
2542 1934 2757 1985 habitas
2776 1931 2947 1999 (Psal.
2970 1944 3076 1987 χχι,
3115 1924 3187 1989 3),
3219 1922 3487 1978 nimirum

1892 2025 2001 2078 hcc
2032 2029 2118 2077 est
2144 2024 2329 2076 dicere
2357 2022 2415 2075 in
2448 2021 2623 2075 cmlis.
2665 2020 3021 2089 QuaprOpter
3066 2013 3319 2084 quisquis
3360 2028 3487 2065 cum

1891 2114 2007 2168 Deo
2035 2112 2093 2166 in
2121 2111 2275 2165 caelis
2301 2110 2510 2165 versari
2531 2108 2834 2171 desideras,
2866 2106 2925 2159 in
2945 2103 3152 2157 sanctis
3179 2107 3237 2155 et
3266 2100 3489 2172 spirita-

1890 2202 2037 2256 libus
2065 2207 2234 2272 atque
2256 2197 2726 2253 intellectualibus
2756 2212 2791 2249 a
2818 2193 3059 2248 terrenis
3079 2198 3134 2246 te
3152 2196 3486 2261 transpone;

1896 2292 2031 2362 quia
2044 2290 2140 2362 qui
2166 2296 2392 2344 terrena
2411 2288 2658 2359 sapiunt,
2683 2301 2813 2340 cum
2834 2284 2948 2339 Deo
2965 2286 3253 2352 nequeunt
3274 2285 3485 2361 sortem

1896 2380 2240 2436 hereditatis
2269 2377 2611 2451 participari.
2643 2376 2788 2429 Hinc
2828 2388 3051 2445 quoque
3079 2375 3166 2425 est
3195 2369 3343 2441 quod
3375 2368 3490 2439 spi-

1898 2470 2040 2524 ritus
2058 2468 2345 2540 sapientim
2360 2467 2416 2521 in
2437 2466 2595 2521 bonis
2613 2465 2742 2518 ﬁliis
2758 2463 3083 2528 meditatur,
3101 2476 3215 2515 non
3227 2475 3328 2529 pro
3345 2457 3495 2512 utili-

1894 2557 2108 2613 tatibus
2120 2563 2471 2612 terrenarum
2484 2570 2674 2609 rerum
2690 2550 3084 2614 interveniens,
3092 2548 3190 2603 sed
3203 2563 3304 2618 pro
3317 2545 3495 2600 nostri

1898 2647 2083 2703 Patris
2113 2645 2295 2716 gloria
2320 2650 2502 2699 totum
2537 2641 2765 2713 pietatis
2784 2639 3064 2710 impendit
3091 2638 3376 2700 affectum,
3406 2634 3487 2688 ita

1897 2738 2115 2791 dicens:
2140 2735 2526 2801 Sancti/icetur
2543 2747 2738 2785 nomen
2758 2729 2993 2783 tuum.N
2996 2743 3163 2781 omen
3176 2725 3368 2795 itaque
3390 2724 3493 2777 Pa-

1892 2826 1997 2879 tris
2019 2825 2262 2878 ﬁliorum
2280 2827 2382 2887 est,
2417 2820 2685 2891 quoniam
2704 2820 2874 2873 Pater
2892 2833 3003 2870 non
3021 2815 3127 2869 nisi
3149 2831 3215 2868 ex
3243 2813 3358 2866 ﬁlio
3389 2828 3492 2881 ap-

1896 2916 2156 2986 pellatur,
2182 2913 2328 2966 sicut
2342 2927 2443 2965 nec
2462 2910 2612 2963 ﬁlius
2629 2908 2734 2963 nisi
2753 2908 2822 2961 de
2836 2907 3004 2961 Patre
3026 2904 3257 2959 dicitur.
3271 2900 3490 2956 Relatio

1895 3009 2019 3069 ενδ
2037 3011 2069 3067 Ι
2088 3000 2314 3072 quidem
2337 3000 2408 3054 ad
2431 2998 2635 3053 Filium
2651 2993 3184 3066 refertur,quoniam
3202 2999 3368 3045 nemo
3396 3004 3480 3043 eo.

1899 3107 2022 3145 rum
2038 3090 2345 3144 secundum
2367 3087 2549 3153 se,sed
2564 3086 2870 3140 secundum
2892 3085 3135 3138 alterum
3149 3080 3486 3152 appellatur.

1902 3180 2062 3233 Unde
2094 3179 2268 3233 Filius
2289 3178 2359 3232 ad
2382 3178 2606 3231 Patrem
2636 3181 2698 3229 ut
2729 3175 2804 3228 sit
2830 3174 3022 3238 Filius,
3054 3176 3111 3226 et
3135 3172 3303 3225 Pater
3331 3172 3396 3222 ut
3424 3166 3499 3221 sit

1901 3270 2069 3323 Pater
2109 3270 2180 3322 ad
2206 3268 2407 3322 Filium
2437 3267 2696 3320 refertur.
2722 3265 2846 3318 llaec
2875 3263 3025 3317 enim
3055 3260 3290 3315 invicem
3314 3257 3494 3311 relata

1899 3358 2230 3423 consistunt,
2271 3356 2403 3428 quia
2448 3355 2592 3409 alter
2620 3371 2685 3408 ex
2728 3353 2905 3406 altero
2936 3354 3312 3421 nuncupatur.
3348 3346 3492 3400 Hinc

1898 3447 2111 3517 liquido
2139 3451 2311 3517 patet,
2331 3445 2464 3515 quia
2484 3443 2667 3497 Patris
2689 3458 2892 3496 nomen
2910 3441 2969 3494 in
2991 3439 3133 3495 Filio
3162 3444 3265 3504 est,
3290 3435 3435 3490 sicut
3461 3450 3492 3488 e

1897 3536 2178 3589 contrario
2202 3535 2258 3588 in
2290 3534 2460 3588 Patre
2485 3532 2611 3587 Filii
2638 3548 2759 3586 esse
2780 3535 3145 3584 monstratur.
3167 3525 3427 3595 Alioquin
3444 3522 3493 3576 si

1899 3642 2012 3679 non
2037 3624 2180 3679 alter
2206 3624 2265 3676 in
2294 3624 2471 3676 altero
2492 3625 2659 3685 esset,
2694 3636 2797 3673 nec
2820 3619 2927 3672 iste
2955 3619 3140 3679 Pater,
3171 3632 3274 3668 nec
3294 3614 3387 3667 ille
3407 3611 3494 3666 Fi-

1901 3714 2010 3768 lius
2026 3713 2326 3767 diceretur.
2355 3711 2567 3766 Idcirco
2586 3708 2718 3780 quia
2743 3723 2947 3761 nomen
2976 3704 3077 3759 Dei
3105 3702 3289 3757 Patris
3308 3702 3366 3754 in
3396 3715 3493 3753 no-

1902 3803 1990 3857 bis
2013 3807 2117 3867 est,
2150 3806 2428 3872 quatenus
2454 3815 2554 3870 per
2582 3796 2940 3867 adoptionem
2959 3796 3088 3864 jure
3114 3806 3376 3844 vocemur
3392 3787 3493 3841 ﬁlii

1903 3907 2196 3965 precamur
2227 3908 2238 3943 2
2268 3888 2655 3955 Sanctiﬁcetur
2675 3900 2874 3939 nomen
2905 3882 3218 3935 tuum.Non
3233 3878 3380 3949 quod
3402 3876 3496 3930 ille

1904 3981 2150 4036 sanctior
2168 3996 2289 4034 esse
2314 3978 2508 4049 possit,
2532 3975 2627 4046 qui
2648 3989 2844 4028 omnes
2871 3988 2938 4025 ex
2962 3969 3147 4040 seipso
3159 3965 3488 4021 sanctiﬁcat.

1904 4070 2061 4125 Unde
2093 4069 2175 4123 ait
2208 4086 2218 4120 :
2253 4069 2444 4121 Sancti
2488 4070 2664 4129 estote,
2694 4065 2838 4117 sicut
2875 4066 2923 4115 et
2962 4075 3053 4127 ego
3079 4062 3302 4112 sanctus
3336 4070 3490 4118 sum;

1903 4159 2001 4213 sed
2030 4157 2236 4212 idcirco
2267 4153 2605 4211 sanctiﬁcari
2627 4167 2832 4207 nomen
2852 4149 3028 4221 ipsius
3050 4149 3107 4202 in
3127 4144 3285 4201 nobis
3310 4148 3498 4215 postu-

1903 4248 2107 4312 lamus,
2130 4251 2194 4300 ut
2211 4242 2668 4300 sanctiﬁcationis
2679 4258 2794 4296 suae
2816 4244 3081 4311 operetur
3103 4238 3493 4307 augmentum,

1902 4336 2163 4391 videlicet
2186 4334 2457 4406 Spiritum
2487 4337 2743 4386 sanctum
2764 4347 2929 4384 suum
2957 4327 3119 4381 nobis
3157 4322 3495 4396 praestando,

224 4416 282 4472 in
308 4395 630 4474 caelestibus
657 4395 1085 4477 esse-asseritur.
1118 4422 1202 4476 Ad
1233 4395 1381 4493 quod
1412 4424 1697 4477 latendum
1720 4423 1823 4477 hos
1837 4395 1889 4455 Β
1908 4443 2007 4498 per
2025 4442 2192 4496 quem
2213 4395 2457 4479 charitas
2473 4422 2575 4477 Dei
2591 4422 2795 4475 diffusa
2806 4425 2893 4475 est
2910 4419 2968 4473 in
2987 4395 3249 4471 cordibus
3267 4410 3493 4498 nostris,

227 4509 412 4573 ccelos,
434 4509 493 4564 in
521 4508 723 4581 quibus
744 4510 891 4565 Deus
918 4510 1216 4578 inhabitat,
1231 4528 1342 4566 non
1370 4513 1706 4584 corporales,
1722 4512 1820 4566 sed

227 4596 503 4668 spiritales
532 4598 959 4669 intelligendos;
980 4601 1112 4672 quia
1137 4601 1287 4656 Deus
1313 4618 1425 4656 non
1442 4602 1643 4673 spatiis
1674 4602 1823 4656 loco-

228 4700 359 4740 rum
385 4686 740 4752 distenditur,
776 4705 960 4760 neque
990 4690 1109 4744 loco
1138 4691 1362 4745 clausus
1383 4692 1825 4746 tenetur.Monc-

231 4790 362 4828 mur
378 4782 561 4831 autem
583 4776 726 4831 nihil
746 4782 1103 4832 terrenarum
1129 4796 1231 4833 nos
1251 4779 1466 4835 ambire
1497 4780 1825 4847 debere,sed

233 4862 305 4915 ad
338 4864 482 4919 illam
509 4866 700 4937 potius
733 4866 1041 4937 regionem,
1074 4868 1131 4922 in
1172 4884 1283 4939 qua
1310 4870 1537 4923 Patrem
1568 4875 1825 4924 nostrum

231 4955 651 5008 commemorari
675 4955 935 5019 fatemur,
963 4957 1294 5027 quantocius
1322 4975 1545 5012 summo
1566 4975 1695 5013 cum
1725 4959 1825 5013 de-

234 5039 433 5095 siderio
460 5042 725 5097 festinare
754 5059 767 5093 :
804 5050 870 5099 ut
900 5044 978 5098 ibi
1002 5046 1123 5115 jam
1154 5052 1340 5101 mente
1370 5064 1677 5107 versemur.
1708 5064 1820 5118 quo

234 5127 400 5183 Pater
415 5131 715 5187 etCreator
732 5139 924 5188 noster
937 5151 1059 5189 esse
1085 5136 1374 5208 probatur.
1393 5138 1551 5193 Unde
1565 5138 1773 5192 Paulus
1803 5155 1814 5190 :

236 5218 446 5285 Nostra,
478 5220 679 5293 inquit,
713 5228 1049 5279 conrersatio
1072 5228 1133 5279 in
1163 5229 1305 5281 catis
1343 5231 1418 5280 est
1458 5228 1686 5297 (Philip.
1727 5242 1814 5294 III,

232 5302 343 5373 20).
377 5308 439 5363 Et
458 5310 591 5364 alibi
629 5328 640 5362 :
668 5311 775 5377 Qui
800 5314 1082 5368 consedere
1114 5331 1209 5368 nos
1236 5316 1373 5383 facit
1418 5318 1479 5369 in
1518 5317 1815 5370 caelestibus

236 5394 431 5462 (Ephes.
466 5413 524 5465 ιι,
550 5399 628 5469 6).
662 5400 780 5455 Nec
808 5417 920 5455 non
962 5408 1019 5456 et
1052 5403 1190 5457 illud
1238 5422 1247 5456 :
1297 5406 1361 5459 Si
1397 5409 1821 5460 consurrexistis

233 5499 357 5537 cum
379 5488 607 5556 Christo,
620 5506 741 5559 quae
766 5506 993 5545 sursum
1014 5498 1143 5547 sunt
1163 5497 1357 5562 sapite,
1396 5510 1505 5547 non
1523 5510 1639 5563 qua
1662 5512 1825 5564 super

236 5577 454 5645 terram,
496 5582 712 5634 mortui
734 5584 886 5634 enim
909 5583 1054 5648 estis,
1079 5588 1126 5635 et
1152 5585 1268 5636 vita
1296 5590 1475 5638 vestra
1503 5585 1825 5640 abscondita

1905 4497 1964 4569 et
1988 4515 2296 4569 clamamus
2324 4512 2499 4577 Abba,
2527 4512 2710 4565 Pater.
2747 4510 2872 4579 Ipse
2899 4507 3049 4561 enim
3078 4502 3319 4574 Spiritus
3345 4497 3500 4554 testi-

1909 4604 2157 4658 monium
2177 4602 2363 4656 reddit
2382 4600 2610 4672 spiritui
2631 4595 3003 4667 nostro,quod
3032 4608 3227 4647 sumus
3247 4588 3347 4644 ﬁlii
3372 4587 3493 4642 Dei.

1906 4694 2030 4757 Qua
2056 4692 2124 4745 de
2144 4708 2312 4746 causa
2340 4696 2475 4745 tunc
2495 4688 2880 4743 sanctiﬁcatur
2899 4682 3082 4739 Patris
3101 4695 3307 4735 nomen
3328 4678 3386 4731 in
3401 4691 3499 4730 no-

1905 4781 2011 4846 bis,
2046 4797 2172 4835 cum
2210 4796 2311 4834 nos
2354 4779 2425 4833 ab
2462 4794 2527 4832 eo
2564 4777 2981 4831 sanctiﬁcamur
3008 4789 3042 4826 a
3070 4786 3182 4841 quo
3202 4770 3499 4841 praestatur
3594 4806 3613 4823 .

1911 4870 2094 4924 omnis
2123 4868 2510 4923 sanctiﬁcatio.
2555 4868 2720 4931 Nam,
2754 4865 2900 4920 sicut
2942 4860 3187 4931 dignitas
3226 4856 3402 4930 patris
3427 4854 3499 4909 ad

1912 4959 2056 5013 ﬁlios
2086 4957 2343 5022 refertur,
2360 4957 2438 5010 ita
2467 4953 2836 5009 sanctiﬁcatio
2860 4951 3103 5005 ﬁliorum
3125 4949 3248 5019 ejus
3284 4943 3500 4999 nomini

1906 5047 2194 5103 tribuitur.
2210 5046 2351 5109 Quid
2372 5045 2524 5099 enim
2555 5044 2706 5098 aliud
2736 5048 2825 5096 est
2842 5038 3213 5095 sanctiﬁcatio
3232 5033 3497 5098 nominis,

1902 5152 2070 5207 quam
2110 5134 2314 5189 inlusio
2342 5133 2518 5188 sancti
2552 5132 2811 5203 Spiritus,
2856 5146 2956 5200 per
2985 5143 3151 5199 quem
3196 5141 3291 5179 cor
3319 5122 3494 5194 pium,

1900 5226 2058 5291 mite,
2082 5223 2365 5295 placidum
2396 5228 2454 5276 et
2485 5228 2723 5286 castum,
2756 5218 3021 5290 omnique
3051 5218 3258 5270 virtute
3294 5212 3497 5285 prmdi-
3558 5250 3569 5258 .

1898 5320 2020 5369 tum
2054 5314 2124 5368 ad
2148 5314 2270 5383 ejus
2298 5328 2678 5383 praeparamus
2700 5310 3154 5379 ingressum.quo
3184 5304 3501 5359 sanctiﬁca-

1906 5409 2001 5458 tur
2023 5402 2249 5473 adoptio
2279 5401 2587 5456 libertatis?
2614 5400 2705 5454 Sic
2730 5398 2923 5469 itaque
2952 5412 3156 5452 nomen
3185 5394 3285 5449 Dei
3315 5392 3500 5447 Patris

1905 5493 2289 5549 sanctiﬁcatur
2333 5492 2391 5546 in
2428 5491 2606 5556 nobis,
2639 5488 3112 5561 quemadmodum
3156 5484 3276 5555 ipse
3324 5482 3499 5537 Filius

1907 5584 2277 5639 clariﬁcatum
2308 5600 2366 5637 se
2386 5582 2442 5636 in
2474 5582 2590 5637 suis
2611 5579 2901 5649 discipulis
2926 5576 3058 5633 alibi
3098 5578 3371 5633 testatur;
3405 5567 3502 5637 qui
