3938 6174
455 220 563 280 283

1215 236 1274 292 S.
1314 236 1696 303 PASCHASII
1732 247 2097 311 RADBERTI
2131 256 2437 317 ABBATIS
2474 261 2963 325 CORBEIENSIS.

3585 283 3674 344 284

457 346 609 404 clara
627 356 995 423 semper,sine
1008 357 1122 414 ullo
1143 360 1527 424 additamenta
1538 370 2047 446 detrimentove,di-
2063 385 2109 442 A
2135 388 2579 455 nominabitUsa.
2604 404 2736 457 LXII,
2762 390 3004 458 Ἁριωὰ
3022 411 3156 453 sane
3172 414 3366 457 nomen
3380 418 3530 461 nemo
3543 410 3673 466 novit

457 435 707 466 -νξνιξιριιζη
736 442 856 466 1.---
889 444 994 466 ΔΛ,
1022 447 1056 466 AI
1091 456 1128 466 ,.
1175 453 1225 466 ιν
1351 455 1362 466 ι
1416 462 1422 466 .
1765 465 1771 466 ,

454 435 708 539 trinitatis
736 442 860 498 luce
888 444 1154 517 fulgebat.
1174 453 1317 507 Nam
1347 455 1495 512 inter
1511 466 1717 516 caetera
1730 465 1810 519 sic
1824 435 2008 539 inquit
2030 490 2041 525 :

457 519 852 591 Sanctiﬁcatus
878 546 1005 585 sum
1034 536 1097 587 in
1128 540 1204 589 eis
1242 538 1447 605 (Ezech.
1497 542 1698 616 xxxxx).
1752 548 1822 602 Et

453 608 523 662 In
551 610 650 665 hoc
678 616 1019 684 clariﬁcatus
1034 628 1107 676 est
1123 627 1293 679 Pater
1312 644 1483 695 meus,
1502 636 1564 684 ut
1587 608 1839 701 fructum
1859 643 2045 708 pluri-

451 713 607 755 mum
624 705 870 769 ali‘eratis
892 709 1067 777 (Joan.
1105 727 1155 776 ν,
1182 710 1283 782 18).
1309 714 1413 770 Ubi
1435 734 1567 790 ergo
1584 705 2043 786 sanctiﬁcationis

447 803 564 843 sua;
587 789 771 845 locum
787 794 1238 861 invenit,ibidem
1261 820 1321 857 se
1350 789 1688 867 sanctiﬁcari
1724 815 1876 871 dicit.
1910 819 2039 875 Pie-

446 878 537 931 tas
557 878 707 932 enim
727 880 911 937 Patris
928 890 1392 954 praestantissima
1410 896 1516 952 sibi
1535 901 1773 958 conferri
1794 922 2039 976 pronun-

445 964 569 1031 tiat,
600 967 872 1040 quidquid
892 974 1009 1027 suis
1033 976 1261 1035 famulis
1289 983 1597 1043 clementer
1624 990 1747 1062 ipsa
1774 964 2031 1068 largitur.

445 1052 537 1107 Sic
556 1054 748 1127 itaque
771 1062 1221 1140 sanctiﬁcaturin
1242 1071 1424 1141 nobis,
1443 1076 1607 1133 sicuti
1632 1052 1690 1136 et
1708 1052 2036 1155 magniﬁca-

437 1143 534 1195 tur
560 1161 592 1198 a
628 1144 809 1205 nobis.
844 1151 989 1207 Hinc
1013 1174 1236 1232 quoque
1262 1164 1418 1235 virgo
1438 1164 1615 1222 Maria
1635 1143 1885 1240 gratanti
1913 1178 2037 1232 ani-

436 1238 712 1292 mo-canit
742 1260 753 1293 :
780 1244 1099 1313 Magni/icui
1127 1254 1324 1305 anima
1352 1270 1472 1309 mea
1496 1238 1799 1317 Dominum
1824 1266 1967 1333 (Luc.
1986 1281 2025 1335 I,

438 1322 547 1394 46),
567 1342 681 1381 non
709 1332 857 1400 quod
886 1350 1124 1405 magnus
1151 1344 1208 1393 et
1233 1343 1481 1400 excelsus
1507 1322 2027 1422 Dominus,nullani

433 1410 646 1469 habens
674 1424 1230 1493 consummationem,
1261 1433 1445 1502 major
1473 1436 1724 1495 minorve
1744 1458 1866 1497 esse
1894 1461 2027 1515 pos-

434 1501 545 1569 sit;
574 1505 671 1558 sed
702 1507 852 1577 quia,
883 1510 1018 1566 dum
1044 1530 1145 1571 nos
1172 1518 1231 1573 in
1255 1537 1321 1574 eo
1337 1524 1656 1594 crescimus,
1677 1528 1771 1584 ille
1789 1530 1848 1586 in
1865 1532 2025 1589 nobis

2127 472 2238 526 nisi
2269 475 2366 546 qui
2399 477 2629 549 accipit;
2662 484 2938 552 tanquam
2966 486 3010 539 si
3052 486 3283 557 dicatur,
3312 496 3488 559 διε
3512 498 3672 554 nullus

1970 552 1985 606 i
2029 572 2041 607 :
2125 562 2460 633 dignitatem
2488 566 2803 639 adoptionis
2832 572 3081 630 moribus
3099 582 3157 631 et
3183 552 3293 633 vita
3318 552 3671 652 deten'ditmisi

2125 652 2223 722 qui
2261 652 2449 725 ipsum
2488 671 2694 711 nomen
2723 658 2913 715 divina
2936 664 3420 733 praedestinatione
3439 671 3504 726 ad
3531 677 3669 728 aeter-

2122 755 2255 796 nam
2285 742 2457 798 vitam
2485 761 2649 801 nosse
2669 752 3062 820 promeruerit;
3092 770 3223 819 nam
3234 758 3671 833 accipereadprze-

2119 829 2512 888 destinationis
2537 837 2778 907 gratiam
2801 840 3060 897 refertur.
3076 843 3235 899 Unde
3265 847 3506 919 Baptista
3524 829 3673 905 "Joan-

2117 935 2237 985 nes,
2282 937 2411 976 cum
2441 924 2511 978 de
2541 926 2738 981 eodem
2784 930 3092 987 Mediatore
3131 939 3320 990 nostro
3362 937 3667 1008 loqueretur,

2117 1007 2266 1064 inter
2288 1017 2526 1067 caatera:
2566 1016 2956 1074 Testimonium
2986 1024 3121 1090 ejus,
3157 1023 3355 1094 inquit,
3388 1041 3537 1081 nemo
3552 1032 3672 1083 acci-

2114 1101 2201 1167 pit
2227 1102 2409 1169 (Joan.
2442 1116 2503 1168 II,
2553 1101 2664 1174 32);
2698 1106 2795 1177 qui
2832 1113 3021 1165 autem
3060 1112 3259 1184 accipit
3299 1114 3418 1184 ejus
3445 1115 3671 1171 testimo-

2119 1188 2298 1257 nium,
2326 1189 2568 1261 signavit
2598 1194 2730 1263 quia
2768 1196 2918 1251 Deus
2950 1215 3116 1253 verax
3141 1206 3244 1269 est,
3284 1207 3342 1256 et
3383 1202 3504 1257 ideo
3529 1204 3675 1260 datur

2114 1277 2462 1334 vincentibus
2486 1281 2733 1337 calculus
2758 1286 3050 1353 candidus,
3082 1295 3253 1361 atque
3282 1290 3339 1345 in
3370 1292 3554 1347 eodem
3574 1295 3673 1348 cal-

2109 1367 2254 1434 culo,
2314 1368 2370 1422 id
2429 1374 2515 1424 est
2563 1370 2623 1425 in
2670 1372 2866 1428 eodem
2921 1392 3154 1448 corpore
3212 1379 3436 1447 Christi,
3493 1397 3675 1437 nomen

2107 1471 2332 1523 novum,
2362 1458 2577 1514 scilicet
2600 1466 2794 1516 sancta
2820 1463 3047 1536 adoptio
3074 1484 3177 1538 per
3201 1485 3369 1539 quam
3392 1468 3489 1523 ﬁlii
3515 1471 3675 1525 nomi-

2107 1561 2329 1603 namur.
2348 1548 2412 1602 In
2433 1565 2545 1619 qua
2563 1549 2830 1606 nimirum
2850 1554 3150 1626 adOptione
3179 1558 3675 1629 praedestinatorum

2104 1814 2269 1878 vobis,
2298 1820 2361 1868 ut
2388 1816 2641 1884 diligatis
2670 1820 2908 1874 invicem
2935 1822 3123 1893 (Joan.
3143 1839 3266 1892 xm,
3289 1823 3575 1891 34).Nulla
3591 1825 3679 1896 ἱείς

2104 1905 2200 1956 tur
2213 1902 2437 1959 dilectio
2454 1906 2637 1976 major
2656 1923 2780 1962 esse
2797 1914 2999 1980 potest,
3021 1928 3192 1983 quam
3230 1914 3382 1969 inter
3408 1920 3610 1987 patrem
3627 1920 3679 1969 et

1814 2018 1829 2045 θ
1855 1979 1922 2046 Si.
1940 1981 2022 2035 Vi-
2105 1991 2271 2059 ﬁlios,
2293 1992 2442 2047 inter
2461 1994 2608 2050 ﬁlios
2627 2013 2757 2051 vero
2784 2002 2841 2052 et
2868 1998 3070 2056 fratres
3088 2019 3125 2056 a
3153 2004 3395 2059 Domino
3416 2020 3678 2059 commen-

2102 2080 2296 2147 datur;
2330 2086 2388 2135 et
2407 2081 2513 2136 hoc
2540 2083 2698 2138 estin
2711 2086 2924 2141 calculo
2951 2104 3155 2144 nomen
3177 2107 3386 2147 novum
3415 2091 3677 2164 discipulis

2101 2169 2542 2242 collatum,quod
2562 2189 2726 2228 nemo
2742 2175 2895 2230 novit
2912 2177 3021 2233 nisi
3041 2180 3137 2250 qui
3156 2181 3381 2253 accipit.
3411 2183 3678 2253 Tanquam

2100 2257 2149 2311 si
2167 2258 2414 2314 dicatur:
2448 2260 2616 2331 hujus
2643 2264 2906 2320 virtutem
2933 2268 3180 2323 nominis
3208 2287 3314 2341 per
3341 2271 3525 2326 omnia
3539 2271 3682 2342 igno-

1978 2340 2021 2395 i-
2099 2352 2189 2401 rat
2208 2347 2463 2419 quisquis
2488 2350 2546 2404 in
2569 2353 2836 2408 mandato
2855 2340 3225 2413 dilectionem
3242 2360 3437 2415 fratris
3464 2340 3678 2432 paterno

2098 2451 2291 2491 amore
2320 2454 2432 2493 non
2460 2447 2771 2497 conservat.
2806 2443 3060 2501 Profecto
3112 2447 3183 2503 de
3222 2466 3339 2522 quo
3384 2450 3602 2505 nomine
3626 2449 3677 2503 in

2099 2525 2297 2580 eadem
2321 2528 2655 2601 Apocalypsi
2686 2534 3107 2603 repromittitur
3137 2554 3149 2590 :
3181 2536 3458 2606 Scribam,
3490 2537 3675 2610 inquit,

2095 2631 2260 2684 super
2288 2619 2455 2672 illum
2488 2635 2690 2674 nomen
2719 2623 2816 2675 Dei
2854 2627 2981 2691 mei,
3014 2630 3064 2679 et
3095 2641 3301 2684 nomen
3325 2631 3560 2684 civitatis
3584 2629 3675 2682 Dei

1896 2737 1911 2764 ,
1931 2698 2014 2753 in—
2094 2707 2222 2770 mei,
2257 2722 2404 2760 novae
2433 2708 2796 2778 Hierusalem,
2830 2728 2949 2782 quae
2974 2715 3255 2771 descendit
3284 2719 3359 2773 de
3377 2721 3497 2774 calo
3523 2733 3557 2772 a
3584 2717 3677 2771 Deo

2094 2809 2227 2861 meo,
2260 2800 2307 2848 et
2339 2811 2536 2850 nomen
2568 2814 2752 2852 meum
2783 2816 2987 2856 novum
3018 2803 3195 2874 (Apoc.
3247 2819 3335 2864 ΠΙ,
3371 2808 3479 2878 12).
3510 2808 3676 2879 Igitur

2090 2881 2206 2937 haec
2239 2882 2533 2955 inscriptio
2549 2886 2692 2940 nihil
2713 2887 2867 2943 aliud
2895 2895 2983 2945 est
2997 2909 3163 2963 quam
3192 2896 3563 2956 sanctiﬁcatio
3589 2917 3677 2956 no-

1863 2963 1878 3018 i
1911 2982 2007 3020 vo-
2089 2967 2276 3025 minis.
2326 2970 2486 3026 Unde
2518 2989 2744 3031 oramus
2778 2994 2789 3029 :
2823 2976 3213 3048 Sanctiﬁcetur
3254 3002 3460 3042 nomen
3507 2996 3674 3045 tuum.

411 3281 513 3347 qui
539 3298 592 3335 es
616 3286 680 3338 in
700 3291 863 3343 cwlis.
895 3292 1125 3352 Nullum
1176 3303 1326 3358 enim
1354 3322 1558 3365 nomen
1583 3311 1640 3367 in
1677 3315 1838 3372 nobis
1878 3337 2003 3375 am-

407 3368 574 3481 pliori
603 3372 815 3477 honore
844 3380 1200 3481 sublimatur,
1221 3409 1391 3463 quam
1416 3403 1480 3452 ut
1501 3400 1601 3456 ﬁlii
1621 3368 1853 3478 Dei'pe‘r

405 3457 549 3513 ritus
576 3465 754 3519 sancti
777 3466 1112 3530 infusionem
1140 3483 1499 3541 nominemur
1525 3496 1583 3544 et
1606 3457 1801 3550 simus.
1838 3457 1996 3563 Qurod

406 3546 666 3607 videlicet
719 3572 925 3614 nomen
983 3562 1200 3624 duobus
1253 3578 1552 3633 crescendo
1615 3587 1997 3646 sanctiﬁcatur

398 3908 797 3978 sanctiﬁcatur.
815 3917 951 3974 dum
981 3926 1162 3979 renati
1188 3944 1289 3984 suo
1312 3948 1547 3993 munere
1571 3908 1985 4011 augenturNe-

394 4002 697 4057 runtamen
724 4021 836 4060 non
866 4008 991 4065 ideo
1016 4013 1231 4085 loquor,
1248 4027 1311 4074 ut
1326 4037 1529 4080 nomen
1550 4028 1988 4093 Christianitatis

392 4083 452 4140 in
474 4088 635 4145 nobis
663 4096 1001 4153 sanctiﬁcari
1023 4083 1137 4157 non
1167 4106 1386 4177 debeat,
1405 4115 1500 4169 sed
1517 4118 1649 4188 quia
2065 4127 2167 4182 inti

382 4441 1031 4522 inApocalypsiJoannis
1057 4441 1300 4519 vincen-ti
1329 4466 1536 4525 dicitur
1559 4490 1571 4527 :
1604 4475 1752 4531 Dabo
1771 4441 1979 4538 teivga—l:

382 4536 573 4591 culum
619 4542 943 4613 candidum,
961 4553 1012 4601 et
1043 4551 1107 4604 in
1133 4556 1341 4610 calculo
1373 4574 1571 4616 nomen
1590 4580 1812 4635 novum,
1833 4575 1980 4639 quod

382 4638 540 4680 nemo
561 4632 730 4696 novit,
767 4634 880 4687 nisi
904 4640 1004 4706 qui
1028 4644 1229 4712 accipit
1246 4645 1423 4716 (Apoc.
1444 4664 1507 4717 II,
1537 4650 1646 4725 17).
1669 4655 1779 4710 Per
1796 4632 1976 4717 calcu-

378 4711 499 4768 lum
554 4718 779 4791 quippe,
848 4711 1150 4785 mediator,
1180 4711 1281 4788 Dei
1306 4711 1390 4791 ἐι
1440 4711 1752 4809 hominum,
1804 4711 1972 4807 hoino

378 4803 633 4861 Christus
660 4809 822 4866 Jesus
843 4813 1188 4888 designatur.
1219 4825 1280 4879 In
1312 4844 1421 4898 quo
1443 4830 1708 4888 nimirum
1736 4803 1966 4907 calculo,

372 4896 759 4969 unusquisque
776 4909 1007 4962 renatus
1030 4908 1090 4963 in
1111 4896 1350 4982 Christo,
1365 4918 1498 4974 dum
1528 4938 1630 4993 per
1650 4896 1967 4997 adoptionis

369 4985 613 5054 gratiam
636 5006 809 5046 unum
843 5010 1045 5068 corpus
1078 4999 1137 5055 in
1167 5018 1233 5058 eo
1258 5005 1514 5075 efﬁcitur,
1530 5028 1734 5069 nomen
1758 5032 1964 5073 novum

370 5074 590 5146 accipit,
611 5083 674 5133 ut
691 5080 880 5139 Patris
900 5085 1050 5142 ﬁlius
1061 5089 1300 5161 dicatur,
1316 5100 1373 5149 et
1395 5099 1638 5157 cohzeres
1674 5105 1882 5161 Christi
1903 5107 1962 5162 in

370 5177 543 5233 regno
560 5166 744 5225 Patris
765 5172 1144 5234 efﬁciatur.Ac
1165 5182 1211 5236 si
1227 5190 1486 5254 patenter
1504 5189 1676 5246 dicat:
1700 5196 1805 5258 Qui
1826 5195 1963 5252 vice-

366 5249 444 5305 rit
460 5256 735 5313 mundum
755 5268 812 5316 et
831 5270 1117 5323 auctorem
1138 5272 1356 5341 mortis,
1381 5276 1524 5332 dabo
1546 5281 1597 5333 ei
1616 5282 1960 5340 cohaeredem

369 5337 656 5400 Christum
676 5354 734 5403 et
751 5360 1086 5424 consortem,
1111 5376 1213 5430 per
1235 5379 1397 5433 quem
1416 5366 1593 5423 hostis
1623 5371 1951 5442 devincitur,

368 5442 426 5486 et
443 5432 503 5488 in
521 5451 586 5489 eo
607 5452 811 5495 nomen
831 5458 1056 5514 novum,
1081 5448 1149 5503 de
1172 5467 1281 5522 quo
1297 5454 1474 5510 Isaias
1502 5464 1632 5514 ante
1652 5463 1916 5532 praedixit
1940 5484 1951 5519 :

375 5521 662 5582 Vocabitur
707 5532 811 5585 tibi
856 5548 1056 5592 nomen
1109 5521 1333 5611 novum,
1381 5548 1527 5615 quod
1578 5565 1635 5603 os
1686 5551 1957 5611 Dominus

1985 3272 2000 3299 ,
2085 3235 2227 3305 quit,
2243 3253 2363 3292 mea
2391 3242 2640 3296 calamus
2673 3245 2863 3299 scribae
2900 3250 3151 3303 velociter
3183 3256 3480 3310 scribentis
3513 3257 3673 3325 (Psal.

2080 3338 2228 3390 κων,
2253 3325 2325 3395 2);
2353 3327 2443 3381 hic
2471 3333 2574 3395 est,
2608 3329 2858 3402 inquam,
2908 3335 3035 3390 Filii
3089 3338 3398 3415 Patrisque
3426 3344 3665 3417 spiritus,

2081 3415 2244 3484 cujus
2268 3416 2455 3486 gratia
2480 3434 2686 3474 nomen
2720 3421 3053 3494 adoptionis,
3088 3427 3173 3481 vel
3203 3415 3670 3503 Christianitatis,

2079 3500 2405 3560 inscribitur
2423 3511 2480 3560 et
2503 3508 2902 3568 sanctiﬁcatur.
2945 3514 3243 3585 Quoniam,
3267 3520 3425 3577 sicut
3476 3523 3677 3577 Paulus

2079 3592 2160 3647 ait
2190 3611 2201 3645 :
2237 3595 2379 3661 Quia
2397 3612 2589 3651 sumus
2620 3601 2748 3666 ﬁlii,
2776 3603 2932 3655 misit
2952 3604 3092 3658 Deus
3113 3606 3406 3675 Spiritum
3436 3613 3572 3667 Filii
3589 3614 3678 3666 sui

1972 3712 1995 3722 -
2076 3683 2141 3735 in
2157 3685 2314 3737 corde
2330 3690 2534 3753 nostra,
2555 3690 2899 3744 clamantem
2916 3709 2934 3745 :
2963 3692 3131 3759 Abba,
3159 3697 3345 3752 Pater.
3365 3700 3511 3756 Hinc
3530 3704 3674 3756 certe

2073 3769 2318 3840 dignitas
2369 3775 2634 3843 nominis,
2666 3776 2803 3859 hinc!
2819 3779 3088 3836 celsitudo
3117 3785 3458 3843 meritorum
3499 3808 3512 3843 :
3549 3789 3673 3844 hinc

2071 3874 2231 3930 reges
2262 3876 2476 3928 sumus,
2514 3864 2644 3919 hinc
2672 3868 3012 3938 sacerdotes,
3045 3871 3175 3927 hinc
3200 3875 3666 3950 triumphatores,

2069 3947 2200 4002 hinc
2226 3965 2367 4004 nova
2396 3958 2674 4022 creatura,
2710 3955 2843 4012 hinc
2884 3959 3191 4017 Christiani
3220 3981 3511 4035 vocamur,
3544 3968 3670 4023 hinc

1997 4342 2046 4400 Β
2133 4307 2405 4363 Adveniat
2418 4326 2653 4379 regnum
2682 4318 2864 4370 tuum.
2886 4316 3073 4389 Inqua
3094 4320 3512 4392 supplicatione
3534 4324 3668 4397 quid

2060 4395 2305 4465 petimus
2332 4398 2356 4450 7
2393 4399 2662 4471 Nunquid
2689 4418 2821 4457 eum
2850 4421 3089 4476 regnare
3117 4408 3239 4464 sine
3273 4410 3445 4467 initio
3471 4419 3532 4468 et
3551 4395 3667 4468 ﬁne

2059 4482 2444 4542 indesinenter
2471 4489 2838 4547 dubitamus?
2860 4495 3249 4568 Nequaquam,
3283 4501 3423 4571 quia
3452 4520 3553 4559 rex
3585 4509 3670 4558 est

2059 4574 2310 4629 omnium
2343 4578 2692 4646 saeculorum,
2742 4583 2903 4653 cujus
2928 4584 3174 4655 profecto
3204 4588 3516 4661 imperium
3562 4606 3666 4648 nec

2058 4664 2170 4717 ﬁne
2200 4664 2500 4732 clauditur,
2528 4684 2631 4722 nec
2660 4669 2821 4725 initio
2845 4674 3216 4745 terminatur;
3257 4680 3355 4734 sed
3386 4681 3503 4736 hoc
3526 4682 3669 4755 peti-

2054 4768 2180 4805 mus
2200 4757 2265 4806 ut
2284 4754 2470 4809 veniat
2502 4756 2640 4811 illud
2670 4774 2907 4830 regnum
2938 4763 3276 4835 adoptionis,
3305 4768 3365 4822 in
3399 4787 3518 4841 quo
3538 4754 3664 4826 thie-

2050 4840 2214 4895 redes
2228 4842 2484 4908 Dei,3z
2508 4851 2547 4911 ι
2574 4847 2891 4905 cohaeredes
2911 4856 3101 4907 autem
3118 4856 3329 4911 Christi
3353 4840 3544 4915 futuri
3573 4877 3665 4915 su-

2048 4945 2193 4984 mus.
2227 4930 2521 5002 Congruus
2543 4936 2750 5008 quippe
2777 4939 2914 4993 satis
2940 4941 3077 4996 ordo
3101 4943 3411 5014 petitionis,
3428 4955 3498 5003 ut
3525 4950 3663 5021 quia

2047 5017 2104 5072 in
2117 5018 2288 5090 priori
2309 5022 2713 5093 supplicatione
2736 5027 2980 5084 ﬁliorum
3007 5030 3235 5103 adoptio
3261 5017 3655 5106 consecratur,

2044 5107 2102 5162 in
2128 5110 2391 5178 secunda,
2419 5116 2482 5166 ut
2500 5130 2735 5185 regnum
2766 5118 2915 5188 quod
2945 5119 3074 5174 ﬁliis
3103 5120 3358 5191 debetur,
3381 5125 3658 5182 obsecre-

2042 5214 2195 5266 mus;
2225 5216 2337 5253 non
2377 5200 2527 5256 enim
2552 5219 2779 5260 oramus
2811 5207 2959 5277 quod
3012 5209 3064 5263 ei
3103 5212 3301 5282 prosit,
3352 5216 3456 5270 sed
3502 5217 3658 5288 quod

2041 5286 2220 5342 nobis.
2254 5288 2417 5355 Quia,
2441 5290 2604 5357 sicut,
2633 5293 2766 5347 dum
2796 5295 2846 5364 ej
2856 5312 2921 5350 us
2944 5313 3152 5354 nomen
3170 5303 3570 5360 sanctiﬁcatur
3586 5306 3671 5381 in~

2040 5375 2218 5443 nobis,
2271 5393 2374 5431 nos
2420 5379 2617 5450 utique
2665 5383 3108 5441 sanctiﬁcamur:
3166 5388 3266 5456 ita,
3319 5391 3459 5446 dum
3524 5394 3655 5465 ejus

2039 5481 2278 5536 regnum
2331 5469 2615 5538 poscimus
2681 5472 3028 5543 adfuturum,
3087 5484 3345 5535 nostrum
3414 5497 3655 5554 quoque

2039 5554 2251 5611 Christi
2292 5557 2566 5628 sanguine
2605 5560 2690 5616 vel
2739 5563 2997 5634 passione
3034 5568 3353 5640 quaesitum,
3401 5586 3649 5628 oramus
