  <div class='ocr_page' id='page_1' title='image "/cluster/home/n/w/nwhite01/storage/ocr_20150623/120/hvd.32044054759824/148.png"; bbox 0 0 3938 6174; ppageno 0'>
   <div class='ocr_carea' id='block_1_1' title="bbox 263 254 368 317">
    <p class='ocr_par' dir='ltr' id='par_1_1' title="bbox 263 254 368 317">
     <span class='ocr_line' id='line_1_1' title="bbox 263 254 368 317; baseline -0.038 0"><span class='ocrx_word' id='word_1_1' title='bbox 263 254 368 317; x_wconf 80' lang='grc'><strong>285</strong></span> 
     </span>
    </p>
   </div>
   <div class='ocr_carea' id='block_1_2' title="bbox 1012 256 2751 330">
    <p class='ocr_par' dir='ltr' id='par_1_2' title="bbox 1012 256 2751 330">
     <span class='ocr_line' id='line_1_2' title="bbox 1012 256 2751 330; baseline 0.002 -16"><span class='ocrx_word' id='word_1_2' title='bbox 1012 256 1394 317; x_wconf 83' lang='lat' dir='ltr'><strong>EXPOSITIO</strong></span> <span class='ocrx_word' id='word_1_3' title='bbox 1431 260 1513 320; x_wconf 89' lang='lat' dir='ltr'><strong>IN</strong></span> <span class='ocrx_word' id='word_1_4' title='bbox 1546 260 1992 320; x_wconf 73' lang='lat' dir='ltr'><strong>MA’I&#39;I&#39;HEUM.</strong></span> <span class='ocrx_word' id='word_1_5' title='bbox 2033 291 2100 304; x_wconf 95' lang='lat'><strong><em>—</em></strong></span> <span class='ocrx_word' id='word_1_6' title='bbox 2137 259 2278 318; x_wconf 90' lang='lat' dir='ltr'><strong>LIB.</strong></span> <span class='ocrx_word' id='word_1_7' title='bbox 2319 259 2414 330; x_wconf 86' lang='lat' dir='ltr'><strong>IV,</strong></span> <span class='ocrx_word' id='word_1_8' title='bbox 2457 260 2616 318; x_wconf 82' lang='lat' dir='ltr'><strong>CAP.</strong></span> <span class='ocrx_word' id='word_1_9' title='bbox 2655 261 2751 318; x_wconf 87' lang='lat' dir='ltr'><strong>VI.</strong></span> 
     </span>
    </p>
   </div>
   <div class='ocr_carea' id='block_1_3' title="bbox 3422 257 3530 318">
    <p class='ocr_par' dir='ltr' id='par_1_3' title="bbox 3422 257 3530 318">
     <span class='ocr_line' id='line_1_3' title="bbox 3422 257 3530 318; baseline -0.019 0"><span class='ocrx_word' id='word_1_10' title='bbox 3422 257 3530 318; x_wconf 78' lang='lat'><strong>286</strong></span> 
     </span>
    </p>
   </div>
   <div class='ocr_carea' id='block_1_4' title="bbox 263 381 3529 462">
    <p class='ocr_par' dir='ltr' id='par_1_4' title="bbox 263 381 3529 462">
     <span class='ocr_line' id='line_1_4' title="bbox 263 381 3529 462; baseline 0.001 -26"><span class='ocrx_word' id='word_1_11' title='bbox 263 381 654 454; x_wconf 76' lang='lat' dir='ltr'><strong>promissionis</strong></span> <span class='ocrx_word' id='word_1_12' title='bbox 702 382 965 438; x_wconf 83' lang='lat' dir='ltr'><strong>advenire</strong></span> <span class='ocrx_word' id='word_1_13' title='bbox 1008 400 1268 456; x_wconf 85' lang='lat' dir='ltr'><strong>regnum.</strong></span> <span class='ocrx_word' id='word_1_14' title='bbox 1308 386 1543 451; x_wconf 84' lang='lat' dir='ltr'>Quando</span> <span class='ocrx_word' id='word_1_15' title='bbox 1571 404 1698 442; x_wconf 91' lang='lat' dir='ltr'><strong>cum</strong></span> <span class='ocrx_word' id='word_1_16' title='bbox 1726 390 1918 449; x_wconf 81' lang='lat' dir='ltr'><strong>eva—A</strong></span> <span class='ocrx_word' id='word_1_17' title='bbox 1942 388 2191 462; x_wconf 91' lang='lat' dir='ltr'><strong>quandiu</strong></span> <span class='ocrx_word' id='word_1_18' title='bbox 2219 393 2305 443; x_wconf 89' lang='lat' dir='ltr'><strong>est</strong></span> <span class='ocrx_word' id='word_1_19' title='bbox 2349 388 2497 460; x_wconf 90' lang='lat' dir='ltr'><strong>quod</strong></span> <span class='ocrx_word' id='word_1_20' title='bbox 2526 391 2722 443; x_wconf 89' lang='lat' dir='ltr'><strong>sancta</strong></span> <span class='ocrx_word' id='word_1_21' title='bbox 2763 386 2866 443; x_wconf 89' lang='lat' dir='ltr'><strong>Dei</strong></span> <span class='ocrx_word' id='word_1_22' title='bbox 2908 386 3154 442; x_wconf 83' lang='lat' dir='ltr'><strong>Ecclesia</strong></span> <span class='ocrx_word' id='word_1_23' title='bbox 3195 386 3335 441; x_wconf 89' lang='lat' dir='ltr'><strong>illud</strong></span> <span class='ocrx_word' id='word_1_24' title='bbox 3366 402 3529 441; x_wconf 88' lang='lat' dir='ltr'><strong>orare</strong></span> 
     </span>
    </p>
   </div>
   <div class='ocr_carea' id='block_1_5' title="bbox 265 471 1856 549">
    <p class='ocr_par' dir='ltr' id='par_1_5' title="bbox 265 471 1856 549">
     <span class='ocr_line' id='line_1_5' title="bbox 265 471 1856 549; baseline 0.006 -24"><span class='ocrx_word' id='word_1_25' title='bbox 265 471 515 526; x_wconf 88' lang='lat' dir='ltr'><strong>cuaverit</strong></span> <span class='ocrx_word' id='word_1_26' title='bbox 541 473 799 528; x_wconf 82' lang='lat' dir='ltr'><strong>Christus</strong></span> <span class='ocrx_word' id='word_1_27' title='bbox 820 489 984 528; x_wconf 90' lang='lat' dir='ltr'><strong>omne</strong></span> <span class='ocrx_word' id='word_1_28' title='bbox 1012 475 1390 547; x_wconf 85' lang='lat' dir='ltr'><strong>principatum</strong></span> <span class='ocrx_word' id='word_1_29' title='bbox 1416 481 1473 531; x_wconf 88' lang='lat' dir='ltr'><strong>et</strong></span> <span class='ocrx_word' id='word_1_30' title='bbox 1501 482 1856 549; x_wconf 87' lang='lat' dir='ltr'><strong>potestatem,</strong></span> 
     </span>
    </p>
   </div>
   <div class='ocr_carea' id='block_1_6' title="bbox 264 562 1860 638">
    <p class='ocr_par' dir='ltr' id='par_1_6' title="bbox 264 562 1860 638">
     <span class='ocr_line' id='line_1_6' title="bbox 264 562 1860 638; baseline 0.006 -24"><span class='ocrx_word' id='word_1_31' title='bbox 264 577 604 632; x_wconf 86' lang='lat' dir='ltr'><strong>omnemque</strong></span> <span class='ocrx_word' id='word_1_32' title='bbox 622 562 907 629; x_wconf 80' lang='lat' dir='ltr'><strong>virtutem,</strong></span> <span class='ocrx_word' id='word_1_33' title='bbox 928 564 1240 619; x_wconf 83' lang='lat' dir='ltr'><strong>traditurus</strong></span> <span class='ocrx_word' id='word_1_34' title='bbox 1257 571 1344 620; x_wconf 89' lang='lat' dir='ltr'><strong>est</strong></span> <span class='ocrx_word' id='word_1_35' title='bbox 1368 582 1470 621; x_wconf 91' lang='lat' dir='ltr'><strong>nos</strong></span> <span class='ocrx_word' id='word_1_36' title='bbox 1488 583 1724 638; x_wconf 83' lang='lat' dir='ltr'><strong>regnum</strong></span> <span class='ocrx_word' id='word_1_37' title='bbox 1745 569 1860 624; x_wconf 93' lang='lat' dir='ltr'><strong>Deo</strong></span> 
     </span>
    </p>
   </div>
   <div class='ocr_carea' id='block_1_7' title="bbox 265 650 1861 722">
    <p class='ocr_par' dir='ltr' id='par_1_7' title="bbox 265 650 1861 722">
     <span class='ocr_line' id='line_1_7' title="bbox 265 650 1861 722; baseline 0.006 -19"><span class='ocrx_word' id='word_1_38' title='bbox 265 650 441 716; x_wconf 75' lang='lat' dir='ltr'><strong>Patri,</strong></span> <span class='ocrx_word' id='word_1_39' title='bbox 476 650 765 722; x_wconf 76' lang='lat' dir='ltr'><strong>triumpho</strong></span> <span class='ocrx_word' id='word_1_40' title='bbox 790 652 1015 706; x_wconf 89' lang='lat' dir='ltr'><strong>virtutis</strong></span> <span class='ocrx_word' id='word_1_41' title='bbox 1050 669 1185 720; x_wconf 81' lang='lat' dir='ltr'><strong>suae,</strong></span> <span class='ocrx_word' id='word_1_42' title='bbox 1217 658 1283 709; x_wconf 93' lang='lat' dir='ltr'><strong>ut</strong></span> <span class='ocrx_word' id='word_1_43' title='bbox 1309 654 1383 709; x_wconf 88' lang='lat' dir='ltr'><strong>sit</strong></span> <span class='ocrx_word' id='word_1_44' title='bbox 1409 656 1558 710; x_wconf 86' lang='lat' dir='ltr'><strong>Deus</strong></span> <span class='ocrx_word' id='word_1_45' title='bbox 1587 657 1776 712; x_wconf 87' lang='lat' dir='ltr'><strong>omnia</strong></span> <span class='ocrx_word' id='word_1_46' title='bbox 1802 658 1861 713; x_wconf 92' lang='lat' dir='ltr'><strong>in</strong></span> 
     </span>
    </p>
   </div>
   <div class='ocr_carea' id='block_1_8' title="bbox 265 738 1863 816">
    <p class='ocr_par' dir='ltr' id='par_1_8' title="bbox 265 738 1863 816">
     <span class='ocr_line' id='line_1_8' title="bbox 265 738 1863 816; baseline 0.006 -23"><span class='ocrx_word' id='word_1_47' title='bbox 265 738 548 804; x_wconf 90' lang='lat' dir='ltr'><strong>omnibus,</strong></span> <span class='ocrx_word' id='word_1_48' title='bbox 573 740 1081 812; x_wconf 87' lang='lat' dir='ltr'><strong>contemplantibus</strong></span> <span class='ocrx_word' id='word_1_49' title='bbox 1104 742 1269 797; x_wconf 91' lang='lat' dir='ltr'><strong>nobis</strong></span> <span class='ocrx_word' id='word_1_50' title='bbox 1290 743 1428 799; x_wconf 92' lang='lat' dir='ltr'><strong>illud</strong></span> <span class='ocrx_word' id='word_1_51' title='bbox 1447 746 1595 816; x_wconf 91' lang='lat' dir='ltr'><strong>quod</strong></span> <span class='ocrx_word' id='word_1_52' title='bbox 1615 762 1717 801; x_wconf 91' lang='lat' dir='ltr'><strong>nec</strong></span> <span class='ocrx_word' id='word_1_53' title='bbox 1737 764 1863 802; x_wconf 92' lang='lat' dir='ltr'><strong>ocu-</strong></span> 
     </span>
    </p>
   </div>
   <div class='ocr_carea' id='block_1_9' title="bbox 264 828 1862 898">
    <p class='ocr_par' dir='ltr' id='par_1_9' title="bbox 264 828 1862 898">
     <span class='ocr_line' id='line_1_9' title="bbox 264 828 1862 898; baseline 0.006 -16"><span class='ocrx_word' id='word_1_54' title='bbox 264 828 357 882; x_wconf 88' lang='lat' dir='ltr'><strong>lus</strong></span> <span class='ocrx_word' id='word_1_55' title='bbox 393 828 551 895; x_wconf 84' lang='lat' dir='ltr'><strong>vidit,</strong></span> <span class='ocrx_word' id='word_1_56' title='bbox 600 845 704 883; x_wconf 90' lang='lat' dir='ltr'><strong>nec</strong></span> <span class='ocrx_word' id='word_1_57' title='bbox 749 830 902 884; x_wconf 85' lang='lat' dir='ltr'><strong>auris</strong></span> <span class='ocrx_word' id='word_1_58' title='bbox 941 831 1175 898; x_wconf 87' lang='lat' dir='ltr'><strong>audivit,</strong></span> <span class='ocrx_word' id='word_1_59' title='bbox 1225 848 1331 887; x_wconf 87' lang='lat' dir='ltr'><strong>nec</strong></span> <span class='ocrx_word' id='word_1_60' title='bbox 1378 833 1437 888; x_wconf 92' lang='lat' dir='ltr'><strong>in</strong></span> <span class='ocrx_word' id='word_1_61' title='bbox 1483 851 1580 889; x_wconf 92' lang='lat' dir='ltr'><strong>cor</strong></span> <span class='ocrx_word' id='word_1_62' title='bbox 1619 834 1862 892; x_wconf 84' lang='lat' dir='ltr'><strong>hominis</strong></span> 
     </span>
    </p>
   </div>
   <div class='ocr_carea' id='block_1_10' title="bbox 264 918 1859 994">
    <p class='ocr_par' dir='ltr' id='par_1_10' title="bbox 264 918 1859 994">
     <span class='ocr_line' id='line_1_10' title="bbox 264 918 1859 994; baseline 0.007 -24"><span class='ocrx_word' id='word_1_63' title='bbox 264 918 539 983; x_wconf 85' lang='lat' dir='ltr'><strong>ascendit,</strong></span> <span class='ocrx_word' id='word_1_64' title='bbox 555 918 704 988; x_wconf 91' lang='lat' dir='ltr'><strong>quod</strong></span> <span class='ocrx_word' id='word_1_65' title='bbox 719 918 869 973; x_wconf 90' lang='lat' dir='ltr'><strong>Deus</strong></span> <span class='ocrx_word' id='word_1_66' title='bbox 882 920 1216 991; x_wconf 70' lang='lat' dir='ltr'><strong>praeparavit</strong></span> <span class='ocrx_word' id='word_1_67' title='bbox 1234 921 1322 975; x_wconf 90' lang='lat' dir='ltr'><strong>his</strong></span> <span class='ocrx_word' id='word_1_68' title='bbox 1338 922 1434 993; x_wconf 88' lang='lat' dir='ltr'><strong>qui</strong></span> <span class='ocrx_word' id='word_1_69' title='bbox 1453 923 1698 994; x_wconf 91' lang='lat' dir='ltr'><strong>diligunt</strong></span> <span class='ocrx_word' id='word_1_70' title='bbox 1709 942 1837 981; x_wconf 91' lang='lat' dir='ltr'><strong>eum</strong></span> <span class='ocrx_word' id='word_1_71' title='bbox 1847 967 1859 980; x_wconf 93' lang='lat'><strong>.</strong></span> 
     </span>
    </p>
   </div>
   <div class='ocr_carea' id='block_1_11' title="bbox 264 1007 1864 1078">
    <p class='ocr_par' dir='ltr' id='par_1_11' title="bbox 264 1007 1864 1078">
     <span class='ocr_line' id='line_1_11' title="bbox 264 1007 1864 1078; baseline 0.004 -16"><span class='ocrx_word' id='word_1_72' title='bbox 264 1007 349 1062; x_wconf 88' lang='lat' dir='ltr'><strong>De</strong></span> <span class='ocrx_word' id='word_1_73' title='bbox 384 1023 497 1077; x_wconf 91' lang='lat' dir='ltr'><strong>quo</strong></span> <span class='ocrx_word' id='word_1_74' title='bbox 524 1007 794 1061; x_wconf 83' lang='lat' dir='ltr'><strong>nimirum</strong></span> <span class='ocrx_word' id='word_1_75' title='bbox 823 1025 995 1078; x_wconf 90' lang='lat' dir='ltr'><strong>regno</strong></span> <span class='ocrx_word' id='word_1_76' title='bbox 1024 1008 1278 1065; x_wconf 90' lang='lat' dir='ltr'><strong>dicturus</strong></span> <span class='ocrx_word' id='word_1_77' title='bbox 1305 1015 1392 1065; x_wconf 90' lang='lat' dir='ltr'><strong>est</strong></span> <span class='ocrx_word' id='word_1_78' title='bbox 1419 1011 1608 1067; x_wconf 86' lang='lat' dir='ltr'><strong>electis</strong></span> <span class='ocrx_word' id='word_1_79' title='bbox 1644 1014 1760 1070; x_wconf 76' lang='lat' dir='ltr'><strong>suis</strong></span> <span class='ocrx_word' id='word_1_80' title='bbox 1804 1015 1864 1070; x_wconf 94' lang='lat' dir='ltr'><strong>in</strong></span> 
     </span>
    </p>
   </div>
   <div class='ocr_carea' id='block_1_12' title="bbox 263 1096 1862 1171">
    <p class='ocr_par' dir='ltr' id='par_1_12' title="bbox 263 1096 1862 1171">
     <span class='ocr_line' id='line_1_12' title="bbox 263 1096 1862 1171; baseline 0.006 -23"><span class='ocrx_word' id='word_1_81' title='bbox 263 1096 380 1149; x_wconf 82' lang='lat' dir='ltr'><strong>fine</strong></span> <span class='ocrx_word' id='word_1_82' title='bbox 408 1115 420 1149; x_wconf 96' lang='lat'><strong>:</strong></span> <span class='ocrx_word' id='word_1_83' title='bbox 466 1097 663 1161; x_wconf 80' lang='lat' dir='ltr'><strong>Venite,</strong></span> <span class='ocrx_word' id='word_1_84' title='bbox 690 1098 955 1151; x_wconf 70' lang='lat' dir='ltr'><strong>benedicti</strong></span> <span class='ocrx_word' id='word_1_85' title='bbox 974 1100 1159 1152; x_wconf 89' lang='lat' dir='ltr'><strong>Patris</strong></span> <span class='ocrx_word' id='word_1_86' title='bbox 1189 1101 1317 1167; x_wconf 88' lang='lat' dir='ltr'><strong>mei,</strong></span> <span class='ocrx_word' id='word_1_87' title='bbox 1342 1104 1606 1170; x_wconf 87' lang='lat' dir='ltr'><strong>percipite</strong></span> <span class='ocrx_word' id='word_1_88' title='bbox 1626 1118 1862 1171; x_wconf 81' lang='lat' dir='ltr'><strong>regnum</strong></span> 
     </span>
    </p>
   </div>
   <div class='ocr_carea' id='block_1_13' title="bbox 263 1185 1861 1257">
    <p class='ocr_par' dir='ltr' id='par_1_13' title="bbox 263 1185 1861 1257">
     <span class='ocr_line' id='line_1_13' title="bbox 263 1185 1861 1257; baseline 0.006 -20"><span class='ocrx_word' id='word_1_89' title='bbox 263 1185 413 1253; x_wconf 85' lang='lat' dir='ltr'><strong>quod</strong></span> <span class='ocrx_word' id='word_1_90' title='bbox 425 1186 576 1239; x_wconf 83' lang='lat' dir='ltr'><strong>vobis</strong></span> <span class='ocrx_word' id='word_1_91' title='bbox 593 1190 859 1254; x_wconf 84' lang='lat' dir='ltr'><strong>paratum</strong></span> <span class='ocrx_word' id='word_1_92' title='bbox 878 1191 954 1240; x_wconf 89' lang='lat' dir='ltr'><strong>est</strong></span> <span class='ocrx_word' id='word_1_93' title='bbox 971 1188 1040 1239; x_wconf 92' lang='lat' dir='ltr'><strong>ab</strong></span> <span class='ocrx_word' id='word_1_94' title='bbox 1059 1190 1275 1255; x_wconf 79' lang='lat' dir='ltr'><strong>origine</strong></span> <span class='ocrx_word' id='word_1_95' title='bbox 1289 1190 1493 1243; x_wconf 84' lang='lat' dir='ltr'><strong>mundi</strong></span> <span class='ocrx_word' id='word_1_96' title='bbox 1507 1192 1715 1257; x_wconf 79' lang='lat' dir='ltr'><strong>(Matth.</strong></span> <span class='ocrx_word' id='word_1_97' title='bbox 1732 1208 1861 1257; x_wconf 82' lang='lat' dir='ltr'><strong>xxv,</strong></span> 
     </span>
    </p>
   </div>
   <div class='ocr_carea' id='block_1_14' title="bbox 263 1271 1865 1348">
    <p class='ocr_par' dir='ltr' id='par_1_14' title="bbox 263 1271 1865 1348">
     <span class='ocr_line' id='line_1_14' title="bbox 263 1271 1865 1348; baseline 0.003 -18"><span class='ocrx_word' id='word_1_98' title='bbox 263 1271 379 1340; x_wconf 71' lang='lat'><strong>34).</strong></span> <span class='ocrx_word' id='word_1_99' title='bbox 412 1273 527 1329; x_wconf 92' lang='lat' dir='ltr'><strong>Sed</strong></span> <span class='ocrx_word' id='word_1_100' title='bbox 573 1290 644 1327; x_wconf 91' lang='lat' dir='ltr'><strong>ne</strong></span> <span class='ocrx_word' id='word_1_101' title='bbox 698 1273 967 1329; x_wconf 89' lang='lat' dir='ltr'><strong>dilatione</strong></span> <span class='ocrx_word' id='word_1_102' title='bbox 1018 1275 1243 1330; x_wconf 89' lang='lat' dir='ltr'><strong>animus</strong></span> <span class='ocrx_word' id='word_1_103' title='bbox 1292 1282 1592 1348; x_wconf 89' lang='lat' dir='ltr'><strong>torpescat,</strong></span> <span class='ocrx_word' id='word_1_104' title='bbox 1647 1279 1865 1335; x_wconf 90' lang='lat' dir='ltr'><strong>noverit</strong></span> 
     </span>
    </p>
   </div>
   <div class='ocr_carea' id='block_1_15' title="bbox 262 1362 1862 1436">
    <p class='ocr_par' dir='ltr' id='par_1_15' title="bbox 262 1362 1862 1436">
     <span class='ocr_line' id='line_1_15' title="bbox 262 1362 1862 1436; baseline 0.005 -21"><span class='ocrx_word' id='word_1_105' title='bbox 262 1362 392 1434; x_wconf 90' lang='lat' dir='ltr'><strong>pius</strong></span> <span class='ocrx_word' id='word_1_106' title='bbox 439 1368 681 1426; x_wconf 81' lang='lat' dir='ltr'><strong>exactor,</strong></span> <span class='ocrx_word' id='word_1_107' title='bbox 716 1363 884 1433; x_wconf 92' lang='lat' dir='ltr'><strong>quod,</strong></span> <span class='ocrx_word' id='word_1_108' title='bbox 929 1363 1077 1418; x_wconf 88' lang='lat' dir='ltr'><strong>sicut</strong></span> <span class='ocrx_word' id='word_1_109' title='bbox 1112 1364 1359 1436; x_wconf 89' lang='lat' dir='ltr'><strong>quotidie</strong></span> <span class='ocrx_word' id='word_1_110' title='bbox 1386 1366 1445 1420; x_wconf 91' lang='lat' dir='ltr'><strong>in</strong></span> <span class='ocrx_word' id='word_1_111' title='bbox 1471 1366 1631 1422; x_wconf 91' lang='lat' dir='ltr'><strong>nobis</strong></span> <span class='ocrx_word' id='word_1_112' title='bbox 1657 1385 1862 1423; x_wconf 89' lang='lat' dir='ltr'><strong>nomen</strong></span> 
     </span>
    </p>
   </div>
   <div class='ocr_carea' id='block_1_16' title="bbox 261 1451 1863 1519">
    <p class='ocr_par' dir='ltr' id='par_1_16' title="bbox 261 1451 1863 1519">
     <span class='ocr_line' id='line_1_16' title="bbox 261 1451 1863 1519; baseline 0.004 -13"><span class='ocrx_word' id='word_1_113' title='bbox 261 1451 451 1506; x_wconf 86' lang='lat' dir='ltr'><strong>Patris</strong></span> <span class='ocrx_word' id='word_1_114' title='bbox 499 1451 897 1519; x_wconf 83' lang='lat' dir='ltr'><strong>sanctiﬁcatur,</strong></span> <span class='ocrx_word' id='word_1_115' title='bbox 938 1459 1003 1507; x_wconf 92' lang='lat' dir='ltr'><strong>ut</strong></span> <span class='ocrx_word' id='word_1_116' title='bbox 1043 1470 1147 1508; x_wconf 90' lang='lat' dir='ltr'><strong>nos</strong></span> <span class='ocrx_word' id='word_1_117' title='bbox 1193 1454 1265 1508; x_wconf 89' lang='lat' dir='ltr'><strong>ad</strong></span> <span class='ocrx_word' id='word_1_118' title='bbox 1312 1455 1547 1510; x_wconf 89' lang='lat' dir='ltr'><strong>meliora</strong></span> <span class='ocrx_word' id='word_1_119' title='bbox 1590 1456 1863 1512; x_wconf 90' lang='lat' dir='ltr'><strong>virtutum</strong></span> 
     </span>
    </p>
   </div>
   <div class='ocr_carea' id='block_1_17' title="bbox 262 1540 1864 1618">
    <p class='ocr_par' dir='ltr' id='par_1_17' title="bbox 262 1540 1864 1618">
     <span class='ocr_line' id='line_1_17' title="bbox 262 1540 1864 1618; baseline 0.004 -24"><span class='ocrx_word' id='word_1_120' title='bbox 262 1557 438 1612; x_wconf 81' lang='lat' dir='ltr'><strong>Opera</strong></span> <span class='ocrx_word' id='word_1_121' title='bbox 458 1540 746 1595; x_wconf 85' lang='lat' dir='ltr'><strong>valeamus</strong></span> <span class='ocrx_word' id='word_1_122' title='bbox 770 1559 783 1608; x_wconf 92' lang='lat'><strong>;</strong></span> <span class='ocrx_word' id='word_1_123' title='bbox 814 1542 896 1595; x_wconf 90' lang='lat' dir='ltr'><strong>ita</strong></span> <span class='ocrx_word' id='word_1_124' title='bbox 923 1545 980 1596; x_wconf 92' lang='lat' dir='ltr'><strong>et</strong></span> <span class='ocrx_word' id='word_1_125' title='bbox 1002 1558 1240 1612; x_wconf 85' lang='lat' dir='ltr'><strong>regnum</strong></span> <span class='ocrx_word' id='word_1_126' title='bbox 1270 1544 1415 1614; x_wconf 91' lang='lat' dir='ltr'><strong>quod</strong></span> <span class='ocrx_word' id='word_1_127' title='bbox 1443 1549 1703 1615; x_wconf 85' lang='lat' dir='ltr'><strong>optamus</strong></span> <span class='ocrx_word' id='word_1_128' title='bbox 1730 1563 1864 1618; x_wconf 91' lang='lat' dir='ltr'><strong>quo-</strong></span> 
     </span>
    </p>
   </div>
   <div class='ocr_carea' id='block_1_18' title="bbox 259 1629 1864 1697">
    <p class='ocr_par' dir='ltr' id='par_1_18' title="bbox 259 1629 1864 1697">
     <span class='ocr_line' id='line_1_18' title="bbox 259 1629 1864 1697; baseline 0.004 -13"><span class='ocrx_word' id='word_1_129' title='bbox 259 1629 402 1684; x_wconf 89' lang='lat' dir='ltr'><strong>tidie</strong></span> <span class='ocrx_word' id='word_1_130' title='bbox 457 1630 723 1685; x_wconf 85' lang='lat' dir='ltr'><strong>advenire</strong></span> <span class='ocrx_word' id='word_1_131' title='bbox 779 1631 1039 1697; x_wconf 86' lang='lat' dir='ltr'><strong>sentitur,</strong></span> <span class='ocrx_word' id='word_1_132' title='bbox 1074 1631 1210 1685; x_wconf 92' lang='lat' dir='ltr'><strong>dum</strong></span> <span class='ocrx_word' id='word_1_133' title='bbox 1255 1639 1595 1688; x_wconf 89' lang='lat' dir='ltr'><strong>evacuantur</strong></span> <span class='ocrx_word' id='word_1_134' title='bbox 1623 1651 1657 1689; x_wconf 91' lang='lat' dir='ltr'><strong>a</strong></span> <span class='ocrx_word' id='word_1_135' title='bbox 1704 1636 1864 1690; x_wconf 91' lang='lat' dir='ltr'><strong>nobis</strong></span> 
     </span>
    </p>
   </div>
   <div class='ocr_carea' id='block_1_19' title="bbox 1940 474 3531 551">
    <p class='ocr_par' dir='ltr' id='par_1_19' title="bbox 1940 474 3531 551">
     <span class='ocr_line' id='line_1_19' title="bbox 1940 474 3531 551; baseline -0.003 -19"><span class='ocrx_word' id='word_1_136' title='bbox 1940 479 2134 551; x_wconf 86' lang='lat' dir='ltr'><strong>coepit:</strong></span> <span class='ocrx_word' id='word_1_137' title='bbox 2154 480 2422 533; x_wconf 87' lang='lat' dir='ltr'><strong>Adveniat</strong></span> <span class='ocrx_word' id='word_1_138' title='bbox 2442 494 2676 545; x_wconf 81' lang='lat' dir='ltr'><strong>regnum</strong></span> <span class='ocrx_word' id='word_1_139' title='bbox 2702 482 2862 531; x_wconf 90' lang='lat' dir='ltr'><strong>tuum</strong></span> <span class='ocrx_word' id='word_1_140' title='bbox 2880 483 2903 531; x_wconf 73' lang='lat' dir='ltr'><strong><em>P</em></strong></span> <span class='ocrx_word' id='word_1_141' title='bbox 2918 482 3111 532; x_wconf 90' lang='lat' dir='ltr'><strong>tamen</strong></span> <span class='ocrx_word' id='word_1_142' title='bbox 3132 476 3262 530; x_wconf 92' lang='lat' dir='ltr'><strong>licet</strong></span> <span class='ocrx_word' id='word_1_143' title='bbox 3282 474 3531 546; x_wconf 84' lang='lat' dir='ltr'><strong>quotidie</strong></span> 
     </span>
    </p>
   </div>
   <div class='ocr_carea' id='block_1_20' title="bbox 1941 564 3532 640">
    <p class='ocr_par' dir='ltr' id='par_1_20' title="bbox 1941 564 3532 640">
     <span class='ocr_line' id='line_1_20' title="bbox 1941 564 3532 640; baseline -0.004 -17"><span class='ocrx_word' id='word_1_144' title='bbox 1941 574 2233 640; x_wconf 86' lang='lat' dir='ltr'><strong>augeatur,</strong></span> <span class='ocrx_word' id='word_1_145' title='bbox 2267 568 2450 622; x_wconf 86' lang='lat' dir='ltr'><strong>adhuc</strong></span> <span class='ocrx_word' id='word_1_146' title='bbox 2474 567 2746 622; x_wconf 77' lang='lat' dir='ltr'><strong>differtur.</strong></span> <span class='ocrx_word' id='word_1_147' title='bbox 2770 567 2931 631; x_wconf 87' lang='lat' dir='ltr'><strong>Quod</strong></span> <span class='ocrx_word' id='word_1_148' title='bbox 2960 582 3184 637; x_wconf 81' lang='lat' dir='ltr'><strong>nempe,</strong></span> <span class='ocrx_word' id='word_1_149' title='bbox 3214 564 3418 619; x_wconf 91' lang='lat' dir='ltr'><strong>idcirco</strong></span> <span class='ocrx_word' id='word_1_150' title='bbox 3443 564 3532 618; x_wconf 91' lang='lat' dir='ltr'><strong>di-</strong></span> 
     </span>
    </p>
   </div>
   <div class='ocr_carea' id='block_1_21' title="bbox 1940 653 3532 728">
    <p class='ocr_par' dir='ltr' id='par_1_21' title="bbox 1940 653 3532 728">
     <span class='ocr_line' id='line_1_21' title="bbox 1940 653 3532 728; baseline -0.004 -16"><span class='ocrx_word' id='word_1_151' title='bbox 1940 658 2138 724; x_wconf 88' lang='lat' dir='ltr'><strong>xerim,</strong></span> <span class='ocrx_word' id='word_1_152' title='bbox 2171 657 2218 711; x_wconf 89' lang='lat' dir='ltr'><strong>si</strong></span> <span class='ocrx_word' id='word_1_153' title='bbox 2266 656 2515 728; x_wconf 89' lang='lat' dir='ltr'><strong>petieris,</strong></span> <span class='ocrx_word' id='word_1_154' title='bbox 2558 671 2623 709; x_wconf 89' lang='lat' dir='ltr'><strong>ac</strong></span> <span class='ocrx_word' id='word_1_155' title='bbox 2652 655 2794 709; x_wconf 85' lang='lat' dir='ltr'><strong>forte</strong></span> <span class='ocrx_word' id='word_1_156' title='bbox 2835 654 2984 709; x_wconf 87' lang='lat' dir='ltr'><strong>illico</strong></span> <span class='ocrx_word' id='word_1_157' title='bbox 3011 671 3126 709; x_wconf 91' lang='lat' dir='ltr'><strong>non</strong></span> <span class='ocrx_word' id='word_1_158' title='bbox 3153 653 3428 719; x_wconf 90' lang='lat' dir='ltr'><strong>obtineas,</strong></span> <span class='ocrx_word' id='word_1_159' title='bbox 3459 668 3532 706; x_wconf 90' lang='lat' dir='ltr'><strong>ne</strong></span> 
     </span>
    </p>
   </div>
   <div class='ocr_carea' id='block_1_22' title="bbox 1941 743 3532 817">
    <p class='ocr_par' dir='ltr' id='par_1_22' title="bbox 1941 743 3532 817">
     <span class='ocr_line' id='line_1_22' title="bbox 1941 743 3532 817; baseline -0.004 -16"><span class='ocrx_word' id='word_1_160' title='bbox 1941 747 2194 817; x_wconf 87' lang='lat' dir='ltr'><strong>fatigeris</strong></span> <span class='ocrx_word' id='word_1_161' title='bbox 2210 746 2514 800; x_wconf 88' lang='lat' dir='ltr'><strong>instantius</strong></span> <span class='ocrx_word' id='word_1_162' title='bbox 2529 745 2585 799; x_wconf 91' lang='lat' dir='ltr'><strong>in</strong></span> <span class='ocrx_word' id='word_1_163' title='bbox 2597 745 2802 815; x_wconf 87' lang='lat' dir='ltr'><strong>agonia</strong></span> <span class='ocrx_word' id='word_1_164' title='bbox 2818 744 3093 799; x_wconf 90' lang='lat' dir='ltr'><strong>desudare</strong></span> <span class='ocrx_word' id='word_1_165' title='bbox 3112 761 3123 796; x_wconf 93' lang='lat'><strong>:</strong></span> <span class='ocrx_word' id='word_1_166' title='bbox 3148 743 3281 814; x_wconf 89' lang='lat' dir='ltr'><strong>quia</strong></span> <span class='ocrx_word' id='word_1_167' title='bbox 3292 757 3532 812; x_wconf 88' lang='lat' dir='ltr'><strong>regnum</strong></span> 
     </span>
    </p>
   </div>
   <div class='ocr_carea' id='block_1_23' title="bbox 1944 829 3531 905">
    <p class='ocr_par' dir='ltr' id='par_1_23' title="bbox 1944 829 3531 905">
     <span class='ocr_line' id='line_1_23' title="bbox 1944 829 3531 905; baseline -0.003 -15"><span class='ocrx_word' id='word_1_168' title='bbox 1944 836 2045 891; x_wconf 90' lang='lat' dir='ltr'><strong>Dei</strong></span> <span class='ocrx_word' id='word_1_169' title='bbox 2073 835 2340 889; x_wconf 86' lang='lat' dir='ltr'><strong>dilatione</strong></span> <span class='ocrx_word' id='word_1_170' title='bbox 2371 834 2660 905; x_wconf 62' lang='lat' dir='ltr'><strong>quaeritur,</strong></span> <span class='ocrx_word' id='word_1_171' title='bbox 2693 850 2791 905; x_wconf 89' lang='lat' dir='ltr'><strong>spe</strong></span> <span class='ocrx_word' id='word_1_172' title='bbox 2836 834 2956 904; x_wconf 90' lang='lat' dir='ltr'><strong>jam</strong></span> <span class='ocrx_word' id='word_1_173' title='bbox 2999 837 3155 887; x_wconf 90' lang='lat' dir='ltr'><strong>certa</strong></span> <span class='ocrx_word' id='word_1_174' title='bbox 3180 836 3426 897; x_wconf 89' lang='lat' dir='ltr'><strong>tenetur,</strong></span> <span class='ocrx_word' id='word_1_175' title='bbox 3461 829 3531 884; x_wconf 85' lang='lat' dir='ltr'><strong>ad</strong></span> 
     </span>
    </p>
   </div>
   <div class='ocr_carea' id='block_1_24' title="bbox 1945 919 3534 996">
    <p class='ocr_par' dir='ltr' id='par_1_24' title="bbox 1945 919 3534 996">
     <span class='ocr_line' id='line_1_24' title="bbox 1945 919 3534 996; baseline -0.004 -17"><span class='ocrx_word' id='word_1_176' title='bbox 1945 925 2094 996; x_wconf 92' lang='lat' dir='ltr'><strong>quod</strong></span> <span class='ocrx_word' id='word_1_177' title='bbox 2116 940 2214 995; x_wconf 85' lang='lat' dir='ltr'><strong>per</strong></span> <span class='ocrx_word' id='word_1_178' title='bbox 2237 924 2405 978; x_wconf 84' lang='lat' dir='ltr'><strong>ﬁdem</strong></span> <span class='ocrx_word' id='word_1_179' title='bbox 2422 922 2733 993; x_wconf 88' lang='lat' dir='ltr'><strong>gradimur,</strong></span> <span class='ocrx_word' id='word_1_180' title='bbox 2748 928 2806 976; x_wconf 92' lang='lat' dir='ltr'><strong>et</strong></span> <span class='ocrx_word' id='word_1_181' title='bbox 2827 922 3002 976; x_wconf 91' lang='lat' dir='ltr'><strong>nimio</strong></span> <span class='ocrx_word' id='word_1_182' title='bbox 3024 920 3316 975; x_wconf 88' lang='lat' dir='ltr'><strong>charitatis</strong></span> <span class='ocrx_word' id='word_1_183' title='bbox 3332 919 3534 974; x_wconf 90' lang='lat' dir='ltr'><strong>ardore</strong></span> 
     </span>
    </p>
   </div>
   <div class='ocr_carea' id='block_1_25' title="bbox 1944 1008 3533 1085">
    <p class='ocr_par' dir='ltr' id='par_1_25' title="bbox 1944 1008 3533 1085">
     <span class='ocr_line' id='line_1_25' title="bbox 1944 1008 3533 1085; baseline -0.004 -17"><span class='ocrx_word' id='word_1_184' title='bbox 1944 1013 2218 1085; x_wconf 88' lang='lat' dir='ltr'><strong>quidquid</strong></span> <span class='ocrx_word' id='word_1_185' title='bbox 2246 1012 2529 1067; x_wconf 89' lang='lat' dir='ltr'><strong>obstiterit</strong></span> <span class='ocrx_word' id='word_1_186' title='bbox 2554 1012 2909 1078; x_wconf 89' lang='lat' dir='ltr'><strong>revincimus,</strong></span> <span class='ocrx_word' id='word_1_187' title='bbox 2938 1017 2995 1065; x_wconf 89' lang='lat' dir='ltr'><strong>et</strong></span> <span class='ocrx_word' id='word_1_188' title='bbox 3033 1027 3136 1082; x_wconf 89' lang='lat' dir='ltr'><strong>per</strong></span> <span class='ocrx_word' id='word_1_189' title='bbox 3173 1010 3431 1065; x_wconf 89' lang='lat' dir='ltr'><strong>eamdem</strong></span> <span class='ocrx_word' id='word_1_190' title='bbox 3461 1008 3533 1062; x_wconf 89' lang='lat' dir='ltr'><strong>ad</strong></span> 
     </span>
    </p>
   </div>
   <div class='ocr_carea' id='block_1_26' title="bbox 1943 1098 3532 1172">
    <p class='ocr_par' dir='ltr' id='par_1_26' title="bbox 1943 1098 3532 1172">
     <span class='ocr_line' id='line_1_26' title="bbox 1943 1098 3532 1172; baseline -0.004 -15"><span class='ocrx_word' id='word_1_191' title='bbox 1943 1103 2082 1157; x_wconf 92' lang='lat' dir='ltr'><strong>illud</strong></span> <span class='ocrx_word' id='word_1_192' title='bbox 2111 1102 2288 1157; x_wconf 89' lang='lat' dir='ltr'><strong>donec</strong></span> <span class='ocrx_word' id='word_1_193' title='bbox 2314 1101 2690 1172; x_wconf 89' lang='lat' dir='ltr'><strong>perveniatur,</strong></span> <span class='ocrx_word' id='word_1_194' title='bbox 2724 1099 3148 1170; x_wconf 81' lang='lat' dir='ltr'><strong>infatigabiliter</strong></span> <span class='ocrx_word' id='word_1_195' title='bbox 3169 1098 3532 1154; x_wconf 89' lang='lat' dir='ltr'><strong>desudamus.</strong></span> 
     </span>
    </p>
   </div>
   <div class='ocr_carea' id='block_1_27' title="bbox 2014 1185 3535 1261">
    <p class='ocr_par' dir='ltr' id='par_1_27' title="bbox 2014 1185 3535 1261">
     <span class='ocr_line' id='line_1_27' title="bbox 2014 1185 3535 1261; baseline -0.005 -15"><span class='ocrx_word' id='word_1_196' title='bbox 2014 1193 2136 1246; x_wconf 84' lang='lat' dir='ltr'><strong>Fiat</strong></span> <span class='ocrx_word' id='word_1_197' title='bbox 2154 1195 2409 1246; x_wconf 82' lang='lat' dir='ltr'><strong>voluntas</strong></span> <span class='ocrx_word' id='word_1_198' title='bbox 2431 1196 2545 1245; x_wconf 89' lang='lat' dir='ltr'><strong>tua.</strong></span> <span class='ocrx_word' id='word_1_199' title='bbox 2566 1190 2676 1243; x_wconf 90' lang='lat' dir='ltr'><strong>Par</strong></span> <span class='ocrx_word' id='word_1_200' title='bbox 2689 1205 2911 1261; x_wconf 88' lang='lat' dir='ltr'><strong>quoque</strong></span> <span class='ocrx_word' id='word_1_201' title='bbox 2927 1193 2983 1243; x_wconf 92' lang='lat' dir='ltr'><strong>et</strong></span> <span class='ocrx_word' id='word_1_202' title='bbox 3000 1189 3129 1242; x_wconf 90' lang='lat' dir='ltr'><strong>huic</strong></span> <span class='ocrx_word' id='word_1_203' title='bbox 3148 1185 3535 1256; x_wconf 63' lang='lat' dir='ltr'><strong>intelligentia</strong></span> 
     </span>
    </p>
   </div>
   <div class='ocr_carea' id='block_1_28' title="bbox 1944 1273 3537 1349">
    <p class='ocr_par' dir='ltr' id='par_1_28' title="bbox 1944 1273 3537 1349">
     <span class='ocr_line' id='line_1_28' title="bbox 1944 1273 3537 1349; baseline -0.005 -13"><span class='ocrx_word' id='word_1_204' title='bbox 1944 1297 2140 1336; x_wconf 88' lang='lat' dir='ltr'><strong>sensus</strong></span> <span class='ocrx_word' id='word_1_205' title='bbox 2167 1285 2271 1334; x_wconf 87' lang='lat' dir='ltr'><strong>est.</strong></span> <span class='ocrx_word' id='word_1_206' title='bbox 2303 1281 2430 1333; x_wconf 92' lang='lat' dir='ltr'><strong>Non</strong></span> <span class='ocrx_word' id='word_1_207' title='bbox 2457 1278 2607 1333; x_wconf 92' lang='lat' dir='ltr'><strong>enim</strong></span> <span class='ocrx_word' id='word_1_208' title='bbox 2633 1278 2930 1349; x_wconf 89' lang='lat' dir='ltr'><strong>quisquam</strong></span> <span class='ocrx_word' id='word_1_209' title='bbox 2953 1282 3040 1331; x_wconf 90' lang='lat' dir='ltr'><strong>est</strong></span> <span class='ocrx_word' id='word_1_210' title='bbox 3065 1276 3161 1348; x_wconf 89' lang='lat' dir='ltr'><strong>qui</strong></span> <span class='ocrx_word' id='word_1_211' title='bbox 3184 1277 3321 1342; x_wconf 84' lang='lat' dir='ltr'><strong>Deo,</strong></span> <span class='ocrx_word' id='word_1_212' title='bbox 3343 1292 3415 1329; x_wconf 93' lang='lat' dir='ltr'><strong>ne</strong></span> <span class='ocrx_word' id='word_1_213' title='bbox 3435 1273 3537 1328; x_wconf 76' lang='lat' dir='ltr'><strong>ﬁat</strong></span> 
     </span>
    </p>
   </div>
   <div class='ocr_carea' id='block_1_29' title="bbox 1945 1364 3534 1440">
    <p class='ocr_par' dir='ltr' id='par_1_29' title="bbox 1945 1364 3534 1440">
     <span class='ocr_line' id='line_1_29' title="bbox 1945 1364 3534 1440; baseline -0.003 -16"><span class='ocrx_word' id='word_1_214' title='bbox 1945 1371 2067 1440; x_wconf 89' lang='lat' dir='ltr'><strong>ejus</strong></span> <span class='ocrx_word' id='word_1_215' title='bbox 2085 1370 2356 1435; x_wconf 85' lang='lat' dir='ltr'><strong>voluntas,</strong></span> <span class='ocrx_word' id='word_1_216' title='bbox 2377 1367 2647 1422; x_wconf 89' lang='lat' dir='ltr'><strong>obsistere</strong></span> <span class='ocrx_word' id='word_1_217' title='bbox 2666 1367 2751 1421; x_wconf 91' lang='lat' dir='ltr'><strong>vel</strong></span> <span class='ocrx_word' id='word_1_218' title='bbox 2769 1366 3149 1421; x_wconf 89' lang='lat' dir='ltr'><strong>contradicere</strong></span> <span class='ocrx_word' id='word_1_219' title='bbox 3167 1364 3360 1436; x_wconf 89' lang='lat' dir='ltr'><strong>possit.</strong></span> <span class='ocrx_word' id='word_1_220' title='bbox 3380 1364 3534 1419; x_wconf 78' lang='lat' dir='ltr'><strong>Prae-</strong></span> 
     </span>
    </p>
   </div>
   <div class='ocr_carea' id='block_1_30' title="bbox 1944 1456 3535 1529">
    <p class='ocr_par' dir='ltr' id='par_1_30' title="bbox 1944 1456 3535 1529">
     <span class='ocr_line' id='line_1_30' title="bbox 1944 1456 3535 1529; baseline -0.005 -15"><span class='ocrx_word' id='word_1_221' title='bbox 1944 1460 2139 1514; x_wconf 89' lang='lat' dir='ltr'><strong>sertim</strong></span> <span class='ocrx_word' id='word_1_222' title='bbox 2171 1475 2299 1513; x_wconf 91' lang='lat' dir='ltr'><strong>cum</strong></span> <span class='ocrx_word' id='word_1_223' title='bbox 2331 1457 2601 1529; x_wconf 90' lang='lat' dir='ltr'><strong>scriptum</strong></span> <span class='ocrx_word' id='word_1_224' title='bbox 2630 1456 2738 1511; x_wconf 91' lang='lat' dir='ltr'><strong>sit:</strong></span> <span class='ocrx_word' id='word_1_225' title='bbox 2781 1456 2983 1511; x_wconf 88' lang='lat' dir='ltr'><strong>Omnia</strong></span> <span class='ocrx_word' id='word_1_226' title='bbox 3010 1470 3342 1524; x_wconf 69' lang='lat' dir='ltr'><strong>quascunque</strong></span> <span class='ocrx_word' id='word_1_227' title='bbox 3360 1456 3535 1507; x_wconf 80' lang='lat' dir='ltr'><strong>voluit</strong></span> 
     </span>
    </p>
   </div>
   <div class='ocr_carea' id='block_1_31' title="bbox 1945 1540 3536 1615">
    <p class='ocr_par' dir='ltr' id='par_1_31' title="bbox 1945 1540 3536 1615">
     <span class='ocr_line' id='line_1_31' title="bbox 1945 1540 3536 1615; baseline -0.003 -13"><span class='ocrx_word' id='word_1_228' title='bbox 1945 1550 2213 1603; x_wconf 76' lang='lat' dir='ltr'><strong>I/ominus</strong></span> <span class='ocrx_word' id='word_1_229' title='bbox 2242 1549 2368 1615; x_wconf 82' lang='lat' dir='ltr'><strong>fecit</strong></span> <span class='ocrx_word' id='word_1_230' title='bbox 2395 1549 2458 1600; x_wconf 93' lang='lat' dir='ltr'><strong>in</strong></span> <span class='ocrx_word' id='word_1_231' title='bbox 2497 1550 2619 1601; x_wconf 78' lang='lat' dir='ltr'><strong>cwlo</strong></span> <span class='ocrx_word' id='word_1_232' title='bbox 2648 1551 2696 1600; x_wconf 87' lang='lat' dir='ltr'><strong>et</strong></span> <span class='ocrx_word' id='word_1_233' title='bbox 2723 1548 2786 1599; x_wconf 84' lang='lat' dir='ltr'><strong>in</strong></span> <span class='ocrx_word' id='word_1_234' title='bbox 2826 1550 2977 1599; x_wconf 86' lang='lat' dir='ltr'><strong>terra</strong></span> <span class='ocrx_word' id='word_1_235' title='bbox 3004 1547 3164 1608; x_wconf 87' lang='lat' dir='ltr'><strong>(Psat.</strong></span> <span class='ocrx_word' id='word_1_236' title='bbox 3204 1556 3422 1608; x_wconf 79' lang='lat' dir='ltr'><strong>CXXXIV,</strong></span> <span class='ocrx_word' id='word_1_237' title='bbox 3456 1540 3536 1611; x_wconf 87' lang='lat'><strong>6).</strong></span> 
     </span>
    </p>
   </div>
   <div class='ocr_carea' id='block_1_32' title="bbox 1947 1630 3535 1700">
    <p class='ocr_par' dir='ltr' id='par_1_32' title="bbox 1947 1630 3535 1700">
     <span class='ocr_line' id='line_1_32' title="bbox 1947 1630 3535 1700; baseline -0.004 -9"><span class='ocrx_word' id='word_1_238' title='bbox 1947 1636 2056 1692; x_wconf 91' lang='lat' dir='ltr'><strong>Sed</strong></span> <span class='ocrx_word' id='word_1_239' title='bbox 2084 1635 2187 1690; x_wconf 90' lang='lat' dir='ltr'><strong>hoc</strong></span> <span class='ocrx_word' id='word_1_240' title='bbox 2219 1651 2446 1690; x_wconf 88' lang='lat' dir='ltr'><strong>oramus</strong></span> <span class='ocrx_word' id='word_1_241' title='bbox 2488 1640 2553 1689; x_wconf 89' lang='lat' dir='ltr'><strong>ut</strong></span> <span class='ocrx_word' id='word_1_242' title='bbox 2596 1633 2916 1689; x_wconf 90' lang='lat' dir='ltr'><strong>libertatem</strong></span> <span class='ocrx_word' id='word_1_243' title='bbox 2949 1630 3167 1687; x_wconf 86' lang='lat' dir='ltr'><strong>arbitrii</strong></span> <span class='ocrx_word' id='word_1_244' title='bbox 3203 1630 3381 1685; x_wconf 88' lang='lat' dir='ltr'><strong>nostri</strong></span> <span class='ocrx_word' id='word_1_245' title='bbox 3413 1631 3535 1700; x_wconf 85' lang='lat' dir='ltr'><strong>ejus</strong></span> 
     </span>
    </p>
   </div>
   <div class='ocr_carea' id='block_1_33' title="bbox 258 1708 3535 1797">
    <p class='ocr_par' dir='ltr' id='par_1_33' title="bbox 258 1708 3535 1797">
     <span class='ocr_line' id='line_1_33' title="bbox 258 1708 3535 1797; baseline 0 -25"><span class='ocrx_word' id='word_1_246' title='bbox 258 1719 615 1791; x_wconf 89' lang='lat' dir='ltr'><strong>principatus</strong></span> <span class='ocrx_word' id='word_1_247' title='bbox 633 1724 691 1774; x_wconf 92' lang='lat' dir='ltr'><strong>et</strong></span> <span class='ocrx_word' id='word_1_248' title='bbox 706 1724 1030 1791; x_wconf 83' lang='lat' dir='ltr'><strong>potestates,</strong></span> <span class='ocrx_word' id='word_1_249' title='bbox 1051 1720 1398 1792; x_wconf 86' lang='lat' dir='ltr'><strong>virtutesque</strong></span> <span class='ocrx_word' id='word_1_250' title='bbox 1421 1738 1599 1778; x_wconf 67' lang='lat' dir='ltr'><strong>aereae</strong></span> <span class='ocrx_word' id='word_1_251' title='bbox 1622 1729 1864 1795; x_wconf 87' lang='lat' dir='ltr'><strong>potesta-</strong></span> <span class='ocrx_word' id='word_1_252' title='bbox 1887 1708 2045 1797; x_wconf 78' lang='lat' dir='ltr'><strong>Bper</strong></span> <span class='ocrx_word' id='word_1_253' title='bbox 2068 1725 2310 1796; x_wconf 85' lang='lat' dir='ltr'><strong>gratiam</strong></span> <span class='ocrx_word' id='word_1_254' title='bbox 2336 1723 2611 1778; x_wconf 88' lang='lat' dir='ltr'><strong>sociemus</strong></span> <span class='ocrx_word' id='word_1_255' title='bbox 2639 1723 2815 1795; x_wconf 92' lang='lat' dir='ltr'><strong>ipsius</strong></span> <span class='ocrx_word' id='word_1_256' title='bbox 2844 1721 3135 1787; x_wconf 88' lang='lat' dir='ltr'><strong>voluntati,</strong></span> <span class='ocrx_word' id='word_1_257' title='bbox 3163 1725 3228 1775; x_wconf 93' lang='lat' dir='ltr'><strong>ut</strong></span> <span class='ocrx_word' id='word_1_258' title='bbox 3255 1719 3352 1791; x_wconf 90' lang='lat' dir='ltr'><strong>qui</strong></span> <span class='ocrx_word' id='word_1_259' title='bbox 3379 1718 3535 1784; x_wconf 88' lang='lat' dir='ltr'><strong>vivit,</strong></span> 
     </span>
    </p>
   </div>
   <div class='ocr_carea' id='block_1_34' title="bbox 257 1808 1864 1884">
    <p class='ocr_par' dir='ltr' id='par_1_34' title="bbox 257 1808 1864 1884">
     <span class='ocr_line' id='line_1_34' title="bbox 257 1808 1864 1884; baseline 0.003 -21"><span class='ocrx_word' id='word_1_260' title='bbox 257 1808 353 1873; x_wconf 87' lang='lat' dir='ltr'><strong>tis,</strong></span> <span class='ocrx_word' id='word_1_261' title='bbox 392 1824 524 1862; x_wconf 91' lang='lat' dir='ltr'><strong>cum</strong></span> <span class='ocrx_word' id='word_1_262' title='bbox 552 1813 895 1864; x_wconf 89' lang='lat' dir='ltr'><strong>evacuantur</strong></span> <span class='ocrx_word' id='word_1_263' title='bbox 921 1808 1076 1874; x_wconf 81' lang='lat' dir='ltr'><strong>vitia,</strong></span> <span class='ocrx_word' id='word_1_264' title='bbox 1108 1815 1166 1864; x_wconf 92' lang='lat' dir='ltr'><strong>et</strong></span> <span class='ocrx_word' id='word_1_265' title='bbox 1194 1810 1389 1865; x_wconf 90' lang='lat' dir='ltr'><strong>mundi</strong></span> <span class='ocrx_word' id='word_1_266' title='bbox 1415 1813 1864 1884; x_wconf 88' lang='lat' dir='ltr'><strong>concupiscentia</strong></span> 
     </span>
    </p>
   </div>
   <div class='ocr_carea' id='block_1_35' title="bbox 262 1896 1863 1972">
    <p class='ocr_par' dir='ltr' id='par_1_35' title="bbox 262 1896 1863 1972">
     <span class='ocr_line' id='line_1_35' title="bbox 262 1896 1863 1972; baseline 0.003 -20"><span class='ocrx_word' id='word_1_267' title='bbox 262 1896 667 1968; x_wconf 81' lang='lat' dir='ltr'><strong>exstinguitur.</strong></span> <span class='ocrx_word' id='word_1_268' title='bbox 691 1898 835 1952; x_wconf 92' lang='lat' dir='ltr'><strong>Tum</strong></span> <span class='ocrx_word' id='word_1_269' title='bbox 861 1898 1076 1970; x_wconf 88' lang='lat' dir='ltr'><strong>utique,</strong></span> <span class='ocrx_word' id='word_1_270' title='bbox 1110 1915 1238 1953; x_wconf 90' lang='lat' dir='ltr'><strong>cum</strong></span> <span class='ocrx_word' id='word_1_271' title='bbox 1266 1900 1355 1954; x_wconf 91' lang='lat' dir='ltr'><strong>his</strong></span> <span class='ocrx_word' id='word_1_272' title='bbox 1378 1901 1657 1972; x_wconf 88' lang='lat' dir='ltr'><strong>propulsis</strong></span> <span class='ocrx_word' id='word_1_273' title='bbox 1684 1902 1863 1957; x_wconf 91' lang='lat' dir='ltr'><strong>virtu-</strong></span> 
     </span>
    </p>
   </div>
   <div class='ocr_carea' id='block_1_36' title="bbox 254 1986 1860 2058">
    <p class='ocr_par' dir='ltr' id='par_1_36' title="bbox 254 1986 1860 2058">
     <span class='ocr_line' id='line_1_36' title="bbox 254 1986 1860 2058; baseline 0.004 -18"><span class='ocrx_word' id='word_1_274' title='bbox 254 1991 381 2041; x_wconf 90' lang='lat' dir='ltr'><strong>tum</strong></span> <span class='ocrx_word' id='word_1_275' title='bbox 411 1986 563 2040; x_wconf 88' lang='lat' dir='ltr'><strong>bona</strong></span> <span class='ocrx_word' id='word_1_276' title='bbox 589 1987 648 2041; x_wconf 91' lang='lat' dir='ltr'><strong>in</strong></span> <span class='ocrx_word' id='word_1_277' title='bbox 672 1986 834 2041; x_wconf 91' lang='lat' dir='ltr'><strong>nobis</strong></span> <span class='ocrx_word' id='word_1_278' title='bbox 861 1987 1251 2058; x_wconf 88' lang='lat' dir='ltr'><strong>fragraverint,</strong></span> <span class='ocrx_word' id='word_1_279' title='bbox 1277 1993 1331 2043; x_wconf 84' lang='lat' dir='ltr'><strong>et</strong></span> <span class='ocrx_word' id='word_1_280' title='bbox 1355 1990 1723 2046; x_wconf 85' lang='lat' dir='ltr'><strong>odoramenta</strong></span> <span class='ocrx_word' id='word_1_281' title='bbox 1743 2008 1860 2047; x_wconf 90' lang='lat' dir='ltr'><strong>me-</strong></span> 
     </span>
    </p>
   </div>
   <div class='ocr_carea' id='block_1_37' title="bbox 258 2075 1861 2152">
    <p class='ocr_par' dir='ltr' id='par_1_37' title="bbox 258 2075 1861 2152">
     <span class='ocr_line' id='line_1_37' title="bbox 258 2075 1861 2152; baseline 0.004 -23"><span class='ocrx_word' id='word_1_282' title='bbox 258 2076 504 2130; x_wconf 90' lang='lat' dir='ltr'><strong>ritorum</strong></span> <span class='ocrx_word' id='word_1_283' title='bbox 549 2075 734 2130; x_wconf 88' lang='lat' dir='ltr'><strong>cubile</strong></span> <span class='ocrx_word' id='word_1_284' title='bbox 776 2077 981 2131; x_wconf 89' lang='lat' dir='ltr'><strong>mentis</strong></span> <span class='ocrx_word' id='word_1_285' title='bbox 1022 2078 1405 2149; x_wconf 85' lang='lat' dir='ltr'><strong>asperserint;</strong></span> <span class='ocrx_word' id='word_1_286' title='bbox 1447 2084 1570 2134; x_wconf 91' lang='lat' dir='ltr'><strong>tum</strong></span> <span class='ocrx_word' id='word_1_287' title='bbox 1612 2081 1861 2152; x_wconf 84' lang='lat' dir='ltr'><strong>profecto</strong></span> 
     </span>
    </p>
   </div>
   <div class='ocr_carea' id='block_1_38' title="bbox 256 2164 1862 2238">
    <p class='ocr_par' dir='ltr' id='par_1_38' title="bbox 256 2164 1862 2238">
     <span class='ocr_line' id='line_1_38' title="bbox 256 2164 1862 2238; baseline 0.004 -19"><span class='ocrx_word' id='word_1_288' title='bbox 256 2164 446 2219; x_wconf 89' lang='lat' dir='ltr'><strong>Patris</strong></span> <span class='ocrx_word' id='word_1_289' title='bbox 474 2181 715 2235; x_wconf 88' lang='lat' dir='ltr'><strong>regnum</strong></span> <span class='ocrx_word' id='word_1_290' title='bbox 739 2165 859 2236; x_wconf 91' lang='lat' dir='ltr'><strong>jam</strong></span> <span class='ocrx_word' id='word_1_291' title='bbox 900 2166 1135 2238; x_wconf 89' lang='lat' dir='ltr'><strong>jamque</strong></span> <span class='ocrx_word' id='word_1_292' title='bbox 1171 2167 1432 2222; x_wconf 89' lang='lat' dir='ltr'><strong>advenire</strong></span> <span class='ocrx_word' id='word_1_293' title='bbox 1460 2169 1520 2223; x_wconf 90' lang='lat' dir='ltr'><strong>in</strong></span> <span class='ocrx_word' id='word_1_294' title='bbox 1556 2169 1717 2225; x_wconf 91' lang='lat' dir='ltr'><strong>nobis</strong></span> <span class='ocrx_word' id='word_1_295' title='bbox 1755 2171 1862 2225; x_wconf 90' lang='lat' dir='ltr'><strong>mi-</strong></span> 
     </span>
    </p>
   </div>
   <div class='ocr_carea' id='block_1_39' title="bbox 257 2253 1865 2331">
    <p class='ocr_par' dir='ltr' id='par_1_39' title="bbox 257 2253 1865 2331">
     <span class='ocr_line' id='line_1_39' title="bbox 257 2253 1865 2331; baseline 0.005 -24"><span class='ocrx_word' id='word_1_296' title='bbox 257 2253 412 2308; x_wconf 90' lang='lat' dir='ltr'><strong>nime</strong></span> <span class='ocrx_word' id='word_1_297' title='bbox 443 2253 790 2309; x_wconf 87' lang='lat' dir='ltr'><strong>dubitamus.</strong></span> <span class='ocrx_word' id='word_1_298' title='bbox 810 2255 983 2325; x_wconf 90' lang='lat' dir='ltr'><strong>Cujus</strong></span> <span class='ocrx_word' id='word_1_299' title='bbox 1003 2255 1265 2311; x_wconf 90' lang='lat' dir='ltr'><strong>nimirum</strong></span> <span class='ocrx_word' id='word_1_300' title='bbox 1286 2262 1457 2327; x_wconf 90' lang='lat' dir='ltr'><strong>gustu</strong></span> <span class='ocrx_word' id='word_1_301' title='bbox 1478 2257 1629 2313; x_wconf 89' lang='lat' dir='ltr'><strong>inter</strong></span> <span class='ocrx_word' id='word_1_302' title='bbox 1646 2276 1865 2331; x_wconf 88' lang='lat' dir='ltr'><strong>pressu-</strong></span> 
     </span>
    </p>
   </div>
   <div class='ocr_carea' id='block_1_40' title="bbox 258 2342 1862 2417">
    <p class='ocr_par' dir='ltr' id='par_1_40' title="bbox 258 2342 1862 2417">
     <span class='ocr_line' id='line_1_40' title="bbox 258 2342 1862 2417; baseline 0.004 -20"><span class='ocrx_word' id='word_1_303' title='bbox 258 2359 351 2397; x_wconf 91' lang='lat' dir='ltr'><strong>ras</strong></span> <span class='ocrx_word' id='word_1_304' title='bbox 379 2342 573 2397; x_wconf 64' lang='lat' dir='ltr'><strong>saeculi</strong></span> <span class='ocrx_word' id='word_1_305' title='bbox 597 2343 839 2397; x_wconf 84' lang='lat' dir='ltr'><strong>validius</strong></span> <span class='ocrx_word' id='word_1_306' title='bbox 866 2344 1196 2410; x_wconf 86' lang='lat' dir='ltr'><strong>solidamur,</strong></span> <span class='ocrx_word' id='word_1_307' title='bbox 1220 2351 1277 2399; x_wconf 93' lang='lat' dir='ltr'><strong>et</strong></span> <span class='ocrx_word' id='word_1_308' title='bbox 1305 2350 1365 2400; x_wconf 87' lang='lat' dir='ltr'><strong>ut</strong></span> <span class='ocrx_word' id='word_1_309' title='bbox 1395 2346 1670 2417; x_wconf 86' lang='lat' dir='ltr'><strong>integrius</strong></span> <span class='ocrx_word' id='word_1_310' title='bbox 1694 2348 1862 2403; x_wconf 90' lang='lat' dir='ltr'><strong>adve-</strong></span> 
     </span>
    </p>
   </div>
   <div class='ocr_carea' id='block_1_41' title="bbox 259 2431 1864 2509">
    <p class='ocr_par' dir='ltr' id='par_1_41' title="bbox 259 2431 1864 2509">
     <span class='ocr_line' id='line_1_41' title="bbox 259 2431 1864 2509; baseline 0.004 -23"><span class='ocrx_word' id='word_1_311' title='bbox 259 2431 381 2487; x_wconf 89' lang='lat' dir='ltr'><strong>niat</strong></span> <span class='ocrx_word' id='word_1_312' title='bbox 407 2432 482 2486; x_wconf 89' lang='lat' dir='ltr'><strong>ad</strong></span> <span class='ocrx_word' id='word_1_313' title='bbox 504 2433 654 2503; x_wconf 90' lang='lat' dir='ltr'><strong>quod</strong></span> <span class='ocrx_word' id='word_1_314' title='bbox 678 2433 1045 2504; x_wconf 89' lang='lat' dir='ltr'><strong>ingredimur,</strong></span> <span class='ocrx_word' id='word_1_315' title='bbox 1060 2434 1466 2490; x_wconf 87' lang='lat' dir='ltr'><strong>instantissime</strong></span> <span class='ocrx_word' id='word_1_316' title='bbox 1487 2453 1733 2492; x_wconf 91' lang='lat' dir='ltr'><strong>oramus.</strong></span> <span class='ocrx_word' id='word_1_317' title='bbox 1747 2439 1864 2509; x_wconf 88' lang='lat' dir='ltr'><strong>Age</strong></span> 
     </span>
    </p>
   </div>
   <div class='ocr_carea' id='block_1_42' title="bbox 261 2522 1866 2596">
    <p class='ocr_par' dir='ltr' id='par_1_42' title="bbox 261 2522 1866 2596">
     <span class='ocr_line' id='line_1_42' title="bbox 261 2522 1866 2596; baseline 0.005 -22"><span class='ocrx_word' id='word_1_318' title='bbox 261 2537 415 2592; x_wconf 89' lang='lat' dir='ltr'><strong>ergo,</strong></span> <span class='ocrx_word' id='word_1_319' title='bbox 441 2522 698 2593; x_wconf 86' lang='lat' dir='ltr'><strong>quisquis</strong></span> <span class='ocrx_word' id='word_1_320' title='bbox 724 2527 782 2577; x_wconf 90' lang='lat' dir='ltr'><strong>te</strong></span> <span class='ocrx_word' id='word_1_321' title='bbox 810 2522 1142 2593; x_wconf 88' lang='lat' dir='ltr'><strong>adoptatum</strong></span> <span class='ocrx_word' id='word_1_322' title='bbox 1170 2523 1229 2578; x_wconf 92' lang='lat' dir='ltr'><strong>in</strong></span> <span class='ocrx_word' id='word_1_323' title='bbox 1259 2540 1497 2595; x_wconf 89' lang='lat' dir='ltr'><strong>regnum</strong></span> <span class='ocrx_word' id='word_1_324' title='bbox 1525 2526 1758 2596; x_wconf 87' lang='lat' dir='ltr'><strong>gaudes,</strong></span> <span class='ocrx_word' id='word_1_325' title='bbox 1785 2526 1866 2581; x_wconf 87' lang='lat' dir='ltr'><strong>di-</strong></span> 
     </span>
    </p>
   </div>
   <div class='ocr_carea' id='block_1_43' title="bbox 262 2609 1860 2687">
    <p class='ocr_par' dir='ltr' id='par_1_43' title="bbox 262 2609 1860 2687">
     <span class='ocr_line' id='line_1_43' title="bbox 262 2609 1860 2687; baseline 0.004 -23"><span class='ocrx_word' id='word_1_326' title='bbox 262 2610 377 2664; x_wconf 82' lang='lat' dir='ltr'><strong>lata</strong></span> <span class='ocrx_word' id='word_1_327' title='bbox 403 2610 595 2664; x_wconf 88' lang='lat' dir='ltr'><strong>sinum</strong></span> <span class='ocrx_word' id='word_1_328' title='bbox 625 2609 777 2677; x_wconf 85' lang='lat' dir='ltr'><strong>ﬁdei,</strong></span> <span class='ocrx_word' id='word_1_329' title='bbox 803 2611 1037 2667; x_wconf 82' lang='lat' dir='ltr'><strong>extende</strong></span> <span class='ocrx_word' id='word_1_330' title='bbox 1064 2612 1551 2683; x_wconf 87' lang='lat' dir='ltr'><strong>longanimitatem</strong></span> <span class='ocrx_word' id='word_1_331' title='bbox 1583 2616 1860 2687; x_wconf 67' lang='lat' dir='ltr'><strong>spei&#39;tuze,</strong></span> 
     </span>
    </p>
   </div>
   <div class='ocr_carea' id='block_1_44' title="bbox 262 2699 1865 2771">
    <p class='ocr_par' dir='ltr' id='par_1_44' title="bbox 262 2699 1865 2771">
     <span class='ocr_line' id='line_1_44' title="bbox 262 2699 1865 2771; baseline 0.005 -19"><span class='ocrx_word' id='word_1_332' title='bbox 262 2699 547 2771; x_wconf 86' lang='lat' dir='ltr'><strong>ampliﬁca</strong></span> <span class='ocrx_word' id='word_1_333' title='bbox 586 2700 977 2770; x_wconf 89' lang='lat' dir='ltr'><strong>magnitudine</strong></span> <span class='ocrx_word' id='word_1_334' title='bbox 1003 2702 1233 2767; x_wconf 90' lang='lat' dir='ltr'><strong>amoris,</strong></span> <span class='ocrx_word' id='word_1_335' title='bbox 1262 2707 1320 2756; x_wconf 90' lang='lat' dir='ltr'><strong>et</strong></span> <span class='ocrx_word' id='word_1_336' title='bbox 1347 2719 1447 2757; x_wconf 91' lang='lat' dir='ltr'><strong>ora</strong></span> <span class='ocrx_word' id='word_1_337' title='bbox 1475 2705 1631 2759; x_wconf 92' lang='lat' dir='ltr'><strong>omni</strong></span> <span class='ocrx_word' id='word_1_338' title='bbox 1662 2704 1865 2760; x_wconf 87' lang='lat' dir='ltr'><strong>virtute</strong></span> 
     </span>
    </p>
   </div>
   <div class='ocr_carea' id='block_1_45' title="bbox 262 2788 1864 2865">
    <p class='ocr_par' dir='ltr' id='par_1_45' title="bbox 262 2788 1864 2865">
     <span class='ocr_line' id='line_1_45' title="bbox 262 2788 1864 2865; baseline 0.004 -22"><span class='ocrx_word' id='word_1_339' title='bbox 262 2788 494 2855; x_wconf 87' lang='lat' dir='ltr'><strong>mentis,</strong></span> <span class='ocrx_word' id='word_1_340' title='bbox 526 2788 792 2860; x_wconf 90' lang='lat' dir='ltr'><strong>omnique</strong></span> <span class='ocrx_word' id='word_1_341' title='bbox 835 2789 1107 2844; x_wconf 89' lang='lat' dir='ltr'><strong>instantia</strong></span> <span class='ocrx_word' id='word_1_342' title='bbox 1141 2791 1344 2858; x_wconf 91' lang='lat' dir='ltr'><strong>cordis,</strong></span> <span class='ocrx_word' id='word_1_343' title='bbox 1377 2797 1442 2847; x_wconf 91' lang='lat' dir='ltr'><strong>ut</strong></span> <span class='ocrx_word' id='word_1_344' title='bbox 1482 2792 1586 2848; x_wconf 91' lang='lat' dir='ltr'><strong>hoc</strong></span> <span class='ocrx_word' id='word_1_345' title='bbox 1628 2811 1864 2865; x_wconf 88' lang='lat' dir='ltr'><strong>regnum</strong></span> 
     </span>
    </p>
   </div>
   <div class='ocr_carea' id='block_1_46' title="bbox 266 2877 1864 2954">
    <p class='ocr_par' dir='ltr' id='par_1_46' title="bbox 266 2877 1864 2954">
     <span class='ocr_line' id='line_1_46' title="bbox 266 2877 1864 2954; baseline 0.004 -23"><span class='ocrx_word' id='word_1_346' title='bbox 266 2877 520 2949; x_wconf 88' lang='lat' dir='ltr'><strong>quotidie</strong></span> <span class='ocrx_word' id='word_1_347' title='bbox 548 2894 660 2932; x_wconf 90' lang='lat' dir='ltr'><strong>non</strong></span> <span class='ocrx_word' id='word_1_348' title='bbox 705 2878 887 2933; x_wconf 90' lang='lat' dir='ltr'><strong>solum</strong></span> <span class='ocrx_word' id='word_1_349' title='bbox 915 2879 1264 2934; x_wconf 88' lang='lat' dir='ltr'><strong>credentium</strong></span> <span class='ocrx_word' id='word_1_350' title='bbox 1304 2898 1541 2937; x_wconf 90' lang='lat' dir='ltr'><strong>numero</strong></span> <span class='ocrx_word' id='word_1_351' title='bbox 1570 2889 1864 2954; x_wconf 86' lang='lat' dir='ltr'><strong>augeatur,</strong></span> 
     </span>
    </p>
   </div>
   <div class='ocr_carea' id='block_1_47' title="bbox 269 2966 1865 3042">
    <p class='ocr_par' dir='ltr' id='par_1_47' title="bbox 269 2966 1865 3042">
     <span class='ocr_line' id='line_1_47' title="bbox 269 2966 1865 3042; baseline 0.004 -22"><span class='ocrx_word' id='word_1_352' title='bbox 269 2984 459 3022; x_wconf 89' lang='lat' dir='ltr'><strong>verum</strong></span> <span class='ocrx_word' id='word_1_353' title='bbox 480 2967 653 3022; x_wconf 89' lang='lat' dir='ltr'><strong>etiam</strong></span> <span class='ocrx_word' id='word_1_354' title='bbox 678 2966 736 3022; x_wconf 91' lang='lat' dir='ltr'><strong>in</strong></span> <span class='ocrx_word' id='word_1_355' title='bbox 755 2972 831 3035; x_wconf 90' lang='lat' dir='ltr'><strong>te,</strong></span> <span class='ocrx_word' id='word_1_356' title='bbox 857 2968 944 3022; x_wconf 93' lang='lat' dir='ltr'><strong>vel</strong></span> <span class='ocrx_word' id='word_1_357' title='bbox 963 2968 1021 3023; x_wconf 91' lang='lat' dir='ltr'><strong>in</strong></span> <span class='ocrx_word' id='word_1_358' title='bbox 1047 2970 1263 3024; x_wconf 91' lang='lat' dir='ltr'><strong>cunctis</strong></span> <span class='ocrx_word' id='word_1_359' title='bbox 1288 2971 1385 3042; x_wconf 90' lang='lat' dir='ltr'><strong>qui</strong></span> <span class='ocrx_word' id='word_1_360' title='bbox 1403 2972 1523 3042; x_wconf 92' lang='lat' dir='ltr'><strong>jam</strong></span> <span class='ocrx_word' id='word_1_361' title='bbox 1549 2972 1865 3027; x_wconf 88' lang='lat' dir='ltr'><strong>Christiano</strong></span> 
     </span>
    </p>
   </div>
   <div class='ocr_carea' id='block_1_48' title="bbox 1938 1807 3539 1886">
    <p class='ocr_par' dir='ltr' id='par_1_48' title="bbox 1938 1807 3539 1886">
     <span class='ocr_line' id='line_1_48' title="bbox 1938 1807 3539 1886; baseline -0.004 -17"><span class='ocrx_word' id='word_1_362' title='bbox 1938 1817 2060 1886; x_wconf 92' lang='lat' dir='ltr'><strong>jam</strong></span> <span class='ocrx_word' id='word_1_363' title='bbox 2090 1830 2201 1868; x_wconf 93' lang='lat' dir='ltr'><strong>non</strong></span> <span class='ocrx_word' id='word_1_364' title='bbox 2230 1813 2335 1867; x_wconf 89' lang='lat' dir='ltr'><strong>sibi</strong></span> <span class='ocrx_word' id='word_1_365' title='bbox 2364 1812 2527 1878; x_wconf 91' lang='lat' dir='ltr'><strong>vivat,</strong></span> <span class='ocrx_word' id='word_1_366' title='bbox 2544 1812 2642 1866; x_wconf 90' lang='lat' dir='ltr'><strong>sed</strong></span> <span class='ocrx_word' id='word_1_367' title='bbox 2663 1812 2919 1866; x_wconf 90' lang='lat' dir='ltr'><strong>voluntas</strong></span> <span class='ocrx_word' id='word_1_368' title='bbox 2943 1811 3044 1866; x_wconf 92' lang='lat' dir='ltr'><strong>Dei</strong></span> <span class='ocrx_word' id='word_1_369' title='bbox 3072 1809 3252 1865; x_wconf 88' lang='lat' dir='ltr'><strong>libera</strong></span> <span class='ocrx_word' id='word_1_370' title='bbox 3277 1809 3337 1862; x_wconf 92' lang='lat' dir='ltr'><strong>in</strong></span> <span class='ocrx_word' id='word_1_371' title='bbox 3361 1807 3539 1863; x_wconf 91' lang='lat' dir='ltr'><strong>omni-</strong></span> 
     </span>
    </p>
   </div>
   <div class='ocr_carea' id='block_1_49' title="bbox 1947 1900 3537 1974">
    <p class='ocr_par' dir='ltr' id='par_1_49' title="bbox 1947 1900 3537 1974">
     <span class='ocr_line' id='line_1_49' title="bbox 1947 1900 3537 1974; baseline -0.005 -15"><span class='ocrx_word' id='word_1_372' title='bbox 1947 1903 2048 1959; x_wconf 93' lang='lat' dir='ltr'><strong>bus</strong></span> <span class='ocrx_word' id='word_1_373' title='bbox 2076 1903 2397 1974; x_wconf 90' lang='lat' dir='ltr'><strong>impleatur.</strong></span> <span class='ocrx_word' id='word_1_374' title='bbox 2428 1902 2509 1955; x_wconf 91' lang='lat' dir='ltr'><strong>De</strong></span> <span class='ocrx_word' id='word_1_375' title='bbox 2537 1917 2649 1972; x_wconf 90' lang='lat' dir='ltr'><strong>qua</strong></span> <span class='ocrx_word' id='word_1_376' title='bbox 2687 1901 2957 1954; x_wconf 90' lang='lat' dir='ltr'><strong>nimirum</strong></span> <span class='ocrx_word' id='word_1_377' title='bbox 2993 1900 3278 1953; x_wconf 88' lang='lat' dir='ltr'><strong>voluntate</strong></span> <span class='ocrx_word' id='word_1_378' title='bbox 3307 1901 3537 1952; x_wconf 88' lang='lat' dir='ltr'><strong>sanctus</strong></span> 
     </span>
    </p>
   </div>
   <div class='ocr_carea' id='block_1_50' title="bbox 1942 1989 3537 2065">
    <p class='ocr_par' dir='ltr' id='par_1_50' title="bbox 1942 1989 3537 2065">
     <span class='ocr_line' id='line_1_50' title="bbox 1942 1989 3537 2065; baseline -0.007 -16"><span class='ocrx_word' id='word_1_379' title='bbox 1942 1992 2244 2065; x_wconf 82' lang='lat' dir='ltr'><strong>Apostolus</strong></span> <span class='ocrx_word' id='word_1_380' title='bbox 2268 1995 2516 2045; x_wconf 87' lang='lat' dir='ltr'><strong>testatur</strong></span> <span class='ocrx_word' id='word_1_381' title='bbox 2542 1989 2730 2044; x_wconf 90' lang='lat' dir='ltr'><strong>dicens</strong></span> <span class='ocrx_word' id='word_1_382' title='bbox 2763 2007 2775 2043; x_wconf 92' lang='lat'><strong>:</strong></span> <span class='ocrx_word' id='word_1_383' title='bbox 2822 1991 3073 2043; x_wconf 76' lang='lat' dir='ltr'><strong>Voluntas</strong></span> <span class='ocrx_word' id='word_1_384' title='bbox 3100 1989 3199 2042; x_wconf 87' lang='lat' dir='ltr'><strong>Dei</strong></span> <span class='ocrx_word' id='word_1_385' title='bbox 3226 1992 3299 2041; x_wconf 90' lang='lat' dir='ltr'><strong>est</strong></span> <span class='ocrx_word' id='word_1_386' title='bbox 3328 1989 3537 2040; x_wconf 87' lang='lat' dir='ltr'><strong>sancti-</strong></span> 
     </span>
    </p>
   </div>
   <div class='ocr_carea' id='block_1_51' title="bbox 1943 2076 3538 2151">
    <p class='ocr_par' dir='ltr' id='par_1_51' title="bbox 1943 2076 3538 2151">
     <span class='ocr_line' id='line_1_51' title="bbox 1943 2076 3538 2151; baseline -0.004 -16"><span class='ocrx_word' id='word_1_387' title='bbox 1943 2085 2124 2151; x_wconf 77' lang='lat' dir='ltr'><strong>ficatio</strong></span> <span class='ocrx_word' id='word_1_388' title='bbox 2144 2085 2409 2148; x_wconf 85' lang='lat' dir='ltr'><strong>vestra,ut</strong></span> <span class='ocrx_word' id='word_1_389' title='bbox 2423 2081 2742 2133; x_wconf 87' lang='lat' dir='ltr'><strong>abstineatis</strong></span> <span class='ocrx_word' id='word_1_390' title='bbox 2760 2094 2849 2133; x_wconf 83' lang='lat' dir='ltr'><strong>vos</strong></span> <span class='ocrx_word' id='word_1_391' title='bbox 2863 2094 2899 2131; x_wconf 93' lang='lat' dir='ltr'><strong>a</strong></span> <span class='ocrx_word' id='word_1_392' title='bbox 2914 2078 3235 2132; x_wconf 74' lang='lat' dir='ltr'><strong>carnalibus</strong></span> <span class='ocrx_word' id='word_1_393' title='bbox 3253 2076 3538 2129; x_wconf 81' lang='lat' dir='ltr'><strong>desideriis</strong></span> 
     </span>
    </p>
   </div>
   <div class='ocr_carea' id='block_1_52' title="bbox 1947 2163 3533 2239">
    <p class='ocr_par' dir='ltr' id='par_1_52' title="bbox 1947 2163 3533 2239">
     <span class='ocr_line' id='line_1_52' title="bbox 1947 2163 3533 2239; baseline -0.007 -12"><span class='ocrx_word' id='word_1_394' title='bbox 1947 2174 1996 2239; x_wconf 89' lang='grc' dir='ltr'><strong>(Ι</strong></span> <span class='ocrx_word' id='word_1_395' title='bbox 2025 2170 2194 2225; x_wconf 86' lang='lat' dir='ltr'><strong>Thess.</strong></span> <span class='ocrx_word' id='word_1_396' title='bbox 2218 2184 2291 2236; x_wconf 82' lang='lat' dir='ltr'><strong>Iv,</strong></span> <span class='ocrx_word' id='word_1_397' title='bbox 2325 2167 2398 2238; x_wconf 90' lang='lat'><strong>3).</strong></span> <span class='ocrx_word' id='word_1_398' title='bbox 2442 2170 2512 2223; x_wconf 86' lang='lat' dir='ltr'><strong>Et</strong></span> <span class='ocrx_word' id='word_1_399' title='bbox 2537 2167 2671 2222; x_wconf 89' lang='lat' dir='ltr'><strong>alibi</strong></span> <span class='ocrx_word' id='word_1_400' title='bbox 2710 2166 2981 2222; x_wconf 92' lang='lat' dir='ltr'><strong>Dominus</strong></span> <span class='ocrx_word' id='word_1_401' title='bbox 3014 2184 3026 2219; x_wconf 91' lang='lat'><strong>:</strong></span> <span class='ocrx_word' id='word_1_402' title='bbox 3059 2166 3179 2220; x_wconf 68' lang='lat' dir='ltr'><strong>Haec</strong></span> <span class='ocrx_word' id='word_1_403' title='bbox 3204 2169 3297 2230; x_wconf 90' lang='lat' dir='ltr'><strong>est,</strong></span> <span class='ocrx_word' id='word_1_404' title='bbox 3329 2163 3533 2235; x_wconf 90' lang='lat' dir='ltr'><strong>inquit,</strong></span> 
     </span>
    </p>
   </div>
   <div class='ocr_carea' id='block_1_53' title="bbox 1944 2254 3532 2328">
    <p class='ocr_par' dir='ltr' id='par_1_53' title="bbox 1944 2254 3532 2328">
     <span class='ocr_line' id='line_1_53' title="bbox 1944 2254 3532 2328; baseline -0.006 -14"><span class='ocrx_word' id='word_1_405' title='bbox 1944 2262 2382 2315; x_wconf 80' lang='lat' dir='ltr'><strong>voluntasPatris</strong></span> <span class='ocrx_word' id='word_1_406' title='bbox 2395 2262 2493 2328; x_wconf 86' lang='lat' dir='ltr'><strong>qui</strong></span> <span class='ocrx_word' id='word_1_407' title='bbox 2502 2275 2585 2312; x_wconf 91' lang='lat' dir='ltr'><strong>me</strong></span> <span class='ocrx_word' id='word_1_408' title='bbox 2598 2261 2731 2311; x_wconf 89' lang='lat' dir='ltr'><strong>misi</strong></span> <span class='ocrx_word' id='word_1_409' title='bbox 2734 2261 2840 2324; x_wconf 89' lang='lat' dir='ltr'><strong>t,ut</strong></span> <span class='ocrx_word' id='word_1_410' title='bbox 2851 2258 3031 2310; x_wconf 88' lang='lat' dir='ltr'><strong>omnis</strong></span> <span class='ocrx_word' id='word_1_411' title='bbox 3040 2256 3141 2324; x_wconf 82' lang='lat' dir='ltr'><strong>qui</strong></span> <span class='ocrx_word' id='word_1_412' title='bbox 3149 2255 3292 2308; x_wconf 85' lang='lat' dir='ltr'><strong>videt</strong></span> <span class='ocrx_word' id='word_1_413' title='bbox 3303 2254 3532 2319; x_wconf 76' lang='lat' dir='ltr'><strong>Filium,</strong></span> 
     </span>
    </p>
   </div>
   <div class='ocr_carea' id='block_1_54' title="bbox 1945 2338 3534 2412">
    <p class='ocr_par' dir='ltr' id='par_1_54' title="bbox 1945 2338 3534 2412">
     <span class='ocr_line' id='line_1_54' title="bbox 1945 2338 3534 2412; baseline -0.003 -10"><span class='ocrx_word' id='word_1_414' title='bbox 1945 2355 1992 2403; x_wconf 90' lang='lat' dir='ltr'><strong>et</strong></span> <span class='ocrx_word' id='word_1_415' title='bbox 2010 2350 2181 2403; x_wconf 84' lang='lat' dir='ltr'><strong>credit</strong></span> <span class='ocrx_word' id='word_1_416' title='bbox 2200 2350 2262 2401; x_wconf 90' lang='lat' dir='ltr'><strong>in</strong></span> <span class='ocrx_word' id='word_1_417' title='bbox 2282 2364 2427 2412; x_wconf 89' lang='lat' dir='ltr'><strong>eum,</strong></span> <span class='ocrx_word' id='word_1_418' title='bbox 2441 2348 2634 2401; x_wconf 87' lang='lat' dir='ltr'><strong>habeat</strong></span> <span class='ocrx_word' id='word_1_419' title='bbox 2649 2349 2824 2400; x_wconf 80' lang='lat' dir='ltr'><strong>vitam</strong></span> <span class='ocrx_word' id='word_1_420' title='bbox 2843 2350 3106 2399; x_wconf 60' lang='lat' dir='ltr'><strong>aeternam</strong></span> <span class='ocrx_word' id='word_1_421' title='bbox 3125 2345 3300 2411; x_wconf 86' lang='lat' dir='ltr'><strong>(Joan.</strong></span> <span class='ocrx_word' id='word_1_422' title='bbox 3320 2356 3397 2407; x_wconf 84' lang='lat' dir='ltr'><strong>vI,</strong></span> <span class='ocrx_word' id='word_1_423' title='bbox 3422 2338 3534 2409; x_wconf 78' lang='lat'><strong>40).</strong></span> 
     </span>
    </p>
   </div>
   <div class='ocr_carea' id='block_1_55' title="bbox 1946 2431 3540 2509">
    <p class='ocr_par' dir='ltr' id='par_1_55' title="bbox 1946 2431 3540 2509">
     <span class='ocr_line' id='line_1_55' title="bbox 1946 2431 3540 2509; baseline -0.004 -18"><span class='ocrx_word' id='word_1_424' title='bbox 1946 2438 2299 2509; x_wconf 85' lang='lat' dir='ltr'><strong>Quapropter</strong></span> <span class='ocrx_word' id='word_1_425' title='bbox 2323 2441 2381 2490; x_wconf 88' lang='lat' dir='ltr'><strong>et</strong></span> <span class='ocrx_word' id='word_1_426' title='bbox 2407 2436 2498 2489; x_wconf 92' lang='lat' dir='ltr'><strong>hic</strong></span> <span class='ocrx_word' id='word_1_427' title='bbox 2526 2452 2638 2491; x_wconf 91' lang='lat' dir='ltr'><strong>non</strong></span> <span class='ocrx_word' id='word_1_428' title='bbox 2664 2434 2812 2506; x_wconf 90' lang='lat' dir='ltr'><strong>quod</strong></span> <span class='ocrx_word' id='word_1_429' title='bbox 2831 2434 2932 2500; x_wconf 91' lang='lat' dir='ltr'><strong>illi,</strong></span> <span class='ocrx_word' id='word_1_430' title='bbox 2956 2433 3054 2487; x_wconf 91' lang='lat' dir='ltr'><strong>sed</strong></span> <span class='ocrx_word' id='word_1_431' title='bbox 3071 2431 3220 2504; x_wconf 90' lang='lat' dir='ltr'><strong>quod</strong></span> <span class='ocrx_word' id='word_1_432' title='bbox 3239 2431 3399 2485; x_wconf 89' lang='lat' dir='ltr'><strong>nobis</strong></span> <span class='ocrx_word' id='word_1_433' title='bbox 3413 2447 3540 2502; x_wconf 83' lang='lat' dir='ltr'><strong>pro-</strong></span> 
     </span>
    </p>
   </div>
   <div class='ocr_carea' id='block_1_56' title="bbox 1944 2522 3538 2593">
    <p class='ocr_par' dir='ltr' id='par_1_56' title="bbox 1944 2522 3538 2593">
     <span class='ocr_line' id='line_1_56' title="bbox 1944 2522 3538 2593; baseline -0.004 -12"><span class='ocrx_word' id='word_1_434' title='bbox 1944 2526 2038 2592; x_wconf 89' lang='lat' dir='ltr'><strong>sit,</strong></span> <span class='ocrx_word' id='word_1_435' title='bbox 2062 2525 2259 2579; x_wconf 89' lang='lat' dir='ltr'><strong>devote</strong></span> <span class='ocrx_word' id='word_1_436' title='bbox 2279 2540 2525 2579; x_wconf 90' lang='lat' dir='ltr'><strong>oramus.</strong></span> <span class='ocrx_word' id='word_1_437' title='bbox 2546 2525 2688 2579; x_wconf 89' lang='lat' dir='ltr'><strong>Cum</strong></span> <span class='ocrx_word' id='word_1_438' title='bbox 2709 2539 2843 2593; x_wconf 88' lang='lat' dir='ltr'><strong>ergo</strong></span> <span class='ocrx_word' id='word_1_439' title='bbox 2862 2522 3121 2588; x_wconf 83' lang='lat' dir='ltr'><strong>dicimus,</strong></span> <span class='ocrx_word' id='word_1_440' title='bbox 3144 2522 3265 2575; x_wconf 79' lang='lat' dir='ltr'><strong>Fiat</strong></span> <span class='ocrx_word' id='word_1_441' title='bbox 3284 2524 3538 2575; x_wconf 77' lang='lat' dir='ltr'><strong>voluntas</strong></span> 
     </span>
    </p>
   </div>
   <div class='ocr_carea' id='block_1_57' title="bbox 1948 2611 3541 2685">
    <p class='ocr_par' dir='ltr' id='par_1_57' title="bbox 1948 2611 3541 2685">
     <span class='ocr_line' id='line_1_57' title="bbox 1948 2611 3541 2685; baseline -0.003 -16"><span class='ocrx_word' id='word_1_442' title='bbox 1948 2621 2064 2681; x_wconf 88' lang='lat' dir='ltr'><strong>tua,</strong></span> <span class='ocrx_word' id='word_1_443' title='bbox 2084 2614 2443 2685; x_wconf 90' lang='lat' dir='ltr'><strong>cogitandum</strong></span> <span class='ocrx_word' id='word_1_444' title='bbox 2475 2617 2561 2667; x_wconf 92' lang='lat' dir='ltr'><strong>est</strong></span> <span class='ocrx_word' id='word_1_445' title='bbox 2589 2629 2700 2684; x_wconf 87' lang='lat' dir='ltr'><strong>qua</strong></span> <span class='ocrx_word' id='word_1_446' title='bbox 2728 2612 2837 2665; x_wconf 81' lang='lat' dir='ltr'><strong>ﬁde</strong></span> <span class='ocrx_word' id='word_1_447' title='bbox 2858 2611 3127 2676; x_wconf 87' lang='lat' dir='ltr'><strong>dicamus,</strong></span> <span class='ocrx_word' id='word_1_448' title='bbox 3149 2625 3326 2680; x_wconf 91' lang='lat' dir='ltr'><strong>quave</strong></span> <span class='ocrx_word' id='word_1_449' title='bbox 3348 2613 3541 2675; x_wconf 66' lang='lat'><strong>326</strong></span> 
     </span>
    </p>
   </div>
   <div class='ocr_carea' id='block_1_58' title="bbox 1945 2697 3537 2773">
    <p class='ocr_par' dir='ltr' id='par_1_58' title="bbox 1945 2697 3537 2773">
     <span class='ocr_line' id='line_1_58' title="bbox 1945 2697 3537 2773; baseline -0.004 -15"><span class='ocrx_word' id='word_1_450' title='bbox 1945 2703 2220 2758; x_wconf 90' lang='lat' dir='ltr'><strong>charitate</strong></span> <span class='ocrx_word' id='word_1_451' title='bbox 2248 2721 2261 2770; x_wconf 92' lang='lat'><strong>;</strong></span> <span class='ocrx_word' id='word_1_452' title='bbox 2296 2702 2428 2773; x_wconf 89' lang='lat' dir='ltr'><strong>quia</strong></span> <span class='ocrx_word' id='word_1_453' title='bbox 2456 2714 2622 2755; x_wconf 85' lang='lat' dir='ltr'><strong>nemo</strong></span> <span class='ocrx_word' id='word_1_454' title='bbox 2652 2699 2915 2755; x_wconf 76' lang='lat' dir='ltr'><strong>haesitans</strong></span> <span class='ocrx_word' id='word_1_455' title='bbox 2942 2700 3012 2753; x_wconf 92' lang='lat' dir='ltr'><strong>de</strong></span> <span class='ocrx_word' id='word_1_456' title='bbox 3038 2698 3224 2753; x_wconf 87' lang='lat' dir='ltr'><strong>Patris</strong></span> <span class='ocrx_word' id='word_1_457' title='bbox 3252 2697 3537 2751; x_wconf 89' lang='lat' dir='ltr'><strong>voluntate</strong></span> 
     </span>
    </p>
   </div>
   <div class='ocr_carea' id='block_1_59' title="bbox 1945 2784 3539 2864">
    <p class='ocr_par' dir='ltr' id='par_1_59' title="bbox 1945 2784 3539 2864">
     <span class='ocr_line' id='line_1_59' title="bbox 1945 2784 3539 2864; baseline -0.006 -16"><span class='ocrx_word' id='word_1_458' title='bbox 1945 2809 2197 2864; x_wconf 90' lang='lat' dir='ltr'><strong>unquam</strong></span> <span class='ocrx_word' id='word_1_459' title='bbox 2224 2797 2375 2846; x_wconf 89' lang='lat' dir='ltr'><strong>recte</strong></span> <span class='ocrx_word' id='word_1_460' title='bbox 2399 2796 2544 2845; x_wconf 90' lang='lat' dir='ltr'><strong>orat.</strong></span> <span class='ocrx_word' id='word_1_461' title='bbox 2571 2789 2779 2845; x_wconf 91' lang='lat' dir='ltr'><strong>Idcirco</strong></span> <span class='ocrx_word' id='word_1_462' title='bbox 2808 2804 3014 2860; x_wconf 88' lang='lat' dir='ltr'><strong>magna</strong></span> <span class='ocrx_word' id='word_1_463' title='bbox 3041 2786 3199 2851; x_wconf 81' lang='lat' dir='ltr'><strong>fides,</strong></span> <span class='ocrx_word' id='word_1_464' title='bbox 3218 2802 3425 2856; x_wconf 84' lang='lat' dir='ltr'><strong>magna</strong></span> <span class='ocrx_word' id='word_1_465' title='bbox 3445 2784 3539 2839; x_wconf 85' lang='lat' dir='ltr'><strong>de-</strong></span> 
     </span>
    </p>
   </div>
   <div class='ocr_carea' id='block_1_60' title="bbox 1944 2874 3537 2953">
    <p class='ocr_par' dir='ltr' id='par_1_60' title="bbox 1944 2874 3537 2953">
     <span class='ocr_line' id='line_1_60' title="bbox 1944 2874 3537 2953; baseline -0.005 -17"><span class='ocrx_word' id='word_1_466' title='bbox 1944 2883 2114 2949; x_wconf 91' lang='lat' dir='ltr'><strong>votio,</strong></span> <span class='ocrx_word' id='word_1_467' title='bbox 2157 2898 2363 2953; x_wconf 89' lang='lat' dir='ltr'><strong>magna</strong></span> <span class='ocrx_word' id='word_1_468' title='bbox 2394 2881 2684 2948; x_wconf 87' lang='lat' dir='ltr'><strong>securitas,</strong></span> <span class='ocrx_word' id='word_1_469' title='bbox 2714 2879 2786 2934; x_wconf 92' lang='lat' dir='ltr'><strong>de</strong></span> <span class='ocrx_word' id='word_1_470' title='bbox 2827 2876 3274 2933; x_wconf 88' lang='lat' dir='ltr'><strong>incommutabili</strong></span> <span class='ocrx_word' id='word_1_471' title='bbox 3312 2874 3537 2931; x_wconf 90' lang='lat' dir='ltr'><strong>Domini</strong></span> 
     </span>
    </p>
   </div>
   <div class='ocr_carea' id='block_1_61' title="bbox 1945 2965 3537 3042">
    <p class='ocr_par' dir='ltr' id='par_1_61' title="bbox 1945 2965 3537 3042">
     <span class='ocr_line' id='line_1_61' title="bbox 1945 2965 3537 3042; baseline -0.005 -15"><span class='ocrx_word' id='word_1_472' title='bbox 1945 2971 2196 3027; x_wconf 89' lang='lat' dir='ltr'><strong>bonitate</strong></span> <span class='ocrx_word' id='word_1_473' title='bbox 2225 2971 2369 3025; x_wconf 91' lang='lat' dir='ltr'><strong>scire</strong></span> <span class='ocrx_word' id='word_1_474' title='bbox 2388 2971 2537 3042; x_wconf 91' lang='lat' dir='ltr'><strong>quod</strong></span> <span class='ocrx_word' id='word_1_475' title='bbox 2565 2969 2706 3024; x_wconf 89' lang='lat' dir='ltr'><strong>nihil</strong></span> <span class='ocrx_word' id='word_1_476' title='bbox 2733 2968 2867 3023; x_wconf 90' lang='lat' dir='ltr'><strong>mali</strong></span> <span class='ocrx_word' id='word_1_477' title='bbox 2891 2968 3042 3034; x_wconf 88' lang='lat' dir='ltr'><strong>velit,</strong></span> <span class='ocrx_word' id='word_1_478' title='bbox 3072 2966 3208 3029; x_wconf 88' lang='lat' dir='ltr'><strong>imo,</strong></span> <span class='ocrx_word' id='word_1_479' title='bbox 3230 2965 3537 3020; x_wconf 87' lang='lat' dir='ltr'><strong>secundum</strong></span> 
     </span>
    </p>
   </div>
   <div class='ocr_carea' id='block_1_62' title="bbox 265 3053 3536 3133">
    <p class='ocr_par' dir='ltr' id='par_1_62' title="bbox 265 3053 3536 3133">
     <span class='ocr_line' id='line_1_62' title="bbox 265 3053 3536 3133; baseline -0.002 -21"><span class='ocrx_word' id='word_1_480' title='bbox 265 3062 573 3112; x_wconf 85' lang='lat' dir='ltr'><strong>censentur</strong></span> <span class='ocrx_word' id='word_1_481' title='bbox 594 3056 839 3124; x_wconf 91' lang='lat' dir='ltr'><strong>nomine,</strong></span> <span class='ocrx_word' id='word_1_482' title='bbox 869 3058 1184 3129; x_wconf 83' lang='lat' dir='ltr'><strong>quantitate</strong></span> <span class='ocrx_word' id='word_1_483' title='bbox 1212 3060 1545 3115; x_wconf 89' lang='lat' dir='ltr'><strong>meritorum</strong></span> <span class='ocrx_word' id='word_1_484' title='bbox 1574 3060 1858 3130; x_wconf 90' lang='lat' dir='ltr'><strong>dilatetur,</strong></span> <span class='ocrx_word' id='word_1_485' title='bbox 1881 3066 1924 3126; x_wconf 77' lang='grc' dir='ltr'>Ο</span> <span class='ocrx_word' id='word_1_486' title='bbox 1949 3061 2284 3133; x_wconf 86' lang='lat' dir='ltr'><strong>Apostolum</strong></span> <span class='ocrx_word' id='word_1_487' title='bbox 2313 3078 2324 3114; x_wconf 92' lang='lat'><strong>:</strong></span> <span class='ocrx_word' id='word_1_488' title='bbox 2358 3060 2552 3115; x_wconf 87' lang='lat' dir='ltr'><strong>Omnes</strong></span> <span class='ocrx_word' id='word_1_489' title='bbox 2581 3059 2826 3113; x_wconf 82' lang='lat' dir='ltr'><strong>homines</strong></span> <span class='ocrx_word' id='word_1_490' title='bbox 2853 3060 2973 3111; x_wconf 81' lang='lat' dir='ltr'><strong>vult</strong></span> <span class='ocrx_word' id='word_1_491' title='bbox 3000 3059 3175 3111; x_wconf 81' lang='lat' dir='ltr'><strong>salvos</strong></span> <span class='ocrx_word' id='word_1_492' title='bbox 3204 3056 3347 3123; x_wconf 77' lang='lat' dir='ltr'><strong>ﬁeri,</strong></span> <span class='ocrx_word' id='word_1_493' title='bbox 3378 3058 3427 3108; x_wconf 89' lang='lat' dir='ltr'><strong>et</strong></span> <span class='ocrx_word' id='word_1_494' title='bbox 3462 3053 3536 3107; x_wconf 87' lang='lat' dir='ltr'><strong>ad</strong></span> 
     </span>
    </p>
   </div>
   <div class='ocr_carea' id='block_1_63' title="bbox 265 3146 1865 3222">
    <p class='ocr_par' dir='ltr' id='par_1_63' title="bbox 265 3146 1865 3222">
     <span class='ocr_line' id='line_1_63' title="bbox 265 3146 1865 3222; baseline 0.003 -21"><span class='ocrx_word' id='word_1_495' title='bbox 265 3152 338 3205; x_wconf 85' lang='lat' dir='ltr'><strong>et.</strong></span> <span class='ocrx_word' id='word_1_496' title='bbox 372 3146 660 3201; x_wconf 88' lang='lat' dir='ltr'><strong>evacuatis</strong></span> <span class='ocrx_word' id='word_1_497' title='bbox 694 3146 877 3213; x_wconf 90' lang='lat' dir='ltr'><strong>malis,</strong></span> <span class='ocrx_word' id='word_1_498' title='bbox 910 3147 1248 3203; x_wconf 84' lang='lat' dir='ltr'><strong>clariﬁcetur</strong></span> <span class='ocrx_word' id='word_1_499' title='bbox 1277 3149 1593 3204; x_wconf 88' lang='lat' dir='ltr'><strong>virtutibus.</strong></span> <span class='ocrx_word' id='word_1_500' title='bbox 1628 3151 1865 3222; x_wconf 89' lang='lat' dir='ltr'><strong>Insuper</strong></span> 
     </span>
    </p>
   </div>
   <div class='ocr_carea' id='block_1_64' title="bbox 262 3236 1866 3311">
    <p class='ocr_par' dir='ltr' id='par_1_64' title="bbox 262 3236 1866 3311">
     <span class='ocr_line' id='line_1_64' title="bbox 262 3236 1866 3311; baseline 0.002 -20"><span class='ocrx_word' id='word_1_501' title='bbox 262 3236 503 3291; x_wconf 81' lang='lat' dir='ltr'><strong>extende</strong></span> <span class='ocrx_word' id='word_1_502' title='bbox 514 3236 737 3290; x_wconf 90' lang='lat' dir='ltr'><strong>oculum</strong></span> <span class='ocrx_word' id='word_1_503' title='bbox 753 3236 957 3291; x_wconf 88' lang='lat' dir='ltr'><strong>mentis</strong></span> <span class='ocrx_word' id='word_1_504' title='bbox 971 3238 1041 3291; x_wconf 90' lang='lat' dir='ltr'><strong>ad</strong></span> <span class='ocrx_word' id='word_1_505' title='bbox 1057 3237 1193 3292; x_wconf 91' lang='lat' dir='ltr'><strong>illud</strong></span> <span class='ocrx_word' id='word_1_506' title='bbox 1207 3238 1472 3293; x_wconf 90' lang='lat' dir='ltr'><strong>ultimum</strong></span> <span class='ocrx_word' id='word_1_507' title='bbox 1485 3239 1866 3311; x_wconf 89' lang='lat' dir='ltr'><strong>repromissio-</strong></span> 
     </span>
    </p>
   </div>
   <div class='ocr_carea' id='block_1_65' title="bbox 262 3325 1866 3399">
    <p class='ocr_par' dir='ltr' id='par_1_65' title="bbox 262 3325 1866 3399">
     <span class='ocr_line' id='line_1_65' title="bbox 262 3325 1866 3399; baseline 0.002 -19"><span class='ocrx_word' id='word_1_508' title='bbox 262 3326 350 3380; x_wconf 90' lang='lat' dir='ltr'><strong>nis</strong></span> <span class='ocrx_word' id='word_1_509' title='bbox 374 3325 550 3392; x_wconf 91' lang='lat' dir='ltr'><strong>diem,</strong></span> <span class='ocrx_word' id='word_1_510' title='bbox 575 3326 799 3396; x_wconf 82' lang='lat' dir='ltr'><strong>quando</strong></span> <span class='ocrx_word' id='word_1_511' title='bbox 817 3326 865 3380; x_wconf 91' lang='lat' dir='ltr'><strong>si</strong></span> <span class='ocrx_word' id='word_1_512' title='bbox 894 3327 1274 3397; x_wconf 90' lang='lat' dir='ltr'><strong>permanseris</strong></span> <span class='ocrx_word' id='word_1_513' title='bbox 1298 3327 1357 3381; x_wconf 92' lang='lat' dir='ltr'><strong>in</strong></span> <span class='ocrx_word' id='word_1_514' title='bbox 1386 3328 1686 3399; x_wconf 90' lang='lat' dir='ltr'><strong>adoptione</strong></span> <span class='ocrx_word' id='word_1_515' title='bbox 1711 3329 1866 3384; x_wconf 89' lang='lat' dir='ltr'><strong>audi-</strong></span> 
     </span>
    </p>
   </div>
   <div class='ocr_carea' id='block_1_66' title="bbox 260 3415 1864 3489">
    <p class='ocr_par' dir='ltr' id='par_1_66' title="bbox 260 3415 1864 3489">
     <span class='ocr_line' id='line_1_66' title="bbox 260 3415 1864 3489; baseline 0.002 -20"><span class='ocrx_word' id='word_1_516' title='bbox 260 3419 428 3469; x_wconf 88' lang='lat' dir='ltr'><strong>turus</strong></span> <span class='ocrx_word' id='word_1_517' title='bbox 464 3418 553 3468; x_wconf 89' lang='lat' dir='ltr'><strong>est</strong></span> <span class='ocrx_word' id='word_1_518' title='bbox 594 3435 606 3468; x_wconf 90' lang='lat'><strong>:</strong></span> <span class='ocrx_word' id='word_1_519' title='bbox 662 3415 856 3481; x_wconf 83' lang='lat' dir='ltr'><strong>Venite,</strong></span> <span class='ocrx_word' id='word_1_520' title='bbox 910 3417 1175 3469; x_wconf 82' lang='lat' dir='ltr'><strong>benedicti</strong></span> <span class='ocrx_word' id='word_1_521' title='bbox 1217 3418 1402 3470; x_wconf 85' lang='lat' dir='ltr'><strong>Patris</strong></span> <span class='ocrx_word' id='word_1_522' title='bbox 1434 3420 1563 3483; x_wconf 87' lang='lat' dir='ltr'><strong>mei,</strong></span> <span class='ocrx_word' id='word_1_523' title='bbox 1603 3422 1864 3489; x_wconf 84' lang='lat' dir='ltr'><strong>percipite</strong></span> 
     </span>
    </p>
   </div>
   <div class='ocr_carea' id='block_1_67' title="bbox 261 3503 1859 3576">
    <p class='ocr_par' dir='ltr' id='par_1_67' title="bbox 261 3503 1859 3576">
     <span class='ocr_line' id='line_1_67' title="bbox 261 3503 1859 3576; baseline 0.004 -19"><span class='ocrx_word' id='word_1_524' title='bbox 261 3520 522 3572; x_wconf 86' lang='lat' dir='ltr'><strong>regnum.</strong></span> <span class='ocrx_word' id='word_1_525' title='bbox 555 3503 801 3558; x_wconf 86' lang='lat' dir='ltr'><strong>Extende</strong></span> <span class='ocrx_word' id='word_1_526' title='bbox 829 3503 1001 3574; x_wconf 85' lang='lat' dir='ltr'><strong>igitur</strong></span> <span class='ocrx_word' id='word_1_527' title='bbox 1040 3504 1263 3559; x_wconf 90' lang='lat' dir='ltr'><strong>oculum</strong></span> <span class='ocrx_word' id='word_1_528' title='bbox 1302 3504 1434 3559; x_wconf 81' lang='lat' dir='ltr'><strong>fidei</strong></span> <span class='ocrx_word' id='word_1_529' title='bbox 1466 3510 1524 3560; x_wconf 93' lang='lat' dir='ltr'><strong>et</strong></span> <span class='ocrx_word' id='word_1_530' title='bbox 1551 3506 1859 3576; x_wconf 87' lang='lat' dir='ltr'><strong>charitatis,</strong></span> 
     </span>
    </p>
   </div>
   <div class='ocr_carea' id='block_1_68' title="bbox 262 3592 1864 3667">
    <p class='ocr_par' dir='ltr' id='par_1_68' title="bbox 262 3592 1864 3667">
     <span class='ocr_line' id='line_1_68' title="bbox 262 3592 1864 3667; baseline 0.004 -21"><span class='ocrx_word' id='word_1_531' title='bbox 262 3592 625 3664; x_wconf 89' lang='lat' dir='ltr'><strong>apprehende</strong></span> <span class='ocrx_word' id='word_1_532' title='bbox 667 3592 924 3664; x_wconf 77' lang='lat' dir='ltr'><strong>precibus</strong></span> <span class='ocrx_word' id='word_1_533' title='bbox 972 3593 1142 3648; x_wconf 90' lang='lat' dir='ltr'><strong>simul</strong></span> <span class='ocrx_word' id='word_1_534' title='bbox 1186 3595 1377 3649; x_wconf 92' lang='lat' dir='ltr'><strong>omnia</strong></span> <span class='ocrx_word' id='word_1_535' title='bbox 1427 3612 1550 3667; x_wconf 63' lang='lat' dir='ltr'><strong>quae</strong></span> <span class='ocrx_word' id='word_1_536' title='bbox 1596 3597 1864 3667; x_wconf 87' lang='lat' dir='ltr'><strong>magister</strong></span> 
     </span>
    </p>
   </div>
   <div class='ocr_carea' id='block_1_69' title="bbox 263 3682 1862 3753">
    <p class='ocr_par' dir='ltr' id='par_1_69' title="bbox 263 3682 1862 3753">
     <span class='ocr_line' id='line_1_69' title="bbox 263 3682 1862 3753; baseline 0.004 -19"><span class='ocrx_word' id='word_1_537' title='bbox 263 3682 517 3737; x_wconf 80' lang='lat' dir='ltr'><strong>veritatis</strong></span> <span class='ocrx_word' id='word_1_538' title='bbox 544 3682 741 3753; x_wconf 90' lang='lat' dir='ltr'><strong>paucis</strong></span> <span class='ocrx_word' id='word_1_539' title='bbox 769 3683 1040 3737; x_wconf 86' lang='lat' dir='ltr'><strong>conclusit</strong></span> <span class='ocrx_word' id='word_1_540' title='bbox 1067 3682 1266 3738; x_wconf 90' lang='lat' dir='ltr'><strong>verbis.</strong></span> <span class='ocrx_word' id='word_1_541' title='bbox 1300 3683 1412 3739; x_wconf 91' lang='lat' dir='ltr'><strong>Ora</strong></span> <span class='ocrx_word' id='word_1_542' title='bbox 1447 3684 1548 3739; x_wconf 92' lang='lat' dir='ltr'><strong>Dei</strong></span> <span class='ocrx_word' id='word_1_543' title='bbox 1593 3686 1775 3741; x_wconf 88' lang='lat' dir='ltr'><strong>Patris</strong></span> <span class='ocrx_word' id='word_1_544' title='bbox 1804 3687 1862 3741; x_wconf 90' lang='lat' dir='ltr'><strong>in</strong></span> 
     </span>
    </p>
   </div>
   <div class='ocr_carea' id='block_1_70' title="bbox 265 3771 1863 3841">
    <p class='ocr_par' dir='ltr' id='par_1_70' title="bbox 265 3771 1863 3841">
     <span class='ocr_line' id='line_1_70' title="bbox 265 3771 1863 3841; baseline 0.003 -17"><span class='ocrx_word' id='word_1_545' title='bbox 265 3774 459 3837; x_wconf 62' lang='grc' dir='ltr'><strong>πε</strong></span> <span class='ocrx_word' id='word_1_546' title='bbox 478 3771 693 3825; x_wconf 90' lang='lat' dir='ltr'><strong>cunctis</strong></span> <span class='ocrx_word' id='word_1_547' title='bbox 721 3771 983 3826; x_wconf 87' lang='lat' dir='ltr'><strong>adveniat</strong></span> <span class='ocrx_word' id='word_1_548' title='bbox 1004 3788 1243 3841; x_wconf 80' lang='lat' dir='ltr'><strong>regnum</strong></span> <span class='ocrx_word' id='word_1_549' title='bbox 1269 3791 1282 3840; x_wconf 92' lang='lat'><strong>;</strong></span> <span class='ocrx_word' id='word_1_550' title='bbox 1316 3789 1434 3840; x_wconf 90' lang='lat' dir='ltr'><strong>ora,</strong></span> <span class='ocrx_word' id='word_1_551' title='bbox 1460 3779 1525 3828; x_wconf 91' lang='lat' dir='ltr'><strong>ut</strong></span> <span class='ocrx_word' id='word_1_552' title='bbox 1549 3773 1608 3828; x_wconf 88' lang='lat' dir='ltr'><strong>in</strong></span> <span class='ocrx_word' id='word_1_553' title='bbox 1637 3775 1863 3829; x_wconf 86' lang='lat' dir='ltr'><strong>creden-</strong></span> 
     </span>
    </p>
   </div>
   <div class='ocr_carea' id='block_1_71' title="bbox 265 3859 1866 3934">
    <p class='ocr_par' dir='ltr' id='par_1_71' title="bbox 265 3859 1866 3934">
     <span class='ocr_line' id='line_1_71' title="bbox 265 3859 1866 3934; baseline 0.003 -20"><span class='ocrx_word' id='word_1_554' title='bbox 265 3859 437 3925; x_wconf 90' lang='lat' dir='ltr'><strong>tibus,</strong></span> <span class='ocrx_word' id='word_1_555' title='bbox 471 3860 755 3915; x_wconf 86' lang='lat' dir='ltr'><strong>evacuatis</strong></span> <span class='ocrx_word' id='word_1_556' title='bbox 782 3860 964 3927; x_wconf 89' lang='lat' dir='ltr'><strong>malis,</strong></span> <span class='ocrx_word' id='word_1_557' title='bbox 1002 3860 1306 3916; x_wconf 88' lang='lat' dir='ltr'><strong>virtutibus</strong></span> <span class='ocrx_word' id='word_1_558' title='bbox 1334 3862 1655 3934; x_wconf 87' lang='lat' dir='ltr'><strong>amplietur,</strong></span> <span class='ocrx_word' id='word_1_559' title='bbox 1688 3869 1746 3918; x_wconf 90' lang='lat' dir='ltr'><strong>et</strong></span> <span class='ocrx_word' id='word_1_560' title='bbox 1778 3880 1866 3919; x_wconf 91' lang='lat' dir='ltr'><strong>re-</strong></span> 
     </span>
    </p>
   </div>
   <div class='ocr_carea' id='block_1_72' title="bbox 266 3948 1866 4021">
    <p class='ocr_par' dir='ltr' id='par_1_72' title="bbox 266 3948 1866 4021">
     <span class='ocr_line' id='line_1_72' title="bbox 266 3948 1866 4021; baseline 0.003 -19"><span class='ocrx_word' id='word_1_561' title='bbox 266 3948 560 4019; x_wconf 86' lang='lat' dir='ltr'><strong>splendeat</strong></span> <span class='ocrx_word' id='word_1_562' title='bbox 578 3965 823 4020; x_wconf 89' lang='lat' dir='ltr'><strong>congruo</strong></span> <span class='ocrx_word' id='word_1_563' title='bbox 839 3949 1062 4003; x_wconf 91' lang='lat' dir='ltr'><strong>deitatis</strong></span> <span class='ocrx_word' id='word_1_564' title='bbox 1080 3950 1323 4013; x_wconf 89' lang='lat' dir='ltr'><strong>honore;</strong></span> <span class='ocrx_word' id='word_1_565' title='bbox 1353 3956 1630 4021; x_wconf 90' lang='lat' dir='ltr'><strong>quatenus</strong></span> <span class='ocrx_word' id='word_1_566' title='bbox 1651 3956 1709 4007; x_wconf 90' lang='lat' dir='ltr'><strong>et</strong></span> <span class='ocrx_word' id='word_1_567' title='bbox 1726 3959 1866 4007; x_wconf 85' lang='lat' dir='ltr'><strong>tem-</strong></span> 
     </span>
    </p>
   </div>
   <div class='ocr_carea' id='block_1_73' title="bbox 267 4037 1863 4110">
    <p class='ocr_par' dir='ltr' id='par_1_73' title="bbox 267 4037 1863 4110">
     <span class='ocr_line' id='line_1_73' title="bbox 267 4037 1863 4110; baseline 0.003 -20"><span class='ocrx_word' id='word_1_568' title='bbox 267 4053 398 4108; x_wconf 92' lang='lat' dir='ltr'><strong>pore</strong></span> <span class='ocrx_word' id='word_1_569' title='bbox 427 4037 680 4102; x_wconf 80' lang='lat' dir='ltr'><strong>finiatur,</strong></span> <span class='ocrx_word' id='word_1_570' title='bbox 706 4043 876 4109; x_wconf 89' lang='lat' dir='ltr'><strong>atque</strong></span> <span class='ocrx_word' id='word_1_571' title='bbox 906 4037 1235 4092; x_wconf 68' lang='lat' dir='ltr'><strong>aeternitatis</strong></span> <span class='ocrx_word' id='word_1_572' title='bbox 1262 4038 1538 4109; x_wconf 90' lang='lat' dir='ltr'><strong>principio</strong></span> <span class='ocrx_word' id='word_1_573' title='bbox 1566 4040 1863 4110; x_wconf 88' lang='lat' dir='ltr'><strong>gloriosius</strong></span> 
     </span>
    </p>
   </div>
   <div class='ocr_carea' id='block_1_74' title="bbox 267 4123 1863 4199">
    <p class='ocr_par' dir='ltr' id='par_1_74' title="bbox 267 4123 1863 4199">
     <span class='ocr_line' id='line_1_74' title="bbox 267 4123 1863 4199; baseline 0.003 -19"><span class='ocrx_word' id='word_1_574' title='bbox 267 4123 615 4181; x_wconf 89' lang='lat' dir='ltr'><strong>beatitudine</strong></span> <span class='ocrx_word' id='word_1_575' title='bbox 636 4127 1018 4181; x_wconf 91' lang='lat' dir='ltr'><strong>concludatur.</strong></span> <span class='ocrx_word' id='word_1_576' title='bbox 1039 4127 1167 4181; x_wconf 85' lang='lat' dir='ltr'><strong>Haec</strong></span> <span class='ocrx_word' id='word_1_577' title='bbox 1183 4126 1335 4181; x_wconf 90' lang='lat' dir='ltr'><strong>enim</strong></span> <span class='ocrx_word' id='word_1_578' title='bbox 1355 4126 1540 4182; x_wconf 90' lang='lat' dir='ltr'><strong>dicere</strong></span> <span class='ocrx_word' id='word_1_579' title='bbox 1561 4129 1649 4183; x_wconf 82' lang='lat' dir='ltr'><strong>vel</strong></span> <span class='ocrx_word' id='word_1_580' title='bbox 1670 4134 1863 4199; x_wconf 83' lang='lat' dir='ltr'><strong>Optare</strong></span> 
     </span>
    </p>
   </div>
   <div class='ocr_carea' id='block_1_75' title="bbox 267 4211 1863 4287">
    <p class='ocr_par' dir='ltr' id='par_1_75' title="bbox 267 4211 1863 4287">
     <span class='ocr_line' id='line_1_75' title="bbox 267 4211 1863 4287; baseline 0.002 -18"><span class='ocrx_word' id='word_1_581' title='bbox 267 4215 698 4269; x_wconf 89' lang='lat' dir='ltr'><strong>criminosorum</strong></span> <span class='ocrx_word' id='word_1_582' title='bbox 727 4232 892 4269; x_wconf 91' lang='lat' dir='ltr'><strong>nemo</strong></span> <span class='ocrx_word' id='word_1_583' title='bbox 921 4216 1108 4282; x_wconf 88' lang='lat' dir='ltr'><strong>audet,</strong></span> <span class='ocrx_word' id='word_1_584' title='bbox 1126 4216 1261 4287; x_wconf 87' lang='lat' dir='ltr'><strong>quia</strong></span> <span class='ocrx_word' id='word_1_585' title='bbox 1277 4232 1381 4270; x_wconf 91' lang='lat' dir='ltr'><strong>nec</strong></span> <span class='ocrx_word' id='word_1_586' title='bbox 1405 4216 1594 4270; x_wconf 89' lang='lat' dir='ltr'><strong>videre</strong></span> <span class='ocrx_word' id='word_1_587' title='bbox 1615 4211 1863 4272; x_wconf 79' lang='lat' dir='ltr'><strong>tribunal</strong></span> 
     </span>
    </p>
   </div>
   <div class='ocr_carea' id='block_1_76' title="bbox 242 4304 1863 4377">
    <p class='ocr_par' dir='ltr' id='par_1_76' title="bbox 242 4304 1863 4377">
     <span class='ocr_line' id='line_1_76' title="bbox 242 4304 1863 4377; baseline 0.002 -19"><span class='ocrx_word' id='word_1_588' title='bbox 242 4338 249 4344; x_wconf 64' lang='grc' dir='ltr'><strong>ο</strong></span> <span class='ocrx_word' id='word_1_589' title='bbox 264 4304 466 4373; x_wconf 86' lang='lat' dir='ltr'><strong>judicis</strong></span> <span class='ocrx_word' id='word_1_590' title='bbox 486 4309 681 4375; x_wconf 89' lang='lat' dir='ltr'><strong>optat;</strong></span> <span class='ocrx_word' id='word_1_591' title='bbox 717 4320 782 4358; x_wconf 92' lang='lat' dir='ltr'><strong>eo</strong></span> <span class='ocrx_word' id='word_1_592' title='bbox 811 4304 959 4375; x_wconf 89' lang='lat' dir='ltr'><strong>quod</strong></span> <span class='ocrx_word' id='word_1_593' title='bbox 989 4304 1047 4358; x_wconf 92' lang='lat' dir='ltr'><strong>in</strong></span> <span class='ocrx_word' id='word_1_594' title='bbox 1077 4305 1319 4359; x_wconf 88' lang='lat' dir='ltr'><strong>adventu</strong></span> <span class='ocrx_word' id='word_1_595' title='bbox 1350 4305 1491 4375; x_wconf 91' lang='lat' dir='ltr'><strong>ejus,</strong></span> <span class='ocrx_word' id='word_1_596' title='bbox 1516 4321 1629 4360; x_wconf 91' lang='lat' dir='ltr'><strong>non</strong></span> <span class='ocrx_word' id='word_1_597' title='bbox 1648 4307 1863 4377; x_wconf 69' lang='lat' dir='ltr'><strong>praemii</strong></span> 
     </span>
    </p>
   </div>
   <div class='ocr_carea' id='block_1_77' title="bbox 1944 3141 3539 3218">
    <p class='ocr_par' dir='ltr' id='par_1_77' title="bbox 1944 3141 3539 3218">
     <span class='ocr_line' id='line_1_77' title="bbox 1944 3141 3539 3218; baseline -0.004 -15"><span class='ocrx_word' id='word_1_598' title='bbox 1944 3153 2285 3218; x_wconf 88' lang='lat' dir='ltr'><strong>agnitionem</strong></span> <span class='ocrx_word' id='word_1_599' title='bbox 2305 3150 2554 3202; x_wconf 84' lang='lat' dir='ltr'><strong>veritatis</strong></span> <span class='ocrx_word' id='word_1_600' title='bbox 2576 3150 2760 3201; x_wconf 86' lang='lat' dir='ltr'><strong>venire</strong></span> <span class='ocrx_word' id='word_1_601' title='bbox 2782 3148 2833 3215; x_wconf 88' lang='grc' dir='ltr'><strong>(Ι</strong></span> <span class='ocrx_word' id='word_1_602' title='bbox 2853 3147 2995 3200; x_wconf 86' lang='lat' dir='ltr'><strong>Tim.</strong></span> <span class='ocrx_word' id='word_1_603' title='bbox 3016 3159 3078 3211; x_wconf 83' lang='lat' dir='ltr'><strong>II,</strong></span> <span class='ocrx_word' id='word_1_604' title='bbox 3108 3142 3186 3213; x_wconf 70' lang='grc'><strong>4).</strong></span> <span class='ocrx_word' id='word_1_605' title='bbox 3212 3143 3413 3198; x_wconf 90' lang='lat' dir='ltr'><strong>Nullus</strong></span> <span class='ocrx_word' id='word_1_606' title='bbox 3434 3141 3539 3212; x_wconf 89' lang='lat' dir='ltr'><strong>igi-</strong></span> 
     </span>
    </p>
   </div>
   <div class='ocr_carea' id='block_1_78' title="bbox 1944 3232 3536 3309">
    <p class='ocr_par' dir='ltr' id='par_1_78' title="bbox 1944 3232 3536 3309">
     <span class='ocr_line' id='line_1_78' title="bbox 1944 3232 3536 3309; baseline -0.005 -16"><span class='ocrx_word' id='word_1_607' title='bbox 1944 3244 2041 3293; x_wconf 90' lang='lat' dir='ltr'><strong>tur</strong></span> <span class='ocrx_word' id='word_1_608' title='bbox 2077 3239 2186 3293; x_wconf 90' lang='lat' dir='ltr'><strong>ista</strong></span> <span class='ocrx_word' id='word_1_609' title='bbox 2212 3252 2279 3293; x_wconf 82' lang='lat' dir='ltr'><strong>ex</strong></span> <span class='ocrx_word' id='word_1_610' title='bbox 2306 3237 2507 3293; x_wconf 81' lang='lat' dir='ltr'><strong>ati‘ectu</strong></span> <span class='ocrx_word' id='word_1_611' title='bbox 2537 3241 2721 3309; x_wconf 89' lang='lat' dir='ltr'><strong>potest</strong></span> <span class='ocrx_word' id='word_1_612' title='bbox 2746 3235 2949 3301; x_wconf 90' lang='lat' dir='ltr'><strong>dicere,</strong></span> <span class='ocrx_word' id='word_1_613' title='bbox 2981 3233 3090 3289; x_wconf 89' lang='lat' dir='ltr'><strong>nisi</strong></span> <span class='ocrx_word' id='word_1_614' title='bbox 3119 3232 3215 3304; x_wconf 90' lang='lat' dir='ltr'><strong>qui</strong></span> <span class='ocrx_word' id='word_1_615' title='bbox 3243 3249 3344 3303; x_wconf 91' lang='lat' dir='ltr'><strong>pro</strong></span> <span class='ocrx_word' id='word_1_616' title='bbox 3383 3235 3536 3286; x_wconf 90' lang='lat' dir='ltr'><strong>certo</strong></span> 
     </span>
    </p>
   </div>
   <div class='ocr_carea' id='block_1_79' title="bbox 1945 3321 3534 3399">
    <p class='ocr_par' dir='ltr' id='par_1_79' title="bbox 1945 3321 3534 3399">
     <span class='ocr_line' id='line_1_79' title="bbox 1945 3321 3534 3399; baseline -0.005 -17"><span class='ocrx_word' id='word_1_617' title='bbox 1945 3327 2199 3393; x_wconf 88' lang='lat' dir='ltr'><strong>credidit,</strong></span> <span class='ocrx_word' id='word_1_618' title='bbox 2222 3328 2411 3382; x_wconf 91' lang='lat' dir='ltr'><strong>omnia</strong></span> <span class='ocrx_word' id='word_1_619' title='bbox 2434 3344 2555 3399; x_wconf 64' lang='lat' dir='ltr'><strong>quae</strong></span> <span class='ocrx_word' id='word_1_620' title='bbox 2573 3327 2852 3392; x_wconf 89' lang='lat' dir='ltr'><strong>videntur,</strong></span> <span class='ocrx_word' id='word_1_621' title='bbox 2874 3324 2962 3379; x_wconf 90' lang='lat' dir='ltr'><strong>vel</strong></span> <span class='ocrx_word' id='word_1_622' title='bbox 2980 3340 3103 3395; x_wconf 63' lang='lat' dir='ltr'><strong>qua;</strong></span> <span class='ocrx_word' id='word_1_623' title='bbox 3123 3338 3235 3376; x_wconf 91' lang='lat' dir='ltr'><strong>non</strong></span> <span class='ocrx_word' id='word_1_624' title='bbox 3254 3321 3534 3391; x_wconf 91' lang='lat' dir='ltr'><strong>videntur,</strong></span> 
     </span>
    </p>
   </div>
   <div class='ocr_carea' id='block_1_80' title="bbox 1945 3409 3539 3489">
    <p class='ocr_par' dir='ltr' id='par_1_80' title="bbox 1945 3409 3539 3489">
     <span class='ocr_line' id='line_1_80' title="bbox 1945 3409 3539 3489; baseline -0.005 -18"><span class='ocrx_word' id='word_1_625' title='bbox 1945 3433 2212 3489; x_wconf 89' lang='lat' dir='ltr'><strong>prospera</strong></span> <span class='ocrx_word' id='word_1_626' title='bbox 2248 3417 2336 3472; x_wconf 88' lang='lat' dir='ltr'><strong>vel</strong></span> <span class='ocrx_word' id='word_1_627' title='bbox 2361 3416 2611 3483; x_wconf 90' lang='lat' dir='ltr'><strong>adversa,</strong></span> <span class='ocrx_word' id='word_1_628' title='bbox 2642 3416 2819 3471; x_wconf 91' lang='lat' dir='ltr'><strong>Deum</strong></span> <span class='ocrx_word' id='word_1_629' title='bbox 2841 3430 2942 3487; x_wconf 92' lang='lat' dir='ltr'><strong>pro</strong></span> <span class='ocrx_word' id='word_1_630' title='bbox 2963 3411 3172 3468; x_wconf 89' lang='lat' dir='ltr'><strong>nostris</strong></span> <span class='ocrx_word' id='word_1_631' title='bbox 3201 3409 3539 3466; x_wconf 87' lang='lat' dir='ltr'><strong>utilitatibus</strong></span> 
     </span>
    </p>
   </div>
   <div class='ocr_carea' id='block_1_81' title="bbox 1944 3500 3538 3576">
    <p class='ocr_par' dir='ltr' id='par_1_81' title="bbox 1944 3500 3538 3576">
     <span class='ocr_line' id='line_1_81' title="bbox 1944 3500 3538 3576; baseline -0.004 -17"><span class='ocrx_word' id='word_1_632' title='bbox 1944 3505 2287 3576; x_wconf 88' lang='lat' dir='ltr'><strong>dispensare.</strong></span> <span class='ocrx_word' id='word_1_633' title='bbox 2321 3506 2557 3576; x_wconf 89' lang='lat' dir='ltr'><strong>Oportet</strong></span> <span class='ocrx_word' id='word_1_634' title='bbox 2589 3505 2740 3559; x_wconf 91' lang='lat' dir='ltr'><strong>enim</strong></span> <span class='ocrx_word' id='word_1_635' title='bbox 2768 3504 2878 3558; x_wconf 87' lang='lat' dir='ltr'><strong>ﬁde</strong></span> <span class='ocrx_word' id='word_1_636' title='bbox 2906 3503 3108 3558; x_wconf 91' lang='lat' dir='ltr'><strong>devota</strong></span> <span class='ocrx_word' id='word_1_637' title='bbox 3133 3500 3378 3565; x_wconf 89' lang='lat' dir='ltr'><strong>credere,</strong></span> <span class='ocrx_word' id='word_1_638' title='bbox 3415 3515 3538 3553; x_wconf 89' lang='lat' dir='ltr'><strong>ma-</strong></span> 
     </span>
    </p>
   </div>
   <div class='ocr_carea' id='block_1_82' title="bbox 1942 3588 3539 3665">
    <p class='ocr_par' dir='ltr' id='par_1_82' title="bbox 1942 3588 3539 3665">
     <span class='ocr_line' id='line_1_82' title="bbox 1942 3588 3539 3665; baseline -0.003 -17"><span class='ocrx_word' id='word_1_639' title='bbox 1942 3594 2030 3665; x_wconf 91' lang='lat' dir='ltr'><strong>gis</strong></span> <span class='ocrx_word' id='word_1_640' title='bbox 2058 3610 2185 3648; x_wconf 89' lang='lat' dir='ltr'><strong>eum</strong></span> <span class='ocrx_word' id='word_1_641' title='bbox 2215 3610 2317 3665; x_wconf 91' lang='lat' dir='ltr'><strong>pro</strong></span> <span class='ocrx_word' id='word_1_642' title='bbox 2353 3599 2546 3648; x_wconf 90' lang='lat' dir='ltr'><strong>nostra</strong></span> <span class='ocrx_word' id='word_1_643' title='bbox 2582 3594 2761 3647; x_wconf 90' lang='lat' dir='ltr'><strong>salute</strong></span> <span class='ocrx_word' id='word_1_644' title='bbox 2801 3593 2923 3646; x_wconf 90' lang='lat' dir='ltr'><strong>sine</strong></span> <span class='ocrx_word' id='word_1_645' title='bbox 2944 3592 3081 3647; x_wconf 64' lang='lat' dir='ltr'><strong>vulla</strong></span> <span class='ocrx_word' id='word_1_646' title='bbox 3123 3588 3539 3645; x_wconf 85' lang='lat' dir='ltr'><strong>intermissione</strong></span> 
     </span>
    </p>
   </div>
   <div class='ocr_carea' id='block_1_83' title="bbox 1945 3680 3539 3753">
    <p class='ocr_par' dir='ltr' id='par_1_83' title="bbox 1945 3680 3539 3753">
     <span class='ocr_line' id='line_1_83' title="bbox 1945 3680 3539 3753; baseline -0.003 -16"><span class='ocrx_word' id='word_1_647' title='bbox 1945 3698 2065 3737; x_wconf 88' lang='lat' dir='ltr'><strong>esse</strong></span> <span class='ocrx_word' id='word_1_648' title='bbox 2093 3682 2385 3753; x_wconf 90' lang='lat' dir='ltr'><strong>providum</strong></span> <span class='ocrx_word' id='word_1_649' title='bbox 2414 3699 2478 3737; x_wconf 92' lang='lat' dir='ltr'><strong>ac</strong></span> <span class='ocrx_word' id='word_1_650' title='bbox 2506 3681 2879 3753; x_wconf 90' lang='lat' dir='ltr'><strong>dispensative</strong></span> <span class='ocrx_word' id='word_1_651' title='bbox 2899 3680 3220 3745; x_wconf 87' lang='lat' dir='ltr'><strong>sollicitum,</strong></span> <span class='ocrx_word' id='word_1_652' title='bbox 3245 3695 3415 3750; x_wconf 88' lang='lat' dir='ltr'><strong>quam</strong></span> <span class='ocrx_word' id='word_1_653' title='bbox 3435 3694 3539 3733; x_wconf 92' lang='lat' dir='ltr'><strong>nos</strong></span> 
     </span>
    </p>
   </div>
   <div class='ocr_carea' id='block_1_84' title="bbox 1943 3764 3641 3843">
    <p class='ocr_par' dir='ltr' id='par_1_84' title="bbox 1943 3764 3641 3843">
     <span class='ocr_line' id='line_1_84' title="bbox 1943 3764 3641 3843; baseline -0.005 -18"><span class='ocrx_word' id='word_1_654' title='bbox 1943 3771 2093 3843; x_wconf 90' lang='lat' dir='ltr'><strong>ipsos</strong></span> <span class='ocrx_word' id='word_1_655' title='bbox 2123 3787 2224 3843; x_wconf 91' lang='lat' dir='ltr'><strong>pro</strong></span> <span class='ocrx_word' id='word_1_656' title='bbox 2254 3770 2432 3825; x_wconf 91' lang='lat' dir='ltr'><strong>nobis.</strong></span> <span class='ocrx_word' id='word_1_657' title='bbox 2476 3770 2655 3836; x_wconf 92' lang='lat' dir='ltr'><strong>Unde,</strong></span> <span class='ocrx_word' id='word_1_658' title='bbox 2687 3769 2737 3823; x_wconf 91' lang='lat' dir='ltr'><strong>si</strong></span> <span class='ocrx_word' id='word_1_659' title='bbox 2792 3768 2917 3841; x_wconf 90' lang='lat' dir='ltr'><strong>quis</strong></span> <span class='ocrx_word' id='word_1_660' title='bbox 2968 3768 3077 3823; x_wconf 88' lang='lat' dir='ltr'><strong>ista</strong></span> <span class='ocrx_word' id='word_1_661' title='bbox 3101 3767 3409 3821; x_wconf 90' lang='lat' dir='ltr'><strong>deliberato</strong></span> <span class='ocrx_word' id='word_1_662' title='bbox 3451 3764 3539 3819; x_wconf 91' lang='lat' dir='ltr'><strong>vel</strong></span> <span class='ocrx_word' id='word_1_663' title='bbox 3635 3828 3641 3833; x_wconf 22' lang='lat' dir='ltr'><strong>I</strong></span> 
     </span>
    </p>
   </div>
   <div class='ocr_carea' id='block_1_85' title="bbox 1948 3856 3536 3931">
    <p class='ocr_par' dir='ltr' id='par_1_85' title="bbox 1948 3856 3536 3931">
     <span class='ocr_line' id='line_1_85' title="bbox 1948 3856 3536 3931; baseline -0.005 -16"><span class='ocrx_word' id='word_1_664' title='bbox 1948 3860 2060 3914; x_wconf 85' lang='lat' dir='ltr'><strong>ﬁxo</strong></span> <span class='ocrx_word' id='word_1_665' title='bbox 2075 3865 2233 3915; x_wconf 90' lang='lat' dir='ltr'><strong>tenet</strong></span> <span class='ocrx_word' id='word_1_666' title='bbox 2251 3860 2463 3926; x_wconf 92' lang='lat' dir='ltr'><strong>animo,</strong></span> <span class='ocrx_word' id='word_1_667' title='bbox 2477 3875 2698 3931; x_wconf 90' lang='lat' dir='ltr'><strong>semper</strong></span> <span class='ocrx_word' id='word_1_668' title='bbox 2712 3858 2780 3912; x_wconf 92' lang='lat' dir='ltr'><strong>ad</strong></span> <span class='ocrx_word' id='word_1_669' title='bbox 2804 3858 2926 3929; x_wconf 89' lang='lat' dir='ltr'><strong>ejus</strong></span> <span class='ocrx_word' id='word_1_670' title='bbox 2946 3856 3151 3928; x_wconf 90' lang='lat' dir='ltr'><strong>pendet</strong></span> <span class='ocrx_word' id='word_1_671' title='bbox 3168 3856 3536 3922; x_wconf 89' lang='lat' dir='ltr'><strong>voluntatem,</strong></span> 
     </span>
    </p>
   </div>
   <div class='ocr_carea' id='block_1_86' title="bbox 1947 3942 3542 4020">
    <p class='ocr_par' dir='ltr' id='par_1_86' title="bbox 1947 3942 3542 4020">
     <span class='ocr_line' id='line_1_86' title="bbox 1947 3942 3542 4020; baseline -0.005 -17"><span class='ocrx_word' id='word_1_672' title='bbox 1947 3948 2089 4003; x_wconf 86' lang='lat' dir='ltr'><strong>nihil</strong></span> <span class='ocrx_word' id='word_1_673' title='bbox 2117 3949 2186 4004; x_wconf 90' lang='lat' dir='ltr'><strong>de</strong></span> <span class='ocrx_word' id='word_1_674' title='bbox 2215 3965 2277 4003; x_wconf 92' lang='lat' dir='ltr'><strong>se</strong></span> <span class='ocrx_word' id='word_1_675' title='bbox 2303 3964 2663 4020; x_wconf 81' lang='lat' dir='ltr'><strong>praesumens,</strong></span> <span class='ocrx_word' id='word_1_676' title='bbox 2697 3944 2893 4002; x_wconf 90' lang='lat' dir='ltr'><strong>diebus</strong></span> <span class='ocrx_word' id='word_1_677' title='bbox 2939 3962 3003 4000; x_wconf 92' lang='lat' dir='ltr'><strong>ac</strong></span> <span class='ocrx_word' id='word_1_678' title='bbox 3038 3942 3292 3999; x_wconf 88' lang='lat' dir='ltr'><strong>noctibus</strong></span> <span class='ocrx_word' id='word_1_679' title='bbox 3327 3942 3542 4013; x_wconf 90' lang='lat' dir='ltr'><strong>jugiter</strong></span> 
     </span>
    </p>
   </div>
   <div class='ocr_carea' id='block_1_87' title="bbox 1944 4036 3538 4109">
    <p class='ocr_par' dir='ltr' id='par_1_87' title="bbox 1944 4036 3538 4109">
     <span class='ocr_line' id='line_1_87' title="bbox 1944 4036 3538 4109; baseline -0.004 -17"><span class='ocrx_word' id='word_1_680' title='bbox 1944 4038 2211 4109; x_wconf 87' lang='lat' dir='ltr'><strong>implorat</strong></span> <span class='ocrx_word' id='word_1_681' title='bbox 2237 4039 2389 4093; x_wconf 91' lang='lat' dir='ltr'><strong>illius</strong></span> <span class='ocrx_word' id='word_1_682' title='bbox 2415 4038 2473 4092; x_wconf 88' lang='lat' dir='ltr'><strong>in</strong></span> <span class='ocrx_word' id='word_1_683' title='bbox 2496 4036 2657 4092; x_wconf 89' lang='lat' dir='ltr'><strong>nobis</strong></span> <span class='ocrx_word' id='word_1_684' title='bbox 2684 4038 2785 4092; x_wconf 87' lang='lat' dir='ltr'><strong>fiat</strong></span> <span class='ocrx_word' id='word_1_685' title='bbox 2801 4036 3076 4100; x_wconf 90' lang='lat' dir='ltr'><strong>voluntas,</strong></span> <span class='ocrx_word' id='word_1_686' title='bbox 3101 4050 3223 4105; x_wconf 68' lang='lat' dir='ltr'><strong>quae</strong></span> <span class='ocrx_word' id='word_1_687' title='bbox 3247 4047 3538 4103; x_wconf 90' lang='lat' dir='ltr'><strong>nunquam</strong></span> 
     </span>
    </p>
   </div>
   <div class='ocr_carea' id='block_1_88' title="bbox 1944 4120 3541 4199">
    <p class='ocr_par' dir='ltr' id='par_1_88' title="bbox 1944 4120 3541 4199">
     <span class='ocr_line' id='line_1_88' title="bbox 1944 4120 3541 4199; baseline -0.004 -17"><span class='ocrx_word' id='word_1_688' title='bbox 1944 4126 2061 4181; x_wconf 90' lang='lat' dir='ltr'><strong>falli</strong></span> <span class='ocrx_word' id='word_1_689' title='bbox 2082 4132 2284 4197; x_wconf 90' lang='lat' dir='ltr'><strong>potest,</strong></span> <span class='ocrx_word' id='word_1_690' title='bbox 2312 4144 2600 4199; x_wconf 91' lang='lat' dir='ltr'><strong>nunquam</strong></span> <span class='ocrx_word' id='word_1_691' title='bbox 2624 4125 2934 4192; x_wconf 87' lang='lat' dir='ltr'><strong>immutari,</strong></span> <span class='ocrx_word' id='word_1_692' title='bbox 2952 4139 3240 4195; x_wconf 90' lang='lat' dir='ltr'><strong>nunquam</strong></span> <span class='ocrx_word' id='word_1_693' title='bbox 3258 4122 3387 4178; x_wconf 91' lang='lat' dir='ltr'><strong>ullis</strong></span> <span class='ocrx_word' id='word_1_694' title='bbox 3411 4120 3541 4176; x_wconf 68' lang='lat' dir='ltr'><strong>atie-</strong></span> 
     </span>
    </p>
   </div>
   <div class='ocr_carea' id='block_1_89' title="bbox 1946 4201 3539 4289">
    <p class='ocr_par' dir='ltr' id='par_1_89' title="bbox 1946 4201 3539 4289">
     <span class='ocr_line' id='line_1_89' title="bbox 1946 4201 3539 4289; baseline -0.003 -18"><span class='ocrx_word' id='word_1_695' title='bbox 1946 4215 2127 4271; x_wconf 92' lang='lat' dir='ltr'><strong>ctibus</strong></span> <span class='ocrx_word' id='word_1_696' title='bbox 2154 4201 2450 4289; x_wconf 83' lang='lat' dir='ltr'><strong>depravari</strong></span> <span class='ocrx_word' id='word_1_697' title='bbox 2460 4262 2474 4276; x_wconf 90' lang='lat'><strong>.</strong></span> <span class='ocrx_word' id='word_1_698' title='bbox 2510 4217 2656 4271; x_wconf 89' lang='lat' dir='ltr'><strong>Nam</strong></span> <span class='ocrx_word' id='word_1_699' title='bbox 2686 4217 2807 4287; x_wconf 91' lang='lat' dir='ltr'><strong>ejus</strong></span> <span class='ocrx_word' id='word_1_700' title='bbox 2837 4215 3092 4269; x_wconf 86' lang='lat' dir='ltr'><strong>voluntas</strong></span> <span class='ocrx_word' id='word_1_701' title='bbox 3121 4213 3273 4267; x_wconf 91' lang='lat' dir='ltr'><strong>salus</strong></span> <span class='ocrx_word' id='word_1_702' title='bbox 3303 4218 3389 4267; x_wconf 89' lang='lat' dir='ltr'><strong>est</strong></span> <span class='ocrx_word' id='word_1_703' title='bbox 3416 4228 3539 4267; x_wconf 89' lang='lat' dir='ltr'><strong>om-</strong></span> 
     </span>
    </p>
   </div>
   <div class='ocr_carea' id='block_1_90' title="bbox 1945 4302 3539 4378">
    <p class='ocr_par' dir='ltr' id='par_1_90' title="bbox 1945 4302 3539 4378">
     <span class='ocr_line' id='line_1_90' title="bbox 1945 4302 3539 4378; baseline -0.003 -17"><span class='ocrx_word' id='word_1_704' title='bbox 1945 4305 2121 4361; x_wconf 88' lang='lat' dir='ltr'><strong>nium.</strong></span> <span class='ocrx_word' id='word_1_705' title='bbox 2159 4306 2277 4361; x_wconf 84' lang='lat' dir='ltr'><strong>Hoc</strong></span> <span class='ocrx_word' id='word_1_706' title='bbox 2306 4305 2512 4378; x_wconf 91' lang='lat' dir='ltr'><strong>quippe</strong></span> <span class='ocrx_word' id='word_1_707' title='bbox 2550 4310 2784 4360; x_wconf 89' lang='lat' dir='ltr'><strong>noverat</strong></span> <span class='ocrx_word' id='word_1_708' title='bbox 2818 4303 2965 4359; x_wconf 89' lang='lat' dir='ltr'><strong>idem</strong></span> <span class='ocrx_word' id='word_1_709' title='bbox 2996 4303 3194 4358; x_wconf 90' lang='lat' dir='ltr'><strong>unicus</strong></span> <span class='ocrx_word' id='word_1_710' title='bbox 3222 4302 3396 4357; x_wconf 91' lang='lat' dir='ltr'><strong>Filius</strong></span> <span class='ocrx_word' id='word_1_711' title='bbox 3425 4317 3539 4356; x_wconf 83' lang='lat' dir='ltr'><strong>ma-</strong></span> 
     </span>
    </p>
   </div>
   <div class='ocr_carea' id='block_1_91' title="bbox 270 4384 3541 4465">
    <p class='ocr_par' dir='ltr' id='par_1_91' title="bbox 270 4384 3541 4465">
     <span class='ocr_line' id='line_1_91' title="bbox 270 4384 3541 4465; baseline -0 -18"><span class='ocrx_word' id='word_1_712' title='bbox 270 4393 513 4464; x_wconf 89' lang='lat' dir='ltr'><strong>palmam</strong></span> <span class='ocrx_word' id='word_1_713' title='bbox 532 4410 592 4447; x_wconf 89' lang='lat' dir='ltr'><strong>se</strong></span> <span class='ocrx_word' id='word_1_714' title='bbox 611 4398 1005 4464; x_wconf 84' lang='lat' dir='ltr'><strong>perceptarum</strong></span> <span class='ocrx_word' id='word_1_715' title='bbox 1024 4399 1232 4465; x_wconf 87' lang='lat' dir='ltr'><strong>sperat,</strong></span> <span class='ocrx_word' id='word_1_716' title='bbox 1246 4394 1343 4448; x_wconf 91' lang='lat' dir='ltr'><strong>sed</strong></span> <span class='ocrx_word' id='word_1_717' title='bbox 1360 4399 1503 4449; x_wconf 86' lang='lat' dir='ltr'><strong>teste</strong></span> <span class='ocrx_word' id='word_1_718' title='bbox 1523 4395 1865 4450; x_wconf 87' lang='lat' dir='ltr'><strong>conscientia</strong></span> <span class='ocrx_word' id='word_1_719' title='bbox 1880 4384 1929 4443; x_wconf 85' lang='lat' dir='ltr'><strong>D</strong></span> <span class='ocrx_word' id='word_1_720' title='bbox 1946 4394 2123 4465; x_wconf 89' lang='lat' dir='ltr'><strong>gister</strong></span> <span class='ocrx_word' id='word_1_721' title='bbox 2148 4395 2420 4463; x_wconf 89' lang='lat' dir='ltr'><strong>veritatis,</strong></span> <span class='ocrx_word' id='word_1_722' title='bbox 2452 4413 2578 4451; x_wconf 93' lang='lat' dir='ltr'><strong>cum</strong></span> <span class='ocrx_word' id='word_1_723' title='bbox 2605 4394 2826 4449; x_wconf 90' lang='lat' dir='ltr'><strong>dicebat</strong></span> <span class='ocrx_word' id='word_1_724' title='bbox 2858 4412 2869 4447; x_wconf 91' lang='lat'><strong>:</strong></span> <span class='ocrx_word' id='word_1_725' title='bbox 2906 4396 3083 4458; x_wconf 87' lang='lat' dir='ltr'><strong>Pater,</strong></span> <span class='ocrx_word' id='word_1_726' title='bbox 3121 4396 3366 4446; x_wconf 87' lang='lat' dir='ltr'><strong>transeat</strong></span> <span class='ocrx_word' id='word_1_727' title='bbox 3391 4407 3427 4445; x_wconf 90' lang='lat' dir='ltr'><strong>a</strong></span> <span class='ocrx_word' id='word_1_728' title='bbox 3454 4407 3541 4446; x_wconf 88' lang='lat' dir='ltr'><strong>me</strong></span> 
     </span>
    </p>
   </div>
   <div class='ocr_carea' id='block_1_92' title="bbox 270 4481 3541 4555">
    <p class='ocr_par' dir='ltr' id='par_1_92' title="bbox 270 4481 3541 4555">
     <span class='ocr_line' id='line_1_92' title="bbox 270 4481 3541 4555; baseline -0.001 -19"><span class='ocrx_word' id='word_1_729' title='bbox 270 4482 520 4553; x_wconf 87' lang='lat' dir='ltr'><strong>protinus</strong></span> <span class='ocrx_word' id='word_1_730' title='bbox 549 4498 652 4553; x_wconf 92' lang='lat' dir='ltr'><strong>pro</strong></span> <span class='ocrx_word' id='word_1_731' title='bbox 692 4482 808 4537; x_wconf 89' lang='lat' dir='ltr'><strong>suis</strong></span> <span class='ocrx_word' id='word_1_732' title='bbox 846 4482 1096 4537; x_wconf 88' lang='lat' dir='ltr'><strong>reatibus</strong></span> <span class='ocrx_word' id='word_1_733' title='bbox 1139 4482 1394 4554; x_wconf 84' lang='lat' dir='ltr'><strong>excipere</strong></span> <span class='ocrx_word' id='word_1_734' title='bbox 1434 4483 1616 4554; x_wconf 89' lang='lat' dir='ltr'><strong>magis</strong></span> <span class='ocrx_word' id='word_1_735' title='bbox 1645 4500 1868 4555; x_wconf 76' lang='lat' dir='ltr'><strong>pomam</strong></span> <span class='ocrx_word' id='word_1_736' title='bbox 1950 4486 2097 4538; x_wconf 76' lang='lat' dir='ltr'><strong>ralia:</strong></span> <span class='ocrx_word' id='word_1_737' title='bbox 2116 4488 2232 4551; x_wconf 86' lang='lat' dir='ltr'><strong>iste,</strong></span> <span class='ocrx_word' id='word_1_738' title='bbox 2255 4491 2635 4540; x_wconf 82' lang='lat' dir='ltr'><strong>verumtamen</strong></span> <span class='ocrx_word' id='word_1_739' title='bbox 2656 4500 2769 4539; x_wconf 90' lang='lat' dir='ltr'><strong>non</strong></span> <span class='ocrx_word' id='word_1_740' title='bbox 2786 4500 2904 4537; x_wconf 87' lang='lat' dir='ltr'><strong>mea</strong></span> <span class='ocrx_word' id='word_1_741' title='bbox 2925 4485 3195 4547; x_wconf 84' lang='lat' dir='ltr'><strong>voluntas,</strong></span> <span class='ocrx_word' id='word_1_742' title='bbox 3215 4481 3307 4534; x_wconf 88' lang='lat' dir='ltr'><strong>sed</strong></span> <span class='ocrx_word' id='word_1_743' title='bbox 3327 4483 3425 4533; x_wconf 88' lang='lat' dir='ltr'><strong>tua</strong></span> <span class='ocrx_word' id='word_1_744' title='bbox 3443 4481 3541 4548; x_wconf 78' lang='lat' dir='ltr'><strong>ﬁat</strong></span> 
     </span>
    </p>
   </div>
   <div class='ocr_carea' id='block_1_93' title="bbox 270 4571 3540 4644">
    <p class='ocr_par' dir='ltr' id='par_1_93' title="bbox 270 4571 3540 4644">
     <span class='ocr_line' id='line_1_93' title="bbox 270 4571 3540 4644; baseline -0.001 -20"><span class='ocrx_word' id='word_1_745' title='bbox 270 4571 442 4626; x_wconf 88' lang='lat' dir='ltr'><strong>timet.</strong></span> <span class='ocrx_word' id='word_1_746' title='bbox 475 4573 595 4642; x_wconf 85' lang='lat' dir='ltr'><strong>Age</strong></span> <span class='ocrx_word' id='word_1_747' title='bbox 625 4587 778 4642; x_wconf 89' lang='lat' dir='ltr'><strong>ergo,</strong></span> <span class='ocrx_word' id='word_1_748' title='bbox 815 4571 1069 4643; x_wconf 90' lang='lat' dir='ltr'><strong>quisquis</strong></span> <span class='ocrx_word' id='word_1_749' title='bbox 1105 4589 1183 4637; x_wconf 91' lang='lat' dir='ltr'><strong>es,</strong></span> <span class='ocrx_word' id='word_1_750' title='bbox 1221 4573 1422 4626; x_wconf 89' lang='lat' dir='ltr'><strong>saltem</strong></span> <span class='ocrx_word' id='word_1_751' title='bbox 1452 4577 1586 4644; x_wconf 87' lang='lat' dir='ltr'><strong>opta</strong></span> <span class='ocrx_word' id='word_1_752' title='bbox 1614 4589 1764 4628; x_wconf 91' lang='lat' dir='ltr'><strong>nunc</strong></span> <span class='ocrx_word' id='word_1_753' title='bbox 1802 4574 1862 4630; x_wconf 91' lang='lat' dir='ltr'><strong>in</strong></span> <span class='ocrx_word' id='word_1_754' title='bbox 1952 4574 2166 4640; x_wconf 77' lang='lat' dir='ltr'><strong>(Matth.</strong></span> <span class='ocrx_word' id='word_1_755' title='bbox 2184 4589 2337 4641; x_wconf 74' lang='lat' dir='ltr'><strong>XXVI,</strong></span> <span class='ocrx_word' id='word_1_756' title='bbox 2355 4573 2471 4644; x_wconf 90' lang='lat'><strong>39.)</strong></span> <span class='ocrx_word' id='word_1_757' title='bbox 2490 4575 2558 4628; x_wconf 90' lang='lat' dir='ltr'><strong>Et</strong></span> <span class='ocrx_word' id='word_1_758' title='bbox 2575 4573 2686 4628; x_wconf 91' lang='lat' dir='ltr'><strong>alio</strong></span> <span class='ocrx_word' id='word_1_759' title='bbox 2709 4573 2768 4627; x_wconf 91' lang='lat' dir='ltr'><strong>in</strong></span> <span class='ocrx_word' id='word_1_760' title='bbox 2788 4573 2908 4627; x_wconf 92' lang='lat' dir='ltr'><strong>loco</strong></span> <span class='ocrx_word' id='word_1_761' title='bbox 2936 4573 3094 4626; x_wconf 84' lang='lat' dir='ltr'><strong>:Non</strong></span> <span class='ocrx_word' id='word_1_762' title='bbox 3113 4572 3240 4625; x_wconf 83' lang='lat' dir='ltr'><strong>veni</strong></span> <span class='ocrx_word' id='word_1_763' title='bbox 3251 4574 3315 4623; x_wconf 87' lang='lat' dir='ltr'><strong>ut</strong></span> <span class='ocrx_word' id='word_1_764' title='bbox 3331 4571 3540 4638; x_wconf 86' lang='lat' dir='ltr'><strong>faciam</strong></span> 
     </span>
    </p>
   </div>
   <div class='ocr_carea' id='block_1_94' title="bbox 270 4660 3535 4731">
    <p class='ocr_par' dir='ltr' id='par_1_94' title="bbox 270 4660 3535 4731">
     <span class='ocr_line' id='line_1_94' title="bbox 270 4660 3535 4731; baseline 0 -18"><span class='ocrx_word' id='word_1_765' title='bbox 270 4665 535 4731; x_wconf 88' lang='lat' dir='ltr'><strong>tempore,</strong></span> <span class='ocrx_word' id='word_1_766' title='bbox 568 4665 635 4715; x_wconf 91' lang='lat' dir='ltr'><strong>ut</strong></span> <span class='ocrx_word' id='word_1_767' title='bbox 661 4661 883 4715; x_wconf 82' lang='lat' dir='ltr'><strong>exuaris</strong></span> <span class='ocrx_word' id='word_1_768' title='bbox 908 4660 1173 4715; x_wconf 90' lang='lat' dir='ltr'><strong>vitiorum</strong></span> <span class='ocrx_word' id='word_1_769' title='bbox 1201 4661 1383 4728; x_wconf 88' lang='lat' dir='ltr'><strong>malis,</strong></span> <span class='ocrx_word' id='word_1_770' title='bbox 1418 4666 1474 4716; x_wconf 91' lang='lat' dir='ltr'><strong>et</strong></span> <span class='ocrx_word' id='word_1_771' title='bbox 1504 4662 1690 4716; x_wconf 89' lang='lat' dir='ltr'><strong>veniat</strong></span> <span class='ocrx_word' id='word_1_772' title='bbox 1717 4662 1776 4717; x_wconf 90' lang='lat' dir='ltr'><strong>in</strong></span> <span class='ocrx_word' id='word_1_773' title='bbox 1803 4668 1860 4718; x_wconf 90' lang='lat' dir='ltr'><strong>te</strong></span> <span class='ocrx_word' id='word_1_774' title='bbox 1942 4666 2279 4718; x_wconf 77' lang='lat' dir='ltr'><strong>voluntatem</strong></span> <span class='ocrx_word' id='word_1_775' title='bbox 2301 4680 2506 4728; x_wconf 87' lang='lat' dir='ltr'><strong>meam,</strong></span> <span class='ocrx_word' id='word_1_776' title='bbox 2524 4664 2614 4717; x_wconf 90' lang='lat' dir='ltr'><strong>sed</strong></span> <span class='ocrx_word' id='word_1_777' title='bbox 2632 4666 2967 4717; x_wconf 81' lang='lat' dir='ltr'><strong>voluntatem</strong></span> <span class='ocrx_word' id='word_1_778' title='bbox 2988 4663 3103 4730; x_wconf 89' lang='lat' dir='ltr'><strong>ejus</strong></span> <span class='ocrx_word' id='word_1_779' title='bbox 3132 4662 3232 4728; x_wconf 87' lang='lat' dir='ltr'><strong>qui</strong></span> <span class='ocrx_word' id='word_1_780' title='bbox 3255 4660 3408 4712; x_wconf 88' lang='lat' dir='ltr'><strong>misit</strong></span> <span class='ocrx_word' id='word_1_781' title='bbox 3431 4674 3535 4725; x_wconf 85' lang='lat' dir='ltr'><strong>me,</strong></span> 
     </span>
    </p>
   </div>
   <div class='ocr_carea' id='block_1_95' title="bbox 272 4747 3535 4821">
    <p class='ocr_par' dir='ltr' id='par_1_95' title="bbox 272 4747 3535 4821">
     <span class='ocr_line' id='line_1_95' title="bbox 272 4747 3535 4821; baseline 0 -20"><span class='ocrx_word' id='word_1_782' title='bbox 272 4748 488 4804; x_wconf 82' lang='lat' dir='ltr'><strong>virtutis</strong></span> <span class='ocrx_word' id='word_1_783' title='bbox 518 4766 785 4821; x_wconf 85' lang='lat' dir='ltr'><strong>regnum;</strong></span> <span class='ocrx_word' id='word_1_784' title='bbox 821 4749 954 4821; x_wconf 89' lang='lat' dir='ltr'><strong>quia</strong></span> <span class='ocrx_word' id='word_1_785' title='bbox 981 4751 1131 4805; x_wconf 91' lang='lat' dir='ltr'><strong>Deus</strong></span> <span class='ocrx_word' id='word_1_786' title='bbox 1153 4751 1421 4806; x_wconf 89' lang='lat' dir='ltr'><strong>virtutum</strong></span> <span class='ocrx_word' id='word_1_787' title='bbox 1452 4756 1539 4806; x_wconf 89' lang='lat' dir='ltr'><strong>est</strong></span> <span class='ocrx_word' id='word_1_788' title='bbox 1565 4757 1624 4806; x_wconf 90' lang='lat' dir='ltr'><strong>et</strong></span> <span class='ocrx_word' id='word_1_789' title='bbox 1646 4767 1759 4806; x_wconf 92' lang='lat' dir='ltr'><strong>non</strong></span> <span class='ocrx_word' id='word_1_790' title='bbox 1784 4752 1861 4806; x_wconf 84' lang='lat' dir='ltr'><strong>vi-</strong></span> <span class='ocrx_word' id='word_1_791' title='bbox 1939 4754 2125 4806; x_wconf 89' lang='lat' dir='ltr'><strong>Patris</strong></span> <span class='ocrx_word' id='word_1_792' title='bbox 2147 4753 2325 4819; x_wconf 89' lang='lat' dir='ltr'><strong>(Joan.</strong></span> <span class='ocrx_word' id='word_1_793' title='bbox 2357 4767 2432 4818; x_wconf 86' lang='lat' dir='ltr'><strong>v1,</strong></span> <span class='ocrx_word' id='word_1_794' title='bbox 2468 4748 2574 4820; x_wconf 91' lang='lat'><strong>38).</strong></span> <span class='ocrx_word' id='word_1_795' title='bbox 2607 4752 2739 4806; x_wconf 91' lang='lat' dir='ltr'><strong>Plus</strong></span> <span class='ocrx_word' id='word_1_796' title='bbox 2769 4750 2918 4805; x_wconf 89' lang='lat' dir='ltr'><strong>enim</strong></span> <span class='ocrx_word' id='word_1_797' title='bbox 2963 4750 3032 4804; x_wconf 93' lang='lat' dir='ltr'><strong>de</strong></span> <span class='ocrx_word' id='word_1_798' title='bbox 3059 4750 3228 4803; x_wconf 89' lang='lat' dir='ltr'><strong>Patre</strong></span> <span class='ocrx_word' id='word_1_799' title='bbox 3266 4764 3436 4819; x_wconf 90' lang='lat' dir='ltr'><strong>quam</strong></span> <span class='ocrx_word' id='word_1_800' title='bbox 3464 4747 3535 4802; x_wconf 91' lang='lat' dir='ltr'><strong>de</strong></span> 
     </span>
    </p>
   </div>
   <div class='ocr_carea' id='block_1_96' title="bbox 272 4835 3537 4911">
    <p class='ocr_par' dir='ltr' id='par_1_96' title="bbox 272 4835 3537 4911">
     <span class='ocr_line' id='line_1_96' title="bbox 272 4835 3537 4911; baseline -0 -20"><span class='ocrx_word' id='word_1_801' title='bbox 272 4835 489 4895; x_wconf 84' lang='lat' dir='ltr'><strong>tiorum.</strong></span> <span class='ocrx_word' id='word_1_802' title='bbox 529 4838 678 4911; x_wconf 89' lang='lat' dir='ltr'><strong>Opta</strong></span> <span class='ocrx_word' id='word_1_803' title='bbox 704 4839 881 4909; x_wconf 87' lang='lat' dir='ltr'><strong>igitur</strong></span> <span class='ocrx_word' id='word_1_804' title='bbox 902 4839 961 4893; x_wconf 91' lang='lat' dir='ltr'><strong>in</strong></span> <span class='ocrx_word' id='word_1_805' title='bbox 991 4838 1255 4894; x_wconf 90' lang='lat' dir='ltr'><strong>membris</strong></span> <span class='ocrx_word' id='word_1_806' title='bbox 1286 4840 1494 4895; x_wconf 91' lang='lat' dir='ltr'><strong>Christi</strong></span> <span class='ocrx_word' id='word_1_807' title='bbox 1524 4846 1588 4895; x_wconf 91' lang='lat' dir='ltr'><strong>ut</strong></span> <span class='ocrx_word' id='word_1_808' title='bbox 1626 4857 1861 4897; x_wconf 89' lang='lat' dir='ltr'><strong>numero</strong></span> <span class='ocrx_word' id='word_1_809' title='bbox 1943 4857 2003 4895; x_wconf 91' lang='lat' dir='ltr'><strong>se</strong></span> <span class='ocrx_word' id='word_1_810' title='bbox 2025 4840 2349 4895; x_wconf 88' lang='lat' dir='ltr'><strong>humanitas</strong></span> <span class='ocrx_word' id='word_1_811' title='bbox 2368 4841 2642 4911; x_wconf 90' lang='lat' dir='ltr'><strong>assumpti</strong></span> <span class='ocrx_word' id='word_1_812' title='bbox 2661 4840 2903 4895; x_wconf 90' lang='lat' dir='ltr'><strong>hominis</strong></span> <span class='ocrx_word' id='word_1_813' title='bbox 2925 4837 3317 4911; x_wconf 62' lang='lat' dir='ltr'><strong>praesumebat,</strong></span> <span class='ocrx_word' id='word_1_814' title='bbox 3337 4841 3401 4892; x_wconf 91' lang='lat' dir='ltr'><strong>ut</strong></span> <span class='ocrx_word' id='word_1_815' title='bbox 3421 4853 3537 4891; x_wconf 91' lang='lat' dir='ltr'><strong>om-</strong></span> 
     </span>
    </p>
   </div>
   <div class='ocr_carea' id='block_1_97' title="bbox 274 4925 3533 5004">
    <p class='ocr_par' dir='ltr' id='par_1_97' title="bbox 274 4925 3533 5004">
     <span class='ocr_line' id='line_1_97' title="bbox 274 4925 3533 5004; baseline -0.001 -23"><span class='ocrx_word' id='word_1_816' title='bbox 274 4928 639 4999; x_wconf 89' lang='lat' dir='ltr'><strong>colligaris,et</strong></span> <span class='ocrx_word' id='word_1_817' title='bbox 657 4927 929 4999; x_wconf 89' lang='lat' dir='ltr'><strong>quidquid</strong></span> <span class='ocrx_word' id='word_1_818' title='bbox 944 4936 1068 4984; x_wconf 91' lang='lat' dir='ltr'><strong>orat</strong></span> <span class='ocrx_word' id='word_1_819' title='bbox 1080 4929 1401 4985; x_wconf 90' lang='lat' dir='ltr'><strong>universum</strong></span> <span class='ocrx_word' id='word_1_820' title='bbox 1422 4930 1698 5002; x_wconf 91' lang='lat' dir='ltr'><strong>corpusin</strong></span> <span class='ocrx_word' id='word_1_821' title='bbox 1720 4936 1858 4999; x_wconf 87' lang='lat' dir='ltr'><strong>toto,</strong></span> <span class='ocrx_word' id='word_1_822' title='bbox 1943 4928 2133 5004; x_wconf 22' lang='lat' dir='ltr'><strong>nibus.</strong></span> <span class='ocrx_word' id='word_1_823' title='bbox 2163 4929 2485 4983; x_wconf 87' lang='lat' dir='ltr'><strong>ostenderet</strong></span> <span class='ocrx_word' id='word_1_824' title='bbox 2530 4934 2742 4999; x_wconf 89' lang='lat' dir='ltr'><strong>quanta</strong></span> <span class='ocrx_word' id='word_1_825' title='bbox 2770 4934 2827 4983; x_wconf 92' lang='lat' dir='ltr'><strong>et</strong></span> <span class='ocrx_word' id='word_1_826' title='bbox 2855 4928 3036 4999; x_wconf 90' lang='lat' dir='ltr'><strong>qualis</strong></span> <span class='ocrx_word' id='word_1_827' title='bbox 3074 4925 3279 4982; x_wconf 78' lang='lat' dir='ltr'><strong>fiducia</strong></span> <span class='ocrx_word' id='word_1_828' title='bbox 3322 4926 3380 4979; x_wconf 92' lang='lat' dir='ltr'><strong>in</strong></span> <span class='ocrx_word' id='word_1_829' title='bbox 3411 4925 3533 4996; x_wconf 90' lang='lat' dir='ltr'><strong>ejus</strong></span> 
     </span>
    </p>
   </div>
   <div class='ocr_carea' id='block_1_98' title="bbox 223 5016 3534 5091">
    <p class='ocr_par' dir='ltr' id='par_1_98' title="bbox 223 5016 3534 5091">
     <span class='ocr_line' id='line_1_98' title="bbox 223 5016 3534 5091; baseline -0.001 -20"><span class='ocrx_word' id='word_1_830' title='bbox 223 5040 235 5055; x_wconf 83' lang='lat'><strong><em>-</em></strong></span> <span class='ocrx_word' id='word_1_831' title='bbox 276 5017 340 5071; x_wconf 89' lang='lat' dir='ltr'><strong>ad</strong></span> <span class='ocrx_word' id='word_1_832' title='bbox 380 5017 697 5072; x_wconf 90' lang='lat' dir='ltr'><strong>membrum</strong></span> <span class='ocrx_word' id='word_1_833' title='bbox 727 5034 904 5089; x_wconf 90' lang='lat' dir='ltr'><strong>usque</strong></span> <span class='ocrx_word' id='word_1_834' title='bbox 932 5019 1237 5090; x_wconf 87' lang='lat' dir='ltr'><strong>perveniat,</strong></span> <span class='ocrx_word' id='word_1_835' title='bbox 1270 5019 1317 5073; x_wconf 92' lang='lat' dir='ltr'><strong>si</strong></span> <span class='ocrx_word' id='word_1_836' title='bbox 1348 5019 1491 5075; x_wconf 85' lang='lat' dir='ltr'><strong>forte</strong></span> <span class='ocrx_word' id='word_1_837' title='bbox 1519 5037 1617 5091; x_wconf 91' lang='lat' dir='ltr'><strong>spe</strong></span> <span class='ocrx_word' id='word_1_838' title='bbox 1646 5036 1710 5074; x_wconf 87' lang='lat' dir='ltr'><strong>ac</strong></span> <span class='ocrx_word' id='word_1_839' title='bbox 1753 5021 1863 5075; x_wconf 83' lang='lat' dir='ltr'><strong>ﬁde</strong></span> <span class='ocrx_word' id='word_1_840' title='bbox 1943 5017 2147 5073; x_wconf 88' lang='lat' dir='ltr'><strong>debeat</strong></span> <span class='ocrx_word' id='word_1_841' title='bbox 2172 5018 2477 5073; x_wconf 89' lang='lat' dir='ltr'><strong>consistere</strong></span> <span class='ocrx_word' id='word_1_842' title='bbox 2501 5018 2806 5072; x_wconf 89' lang='lat' dir='ltr'><strong>voluntate.</strong></span> <span class='ocrx_word' id='word_1_843' title='bbox 2839 5017 2992 5071; x_wconf 90' lang='lat' dir='ltr'><strong>Nulli</strong></span> <span class='ocrx_word' id='word_1_844' title='bbox 3034 5016 3287 5082; x_wconf 90' lang='lat' dir='ltr'><strong>dubium,</strong></span> <span class='ocrx_word' id='word_1_845' title='bbox 3332 5030 3534 5069; x_wconf 88' lang='lat' dir='ltr'><strong>secun-</strong></span> 
     </span>
    </p>
   </div>
   <div class='ocr_carea' id='block_1_99' title="bbox 275 5105 3528 5180">
    <p class='ocr_par' dir='ltr' id='par_1_99' title="bbox 275 5105 3528 5180">
     <span class='ocr_line' id='line_1_99' title="bbox 275 5105 3528 5180; baseline -0.001 -21"><span class='ocrx_word' id='word_1_846' title='bbox 275 5106 352 5160; x_wconf 89' lang='lat' dir='ltr'><strong>vel</strong></span> <span class='ocrx_word' id='word_1_847' title='bbox 396 5106 667 5161; x_wconf 88' lang='lat' dir='ltr'><strong>charitate</strong></span> <span class='ocrx_word' id='word_1_848' title='bbox 694 5105 868 5161; x_wconf 87' lang='lat' dir='ltr'><strong>fueris</strong></span> <span class='ocrx_word' id='word_1_849' title='bbox 912 5113 1196 5163; x_wconf 89' lang='lat' dir='ltr'><strong>recreatus</strong></span> <span class='ocrx_word' id='word_1_850' title='bbox 1227 5126 1239 5163; x_wconf 90' lang='lat'><strong>:</strong></span> <span class='ocrx_word' id='word_1_851' title='bbox 1272 5113 1336 5163; x_wconf 91' lang='lat' dir='ltr'><strong>ut</strong></span> <span class='ocrx_word' id='word_1_852' title='bbox 1372 5109 1541 5163; x_wconf 90' lang='lat' dir='ltr'><strong>simul</strong></span> <span class='ocrx_word' id='word_1_853' title='bbox 1579 5108 1747 5180; x_wconf 90' lang='lat' dir='ltr'><strong>capiti</strong></span> <span class='ocrx_word' id='word_1_854' title='bbox 1793 5124 1858 5164; x_wconf 89' lang='lat' dir='ltr'><strong>ac</strong></span> <span class='ocrx_word' id='word_1_855' title='bbox 1938 5107 2072 5162; x_wconf 90' lang='lat' dir='ltr'><strong>dum</strong></span> <span class='ocrx_word' id='word_1_856' title='bbox 2104 5108 2251 5179; x_wconf 88' lang='lat' dir='ltr'><strong>quod</strong></span> <span class='ocrx_word' id='word_1_857' title='bbox 2279 5109 2522 5162; x_wconf 87' lang='lat' dir='ltr'><strong>Joannes</strong></span> <span class='ocrx_word' id='word_1_858' title='bbox 2547 5107 2661 5161; x_wconf 87' lang='lat' dir='ltr'><strong>ait:</strong></span> <span class='ocrx_word' id='word_1_859' title='bbox 2699 5108 2806 5176; x_wconf 80' lang='lat' dir='ltr'><strong>Qui</strong></span> <span class='ocrx_word' id='word_1_860' title='bbox 2829 5108 3020 5175; x_wconf 82' lang='lat' dir='ltr'><strong>fecerit</strong></span> <span class='ocrx_word' id='word_1_861' title='bbox 3049 5110 3387 5162; x_wconf 78' lang='lat' dir='ltr'><strong>voluntatem</strong></span> <span class='ocrx_word' id='word_1_862' title='bbox 3412 5105 3528 5171; x_wconf 88' lang='lat' dir='ltr'><strong>Dei,</strong></span> 
     </span>
    </p>
   </div>
   <div class='ocr_carea' id='block_1_100' title="bbox 280 5195 1860 5270">
    <p class='ocr_par' dir='ltr' id='par_1_100' title="bbox 280 5195 1860 5270">
     <span class='ocr_line' id='line_1_100' title="bbox 280 5195 1860 5270; baseline 0.003 -22"><span class='ocrx_word' id='word_1_863' title='bbox 280 5195 534 5250; x_wconf 88' lang='lat' dir='ltr'><strong>membris</strong></span> <span class='ocrx_word' id='word_1_864' title='bbox 568 5196 801 5263; x_wconf 89' lang='lat' dir='ltr'><strong>orando,</strong></span> <span class='ocrx_word' id='word_1_865' title='bbox 832 5197 1068 5267; x_wconf 90' lang='lat' dir='ltr'><strong>agendo,</strong></span> <span class='ocrx_word' id='word_1_866' title='bbox 1096 5197 1210 5251; x_wconf 86' lang='lat' dir='ltr'><strong>vita</strong></span> <span class='ocrx_word' id='word_1_867' title='bbox 1238 5202 1295 5251; x_wconf 91' lang='lat' dir='ltr'><strong>et</strong></span> <span class='ocrx_word' id='word_1_868' title='bbox 1323 5197 1571 5252; x_wconf 90' lang='lat' dir='ltr'><strong>moribus</strong></span> <span class='ocrx_word' id='word_1_869' title='bbox 1600 5197 1860 5270; x_wconf 91' lang='lat' dir='ltr'><strong>deinceps</strong></span> 
     </span>
    </p>
   </div>
   <div class='ocr_carea' id='block_1_101' title="bbox 280 5282 1860 5357">
    <p class='ocr_par' dir='ltr' id='par_1_101' title="bbox 280 5282 1860 5357">
     <span class='ocr_line' id='line_1_101' title="bbox 280 5282 1860 5357; baseline 0.003 -21"><span class='ocrx_word' id='word_1_870' title='bbox 280 5282 506 5339; x_wconf 81' lang='lat' dir='ltr'><strong>ﬁdeliter</strong></span> <span class='ocrx_word' id='word_1_871' title='bbox 532 5284 861 5339; x_wconf 90' lang='lat' dir='ltr'><strong>collabores.</strong></span> <span class='ocrx_word' id='word_1_872' title='bbox 892 5284 1155 5357; x_wconf 77' lang='lat' dir='ltr'><strong>Alioquin</strong></span> <span class='ocrx_word' id='word_1_873' title='bbox 1185 5286 1315 5341; x_wconf 89' lang='lat' dir='ltr'><strong>licet</strong></span> <span class='ocrx_word' id='word_1_874' title='bbox 1340 5285 1529 5340; x_wconf 88' lang='lat' dir='ltr'><strong>venire</strong></span> <span class='ocrx_word' id='word_1_875' title='bbox 1558 5285 1715 5339; x_wconf 92' lang='lat' dir='ltr'><strong>illum</strong></span> <span class='ocrx_word' id='word_1_876' title='bbox 1747 5302 1860 5341; x_wconf 89' lang='lat' dir='ltr'><strong>non</strong></span> 
     </span>
    </p>
   </div>
   <div class='ocr_carea' id='block_1_102' title="bbox 278 5373 1859 5447">
    <p class='ocr_par' dir='ltr' id='par_1_102' title="bbox 278 5373 1859 5447">
     <span class='ocr_line' id='line_1_102' title="bbox 278 5373 1859 5447; baseline 0.003 -22"><span class='ocrx_word' id='word_1_877' title='bbox 278 5373 423 5441; x_wconf 80' lang='lat' dir='ltr'><strong>velis,</strong></span> <span class='ocrx_word' id='word_1_878' title='bbox 454 5374 560 5427; x_wconf 89' lang='lat' dir='ltr'><strong>hoc</strong></span> <span class='ocrx_word' id='word_1_879' title='bbox 598 5373 872 5445; x_wconf 90' lang='lat' dir='ltr'><strong>judicium</strong></span> <span class='ocrx_word' id='word_1_880' title='bbox 913 5390 1024 5429; x_wconf 91' lang='lat' dir='ltr'><strong>non</strong></span> <span class='ocrx_word' id='word_1_881' title='bbox 1054 5375 1304 5446; x_wconf 84' lang='lat' dir='ltr'><strong>ell‘ugies,</strong></span> <span class='ocrx_word' id='word_1_882' title='bbox 1337 5381 1395 5429; x_wconf 90' lang='lat' dir='ltr'><strong>et</strong></span> <span class='ocrx_word' id='word_1_883' title='bbox 1438 5391 1660 5447; x_wconf 59' lang='lat' dir='ltr'><strong>poenam</strong></span> <span class='ocrx_word' id='word_1_884' title='bbox 1691 5392 1859 5446; x_wconf 88' lang='lat' dir='ltr'><strong>quam</strong></span> 
     </span>
    </p>
   </div>
   <div class='ocr_carea' id='block_1_103' title="bbox 280 5460 1861 5535">
    <p class='ocr_par' dir='ltr' id='par_1_103' title="bbox 280 5460 1861 5535">
     <span class='ocr_line' id='line_1_103' title="bbox 280 5460 1861 5535; baseline 0.001 -19"><span class='ocrx_word' id='word_1_885' title='bbox 280 5460 536 5517; x_wconf 76' lang='lat' dir='ltr'><strong>formidas</strong></span> <span class='ocrx_word' id='word_1_886' title='bbox 564 5464 712 5518; x_wconf 90' lang='lat' dir='ltr'><strong>male</strong></span> <span class='ocrx_word' id='word_1_887' title='bbox 740 5463 917 5518; x_wconf 91' lang='lat' dir='ltr'><strong>victus</strong></span> <span class='ocrx_word' id='word_1_888' title='bbox 946 5464 1205 5535; x_wconf 85' lang='lat' dir='ltr'><strong>excipies.</strong></span> <span class='ocrx_word' id='word_1_889' title='bbox 1238 5466 1418 5532; x_wconf 90' lang='lat' dir='ltr'><strong>Disce,</strong></span> <span class='ocrx_word' id='word_1_890' title='bbox 1453 5464 1635 5530; x_wconf 87' lang='lat' dir='ltr'><strong>velim,</strong></span> <span class='ocrx_word' id='word_1_891' title='bbox 1672 5465 1861 5535; x_wconf 87' lang='lat' dir='ltr'><strong>longa-</strong></span> 
     </span>
    </p>
   </div>
   <div class='ocr_carea' id='block_1_104' title="bbox 281 5550 1858 5625">
    <p class='ocr_par' dir='ltr' id='par_1_104' title="bbox 281 5550 1858 5625">
     <span class='ocr_line' id='line_1_104' title="bbox 281 5550 1858 5625; baseline 0.003 -21"><span class='ocrx_word' id='word_1_892' title='bbox 281 5550 673 5620; x_wconf 87' lang='lat' dir='ltr'><strong>nimitatem,et</strong></span> <span class='ocrx_word' id='word_1_893' title='bbox 687 5569 984 5609; x_wconf 89' lang='lat' dir='ltr'><strong>consuesce</strong></span> <span class='ocrx_word' id='word_1_894' title='bbox 996 5552 1704 5625; x_wconf 78' lang='lat' dir='ltr'><strong>infatigabiliterlaborare.</strong></span> <span class='ocrx_word' id='word_1_895' title='bbox 1722 5554 1858 5609; x_wconf 87' lang='lat' dir='ltr'><strong>Ecce</strong></span> 
     </span>
    </p>
   </div>
   <div class='ocr_carea' id='block_1_105' title="bbox 1941 5190 3533 5266">
    <p class='ocr_par' dir='ltr' id='par_1_105' title="bbox 1941 5190 3533 5266">
     <span class='ocr_line' id='line_1_105' title="bbox 1941 5190 3533 5266; baseline -0.004 -15"><span class='ocrx_word' id='word_1_896' title='bbox 1941 5202 2165 5251; x_wconf 80' lang='lat' dir='ltr'><strong>maneat</strong></span> <span class='ocrx_word' id='word_1_897' title='bbox 2208 5199 2271 5250; x_wconf 89' lang='lat' dir='ltr'><strong>in</strong></span> <span class='ocrx_word' id='word_1_898' title='bbox 2300 5202 2569 5251; x_wconf 74' lang='lat' dir='ltr'><strong>:eternum</strong></span> <span class='ocrx_word' id='word_1_899' title='bbox 2611 5197 2661 5264; x_wconf 95' lang='lat' dir='ltr'><strong>(I</strong></span> <span class='ocrx_word' id='word_1_900' title='bbox 2694 5198 2856 5251; x_wconf 86' lang='lat' dir='ltr'><strong>Joan.</strong></span> <span class='ocrx_word' id='word_1_901' title='bbox 2902 5211 2958 5264; x_wconf 80' lang='grc' dir='ltr'><strong>ιι,</strong></span> <span class='ocrx_word' id='word_1_902' title='bbox 2996 5194 3105 5266; x_wconf 88' lang='grc'><strong>17).</strong></span> <span class='ocrx_word' id='word_1_903' title='bbox 3150 5194 3362 5250; x_wconf 87' lang='lat' dir='ltr'><strong>Idcirco</strong></span> <span class='ocrx_word' id='word_1_904' title='bbox 3390 5190 3533 5246; x_wconf 93' lang='lat' dir='ltr'><strong>dila-</strong></span> 
     </span>
    </p>
   </div>
   <div class='ocr_carea' id='block_1_106' title="bbox 1940 5283 3533 5355">
    <p class='ocr_par' dir='ltr' id='par_1_106' title="bbox 1940 5283 3533 5355">
     <span class='ocr_line' id='line_1_106' title="bbox 1940 5283 3533 5355; baseline -0.005 -14"><span class='ocrx_word' id='word_1_905' title='bbox 1940 5290 2137 5341; x_wconf 90' lang='lat' dir='ltr'><strong>tentur</strong></span> <span class='ocrx_word' id='word_1_906' title='bbox 2164 5284 2356 5353; x_wconf 90' lang='lat' dir='ltr'><strong>animi,</strong></span> <span class='ocrx_word' id='word_1_907' title='bbox 2390 5290 2602 5341; x_wconf 88' lang='lat' dir='ltr'><strong>crescat</strong></span> <span class='ocrx_word' id='word_1_908' title='bbox 2630 5286 2880 5353; x_wconf 69' lang='lat' dir='ltr'><strong>affectus,</strong></span> <span class='ocrx_word' id='word_1_909' title='bbox 2925 5283 3304 5355; x_wconf 87' lang='lat' dir='ltr'><strong>concipiamus</strong></span> <span class='ocrx_word' id='word_1_910' title='bbox 3343 5284 3533 5336; x_wconf 90' lang='lat' dir='ltr'><strong>mente</strong></span> 
     </span>
    </p>
   </div>
   <div class='ocr_carea' id='block_1_107' title="bbox 1943 5366 3532 5448">
    <p class='ocr_par' dir='ltr' id='par_1_107' title="bbox 1943 5366 3532 5448">
     <span class='ocr_line' id='line_1_107' title="bbox 1943 5366 3532 5448; baseline -0.002 -20"><span class='ocrx_word' id='word_1_911' title='bbox 1943 5374 2091 5445; x_wconf 91' lang='lat' dir='ltr'><strong>quod</strong></span> <span class='ocrx_word' id='word_1_912' title='bbox 2121 5390 2375 5442; x_wconf 90' lang='lat' dir='ltr'><strong>oramus;</strong></span> <span class='ocrx_word' id='word_1_913' title='bbox 2404 5375 2536 5447; x_wconf 90' lang='lat' dir='ltr'><strong>quia</strong></span> <span class='ocrx_word' id='word_1_914' title='bbox 2564 5375 2836 5448; x_wconf 89' lang='lat' dir='ltr'><strong>quidquid</strong></span> <span class='ocrx_word' id='word_1_915' title='bbox 2870 5374 3139 5446; x_wconf 89' lang='lat' dir='ltr'><strong>magister</strong></span> <span class='ocrx_word' id='word_1_916' title='bbox 3165 5371 3405 5430; x_wconf 72' lang='lat' dir='ltr'><strong>caelestis</strong></span> <span class='ocrx_word' id='word_1_917' title='bbox 3429 5366 3532 5421; x_wconf 83' lang='lat' dir='ltr'><strong>do-</strong></span> 
     </span>
    </p>
   </div>
   <div class='ocr_carea' id='block_1_108' title="bbox 1942 5457 3537 5537">
    <p class='ocr_par' dir='ltr' id='par_1_108' title="bbox 1942 5457 3537 5537">
     <span class='ocr_line' id='line_1_108' title="bbox 1942 5457 3537 5537; baseline -0.002 -19"><span class='ocrx_word' id='word_1_918' title='bbox 1942 5464 2059 5518; x_wconf 91' lang='lat' dir='ltr'><strong>cuit</strong></span> <span class='ocrx_word' id='word_1_919' title='bbox 2086 5463 2267 5518; x_wconf 89' lang='lat' dir='ltr'><strong>verbis</strong></span> <span class='ocrx_word' id='word_1_920' title='bbox 2297 5465 2381 5520; x_wconf 90' lang='lat' dir='ltr'><strong>vel</strong></span> <span class='ocrx_word' id='word_1_921' title='bbox 2409 5466 2695 5537; x_wconf 83' lang='lat' dir='ltr'><strong>exemplis,</strong></span> <span class='ocrx_word' id='word_1_922' title='bbox 2717 5466 2834 5518; x_wconf 66' lang='lat' dir='ltr'><strong>haac</strong></span> <span class='ocrx_word' id='word_1_923' title='bbox 2857 5470 2945 5521; x_wconf 90' lang='lat' dir='ltr'><strong>est</strong></span> <span class='ocrx_word' id='word_1_924' title='bbox 2974 5465 3230 5522; x_wconf 83' lang='lat' dir='ltr'><strong>voluntas</strong></span> <span class='ocrx_word' id='word_1_925' title='bbox 3258 5459 3440 5520; x_wconf 88' lang='lat' dir='ltr'><strong>Patris</strong></span> <span class='ocrx_word' id='word_1_926' title='bbox 3472 5457 3537 5506; x_wconf 66' lang='lat' dir='ltr'><strong>ut</strong></span> 
     </span>
    </p>
   </div>
   <div class='ocr_carea' id='block_1_109' title="bbox 1941 5543 3533 5627">
    <p class='ocr_par' dir='ltr' id='par_1_109' title="bbox 1941 5543 3533 5627">
     <span class='ocr_line' id='line_1_109' title="bbox 1941 5543 3533 5627; baseline -0.004 -18"><span class='ocrx_word' id='word_1_927' title='bbox 1941 5553 2130 5609; x_wconf 81' lang='lat' dir='ltr'><strong>omnia</strong></span> <span class='ocrx_word' id='word_1_928' title='bbox 2149 5555 2557 5626; x_wconf 86' lang='lat' dir='ltr'><strong>compleantur.</strong></span> <span class='ocrx_word' id='word_1_929' title='bbox 2575 5554 2660 5610; x_wconf 81' lang='lat' dir='ltr'><strong>Ad</strong></span> <span class='ocrx_word' id='word_1_930' title='bbox 2680 5554 2786 5608; x_wconf 90' lang='lat' dir='ltr'><strong>hoc</strong></span> <span class='ocrx_word' id='word_1_931' title='bbox 2810 5554 3017 5627; x_wconf 88' lang='lat' dir='ltr'><strong>quippe</strong></span> <span class='ocrx_word' id='word_1_932' title='bbox 3044 5554 3253 5626; x_wconf 90' lang='lat' dir='ltr'><strong>scripta</strong></span> <span class='ocrx_word' id='word_1_933' title='bbox 3269 5551 3351 5607; x_wconf 88' lang='lat' dir='ltr'><strong>vel</strong></span> <span class='ocrx_word' id='word_1_934' title='bbox 3369 5543 3533 5615; x_wconf 67' lang='lat' dir='ltr'><strong>gesta</strong></span> 
     </span>
    </p>
   </div>
  </div>
