3938 6174
379 190 557 300 287‘

1148 245 1205 301 S.
1245 245 1619 302 PASCHASII
1657 243 2019 300 RADBERTI
2055 243 2359 299 ABBATIS
2401 241 2894 299 CORBEIENSIS.

3516 242 3612 300 288

376 357 527 438 sunt,
556 376 622 426 ut
646 372 889 427 ﬁdeliter
908 388 1008 444 pro
1035 372 1214 428 salute
1235 377 1430 427 nostra
1447 370 1707 443 cperibus
1725 386 1962 442 peraga-
1980 372 2027 430 A
2048 370 2271 440 quando
2291 369 2510 425 dicatur
2527 369 2578 424 ei
2598 388 2609 422 ε
2637 369 2737 424 Hic
2763 366 2928 422 labiis
2950 382 3040 421 me
3056 366 3315 433 honorat,
3333 381 3425 422 cor
3440 372 3612 423 autem

378 475 526 514 mus.
565 461 725 516 Unde
753 462 1045 533 provideat
1070 462 1454 532 unusquisque
1478 461 1538 514 in
1565 476 1624 514 se
1654 459 1786 530 quid
1816 459 1965 525 velit,

377 549 511 620 quid
533 550 592 604 in
610 551 775 605 corde
784 558 963 623 gerat.
982 552 1139 616 Quod
1156 551 1203 604 si
1222 550 1424 603 viderit
1443 550 1789 603 voluntatem
1807 565 1969 603 suam

377 637 438 691 in
463 639 650 710 aliquo
670 658 704 694 a
725 641 825 694 Dei
849 641 1134 694 voluntate
1162 639 1497 708 discrepare,
1522 637 1767 707 corrigat
1792 638 1970 709 pravi-

377 731 552 781 tatem
582 746 761 795 suam,
794 745 864 785 ne
900 728 1048 799 quod
1076 727 1257 781 verbis
1286 731 1428 793 erat,
1461 727 1710 781 moribus
1747 733 1969 781 contra-

379 814 548 875 dicat.
579 818 720 871 Hinc
745 818 949 888 quippe
974 817 1242 888 scriptum
1271 821 1357 870 est
1388 834 1398 869 :
1443 818 1509 871 Et
1536 833 1571 870 a
1594 818 1970 870 voluntatibus

383 907 494 958 tuis
513 911 695 959 averte
711 908 901 973 (Eccli.
927 921 1077 971 xvm,
1093 903 1205 971 30).
1222 905 1331 960 Sed
1358 904 1492 975 quia
1509 905 1578 958 de
1599 904 1735 958 cmlo
1758 904 1965 969 anima,

370 988 510 1062 'pars
538 994 661 1046 coeli
690 1010 912 1061 sumus;
946 994 1016 1047 de
1044 999 1197 1047 terra
1228 1009 1356 1047 vero
1385 1008 1605 1063 corpus,
1641 1008 1771 1063 pars
1803 997 1971 1046 terrae

380 1096 502 1134 esse
528 1081 931 1149 convincimur;
964 1082 1090 1136 ideo
1119 1082 1319 1147 adhuc,
1346 1081 1490 1135 sicut
1519 1081 1601 1134 ait
1630 1082 1930 1151 Apostolus
1958 1096 1968 1128 :

381 1169 519 1224 Caro
532 1174 859 1239 concupiscit
871 1173 1129 1225 adversus
1140 1173 1403 1240 spiritum
1415 1174 1465 1224 et
1476 1173 1707 1238 spiritus
1717 1173 1974 1224 adversus

2050 460 2172 528 ejus
2200 459 2364 529 longe
2392 463 2480 513 est
2505 475 2540 512 a
2567 475 2685 524 me;
2718 458 2883 527 longe
2913 456 3107 527 utique
3126 472 3162 510 a
3179 456 3376 519 salute,
3397 457 3617 527 quiavo-

2049 547 2236 601 luntas
2264 547 2366 601 Dei
2395 548 2546 601 salus
2575 551 2769 600 nostra
2793 544 3061 599 creditur.
3084 544 3319 611 Idcirco,
3343 546 3443 598 etsi
3472 546 3619 600 aliter

2051 636 2303 703 velimus,
2329 652 2552 707 semper
2573 634 2848 689 orandum
2871 639 2957 687 est
2982 638 3169 699 338
3194 650 3308 687 non
3327 624 3512 688 nosti‘a
3533 636 3619 690 sed

2050 724 2201 779 illius
2230 725 2486 779 voluntas
2512 726 2636 781 ﬁat.
2676 724 2835 787 Quod
2865 723 2913 777 si
2950 722 3143 776 eadem
3177 738 3300 793 quae
3326 722 3470 776 Deus
3496 724 3618 789 vult,

2050 815 2174 885 ipso
2201 814 2486 885 aspirante
2520 814 2641 882 jam
2672 813 2944 876 volumus,
2978 827 3090 866 non
3130 816 3386 865 nostrum
3414 812 3507 866 sed
3534 812 3623 866 Dei

2052 918 2257 956 munus
2287 907 2390 956 est.
2418 901 2571 965 Ideo,
2594 901 2773 971 magis
2803 901 2871 955 de
2903 900 2999 953 illo
3023 915 3192 969 quam
3222 899 3292 952 de
3320 898 3473 953 nobis
3502 916 3624 969 prae-

2053 996 2357 1057 sumentes,
2387 990 2650 1045 submissi
2677 992 2799 1060 ejus
2838 988 3313 1060 praestantissimae
3342 988 3615 1055 voluntati,

2052 1087 2204 1134 recte
2227 1096 2455 1135 oramus
2488 1098 2498 1132 :
2533 1081 2651 1133 Fiat
2679 1083 2933 1132 voluntas
2963 1083 3061 1131 tua
3090 1081 3153 1131 in
3184 1083 3352 1143 terra,
3387 1076 3443 1131 id
3471 1081 3555 1131 est
3574 1076 3627 1131 in

2058 1169 2237 1235 nobis,
2279 1186 2344 1224 ex
2374 1186 2441 1223 ea
2475 1173 2636 1240 parte
2673 1168 2731 1221 in
2767 1184 2880 1237 qua
2918 1166 3129 1220 terreni
3158 1181 3374 1231 sumus,
3410 1165 3549 1219 sicut
3576 1165 3630 1219 in

381 1273 605 1311 carnem
623 1259 785 1328 (Gal..
810 1276 860 1325 v,
889 1257 993 1323 17).
1018 1259 1178 1314 Unde
1198 1259 1471 1314 duntaxat
1490 1260 1628 1313 velle
1649 1260 1977 1330 quantisper
2057 1260 2210 1313 coelis
2239 1264 2342 1324 est,
2370 1258 2428 1312 in
2449 1257 2651 1328 quibus
2676 1257 2796 1327 ipse
2826 1255 3063 1310 habitas.
3088 1257 3156 1309 In
3185 1257 3328 1309 caelis
3350 1255 3553 1325 utique,
3577 1260 3634 1308 ut

380 1346 617 1415 adjacet,
635 1349 903 1417 perﬁcere
922 1354 1113 1402 autem
1132 1347 1341 1401 bonum
1364 1365 1476 1403 non
1491 1348 1827 1402 invenimus.
1845 1348 1975 1401 Ideo
2056 1347 2317 1413 diximus,
2350 1363 2462 1400 non
2479 1346 2537 1400 in
2558 1345 2679 1399 istis
2703 1343 3106 1411 materialibus,
3134 1344 3232 1398 sed
3247 1344 3307 1398 in
3325 1344 3526 1398 sanctis
3548 1360 3634 1398 an-

383 1450 612 1489 oramus
640 1454 652 1488 :
680 1438 802 1490 Fiat
820 1441 1075 1490 voluntas
1099 1441 1371 1502 tua,sicut
1394 1440 1453 1491 in
1472 1441 1614 1503 casio,
1630 1437 1887 1490 videlicet
1912 1436 1972 1489 in
2055 1436 2197 1505 gelis
2226 1436 2284 1489 in
2306 1434 2509 1505 quibus
2538 1435 2779 1507 perfecte
2798 1434 2949 1487 Deus
2966 1433 3216 1487 Trinitas
3238 1438 3529 1503 operatur;
3560 1432 3636 1486 vel

381 1523 605 1594 spiritu,
636 1527 714 1577 sic
733 1529 780 1578 et
818 1528 879 1578 in
910 1530 1080 1583 terra.
1114 1530 1392 1596 quatenus
1421 1543 1550 1580 caro
1580 1532 1638 1581 et
1664 1527 1855 1580 anima
1882 1525 1975 1579 ille

381 1611 650 1682 spiritalis
678 1613 753 1667 sit
778 1614 965 1679 homo,
989 1615 1057 1668 de
1086 1631 1196 1685 quo
1224 1616 1377 1669 canit
1400 1615 1602 1670 David:
1639 1616 1741 1671 Cor
1768 1631 1973 1680 meum,

2058 1525 2229 1579 etiam
2250 1525 2309 1578 in
2329 1523 2555 1589 sanctis,
2572 1540 2710 1594 quos
2731 1523 2799 1576 de
2819 1522 3057 1576 terrenis
3072 1511 3295 1576 elevans
3308 1521 3379 1575 ad
3396 1520 3638 1575 sublimia

2058 1630 2160 1684 per
2198 1612 2443 1683 gratiam
2476 1613 2599 1682 jam
2644 1612 2810 1665 celos
2859 1612 3007 1666 fecit.
3052 1612 3118 1665 In
3166 1610 3370 1683 quibus
3409 1610 3638 1681 profecto

385 1681 435 1754 et
453 1716 580 1753 caro
598 1718 716 1755 mea
734 1707 856 1767 32
869 1681 1328 1767 Ialea-su[laverunt
1349 1709 1412 1759 in
1430 1707 1597 1759 Deum
1614 1705 1972 1772 vivum(Psal.
2004 1681 2232 1764 chlis,
2250 1702 2351 1756 Dei
2369 1681 2537 1771 plena
2546 1701 2802 1755 voluntas
2822 1706 2879 1754 et
2896 1700 3143 1772 perfecta
3157 1681 3511 1771 adimpletur,
3525 1715 3639 1753 cum

382 1803 611 1854 LXXXIII,
633 1790 714 1858 3);
744 1794 802 1845 et
828 1791 978 1845 idem
1006 1811 1016 1844 :
1049 1793 1237 1848 Silivit
1260 1796 1321 1847 in
1352 1800 1399 1848 te
1428 1797 1623 1848 anima
1644 1810 1779 1859 mea,
1807 1809 1976 1862 quam

387 1880 774 1947 multipliciter
807 1882 908 1934 tibi
935 1897 1064 1935 caro
1084 1898 1203 1936 mea
1222 1884 1389 1953 (Psal.
1413 1896 1547 1942 Lxu.
1570 1881 1643 1947 2).
1666 1883 1802 1947 Quis
1827 1882 1976 1936 enim

382 1966 607 2037 ignorat
630 1968 686 2021 in
716 1969 929 2039 angelis
959 1975 1059 2024 aut
1083 1970 1141 2024 in
1168 1971 1676 2042 spiritalibus,quia
1701 1972 1851 2025 Deus
1871 1970 1978 2041 spi-

384 2055 528 2109 ritus
542 2062 646 2118 est.
661 2074 782 2111 esse
801 2059 1145 2113 voluntatem
1162 2060 1298 2115 Dei?
1317 2061 1461 2114 Nam
1478 2061 1572 2131 qui
1598 2061 1848 2114 adhaeret
1863 2060 1978 2113 Deo

384 2159 531 2198 unus
559 2145 791 2216 spiritus
819 2153 921 2200 est.
944 2147 1049 2201 Ubi
1078 2164 1209 2218 ergo
1232 2149 1419 2203 unitas
1448 2154 1665 2218 regnat,
1694 2147 1849 2200 nulla
1870 2146 1979 2200 dis-

385 2233 568 2287 sensio
596 2251 716 2288 esse
740 2240 943 2305 potest.
972 2237 1272 2302 Caeterum,
1299 2237 1346 2290 si
1377 2236 1500 2307 quis
1519 2243 1672 2290 terra
1693 2242 1794 2298 est,
1826 2240 1883 2289 et
1920 2236 1974 2289 in

385 2325 595 2374 terram
624 2321 745 2376 ibit.
773 2323 918 2377 Nam
949 2329 1006 2377 et
1034 2324 1138 2377 hoc
1164 2325 1283 2378 loco
1312 2341 1412 2395 per
1440 2329 1647 2378 terram
1679 2324 1979 2377 carnalitas

386 2409 731 2479 designatur,
766 2427 866 2481 per
894 2428 1061 2482 quam
1103 2412 1365 2483 malignis
1394 2412 1684 2484 spiritibus
1720 2413 1778 2467 in
1821 2412 1980 2466 nobis

388 2498 557 2552 datur
568 2515 843 2554 accessus.
868 2501 947 2554 De
964 2517 1074 2571 quo
1085 2501 1257 2555 David
1280 2520 1290 2554 :
1316 2505 1459 2555 Dum
1482 2506 1869 2571 appropriant,
1893 2502 1982 2555 in-

2057 1792 2115 1845 in
2140 1791 2295 1845 nullo
2325 1790 2395 1844 ab
2422 1807 2492 1843 ea
2519 1807 2713 1844 eorum
2735 1789 2938 1860 aliquis
2966 1789 3287 1860 discrepare
3317 1794 3497 1859 potest
3513 1788 3641 1842 ulte-

2058 1881 2177 1934 rius
2197 1885 2297 1934 aut
2317 1880 2631 1933 deﬂectere.
2653 1879 2733 1933 De
2753 1895 2866 1950 qua
2884 1879 3153 1932 nimirum
3181 1878 3464 1932 voluntate
3482 1876 3642 1931 David

2061 1968 2213 2022 canit
2236 1986 2249 2023 :
2279 1970 2341 2022 Ut
2366 1970 2581 2022 videam
2602 1972 2938 2022 voluntatem
2952 1967 3198 2033 Domini,
3224 1970 3273 2020 et
3298 1969 3508 2020 visilem
3526 1970 3644 2018 tem-

2056 2061 2217 2126 plum
2258 2062 2515 2110 sanetum
2558 2060 2672 2125 ejus
2712 2059 2873 2123 (Psal.
2905 2070 2977 2120 v1,
3013 2054 3123 2125 24).
3170 2055 3317 2109 Hinc
3349 2070 3561 2125 quoque
3593 2057 3645 2106 et

2062 2146 2235 2200 Isaias
2253 2146 2527 2216 propheta
2548 2146 2607 2198 in
2632 2161 2872 2216 persona
2891 2144 3074 2204 Patris
3099 2143 3209 2198 ait:
3239 2144 3307 2198 Et
3330 2146 3391 2198 in
3408 2144 3643 2198 omnibus

2062 2252 2182 2288 mea
2210 2238 2465 2289 voluntas
2486 2236 2601 2304 (lsa
2643 2248 2789 2299 XLVI,
2831 2234 2938 2302 10).
2969 2233 3129 2288 Unde
3149 2248 3379 2287 oramus
3394 2236 3472 2296 ut,
3495 2230 3644 2285 sicuti

2063 2329 2150 2377 est
2172 2324 2291 2393 jam
2334 2323 2394 2377 in
2426 2324 2600 2388 ccelis,
2635 2324 2693 2377 id
2736 2326 2822 2376 est
2854 2322 2910 2376 in
2951 2321 3165 2392 angelis
3190 2327 3252 2375 et
3288 2320 3492 2375 sanctis
3513 2321 3639 2391 ejus,

2064 2412 2235 2466 etiam
2266 2417 2323 2466 et
2345 2412 2404 2466 in
2434 2412 2615 2478 nobis,
2638 2411 2772 2483 quia
2790 2411 2973 2465 adhuc
2999 2427 3066 2465 ex
3092 2416 3255 2481 parte
3274 2416 3427 2465 terra
3446 2425 3641 2473 sumus,

2064 2502 2321 2555 voluntas
2359 2500 2561 2567 Patris,
2597 2502 2667 2554 de
2696 2517 2807 2572 qua
2834 2505 2985 2554 recte
3024 2515 3189 2554 nemo
3231 2500 3329 2571 qui
3372 2498 3544 2554 ﬁdelis
3569 2502 3647 2551 est

386 2587 526 2658 quit,
561 2604 725 2656 super
744 2606 829 2643 me
856 2595 1120 2656 nocentes,
1152 2596 1212 2643 ul
1240 2593 1403 2645 edant
1429 2607 1617 2645 mrnes
1640 2608 1782 2644 meas
1800 2593 1975 2660 (Psal.

385 2690 528 2743 xxvt,
553 2675 628 2745 ‘2).
645 2676 719 2731 Et
736 2679 983 2749 serpenti
998 2679 1057 2732 in
1079 2680 1339 2750 paradiso
1364 2693 1375 2727 :
1412 2682 1655 2744 Terram,
1671 2678 1873 2750 inquit,
1892 2695 1985 2733 co-

390 2767 565 2820 medes
580 2770 990 2821 cunclisdiebus
1004 2768 1686 2839 viteluw(Gcn.III,14).In
1704 2768 1988 2838 quanimi-
2068 2767 2350 2821 deﬁciant.
2392 2768 2499 2821 Sed
2532 2767 2866 2821 scrutandus
2894 2772 2983 2820 est
3005 2765 3246 2832 animus,
3285 2771 3344 2821 et
3368 2761 3650 2820 nutrienda

386 2871 513 2909 rum
535 2860 707 2921 terra,
735 2856 830 2927 qui
858 2863 1053 2911 contra
1078 2858 1426 2911 voluntatem
1457 2857 1556 2910 Dei
1584 2857 1788 2926 agitur,
1811 2863 1867 2909 et
1895 2856 1989 2909 ad-
2070 2857 2227 2923 ﬁdes,
2257 2862 2427 2927 atque
2456 2856 2835 2925 intelligentia
2875 2855 3103 2910 uberius
3132 2855 3442 2920 dilatanda,
3476 2851 3646 2908 Patris

387 2946 1468 3000 versaturcontraDeumcarnalishomo
1482 2952 1983 3014 noster,rogamus.
2004 2945 2325 3055 Cvoluntas
2371 2962 2539 3016 quam
2594 2946 2838 3015 locuples
2888 2945 2980 3011 sit,
3023 2960 3191 3015 quam
3242 2950 3454 3008 sancta,
3495 2958 3649 3014 quam

469 3033 580 3055 0.2.4
624 3036 877 3055 -.,.l-.--4_-
918 3040 1010 3055 ι-.-
1046 3036 1098 3055 3--
1146 3041 1292 3055 1-..---
1334 3037 1467 3055 -3--.‘
1498 3037 1549 3055 _'_-
1597 3037 1709 3055 Δμιμ
1764 3035 1881 3055 ιτ-..
1920 3040 1980 3055 --Α
2070 3035 2212 3055 :-_-A-
2270 3039 2315 3055 AL
2363 3034 2666 3055 __-42_,41___-
2733 3051 2891 3055 _i-____
2930 3033 3015 3055 μὶ-
3088 3049 3363 3055 _---__-,-_-
3416 3030 3648 3055 -.....:L....

457 3033 580 3085 Fiat
621 3036 877 3086 voluntas
914 3040 1011 3086 tua
1041 3036 1104 3087 in
1145 3041 1294 3087 terra
1325 3037 1467 3087 sicut
1494 3037 1555 3087 in
1588 3037 1731 3088 cmlo.
1763 3035 1887 3087 Non
1920 3040 1984 3087 ut
2004 3030 2048 3055 υ
2064 3035 2220 3104 justa
2262 3039 2319 3087 et
2363 3034 2693 3101 rectissima,
2727 3051 2896 3104 quam
2928 3033 3042 3105 pia,
3083 3049 3369 3105 quamque
3409 3030 3650 3087 omnibus

386 3123 543 3172 terra
570 3126 919 3189 permaneat,
955 3126 1232 3191 quatenus
1276 3122 1373 3175 illa
1411 3128 1673 3175 manente
1704 3122 1759 3175 in
1791 3139 1858 3175 ea
1884 3128 1983 3177 tua
2067 3125 2337 3194 proﬁcua.
2361 3123 2505 3177 Nam
2526 3123 2778 3177 omnium
2799 3128 3185 3177 creaturarum
3209 3122 3524 3187 existentia,
3541 3119 3649 3174 sola

386 3208 489 3261 ﬁat
516 3208 790 3273 voluntas,
818 3210 913 3263 sed
944 3216 1009 3263 ut
1034 3216 1286 3264 transeat
1307 3211 1576 3281 quidquid
1606 3212 1663 3264 in
1688 3211 1847 3265 nobis
1875 3216 1984 3265 ter-
2064 3213 2319 3267 voluntas
2349 3212 2451 3266 Dei
2478 3212 2604 3278 fuit,
2633 3211 2759 3282 quia
2790 3213 2912 3282 ejus
2941 3212 3201 3278 voluisse,
3229 3212 3427 3267 fecisse
3448 3215 3554 3266 est.
3583 3209 3647 3261 Et

386 3311 589 3350 renum
605 3303 691 3351 est
709 3303 808 3351 aut
826 3300 1068 3360 carnale,
1090 3305 1147 3353 et
1168 3300 1265 3353 ﬁat
1283 3287 1535 3370 spiritale
1551 3306 1719 3370 atque
1737 3299 1984 3354 incorru-
2062 3300 2188 3354 ideo
2208 3304 2423 3354 rectum
2445 3306 2530 3353 est
2551 3304 2612 3353 ut
2640 3298 2739 3353 illa
2759 3300 3030 3365 voluntas,
3051 3315 3162 3369 qua
3178 3300 3361 3355 creati
3391 3314 3580 3354 sumus
3601 3300 3653 3350 et

386 3384 601 3458 ptibile.
624 3386 887 3457 Alioquin
912 3387 971 3441 in
998 3392 1170 3453 terra,
1195 3406 1318 3459 quae
1347 3395 1549 3459 quarta
1578 3389 1983 3447 elementorum
2065 3406 2166 3460 per
2196 3406 2365 3460 quam
2399 3388 2708 3456 existimas,
2728 3388 2785 3441 in
2811 3387 2970 3442 nobis
2990 3390 3090 3442 ﬁat
3118 3393 3176 3442 et
3202 3392 3547 3459 permaneat,
3566 3402 3646 3451 ne,

387 3474 600 3545 species
634 3480 737 3540 est,
767 3475 899 3546 quid
934 3477 1118 3531 minus
1153 3494 1321 3549 quam
1351 3478 1409 3531 in
1437 3478 1574 3531 coelo
1603 3477 1702 3531 Dei
1727 3478 1984 3532 voluntas
2066 3480 2135 3534 ab
2160 3497 2227 3535 ea
2259 3480 2538 3543 destituti,
2571 3496 2697 3533 mox
2725 3478 2895 3532 veluti
2915 3478 2996 3532 rei
3019 3473 3653 3539 condemnemur.l\'ibil

385 3579 639 3634 unquam
665 3564 885 3634 agitur?
909 3566 1112 3620 Omnia
1133 3566 1360 3637 quidem
1382 3583 1570 3620 rerum
1602 3567 1898 3632 elementa,
1931 3570 1984 3622 et
2066 3587 2199 3641 ergo
2226 3570 2436 3640 justius
2467 3584 2639 3639 quam
2658 3572 2722 3622 ut
2740 3568 3000 3621 voluntas
3014 3567 3135 3632 Dei,
3157 3583 3269 3637 qua
3282 3566 3645 3628 subsistimus,

388 3652 661 3724 quidquid
691 3653 746 3707 in
784 3654 864 3709 eis
891 3660 990 3709 aut
1017 3671 1083 3709 ex
1112 3656 1192 3711 eis
1221 3661 1323 3721 est,
1354 3657 1476 3726 ejus
1504 3655 1796 3726 subjacent
1824 3662 1982 3730 pote:
2067 3664 2269 3730 agatur
2298 3659 2355 3712 in
2385 3657 2565 3724 nobis,
2599 3662 2877 3728 quatenus
2920 3656 2991 3710 ab
3039 3657 3180 3727 ipsa,
3231 3673 3336 3727 per
3363 3657 3552 3727 ipsam,
3585 3650 3650 3707 ad

387 3741 546 3800 stati.
583 3743 890 3815 Omnisque
935 3750 1140 3799 natura
1180 3745 1330 3799 illius
1361 3745 1612 3816 imperiis
1655 3745 1978 3812 famulatur,
2065 3749 2265 3819 ipsam,
2299 3746 2512 3801 felicius
2545 3746 2880 3817 quandoque
2908 3745 3323 3816 perveniamus.
3349 3747 3492 3800 Nam
3520 3743 3651 3797 sicut

335 3904 344 3917 ⁸
388 3830 559 3885 etiam
578 3836 637 3887 et
660 3833 719 3887 in
739 3833 1001 3888 adversas
1021 3835 1225 3889 transit
1238 3837 1399 3906 jussu
1425 3835 1749 3889 dominante
1772 3834 1982 3905 species
2066 3839 2220 3891 nulla
2240 3837 2350 3890 alia
2370 3853 2539 3890 causa
2567 3840 2655 3889 est
2681 3852 2781 3889 cur
2799 3834 3111 3900 existimus,
3134 3834 3245 3888 nisi
3265 3835 3388 3888 sola
3408 3834 3648 3888 voluntas

386 3921 474 3974 vel
504 3922 731 3991 ﬁguras,
756 3939 858 3977 nec
888 3928 974 3977 est
1000 3923 1211 3994 aliquid
1240 3924 1390 3994 quod
1419 3924 1725 3978 reluctetur
1754 3925 1802 3993 ej
1814 3942 1876 3978 us
1905 3924 1984 3977 di-
2064 3927 2266 3991 Patris,
2302 3925 2384 3980 ita
2412 3925 2569 3980 nulla
2597 3924 2711 3978 alia
2738 3940 2905 3978 causa
2932 3939 3055 3978 esse
3080 3922 3247 3978 debet
3270 3940 3373 3978 cur
3392 3924 3646 3986 vivamus,

387 4008 508 4062 etis.
534 4010 641 4064 Sed
671 4011 805 4080 quia
832 4012 964 4065 solis
993 4012 1313 4065 hominibus
1344 4013 1401 4065 in
1432 4013 1598 4066 terris
1629 4012 1858 4066 libertas
1890 4029 1983 4066 ar-
2065 4015 2175 4070 nisi
2197 4020 2260 4069 ut
2286 4014 2542 4068 voluntas
2571 4014 2693 4083 ejus
2722 4012 2780 4065 in
2810 4011 2969 4065 nobis
2998 4011 3259 4066 omnibus
3287 4012 3641 4082 compleatur,

387 4095 543 4150 bitrii
571 4113 833 4152 concessa
859 4098 984 4165 fuit,
1001 4099 1144 4153 sicut
1161 4100 1372 4169 angelis
1391 4101 1449 4154 in
1469 4102 1804 4167 coelestibus,
1827 4101 1986 4155 doce-
2067 4110 2124 4158 et
2150 4103 2221 4157 ad
2241 4103 2387 4174 quod
2410 4102 2586 4156 voluit
2603 4118 2705 4156 nos
2729 4117 2869 4167 esse,
2887 4101 3024 4154 satis
3043 4100 3228 4155 devoti
3243 4100 3644 4171 perveniamus.

390 4200 519 4237 mur
545 4184 786 4255 denique
816 4187 1030 4256 precari
1061 4192 1142 4254 ut,
1177 4188 1323 4241 sicut
1350 4188 1430 4242 illi
1454 4191 1573 4259 jam
1612 4207 1715 4260 per
1740 4190 1984 4260 gratiam
2067 4193 2343 4247 Caeterum
2367 4191 2515 4263 quod
2536 4197 2691 4244 terra
2709 4207 2923 4255 sumus,
2943 4190 3012 4243 de
3042 4189 3341 4243 maledicto
3362 4196 3475 4255 est;
3525 4185 3646 4257 quia

392 4272 663 4368 voluntati
691 4274 812 4343 ejus
850 4274 1144 4341 inhaerent,
1185 4282 1248 4329 ut
1276 4277 1426 4330 ultra
1456 4295 1556 4331 nec
1600 4294 1848 4348 peccare,
1884 4295 2048 4368 necD
2068 4286 2218 4334 terra
2244 4299 2314 4347 es,
2348 4282 2549 4352 inquit,
2594 4286 2643 4334 et
2673 4283 2735 4333 in
2765 4285 2973 4333 terram.
3003 4280 3108 4332 ibis
3136 4278 3282 4347 (Gen.
3313 4292 3402 4345 In,
3439 4277 3548 4346 19).
3580 4273 3647 4328 Et

391 4359 679 4431 quidpiam
707 4368 906 4416 contra
935 4364 1056 4433 ejus
1090 4365 1429 4418 voluntatem
1449 4366 1622 4419 velint
1646 4372 1745 4420 aut
1770 4366 1987 4436 possint
2002 4359 2043 4368 ”
2068 4365 2192 4422 ideo
2222 4369 2464 4439 petimus
2484 4374 2549 4424 ut
2573 4369 2826 4424 voluntas
2850 4369 2970 4434 Dei,
2992 4384 3113 4438 quae
3129 4368 3198 4421 de
3216 4370 3372 4422 terra
3390 4366 3553 4421 caelos
3577 4362 3646 4417 fe-

2068 2589 2304 2652 dubitat,
2339 2589 2563 2660 penitus
2590 2590 2930 2660 impleatur;
2981 2592 3262 2659 quatenus
3300 2587 3564 2659 spiritalia
3597 2591 3647 2639 et

2069 2678 2258 2732 divina
2286 2678 2343 2732 in
2368 2678 2627 2732 omnibus
2645 2684 2704 2732 et
2729 2678 2789 2732 in
2818 2677 3054 2747 singulis
3082 2682 3347 2747 agantur,
3367 2682 3420 2730 et
3440 2682 3648 2730 terrena

393 4465 559 4521 agere
586 4468 598 4517 ;
640 4450 722 4504 ita
749 4468 850 4506 nos
890 4451 972 4505 illi
1019 4452 1367 4518 couniamur,
1400 4453 1495 4524 qui
1527 4454 1712 4507 adhuc
1744 4454 1803 4508 in
1838 4459 1988 4509 terra

392 4555 606 4605 sumus,
631 4546 908 4610 quatenus
934 4557 1059 4595 cum
1083 4559 1146 4596 eo
1167 4558 1269 4613 per
1297 4543 1419 4612 ejus
1443 4543 1788 4598 voluntatem
1812 4561 1987 4599 unum

392 4629 593 4687 simus.
624 4629 768 4693 Quid
798 4630 949 4685 enim
974 4630 1190 4685 felicius
1219 4631 1570 4702 possidemus
1602 4650 1771 4704 quam
1808 4634 1856 4688 si
1885 4635 1985 4689 Dei

389 4718 736 4772 voluntatem
782 4725 1111 4791 perpetuam
1159 4720 1317 4774 nobis
1354 4724 1783 4777 conservemus?
1812 4724 1987 4794 Cujus

392 4807 532 4861 velle
548 4824 833 4862 summum
861 4808 1068 4863 bonum
1096 4816 1180 4864 est
1203 4816 1259 4864 et
1279 4810 1546 4866 virtutum
1564 4813 1814 4866 omnium
1837 4813 1987 4867 dedi-

393 4896 558 4963 catio,
591 4897 854 4952 vitiorum
899 4915 1119 4969 quoque
1160 4901 1491 4972 peremptio,
1542 4908 1598 4956 et
1643 4902 1986 4973 perpetuitas

393 4991 615 5041 aeterna:
644 4985 1032 5046 beatitudinis.
1069 4989 1185 5043 Hac
1215 4990 1421 5061 quippe
1449 4991 1733 5045 voluntate
1764 4998 1985 5046 terrena

391 5074 708 5130 caelestibus
725 5078 1033 5135 sociantur.
1049 5078 1207 5132 Unde
1226 5080 1536 5149 perpendat
1556 5080 1734 5135 ﬁdelis
1761 5081 1986 5147 animus

393 5170 665 5233 quantum
686 5164 792 5220 sibi
813 5170 869 5219 et
888 5167 1088 5221 saeculo
1109 5174 1365 5221 mortuus
1386 5184 1505 5223 esse
1526 5169 1740 5233 debeat,
1768 5169 1813 5223 si
1833 5186 1987 5224 vera-

391 5254 532 5308 citer
550 5256 669 5309 vult
695 5272 856 5310 orare
878 5256 1026 5326 quod
1046 5258 1315 5327 magister
1339 5258 1586 5313 veritatis
1617 5260 1780 5314 docet
1803 5280 1814 5325 ;
1849 5260 1984 5314 alio-

392 5342 547 5412 quin,
581 5343 834 5414 quisquis
858 5361 1024 5399 suum
1052 5346 1190 5399 velle
1212 5363 1488 5417 suumque
1521 5348 1688 5408 nolle.
1722 5348 1904 5404 adhuc
1925 5350 1985 5403 in

391 5432 556 5487 corde
577 5432 909 5500 abstractus,
926 5435 1089 5501 fovet,
1108 5436 1288 5490 Patris
1303 5438 1440 5490 velle
1463 5437 1518 5491 in
1534 5455 1593 5491 se
1616 5438 1835 5509 impleri
1854 5439 1987 5492 ﬁde-

392 5522 521 5577 liter
549 5521 780 5576 minime
808 5529 989 5592 rogat.
1020 5525 1128 5579 Pro
1160 5542 1290 5594 quo,
1323 5525 1663 5591 admonitus,
1695 5531 1887 5580 caveat
1915 5543 1985 5583 ne

2068 4457 2161 4522 cit,
2196 4458 2296 4511 ﬁat
2342 4458 2400 4513 in
2427 4458 2603 4522 nobis,
2638 4464 2914 4528 quatenus
2943 4461 2999 4511 et
3036 4456 3143 4529 ipsi
3187 4455 3312 4511 coeli
3354 4457 3551 4512 simus.
3584 4453 3645 4506 Et

2068 4547 2377 4600 notandum
2409 4546 2558 4616 quod
2583 4561 2695 4599 non
2722 4545 2802 4599 ait
2826 4564 2837 4598 :
2871 4545 2997 4599 Fiat
3023 4545 3279 4599 voluntas
3304 4550 3499 4599 nostra
3515 4541 3650 4597 sicut

2067 4642 2183 4702 tua,
2196 4640 2297 4689 aut
2316 4634 2441 4688 Fiat
2455 4635 2711 4688 voluntas
2728 4651 2849 4704 quae
2869 4634 2928 4688 in
2943 4634 3111 4688 terris
3130 4639 3234 4699 est,
3254 4634 3420 4688 sicuti
3435 4632 3647 4687 illorum

2069 4726 2163 4796 qui
2185 4729 2319 4778 sunt
2340 4724 2398 4777 in
2427 4723 2605 4777 caelis:
2631 4724 2729 4777 sed
2759 4723 2841 4777 ait
2861 4742 2872 4776 :
2899 4724 3024 4778 Fiat
3043 4724 3302 4777 voluntas
3321 4728 3419 4778 tua
3437 4722 3578 4777 sicut
3594 4720 3648 4772 in

2068 4814 2237 4879 caelis,
2263 4818 2320 4866 et
2349 4812 2407 4865 in
2434 4818 2606 4866 terra.
2633 4813 2706 4866 Ut
2733 4812 2896 4867 sicuti
2927 4812 3007 4866 illi
3027 4814 3147 4883 jam
3173 4828 3287 4866 non
3317 4811 3423 4866 sibi
3447 4811 3644 4873 vivunt,

2068 4907 2259 4968 329
2287 4900 2384 4954 sed
2407 4901 2661 4955 voluntas
2691 4901 2813 4971 ejus
2840 4901 2901 4954 in
2930 4899 3010 4954 eis
3031 4899 3179 4965 vivit,
3204 4904 3262 4954 et
3288 4917 3389 4971 per
3415 4916 3509 4954 eos
3535 4912 3648 4968 quae

2067 4990 2186 5044 vult
2200 4993 2466 5060 operatur
2482 5008 2494 5056 ;
2521 4988 2601 5042 ita
2618 4995 2674 5043 et
2693 4989 2751 5043 in
2767 4988 2926 5042 nobis
2943 4993 2999 5042 et
3016 4988 3075 5042 in
3090 4986 3349 5042 omnibus
3365 4987 3460 5059 qui
3478 4985 3649 5040 adhuc

2067 5078 2278 5133 terreni
2308 5082 2458 5144 sunt,
2492 5079 2747 5133 voluntas
2775 5077 2876 5133 Dei
2908 5078 3024 5142 ﬁat,
3068 5082 3125 5131 et
3155 5093 3277 5148 quae
3306 5075 3501 5131 salutis
3526 5074 3650 5127 sunt

2067 5174 2347 5241 operetur.
2372 5170 2496 5224 Non
2519 5168 2666 5222 enim
2689 5184 2916 5222 oramus
2940 5171 3163 5221 tantum
3188 5172 3254 5221 ut
3284 5166 3514 5221 velimus
3535 5176 3649 5233 quas

2064 5260 2212 5313 bona
2240 5263 2389 5324 sunt,
2413 5257 2545 5329 quia
2565 5257 2702 5311 velle
2726 5262 2784 5310 et
2803 5273 2915 5310 non
2936 5257 3206 5327 perﬁcere
3234 5254 3529 5309 inﬁrmitas
3549 5254 3644 5314 est,

2066 5348 2159 5402 sed
2195 5347 2367 5401 libere
2387 5348 2631 5418 petimus
2650 5352 2715 5401 ut
2742 5346 2864 5415 ejus
2886 5345 3159 5410 voluntas,
3184 5362 3306 5416 quae
3328 5343 3483 5398 valde
3507 5339 3648 5394 dives

2070 5442 2172 5496 est.
2206 5437 2455 5507 nihilque
2483 5436 2827 5491 inﬁrmitatis
2860 5434 3090 5502 habens,
3124 5435 3375 5506 nihilque
3395 5430 3525 5487 mali
3553 5427 3647 5482 ad-

2070 5528 2316 5593 mittens,
2347 5528 2447 5581 ﬁat
2464 5526 2524 5581 in
2547 5524 2725 5593 nobis,
2753 5530 3030 5596 quatenus
3051 5524 3240 5580 omnia
3262 5524 3382 5596 ipse
3400 5523 3649 5594 operetur
