3938 6174
336 243 439 301 289

1096 246 1475 305 EXPOSITIO
1514 249 1592 304 IN
1630 246 2079 305 MA'I'I‘HIEUM.
2124 278 2189 291 —
2228 249 2363 304 LIB.
2406 250 2501 316 IV,
2547 251 2703 307 CAP.
2746 252 2840 307 VI.

3498 255 3605 315 290

336 370 391 424 in
404 369 581 425 nobis.
602 370 750 435 Quia
778 370 1094 443 quicunque
1111 373 1310 444 spiritu
1326 372 1417 428 Dei
1434 377 1698 443 aguntur.
1722 372 1987 431 hisuntA
2007 375 2217 429 tatores
2251 372 2475 438 Christi,
2511 374 2605 445 qui
2632 375 2713 429 ait
2742 391 2755 427 :
2791 374 2855 429 Si
2878 378 3000 445 quis
3030 378 3218 444 fecerit
3253 382 3598 436 voluntatem

337 459 431 514 ﬁlii
450 460 571 514 Dei.
596 461 894 525 Caeterum,
920 461 1015 531 qui
1037 466 1161 532 post
1177 479 1307 516 suas
1325 464 1640 517 voluntates
1656 462 1933 517 adhucire
2014 462 2195 514 Patris
2225 465 2352 524 mei,
2378 466 2476 531 qui
2496 465 2557 517 in
2587 466 2727 518 oculis
2757 471 2849 529 est,
2880 468 2990 534 ipse
3010 483 3160 519 meus
3197 470 3393 535 frater,
3425 486 3600 537 soror,

336 548 618 616 sinuntur,
656 549 828 604 veluti
858 549 954 603 irae
979 550 1097 616 ﬁlii,
1122 568 1224 604 sua
1244 550 1570 605 infelicitate
1600 556 1928 622 pascuntur,

335 638 442 692 nisi
473 639 812 709 quandoque
850 639 920 692 ad
959 639 1303 693 voluntatem
1335 641 1435 694 Dei
1466 640 1712 694 bonitate
1754 640 1930 710 ipsius

334 727 650 793 vincantur,
686 734 745 781 et
774 727 1052 782 ditissima
1079 728 1254 783 virtus
1285 729 1491 783 Christi
1520 730 1599 783 eis
1636 728 1929 783 subvenire

334 816 617 886 dignetur.
648 817 823 870 Porro
851 816 909 870 hi
931 816 1025 887 qui
1043 818 1160 886 jam
1189 834 1311 888 quae
1329 818 1475 872 Deus
1504 819 1639 883 vult,
1663 818 1930 871 divinitus

332 904 612 976 inspirati,
667 906 930 959 ardenter
975 908 1188 965 volunt.
1231 923 1333 960 nec
1372 908 1543 961 talem
1583 907 1929 961 voluntatem

331 993 594 1065 operibus
625 999 1063 1065 consequuntur,
1099 996 1258 1065 quasi
1298 996 1650 1066 perfectionis
1688 996 1928 1066 gradum

330 1089 546 1149 tenent,
578 1100 682 1137 nec
719 1083 858 1138 adeo
915 1082 1064 1137 beati
1100 1084 1510 1139 existimantur.
1544 1086 1705 1140 Unde
1735 1086 1929 1139 doctor

329 1172 611 1242 egregius,
648 1177 714 1226 ut
750 1172 1031 1243 priamisi:
1082 1174 1231 1235 Velle,
1266 1174 1466 1244 inquit,
1498 1176 1709 1243 adjaeet
1762 1175 1924 1240 mihi,

322 1263 585 1328 perﬁcere
610 1267 793 1315 autem
825 1263 1026 1315 bonum
1070 1278 1184 1316 non
1227 1265 1449 1317 invenio
1481 1265 1652 1327 (Rom.
1686 1277 1783 1326 vn,
1815 1263 1924 1318 18).

327 1349 398 1403 Et
418 1349 545 1404 ideo
584 1350 863 1405 instanter
892 1351 1040 1422 quod
1066 1351 1365 1422 perfectius
1391 1357 1478 1406 est
1520 1352 1878 1406 obsecramus
1913 1370 1926 1407 :

328 1440 451 1492 Fiat
483 1444 738 1494 voluntas
758 1445 856 1494 tua
874 1445 1015 1493 sicut
1035 1445 1098 1495 in
1116 1446 1258 1507 calo,
1284 1446 1332 1495 et
1355 1446 1416 1495 in
1441 1447 1610 1495 terra.
1633 1441 1931 1505 Quia,licet

326 1527 383 1581 in
400 1532 556 1582 terra
578 1529 678 1582 fiat
689 1529 944 1583 voluntas
956 1534 1058 1583 tua
1072 1546 1172 1600 per
1189 1536 1745 1601 potestatem,tamen
1771 1532 1930 1599 longe

325 1616 494 1671 aliter
508 1618 630 1687 jam
653 1618 717 1672 ﬁt
757 1618 813 1670 in
859 1618 1012 1672 ctelis
1059 1635 1158 1689 per
1183 1620 1446 1689 gratiam.
1494 1620 1653 1673 Unde
1700 1636 1926 1673 oramus

2012 553 2062 602 et
2084 555 2262 603 mater
2291 555 2363 603 est
2390 552 2599 619 (Matth.
2631 565 2683 615 L,
2719 552 2800 621 l2)
2828 572 2841 607 :
2870 559 3039 625 atque
3069 555 3215 609 idem
3244 556 3314 610 de
3343 574 3401 611 se
3434 576 3444 609 :
3480 560 3606 613 Non

2011 640 2136 690 veni
2154 639 2331 704 facere
2360 643 2694 693 voluntatem
2710 646 3002 699 meam.sed
3019 648 3356 699 voluntatem
3377 650 3491 714 ejus
3509 650 3608 716 qui

2016 729 2167 778 misit
2200 743 2298 792 me,
2319 729 2501 790 Patris
2533 731 2710 793 (Joan.
2746 745 2818 795 v1,
2846 729 2957 799 33).
2993 733 3101 787 Sed
3122 738 3187 787 ut
3223 734 3322 788 ﬁat
3351 735 3605 790 voluntas

2013 816 2134 883 ejus
2165 815 2221 868 in
2250 814 2427 879 nobis,
2449 817 2604 887 prius
2621 818 2931 889 inspirante
2948 822 3133 890 gratia
3155 822 3361 889 divina,
3379 830 3606 881 maneat

2012 912 2271 977 prompta
2299 909 2574 971 voluntas,
2609 912 2912 965 secundum
2945 913 3141 979 Deum,
3171 920 3228 968 et
3259 916 3338 970 sic
3357 933 3600 985 oremus,

2011 997 2130 1048 Fiat
2163 1000 2415 1050 voluntas
2440 1003 2553 1063 tua,
2588 1004 2651 1051 ut
2679 1001 2826 1069 quod
2846 1018 2911 1055 ex
2940 1001 3099 1056 nobis
3116 1009 3202 1056 est
3229 1004 3415 1059 minus
3432 1008 3607 1077 possi-

2011 1083 2137 1147 bile,
2172 1085 2293 1153 ejus
2312 1085 2458 1138 dono
2483 1088 2849 1157 compleatur.
2865 1096 2929 1143 ut
2951 1089 3027 1144 ibi
3065 1091 3401 1162 incipiamus
3420 1095 3605 1151 vivere

2009 1172 2102 1227 ubi
2134 1172 2306 1227 futuri
2335 1191 2547 1229 sumus.
2570 1175 2779 1230 Volunt
2803 1178 3030 1248 quidam
3059 1181 3404 1237 voluntatem
3420 1184 3605 1240 Patris

2012 1261 2081 1314 ad
2113 1278 2409 1332 personam
2439 1264 2615 1318 sancti
2664 1266 2908 1336 Spiritus
2947 1269 3159 1335 referri,
3210 1277 3267 1324 et
3306 1278 3607 1328 venturum

2012 1365 2247 1420 regnum
2263 1352 2330 1405 ad
2344 1369 2643 1422 personam
2661 1355 2889 1422 Christi,
2913 1357 2980 1409 de
3008 1373 3117 1427 quo
3150 1360 3309 1429 pueri
3339 1361 3434 1431 qui
3467 1378 3607 1432 prai-

2012 1440 2284 1493 cedebant
2314 1447 2369 1494 et
2407 1442 2502 1512 qui
2534 1442 2913 1512 sequebantur
2959 1446 3292 1512 clamabant,
3336 1450 3602 1518 dicentes,

2014 1530 2362 1582 Benedictum
2394 1546 2631 1597 regnum
2662 1534 2847 1585 Patris
2886 1538 3065 1588 nostri
3098 1537 3271 1590 David
3301 1539 3488 1607 (Marc.
3523 1555 3600 1607 x1,

2019 1615 2404 1683 l0).Czeterum
2434 1619 2503 1673 ad
2540 1636 2836 1689 personam
2864 1623 3064 1688 Patris,
3108 1625 3607 1683 sanctiﬁcationem

323 1722 436 1760 non
488 1706 974 1776 qualitercunque,
1010 1708 1109 1760 sed
1138 1709 1235 1773 ﬁat
1264 1711 1518 1761 voluntas
1551 1713 1668 1772 tua,
1698 1711 1839 1761 sicut
1864 1711 1926 1761 in
1942 1725 1989 1784 Β
2008 1705 2183 1775 ipsius
2206 1707 2448 1760 nominis
2469 1708 2749 1778 pertinere
2778 1711 2903 1780 quis
2941 1712 3199 1767 dubitare
3216 1714 3462 1784 poterit?
3490 1717 3606 1771 Nos

321 1798 468 1849 cretis
496 1801 543 1848 et
585 1798 649 1848 in
672 1800 843 1849 terra.
872 1796 945 1850 Ut
972 1796 1116 1849 sicut
1143 1796 1203 1849 in
1235 1797 1386 1849 cmlis
1412 1813 1524 1850 non
1564 1796 1672 1850 nisi
1701 1803 1801 1850 tua
1829 1813 1925 1850 vo-

322 1884 516 1937 luntas
548 1889 755 1953 regnat
782 1890 838 1938 et
874 1891 1139 1956 operatur
1166 1885 1224 1938 in
1261 1886 1473 1939 cunctis
1502 1904 1514 1938 :
1547 1886 1627 1939 ita
1656 1891 1711 1939 et
1740 1886 1798 1939 in
1818 1891 1929 1939 ter-

320 1974 401 2027 ris
431 1979 702 2044 operetur
721 1973 778 2027 in
810 1973 1086 2040 omnibus,
1118 1979 1175 2027 et
1197 1975 1383 2043 gratia
1410 1980 1511 2028 tua
1540 1976 1822 2029 voluntate
1850 1975 1931 2028 di-

318 2061 547 2115 tissima
581 2061 833 2116 obtineat
852 2062 1161 2116 universos.
1184 2063 1262 2116 Ex
1298 2079 1407 2133 quo
1429 2064 1739 2133 perpendat
1761 2063 1929 2117 devo-

320 2157 416 2205 tus
444 2153 865 2222 animus,quam
884 2151 1160 2205 latissimo
1179 2152 1306 2205 sinu
1337 2152 1625 2205 charitatis
1654 2152 1927 2207 orandum

322 2246 427 2307 est,
472 2255 654 2311 quave
695 2240 803 2294 ﬁde
848 2239 1263 2294 corroboranda
1306 2247 1392 2294 est
1437 2242 1787 2312 supplicatio,
1841 2242 1927 2295 vel

324 2334 541 2401 quanta
560 2346 659 2399 spe
680 2329 960 2400 pascenda
974 2329 1049 2382 sit
1059 2329 1355 2383 devotio.N
1357 2346 1445 2382 am
1466 2331 1723 2388 voluntas
1742 2331 1930 2384 Patris

324 2419 523 2474 eadem
555 2424 640 2473 est
679 2436 803 2490 quae
835 2425 892 2473 et
931 2418 1055 2472 Filii
1081 2424 1248 2489 atque
1279 2417 1521 2488 Spiritus
1551 2419 1748 2473 sancti.
1782 2419 1926 2482 Quia

325 2525 442 2563 non
491 2509 644 2562 aliud
687 2509 808 2562 vult
839 2509 1007 2562 Pater
1046 2524 1212 2579 quam
1269 2506 1460 2572 Filius,
1515 2524 1697 2578 neque
1748 2508 1922 2562 Filius

328 2597 483 2651 aliud
528 2613 698 2669 quam
746 2598 915 2651 Pater
951 2603 1007 2650 et
1058 2596 1299 2667 Spiritus
1329 2603 1575 2650 sanctus.
1609 2596 1713 2651 Sed
1738 2597 1922 2651 Patris

330 2691 386 2740 et
414 2685 542 2740 Filii
584 2690 640 2739 et
687 2685 929 2756 Spiritus
979 2686 1157 2739 sancti
1207 2685 1353 2739 sicut
1408 2701 1522 2739 una
1573 2684 1773 2749 deitas,
1808 2700 1923 2739 una

329 2774 525 2840 virtus,
559 2791 674 2828 una
702 2780 969 2846 potestas,
989 2776 1068 2828 ita
1095 2790 1209 2828 una
1229 2780 1286 2832 et
1311 2773 1787 2828 incommutabilis
1828 2791 1924 2827 vo-

331 2862 535 2917 luntas.
560 2864 867 2934 Propterea
898 2876 1024 2916 cum
1054 2863 1123 2919 ad
1155 2864 1381 2916 Patrem
1411 2879 1661 2927 oramus,
1686 2867 1749 2916 ut
1776 2862 1928 2916 illius

330 2950 387 3005 in
413 2952 578 3005 nobis
619 2953 720 3005 ﬁat
747 2952 1024 3017 voluntas,
1055 2951 1135 3005 sic
1168 2951 1552 3022 accipiendum
1582 2957 1683 3016 est,
1714 2956 1780 3005 ut
1803 2951 1928 3005 Filii

330 3057 392 3094 ac
433 3040 678 3111 Spiritus
705 3041 886 3094 sancti
918 3040 974 3094 in
1005 3040 1165 3094 nobis
1193 3041 1449 3095 voluntas
1479 3041 1802 3111 impleatur.
1829 3040 1920 3094 Id-
1939 3041 1982 3101 δ

331 3131 475 3184 circo
503 3146 852 3201 quaecunque
883 3129 1058 3184 Filius
1086 3129 1295 3195 docuit,
1316 3134 1415 3183 aut
1432 3130 1680 3200 Spiritus
1702 3136 1927 3189 sanctus

330 3219 598 3273 divinitus
629 3219 936 3288 inspiravit,
972 3218 1376 3273 obsecrandum
1423 3224 1525 3284 est,
1574 3225 1640 3273 ut
1678 3219 1735 3273 in
1766 3219 1926 3274 nobis

337 3307 602 3381 Operibus
631 3313 1006 3379 peragantur;
1041 3308 1173 3378 quia
1210 3309 1326 3362 haec
1351 3314 1437 3362 est
1463 3308 1719 3362 voluntas
1745 3308 1927 3362 Patris

332 3404 394 3451 ut
420 3397 731 3452 secundum
783 3397 959 3451 Deum
1009 3397 1279 3461 vivamus,
1315 3402 1372 3449 et
1414 3401 1690 3467 prmeepta
1716 3398 1838 3467 ejus
1869 3397 1927 3450 in

333 3487 592 3541 omnibus
620 3485 993 3540 observemus.
1016 3486 1128 3540 Sed
1150 3485 1281 3556 quia
1311 3486 1380 3539 ad
1404 3486 1520 3538 haec
1537 3485 1723 3539 minus
1740 3486 1931 3540 idonei

332 3593 544 3637 sumus,
575 3575 782 3629 nostris
799 3575 1190 3646 praetermissis
1229 3574 1629 3640 voluntatibus,
1653 3575 1930 3629 instanter

332 3682 559 3719 oramus
581 3669 647 3719 ut
672 3664 824 3718 illius
846 3665 905 3717 in
920 3663 1081 3717 nobis
1106 3665 1206 3718 ﬁat
1231 3663 1506 3730 voluntas,
1539 3668 1595 3717 et
1619 3679 1721 3717 nos
1736 3664 1788 3719 ei
1804 3664 1926 3718 sub-

331 3753 428 3808 diti
453 3754 651 3814 simus,
667 3758 944 3824 quatenus
965 3753 1190 3823 adoptio
1208 3753 1544 3823 quandoque
1563 3752 1724 3806 nobis
1741 3758 1931 3819 330

325 3844 442 3913 jam
487 3844 706 3897 indulta
732 3842 1090 3913 praestantius
1123 3842 1477 3895 concedatur.
1512 3843 1580 3895 Et
1616 3843 1926 3896 notandum

331 3932 498 4003 quod,
532 3933 682 3986 sicut
705 3932 760 3985 in
788 3931 1063 4001 Decalogo
1090 3931 1201 3984 tria
1224 3937 1626 4001 praeceptorum
1649 3931 1719 3985 ad
1748 3932 1928 3985 Deum

331 4022 613 4092 pertinere
643 4020 955 4092 probantur
983 4020 1267 4085 mandata,
1286 4020 1367 4073 ita
1386 4025 1443 4073 et
1466 4020 1524 4073 in
1554 4020 1659 4073 hac
1687 4020 1928 4074 formula

332 4110 623 4176 orationis,
640 4109 946 4164 secundum
962 4108 1284 4163 interiorem
1306 4109 1591 4162 hominem
1603 4147 1615 4169 ,
1631 4110 1781 4163 Deus
1802 4109 1927 4162 Tri-

332 4201 478 4254 nitas
503 4201 564 4253 in
594 4199 752 4253 nobis
790 4204 1177 4265 consecratur;
1211 4198 1326 4251 imo
1351 4214 1454 4252 nos
1484 4197 1643 4251 illum
1679 4197 1737 4251 in
1767 4197 1928 4251 nobis

333 4290 688 4354 advocantes,
722 4304 787 4342 ex
816 4293 935 4342 toto
961 4288 1145 4351 corde,
1180 4291 1237 4341 et
1266 4303 1331 4339 ex
1371 4291 1491 4341 tota
1527 4286 1733 4353 anima,
1779 4291 1837 4339 et
1863 4303 1928 4340 ex

330 4383 451 4432 tota
470 4379 695 4442 virtute,
720 4393 822 4447 per
841 4377 957 4431 haec
979 4376 1090 4430 tria
1112 4376 1331 4447 plenius
1349 4391 1757 4429 consecramur.
1780 4376 1926 4440 Qua—
1940 4363 1988 4421 D

331 4471 463 4521 tuor
484 4466 765 4537 siquidem
793 4465 1148 4536 sequentium
1169 4481 1379 4536 preces,
1397 4465 1464 4518 ad
1486 4463 1778 4536 praesentis
1804 4465 1927 4518 vitea

334 4556 595 4627 presidia
613 4555 915 4627 pertinent,
936 4555 1051 4608 tria
1073 4560 1260 4609 autem
1285 4555 1400 4609 hzec
1435 4554 1506 4607 ad
1533 4553 1735 4607 futura:
1753 4554 1928 4625 adop-

334 4644 502 4699 tionis
508 4645 749 4715 gratiam
774 4644 880 4698 diri
888 4644 1174 4713 guntur.N
1178 4660 1268 4697 am
1284 4649 1542 4697 terrenus
1557 4643 1725 4696 homo
1738 4647 1929 4697 noster

337 4740 579 4805 quatuor
596 4733 891 4788 elementis
920 4732 1191 4798 subsistit,
1213 4736 1271 4785 et
1297 4732 1422 4785 ideo
1451 4731 1593 4786 bene
1624 4737 1927 4802 quaterna-

336 4823 419 4877 rio
442 4839 673 4895 precum
702 4838 939 4877 numero
979 4820 1228 4893 quotidie
1282 4822 1616 4875 relevamur.
1650 4821 1928 4875 Caeterum

336 4911 521 4966 futura
541 4912 637 4965 illa
652 4911 878 4982 adoptio
888 4911 1176 4965 voluntate
1198 4909 1299 4964 Dei
1320 4910 1927 4980 circumfusa,regnum

338 5000 448 5055 Deo
476 5000 652 5067 Patri,
682 5006 747 5055 ut
782 5000 857 5054 sit
892 5001 1040 5054 Deus
1071 4999 1263 5054 omnia
1291 5000 1350 5054 in
1395 4999 1674 5061 omnibus,
1711 4999 1927 5054 solidis-

339 5090 558 5153 simum,
589 5106 654 5144 ac
691 5090 951 5160 deinceps
981 5087 1199 5142 sabbati
1243 5088 1484 5159 requies,
1518 5095 1574 5143 et
1601 5088 1928 5160 plenissima

339 5176 696 5233 beatitudinis
726 5178 1092 5233 sanctiﬁcatio
1121 5178 1179 5230 in
1210 5177 1469 5231 omnibus
1499 5178 1624 5231 erit.
1649 5179 1805 5231 Tunc
1834 5194 1925 5230 sa-

341 5281 405 5320 ne
433 5267 651 5338 integer
678 5268 846 5321 homo
883 5270 1074 5320 noster
1096 5266 1237 5319 illud
1269 5266 1560 5320 charitatis
1586 5271 1926 5336 praeceptum

342 5355 606 5428 implebit,
640 5363 705 5411 ut
732 5356 930 5426 diligat
958 5357 1136 5410 Deum
1177 5371 1245 5409 ex
1266 5360 1385 5409 toto
1413 5354 1597 5421 corde,
1628 5360 1685 5409 et
1712 5372 1778 5409 ex
1806 5360 1928 5409 tota

346 5446 723 5518 anima,atque
744 5463 810 5501 ex
828 5452 947 5500 tota
961 5445 1187 5500 virtute.
1214 5445 1445 5500 Interim
1466 5450 1656 5499 tamen
1676 5459 1923 5511 oramus,

345 5534 440 5593 ﬁat
456 5536 515 5594 in
543 5536 707 5595 nobis
735 5536 885 5613 quod
899 5535 1155 5593 futurum
1174 5539 1277 5606 est,
1313 5540 1379 5592 ut
1405 5535 1582 5593 simus
1600 5534 1701 5591 ﬁlii
1718 5539 1778 5591 et
1803 5533 1930 5593 imi-

2008 1800 2198 1849 tamen
2226 1795 2429 1859 Patris,
2453 1802 2510 1849 et
2541 1798 2752 1861 Filii,et
2771 1799 3012 1869 Spiritus
3039 1802 3236 1869 sancti,
3261 1803 3404 1858 sicut
3432 1821 3606 1861 unam

2011 1884 2354 1938 voluntatem
2377 1902 2497 1939 esse
2514 1886 2770 1953 dicimus,
2790 1888 2869 1941 ita
2895 1905 3071 1943 unum
3092 1907 3327 1961 regnum
3358 1899 3414 1947 et
3435 1910 3607 1950 unam

2012 1972 2509 2027 sanctiﬁcationem
2538 1975 2711 2029 totius
2739 1977 3030 2031 Trinitatis
3069 1979 3339 2035 catholico
3369 1984 3605 2037 conﬁte-

2011 2078 2166 2128 mur;
2198 2062 2329 2115 licet
2358 2062 2579 2116 diffusio
2610 2064 2919 2131 charitatis,
2943 2066 2998 2120 id
3020 2072 3105 2121 est
3132 2075 3393 2140 prompta
3415 2072 3607 2126 volun-

2010 2154 2097 2203 tas
2127 2155 2184 2204 et
2212 2151 2325 2204 Deo
2356 2152 2658 2217 devota,ad
2685 2154 2926 2223 Spiritus
2946 2157 3123 2210 sancti
3140 2158 3381 2227 gratiam
3401 2160 3608 2214 refera-

2008 2243 2119 2303 tur,
2156 2239 2318 2294 sicuti
2346 2246 2402 2294 et
2430 2256 2667 2311 regnum
2686 2243 2753 2295 ad
2777 2244 2985 2297 Christi
3012 2245 3381 2317 triumphum,
3404 2249 3500 2319 qui
3514 2250 3607 2304 de-

2007 2327 2165 2382 victis
2182 2328 2435 2383 hostibus
2456 2330 2857 2401 triumphavit;
2883 2349 2983 2403 per
2996 2335 3157 2404 cujus
3176 2336 3467 2391 victoriam
3486 2338 3603 2394 Deo

2007 2416 2162 2470 Patri
2184 2418 2544 2483 reconciliati,
2564 2420 2875 2489 gloriamur
2889 2439 2989 2492 per
3005 2424 3381 2494 adoptionem,
3405 2432 3469 2480 ut
3488 2434 3601 2482 hae-

2006 2505 2167 2559 redes
2187 2508 2649 2575 ejus,cohaeredes
2691 2514 2880 2563 autem
2903 2512 3113 2566 Christi
3132 2513 3309 2567 sitflus
3336 2514 3606 2571 divinitus

2008 2596 2337 2648 consecrati.
2372 2597 2500 2650 Haec
2527 2602 2716 2650 autem
2755 2600 3048 2669 progenies
3077 2602 3390 2671 adoptionis
3418 2604 3477 2658 in
3512 2605 3603 2659 fu-

2006 2688 2135 2737 turo
2165 2684 2407 2754 amplius
2437 2691 2492 2738 et
2517 2690 2635 2750 3::
2654 2693 2690 2752 ι
2726 2688 3026 2756 perfectius
3055 2696 3140 2744 est
3168 2698 3532 2762 praeceptum,
3549 2698 3606 2747 et

2009 2772 2134 2825 ideo
2163 2772 2231 2826 de
2252 2772 2339 2825 his
2363 2773 2480 2826 haec
2502 2790 2677 2844 pauca
2690 2775 2988 2830 sufﬁciant.
3014 2778 3289 2832 Craterum
3308 2780 3379 2833 ad
3393 2796 3458 2834 ea
3481 2797 3605 2851 quze

2010 2861 2099 2914 hic
2127 2869 2260 2915 sunt
2287 2863 2618 2930 necessaria,
2650 2864 2874 2919 interim
2905 2866 3109 2920 mentis
3135 2869 3358 2923 oculum
3389 2869 3601 2940 diriga-

2010 2967 2155 3011 mus.
2178 2962 2474 3021 quatenus,
2494 2952 2580 3006 his
2607 2954 2985 3024 perceptis,ad
3004 2956 3107 3011 ista
3130 2974 3252 3028 quae
3279 2964 3411 3013 sunt
3438 2958 3608 3014 subli-

2008 3039 2187 3093 miora
2208 3040 2266 3093 in
2294 3041 2404 3094 ﬁne
2431 3041 2767 3113 quandoque
2793 3044 3102 3099 veniamus.

2078 3130 2285 3183 Panem
2304 3135 2553 3184 nostrum
2574 3134 3156 3200 supersubstantialem
3171 3136 3241 3189 da
3258 3137 3412 3190 nobis
3424 3138 3601 3193 hodie.

2008 3218 2072 3271 In
2103 3234 2213 3288 qua
2233 3218 2496 3272 nimirum
2523 3220 2809 3290 petitione,
2837 3237 3179 3293 quaecunque
3203 3230 3336 3279 sunt
3354 3241 3608 3281 necessa-

2010 3307 2095 3359 ria
2125 3307 2415 3377 praesentis
2445 3308 2588 3374 vitae,
2634 3314 2698 3362 ut
2738 3310 2807 3363 ad
2836 3310 3084 3364 futuram
3112 3314 3401 3382 pervenire
3423 3316 3602 3385 possi-

2010 3413 2153 3460 mus,
2188 3397 2376 3451 omnia
2404 3397 2623 3451 videtur
2658 3400 2902 3469 petenda
2947 3401 3218 3457 docuisse.
3252 3404 3397 3458 Nam
3440 3405 3499 3459 in
3539 3422 3605 3460 eo

2014 3486 2161 3556 quod
2194 3486 2291 3552 ait,
2313 3503 2512 3556 panem
2534 3493 2786 3541 nostrum
2813 3485 3077 3556 ἐπιούσιον,
3100 3490 3156 3544 id
3186 3497 3271 3545 est
3300 3493 3603 3564 supersub-

2014 3574 2497 3635 stantialem,illud
2516 3575 2824 3630 nobilitatis
2848 3583 2905 3631 et
2923 3578 3245 3634 substantiae
3261 3581 3413 3658 illiu§
3430 3582 3607 3653 signi-

2014 3665 2145 3716 ﬁcat
2168 3663 2516 3732 qualitatem,
2551 3665 2697 3733 quod
2728 3682 2898 3735 super
2924 3683 3118 3720 omnes
3148 3668 3490 3725 substantias
3511 3672 3602 3738 sit,

2011 3757 2068 3805 et
2092 3768 2262 3822 super
2291 3768 2485 3805 omnes
2515 3758 2800 3807 creaturas
2851 3753 3167 3809 sublimitas
3196 3763 3410 3813 naturae
3430 3760 3607 3830 ipsius

2010 3841 2256 3895 excedat.
2291 3840 2407 3893 Hoc
2444 3840 2647 3911 quippe
2683 3841 3090 3910 signiﬁcantius
3135 3846 3424 3915 expressit,
3475 3863 3608 3903 cum

2010 3928 2604 4001 supersubstantialem
2623 3930 2837 4000 posuit;
2860 3931 2989 4001 quia
3009 3931 3127 4002 ipse
3156 3937 3241 3987 est
3258 3935 3421 4005 panis
3449 3935 3606 3992 vivus

2008 4019 2102 4073 ille
2123 4018 2218 4089 qui
2248 4019 2316 4072 de
2344 4018 2486 4072 coelo
2507 4018 2810 4084 descendit,
2844 4019 2913 4073 de
2944 4037 3053 4091 quo
3083 4022 3178 4092 qui
3206 4022 3398 4089 edunt,
3423 4025 3608 4080 adhuc

2012 4109 2288 4177 esuriunt,
2319 4113 2375 4161 et
2396 4107 2517 4161 ideo
2531 4108 2918 4178 quotidianum
2933 4126 3061 4164 eum
3093 4111 3235 4166 alius
3256 4112 3613 4183 Evangelista

2013 4200 2157 4260 (Luc.
2194 4212 2268 4265 x1,
2303 4196 3100 4267 3)nominavit.Verumtamen
3129 4201 3186 4255 in
3215 4202 3304 4256 via
3324 4204 3608 4274 quotidia-

2009 4304 2133 4353 nus,
2164 4287 2222 4340 in
2250 4286 2433 4357 patria
2458 4304 2584 4341 vero
2621 4293 2883 4355 aeternus,
2918 4290 3067 4343 unde
3106 4308 3206 4362 per
3233 4293 3525 4361 Joannem,
3560 4292 3611 4348 si

2008 4362 2137 4447 quis
2163 4392 2228 4430 ex
2252 4376 2357 4430 hoc
2385 4392 2530 4447 pane
2561 4376 2999 4443 manducaverit,
3019 4395 3130 4433 non
3155 4381 3430 4436 morietur
3456 4401 3469 4435 :
3495 4383 3606 4451 Ego

2007 4482 2152 4531 sum,
2171 4464 2373 4535 inquit,
2390 4468 2551 4533 panis
2573 4469 2746 4533 vivus,
2761 4469 2861 4534 qui
2887 4468 2949 4521 de
2976 4471 3100 4522 caelo
3120 4470 3386 4535 descendi;
3416 4473 3467 4524 si
3482 4474 3608 4540 quis

2009 4555 2429 4608 manducaverit
2449 4570 2512 4607 ea:
2529 4555 2625 4607 hoc
2640 4571 2800 4622 pane,
2821 4559 2960 4609 vivet
2977 4559 3039 4610 in
3060 4561 3425 4613 zternumlit
3434 4562 3602 4628 panis

2010 4658 2168 4711 quem
2197 4644 2332 4695 dabo
2366 4658 2494 4696 caro
2535 4659 2655 4696 mea
2684 4648 2779 4710 est,
2808 4660 2912 4713 pro
2941 4647 3145 4700 mundi
3171 4649 3285 4701 vita
3312 4646 3495 4716 (.loan.
3529 4663 3604 4714 v1,

2012 4729 2096 4796 51,
2132 4728 2237 4799 5'2).
2262 4731 2331 4784 Et
2351 4731 2516 4801 paulo
2542 4732 2830 4802 post,dum
2865 4733 2937 4786 ad
2965 4734 3082 4788 haec
3115 4734 3405 4806 litigarent
3428 4730 3616 4791 Judaei

2011 4835 2231 4890 semper
2249 4819 2522 4877 increduli
2543 4822 2763 4886 :Amen,
2797 4823 3105 4889 amen,dico
3128 4826 3294 4891 vobis,
3320 4826 3607 4878 nisiman-

2008 4910 2575 4963 dueaveritisearnem
2591 4911 2724 4963 Filii
2741 4910 3059 4977 hominis,et
3082 4913 3328 4967 biberitis
3342 4916 3457 4981 ejus
3473 4929 3603 4967 san-

2006 5000 2253 5065 guinem,
2280 5011 2389 5051 non
2418 4997 2682 5051 habebitis
2702 5001 2874 5052 vitam
2893 5002 2955 5053 in
2974 5002 3138 5054 vobis.
3169 5001 3276 5067 Qui
3298 5004 3607 5061 manducat

2008 5103 2186 5141 meam
2207 5101 2450 5151 carnem,
2466 5091 2513 5138 et
2526 5087 2659 5139 bibit
2680 5103 2864 5141 meum
2883 5091 3235 5157 sanguinem,
3255 5090 3603 5150 habetvitam

2008 5182 2288 5240 zelernam,
2307 5178 2354 5227 et
2368 5191 2460 5241 ego
2478 5177 2806 5229 resuscitabo
2818 5192 2944 5230 eum
2960 5180 3022 5231 in
3038 5180 3331 5233 novissimo
3347 5181 3449 5235 die.
3460 5183 3601 5240 Caro

2009 5267 2158 5319 enim
2187 5279 2307 5316 mea
2330 5278 2450 5317 vere
2472 5268 2547 5316 est
2576 5265 2743 5329 cibus,
2761 5269 2810 5317 et
2837 5267 3065 5333 sanguis
3095 5282 3246 5320 meus
3269 5285 3387 5325 vere
3408 5276 3485 5325 est
3504 5287 3607 5341 po-

2011 5361 2116 5419 tus,
2136 5369 2200 5407 ac
2231 5358 2432 5406 caetera
2469 5369 2591 5423 quia
2646 5358 2959 5423 sequuntur
3006 5356 3191 5423 (Ibid.,
3247 5358 3336 5425 53,
3386 5360 3471 5426 54,
3514 5360 3600 5421 55,

2007 5441 2096 5508 56,
2120 5442 2270 5513 etc.).
2314 5442 2477 5496 Patet
2506 5441 2680 5512 igitur
2708 5458 2877 5512 quam
2908 5443 3315 5503 instantissime
3338 5449 3487 5504 hunc
3516 5460 3612 5514 pa-

2009 5548 2139 5589 nem
2168 5536 2357 5608 petere
2386 5530 2708 5606 debeamus,
2741 5531 2864 5587 sine
2911 5550 3020 5609 quo
3068 5533 3128 5590 in
3171 5535 3395 5595 Christo
3420 5537 3608 5592 vivere

3404 5692 3651 5772 ,ί
