3938 6174
481 223 579 281 291
1242 217 1298 272 S.
1342 212 1719 269 PASCHASII
1757 209 2117 266 RADBERTI
2155 208 2458 266 ABBATIS
2497 207 2988 266 CORBEIENSIS.
3611 213 3703 272 299,

479 364 591 403 non
620 347 891 402 valemus.
925 345 1031 412 Qui
1057 343 1358 397 manducat
1380 356 1484 404 me,
1503 338 1704 409 inquit,
1729 307 1777 391 et
1803 340 1914 406 ipse
1934 337 2146 396 vivetA
2160 335 2320 407 gredi
2376 352 2489 390 non
2544 341 2818 407 Oporteat,
2865 335 2952 390 vel
3003 334 3256 390 addendo
3311 335 3595 409 quidpiam,
3631 340 3704 395 vel

473 443 698 508 propter
727 453 828 490 me.
857 435 1021 489 Vivet
1035 438 1221 488 autem
1238 433 1358 502 jam
1380 429 1490 483 alia
1509 429 1638 493 vita,
1660 426 1791 498 quia
1806 425 1902 497 qui
1922 441 2075 479 man-
2156 425 2553 488 subtrahendo,
2574 427 2659 480 vel
2686 425 2900 497 aliquid
2928 424 3294 480 immutando.
3312 425 3463 482 Unde
3491 428 3703 484 dilatan-

483 527 652 582 ducat
675 527 823 580 hunc
847 540 1048 596 panem
1077 523 1227 576 vivet
1247 521 1302 573 in
1330 524 1620 573 aternum.
1662 516 1769 570 Sed
1806 514 1852 568 si
1881 515 1950 569 de
1972 515 2076 568 hoc

483 633 627 688 pane
658 615 1042 686 accipiendum
1091 616 1195 677 est,
1239 608 1448 663 scilicet
1482 606 1551 659 de
1584 604 1791 660 Christi
1820 620 2071 675 corpore,

482 722 594 760 non
624 704 864 759 absurde
889 701 1157 773 quaritur
1185 715 1284 752 cur
1328 713 1440 750 non
1473 694 1721 766 quotidie
1751 694 1906 747 illum
1932 709 2078 746 com-

483 793 935 862 edimus,absque
955 787 1368 843 intermissione
1387 784 1794 851 dierum,sicuti
1811 799 1939 836 eum
1955 781 2078 836 dari

483 883 644 937 nobis
674 880 922 952 quotidie
953 894 1197 933 oramus.
1241 877 1385 930 Nam
1416 880 1473 928 et
1499 874 1558 928 in
1588 872 1953 928 orientalibus
1981 873 2075 926 Ec-

485 972 666 1026 clesiis
695 969 1063 1041 plurimorum
1093 971 1180 1020 est
1212 964 1460 1036 quotidie
1503 979 1615 1017 non
1640 961 2073 1026 communicare,

483 1059 792 1132 prasertim
817 1074 944 1112 cum
975 1056 1082 1110 iste
1108 1054 1269 1126 panis
1299 1052 1657 1124 quotidianus
1687 1049 2079 1105 dicatur.Alio-

483 1147 617 1218 quin
639 1147 685 1200 si
710 1163 775 1200 ex
804 1149 1079 1216 pracepto
1103 1141 1351 1213 quotidie
1363 1138 1886 1194 communicandum
1908 1142 2073 1202 esset,

481 1252 770 1306 nunquam
803 1234 883 1288 sic
912 1233 1299 1287 indiﬂerenter
1326 1229 1476 1284 istud
1527 1230 1688 1281 ﬁeret
1707 1227 1764 1280 in
1787 1226 2035 1280 Ecclesia
2061 1244 2074 1293 ;

482 1342 615 1379 nam
644 1325 765 1378 sine
795 1322 1059 1377 scandalo
1090 1319 1292 1392 quibus
1315 1317 1760 1390 placuerit,illud
1776 1315 1998 1380 faciant,
2025 1319 2081 1368 et

2157 515 2262 570 dus
2302 520 2388 570 est
2437 515 2818 586 intelligentia
2859 514 3034 580 sinus,
3071 519 3144 582 et,
3181 515 3228 569 si
3267 516 3504 586 quotidie
3530 533 3705 589 corpus

2159 609 2348 671 333
2376 605 2601 659 Domini
2633 605 2919 676 percipere
2941 621 3052 658 non
3083 605 3370 671 audemus,
3400 606 3627 675 quotidie
3649 607 3708 660 il-

2159 695 2275 748 lum
2303 695 2361 748 in
2386 699 2591 758 mente,
2611 700 2667 748 et
2686 694 2875 748 omnia
2885 695 3007 763 ejus
3019 699 3312 765 pracepta,
3330 694 3535 748 ardenti
3547 696 3708 750 animo

2160 800 2468 838 sumamus.
2495 783 2564 837 Et
2590 788 2652 837 ut
2672 783 2892 854 plenius
2926 799 2994 837 ea
3023 799 3218 854 capere
3232 783 3518 855 possimus,
3541 784 3709 838 diebus

2157 872 2393 943 singulis
2417 889 2679 943 rogemus
2704 891 2715 926 :
2743 875 2946 926 Panem
2979 877 3232 926 nostrum
3261 875 3626 941 quotidianum
3651 875 3710 927 da

2158 964 2311 1016 nobis
2333 963 2519 1026 hodie;
2549 961 2704 1016 cibus
2725 978 2967 1033 namque
2989 978 3149 1016 verus
3171 961 3420 1016 voluntas
3439 962 3605 1016 Patris
3623 967 3709 1016 est.

2158 1049 2240 1104 Ex
2265 1068 2374 1122 quo
2398 1051 2546 1104 idem
2576 1051 2772 1105 unicus
2816 1056 2880 1105 ut
2919 1068 3020 1105 nos
3063 1051 3287 1105 doceret
3317 1050 3491 1104 Patris
3517 1051 3670 1105 Filius
3699 1070 3708 1104 :

2159 1142 2329 1207 Meus,
2363 1140 2564 1211 inquit,
2598 1142 2747 1195 cibus
2770 1145 2863 1204 est,
2889 1145 2950 1192 ut
2971 1142 3179 1207 faciam
3207 1143 3533 1194 voluntatem
3553 1142 3712 1194 Patris

2160 1233 2270 1283 mei
2310 1233 2488 1297 (Joan.
2526 1244 2602 1296 1v,
2637 1227 2747 1291 34).
2782 1230 2850 1286 Et
2886 1228 3018 1283 alibi
3059 1229 3129 1282 ad
3171 1229 3467 1300 discipulos
3497 1249 3506 1282 :
3540 1229 3715 1298 Opera-

2161 1322 2310 1373 mini
2329 1321 2510 1373 cibum
2528 1321 2626 1390 qui
2647 1335 2757 1373 non
2784 1322 2947 1387 perit,
2965 1320 3054 1372 sed
3082 1321 3182 1386 qui
3196 1324 3475 1387 permanet
3494 1321 3552 1372 in
3566 1321 3714 1371 vitam

481 1431 647 1469 nemo
676 1412 1030 1468 sacerdotum
1061 1414 1165 1475 est,
1191 1408 1285 1479 qui
1306 1413 1405 1461 aut
1417 1406 1665 1478 quotidie
1702 1422 1867 1475 agere
1887 1403 2079 1476 prohi-
2163 1415 2426 1464 aeternam
2453 1410 2630 1477 (Joan.
2674 1425 2739 1473 vr,
2764 1407 2875 1477 ς27).
2893 1408 3183 1462 Meditatio
3206 1407 3352 1461 enim
3374 1408 3508 1477 legis
3525 1407 3711 1472 divina,

482 1504 632 1569 beat,
669 1507 769 1556 aut
812 1499 1097 1571 pracipiat
1144 1514 1256 1552 non
1286 1496 1677 1550 intermittere.
1709 1494 1830 1558 Quo
1862 1497 2080 1548 constat
2162 1504 2219 1552 et
2245 1504 2649 1568 praceptorum
2671 1497 2955 1564 exhibitio,
2980 1497 3298 1552 animarum
3327 1502 3412 1550 est
3439 1496 3600 1551 cibus,
3619 1497 3716 1549 Nec

483 1592 646 1647 aliter
669 1589 1118 1659 intelligendum,
1142 1587 1274 1658 quia
1293 1603 1394 1640 nec
1421 1584 1669 1656 quotidie
1685 1600 1878 1638 omnes
1897 1582 2077 1654 parati
2161 1586 2394 1641 dubium
2416 1587 2570 1658 quin,
2590 1587 2734 1641 sicut
2761 1604 3003 1658 praesens
3035 1588 3148 1642 vita
3186 1591 3404 1642 constat
3420 1587 3475 1640 in
3502 1586 3612 1640 cibo
3635 1601 3717 1656 pa-

486 1685 674 1747 332
693 1696 814 1733 esse
835 1694 1129 1750 possumus
1140 1677 1209 1730 ad
1231 1675 1615 1746 accipiendum
1635 1693 1646 1728 :
1666 1690 1794 1745 nam
1811 1673 1902 1743 qui
1925 1689 2080 1726 man-
2099 1693 2145 1752 Β
2163 1677 2267 1743 nis,
2292 1677 2372 1730 sic
2398 1682 2608 1731 aterna
2638 1677 2754 1731 vita
2779 1682 2997 1732 constat
3023 1678 3081 1731 in
3113 1693 3281 1748 opere
3318 1676 3574 1730 mandati.
3599 1675 3719 1729 Hinc

484 1771 652 1824 ducat
693 1768 941 1838 indigne,
969 1765 1249 1837 judicium
1277 1764 1384 1818 sibi
1417 1762 1962 1818 manducatldcirco
1982 1766 2080 1816 aut
2156 1767 2276 1837 jam
2304 1766 2504 1820 beatus
2532 1764 2758 1833 dicitur,
2791 1766 2836 1820 si
2878 1766 3004 1836 quis
3043 1767 3102 1821 in
3139 1767 3264 1837 lege
3309 1765 3525 1820 Domini
3563 1764 3644 1818 die
3667 1780 3720 1818 ac

485 1858 872 1930 quotidianum
903 1873 1030 1909 cum
1060 1855 1443 1924 intelligimus,
1465 1870 1530 1907 eo
1561 1853 1708 1923 quod
1739 1851 1987 1922 quotidie
2009 1851 2077 1904 li-
2160 1855 2503 1910 noctefuerit
2523 1855 2850 1910 meditatus.
2885 1857 2965 1910 De
2994 1873 3104 1926 qua
3124 1855 3374 1927 profecto
3394 1854 3719 1908 meditatione

484 1953 607 2002 ceat
620 1946 920 2012 immolari,
940 1950 996 1999 et
1015 1943 1084 1998 ab
1106 1944 1192 1997 his
1213 1944 1309 2014 qui
1327 1943 1509 2014 parati
1528 1947 1660 1996 sunt
1682 1941 1921 1994 ﬁdeliter
1940 1941 2077 1994 acci-
2159 1944 2539 2012 David,0uam
2559 1946 2769 2009 dulcia,
2786 1944 2989 2015 inquit,
3005 1947 3264 2013 faucibus
3285 1947 3416 1998 meis
3437 1945 3633 2012 eloquia
3646 1959 3720 1996 su-

483 2037 560 2108 pi,
593 2040 694 2090 aut
721 2034 1110 2107 quotidianum
1123 2033 1268 2090 ideo.
1288 2032 1418 2102 quia
1447 2032 1567 2102 ipse
1594 2031 1743 2084 idem
1761 2030 2076 2084 indesinen-
2153 2049 2255 2102 per
2271 2038 2374 2088 mel
2392 2036 2480 2087 ori
2499 2050 2612 2087 meo
2631 2034 2790 2102 (Psal.
2809 2049 2997 2100 cxvm,
3035 2033 3296 2095 103}.Ubi
3315 2033 3552 2087 ostendit
3565 2031 3721 2086 cibum

482 2131 571 2180 ter
594 2125 832 2180 interius
849 2140 949 2194 per
976 2123 1144 2176 ﬁdem
1173 2132 1230 2175 et
1250 2121 1603 2186 charitatem,
1622 2120 1776 2174 cultu
1791 2119 2078 2189 religionis
2159 2121 2342 2175 vocari
2374 2127 2775 2193 praeceptorum
2808 2122 3031 2193 eloquia
3057 2121 3284 2191 debere,
3313 2122 3445 2176 dum
3484 2137 3546 2175 ea
3581 2119 3723 2174 fauci-

484 2232 548 2270 ac
585 2214 723 2286 spei,
757 2213 938 2268 reﬁcit
965 2229 1086 2278 nos,
1105 2217 1161 2265 et
1182 2215 1346 2281 pastu
1357 2226 1470 2264 sua
1487 2209 1799 2264 dulcedinis
1824 2202 2080 2262 consola-
2160 2210 2264 2265 bus
2283 2211 2469 2265 dulcia
2493 2211 2627 2264 dicit
2654 2227 2794 2277 esse,
2838 2217 2895 2265 et
2939 2228 3050 2265 non
3099 2210 3354 2266 auribus.
3404 2210 3654 2266 Similiter
3677 2213 3724 2262 et

481 2309 596 2358 tur.
620 2305 765 2358 Nam
807 2303 928 2356 sine
957 2301 1077 2372 ipso
1107 2316 1398 2371 nunquam
1428 2297 1756 2369 spiritaliter
1786 2312 2079 2367 possumus
2160 2301 2494 2372 Apostolus:
2519 2302 2644 2354 Non
2667 2303 2827 2369 potui
2861 2303 3006 2354 vobis
3023 2302 3178 2369 loqui
3199 2302 3364 2369 quasi
3382 2299 3718 2368 spiritalibus,

481 2393 684 2448 vivere.
716 2393 788 2446 Et
817 2392 942 2445 ideo
973 2406 1098 2444 cum
1139 2389 1273 2443 dicit
1298 2388 1483 2454 hodie,
1515 2387 1760 2442 ostendit
1789 2403 1916 2441 eum
1948 2403 2076 2456 quo-
2160 2391 2251 2444 sed
2264 2393 2425 2459 quasi
2454 2391 2776 2444 carnalibus
2811 2392 2898 2444 lac
2929 2391 3074 2443 vobis
3103 2394 3304 2458 potum
3326 2390 3464 2455 dedi,
3486 2394 3646 2442 etnon
3660 2404 3722 2441 es-

481 2482 620 2536 tidie
648 2481 1006 2547 sumendum,
1039 2495 1142 2533 nec
1162 2477 1418 2532 sufﬁcere
1439 2477 1588 2548 quod
1611 2477 1873 2532 hesterna
1900 2475 1991 2529 die
2016 2475 2077 2528 il-
2159 2495 2279 2532 cam
2305 2479 2352 2546 (Ι
2377 2478 2499 2532 Cor.
2533 2492 2618 2544 III,
2639 2478 2723 2546 1);
2763 2494 2945 2532 escam
2982 2482 3171 2532 autem
3197 2477 3496 2532 nominans
3526 2475 3722 2547 spirita-

483 2571 602 2626 lum
631 2570 1006 2642 percepimus,
1039 2567 1087 2622 si
1109 2583 1221 2620 non
1248 2566 1432 2620 adhuc
1449 2565 1615 2619 hodie
1635 2570 1690 2619 et
1710 2564 1780 2618 ad
1802 2565 1972 2618 ﬁnem
1987 2579 2077 2618 us-
2159 2567 2268 2621 lem
2291 2567 2627 2621 doctrinam.
2659 2567 2818 2620 Unde
2849 2583 3034 2637 quaso
3059 2567 3185 2638 quis
3217 2566 3438 2621 dubitet
3457 2566 3596 2637 quod
3620 2564 3724 2618 ideo

484 2677 592 2733 que
621 2660 1005 2714 indesinenter
1033 2656 1524 2711 sumamus.Docet
1539 2655 1778 2725 denique
1807 2654 2078 2716 nos.hanc
2160 2656 2484 2711 immolatus
2513 2657 2586 2710 sit
2614 2656 2891 2722 Christus,
2937 2662 3002 2710 ut
3028 2656 3299 2710 salutaris
3324 2656 3396 2712 sit
3423 2655 3570 2710 cibus
3596 2659 3646 2708 et
3664 2652 3726 2706 vi-

484 2752 732 2824 quotidie
752 2750 1061 2805 orationem
1090 2764 1278 2802 coram
1308 2747 1474 2800 Patre
1515 2744 1870 2816 profundere,
1906 2748 1970 2796 ut
2013 2759 2078 2796 ex
2158 2751 2228 2800 ta
2257 2745 2463 2816 potus?
2511 2745 2588 2799 Ex
2618 2762 2728 2816 quo
2773 2762 2908 2799 sane
2939 2746 3145 2800 clamat
3171 2746 3472 2817 Apostolus
3504 2765 3514 2798 :
3547 2745 3726 2799 Pascha

485 2842 611 2913 ipsa
666 2839 994 2912 quotidiana
1051 2838 1176 2890 vita
1231 2833 1544 2904 indigentia
1597 2848 2072 2897 commoneamur,
2160 2840 2412 2888 nostrum
2444 2838 2764 2888 immolatus
2808 2841 2882 2889 est
2925 2836 3202 2899 Christus;
3241 2841 3424 2905 itaque
3469 2837 3725 2904 epulemur

485 2931 632 3002 quod
663 2946 774 2983 non
804 2929 878 2982 sit
901 2928 1019 2981 dies
1042 2943 1152 2996 quo
1184 2941 1295 2978 non
1324 2923 1526 2976 debeat
1555 2938 1650 2975 cor
1680 2921 1962 2975 interioris
1981 2920 2078 2973 ho-
2163 2926 2208 2994 (I
2237 2925 2356 2978 Cor.
2389 2941 2440 2990 ν,
2476 2924 2545 2995 7).
2578 2925 2686 2978 Sed
2715 2925 2773 2978 in
2801 2923 2888 2977 his
2913 2930 2977 2978 ut
3005 2925 3286 2995 copiosius
3317 2925 3524 2980 deliciis
3559 2923 3726 2978 afflua-

483 3019 654 3072 minis
674 3018 769 3070 illo
785 3033 929 3087 pane
952 3015 1289 3067 intrinsecus
1307 3009 1732 3065 conﬁrmari.De
1749 3026 1858 3080 quo
1877 3008 2069 3062 David:
2094 3015 2137 3076 C
2159 3029 2305 3078 mus,
2346 3030 2568 3068 oremus
2599 3013 2919 3079 instantius,
2957 3017 3165 3068 Panem
3194 3020 3448 3069 nostrum
3486 3014 3726 3083 quotidia-

482 3108 548 3161 Et
572 3108 758 3175 panis,
792 3103 992 3173 inquit,
1028 3118 1121 3156 co-r
1159 3103 1402 3154 hominis
1449 3103 1731 3166 conﬁrmet
1761 3101 1927 3166 (Psal.
1957 3109 2074 3161 cm,
2160 3119 2300 3156 num
2334 3105 2404 3156 da
2431 3105 2583 3156 nobis
2602 3104 2776 3157 hodie.
2802 3105 2864 3158 In
2898 3120 3009 3174 qua
3029 3104 3280 3174 profecto
3301 3102 3578 3175 petitionis
3600 3101 3728 3154 clau-

486 3195 594 3264 16).
619 3195 810 3248 Potest
839 3198 895 3246 et
916 3192 1067 3246 istud
1093 3191 1242 3260 quod
1281 3188 1694 3254 dicitur,hodie,
1727 3187 1795 3241 de
1817 3186 2078 3258 prasenti
2159 3192 2283 3245 sula
2312 3191 2654 3262 probabilius
2671 3193 2986 3263 tripertitus
3005 3193 3395 3263 intelligentia
3416 3208 3603 3247 sensus
3619 3205 3728 3261 ape-

481 3285 595 3339 vita
622 3283 759 3336 satis
789 3280 1045 3351 intelligi,
1077 3279 1212 3333 dum
1237 3278 1449 3332 scilicet
1477 3278 1534 3330 in
1564 3277 1667 3330 hoc
1704 3277 1903 3331 saculo
1924 3293 2075 3331 com-
2159 3280 2337 3348 ritur;
2373 3280 2501 3334 licet
2530 3281 2844 3352 Scripturas
2885 3281 3103 3336 divinas
3123 3269 3212 3336 Isic
3263 3288 3516 3354 oporteat
3558 3295 3727 3335 omnes

484 3387 789 3427 moramur.
812 3371 892 3423 Ac
920 3369 968 3422 si
997 3368 1148 3422 dicat
1184 3386 1195 3421 :
1243 3368 1453 3421 Prasta
1482 3365 1641 3420 nobis
1670 3366 1819 3419 hunc
1851 3381 2072 3436 panem,
2160 3370 2539 3441 interpretari.
2572 3369 2846 3435 Primum,
2890 3371 3051 3440 juxta
3107 3371 3379 3439 litteram,
3425 3371 3492 3426 ab
3545 3387 3604 3425 eo
3647 3368 3727 3438 qui

486 3460 737 3532 quandiu
765 3459 824 3512 in
853 3459 960 3511 hac
988 3456 1174 3512 saculi
1211 3455 1299 3510 via
1348 3472 1560 3510 sumus.
1602 3455 1872 3509 Novimus
1901 3455 2070 3520 enim,
2160 3464 2360 3514 cuncta
2381 3459 2606 3526 creavit,
2627 3461 2757 3529 jure
2785 3475 3048 3529 rogamus
3086 3465 3150 3514 ut
3177 3461 3449 3516 diurnum
3473 3459 3622 3515 nobis
3647 3473 3728 3512 ne-

482 3551 590 3604 nisi
604 3549 745 3621 _quis
774 3547 832 3602 in
862 3548 968 3600 hac
993 3547 1106 3600 vita
1131 3562 1260 3600 eum
1288 3544 1617 3616 perceperit,
1650 3544 1881 3598 minime
1910 3543 1968 3597 in
1989 3544 2076 3621 fue
2158 3548 2436 3603 cessitatis
2492 3549 2696 3603 victum
2733 3547 2964 3603 tribuat.
3000 3549 3107 3604 Sed
3146 3548 3293 3604 forte
3339 3550 3538 3620 aliquis
3563 3561 3726 3602 move-

484 3619 632 3694 turo.
630 3638 780 3692 illius
800 3636 1077 3708 particeps
1097 3634 1374 3690 eritNam
1404 3651 1567 3704 sape,
1592 3633 1775 3698 hodie,
1802 3651 1901 3704 pro
1923 3633 2076 3687 omni
2158 3636 2242 3691 bit
2268 3655 2368 3691 cur
2395 3654 2495 3708 pro
2537 3638 2625 3691 his
2667 3654 2891 3691 oremus
2921 3638 3298 3708 adipiscendis
3335 3619 3456 3710 qua
3499 3651 3728 3692 necessa-

482 3729 591 3783 isto
615 3734 867 3799 tempore
899 3725 1186 3796 accipitur,
1222 3724 1385 3779 sicuti
1415 3730 1500 3778 est
1528 3723 1667 3777 illud
1691 3741 1701 3775 :
1735 3723 1899 3776 Hodie
1925 3725 1975 3776 si
1992 3739 2078 3776 υο-
2160 3727 2247 3780 ria
2271 3731 2404 3780 sunt
2432 3726 2599 3796 hujus
2622 3726 2769 3794 vita,
2792 3727 3102 3798 prasertim
3121 3744 3249 3782 cum
3269 3729 3540 3783 Dominus
3558 3726 3693 3780 dicat
3716 3741 3726 3776 :

483 3835 594 3874 cem
635 3819 934 3872 audieritis
970 3818 1130 3881 (Psak
1182 3829 1335 3884 XCIV,
1384 3813 1459 3883 8)-
1495 3812 1656 3877 QUOd
1701 3811 1749 3866 Si
1797 3811 1901 3865 hoc
1958 3811 2078 3865 1060
2160 3816 2338 3871 Nolite
2360 3819 2586 3869 solliciti
2612 3833 2716 3870 esse
2737 3818 2875 3884 quid
2897 3818 3236 3870 manducetis
3267 3823 3370 3871 aut
3399 3818 3532 3886 quid
3555 3815 3731 3868 indua-

482 3909 561 3962 ita
590 3907 916 3978 εοείρίειῐιιν,
951 3910 1086 3959 tunc
1115 3909 1264 3958 recte
1292 3903 1361 3957 de
1406 3918 1636 3973 corpore
1688 3917 1751 3954 ac
1805 3901 2077 3971 sanguine
2160 3907 2560 3972 mini:quarite
2571 3904 3466 3976 primum,inquit,regnumDeiet
3470 3905 3731 3974 justitiam

480 3996 864 4067 accipiendum
885 3994 1012 4060 erit,
1039 3997 1105 4047 ut
1139 3992 1214 4046 sit
1239 4008 1435 4045 sensus
1459 4009 1473 4046 :
1497 3991 1705 4044 Panem
1725 3995 1979 4043 nostrum
2007 3989 2079 4042 da
2159 3996 2293 4062 ejus,
2327 3997 2373 4048 et
2415 3994 2524 4048 haec
2565 3997 2755 4048 omnia
2804 3995 3146 4063 adjicientur
3180 3997 3328 4049 vobis
3351 3997 3525 4060 (Matt.
3558 4007 3624 4058 Vl,
3653 3986 3727 4052 25,

482 4085 662 4150 nobis,
695 4084 831 4137 dum
861 4083 918 4136 in
950 4079 1211 4152 prasenti
1241 4079 1351 4132 vita
1381 4095 1594 4144 sumus,
1632 4083 1907 4149 quatenus
1935 4094 2076 4132 nun-
2161 4080 2267 4148 33}.
2297 4081 2511 4146 Quibus
2531 4082 2780 4154 profecto
2802 4082 2983 4138 verbis
3004 4089 3061 4137 et
3081 4083 3473 4153 hujuscemodi
3493 4078 3733 4150 exemplis

483 4189 672 4243 quam,
689 4170 758 4224 ab
779 4187 844 4223 eo
866 4166 1354 4234 excommunicati,
1373 4167 1441 4221 de
1463 4167 1669 4222 Christi
1686 4184 1915 4237 corpore
1932 4184 2074 4238 pra-
2156 4171 2438 4226 astimant
2466 4171 2778 4226 docendum
2808 4188 2919 4225 non
2968 4172 3085 4226 hac
3125 4189 3253 4227 cum
3286 4172 3678 4244 supplicatione
3704 4182 3732 4218 a

481 4260 751 4316 cidamur.
785 4257 936 4355 Quia.
963 4255 1173 4355 sinquis
1223 4257 1343 4354 ejus
1376 4256 1642 4355 mandata
1671 4271 1782 4354 non
1811 4257 2071 4355 custo‘dit,
2097 4260 2394 4355 DDomino
2423 4261 2777 4332 postulanda,
2821 4261 2918 4314 sed
2954 4262 3346 4316 tantummodo
3393 4263 3489 4316 illa
3535 4271 3734 4328 semper

480 4349 630 4403 hunc
679 4363 882 4419 panem
923 4344 1152 4414 indigne
1188 4344 1379 4398 Sumit.
1413 4344 1569 4406 Quod
1601 4343 1736 4396 satis
1768 4361 1868 4414 per
1894 4345 2074 4398 Adam
2097 4343 2404 4419 "quarere
2435 4367 2559 4420 qua
2591 4349 2867 4421 spiritalia
2895 4355 3028 4404 sunt
3061 4355 3117 4404 et
3143 4355 3374 4404 aterna.
3409 4349 3567 4414 Quod
3595 4347 3638 4401 si
3663 4346 3732 4398 ita

479 4454 607 4494 cum
639 4439 920 4509 peccasset
944 4434 1125 4488 adhuc
1154 4433 1210 4487 in
1241 4432 1502 4504 paradiso
1524 4431 1871 4486 insinuatum
1895 4433 2073 4486 credi-
2155 4443 2242 4492 est
2255 4439 2629 4504 sentiendum,
2659 4445 2781 4493 erat
2806 4439 3087 4509 generalis
3116 4439 3491 4494 Ecclesiarum
3521 4449 3734 4492 consue-

481 4545 625 4582 mus.
657 4527 875 4592 Videte,
906 4523 1109 4596 inquit,
1142 4539 1212 4576 ne
1240 4523 1382 4577 forte
1412 4528 1598 4576 sumat
1610 4522 1679 4576 de
1699 4523 1850 4592 ligno
1877 4522 2001 4576 vita
2018 4528 2074 4577 et
2154 4528 2309 4590 tudo,
2349 4544 2470 4599 qua
2498 4528 2613 4582 suis
2635 4527 2693 4581 in
2722 4527 2981 4598 precibus
3008 4521 3177 4598 quam
3207 4545 3356 4599 sape
3387 4545 3453 4582 ea
3475 4544 3593 4598 qua
3621 4525 3734 4578 sunt

480 4616 696 4671 vivatin
721 4622 1014 4670 aeternum.
1047 4612 1286 4682 Lignum
1335 4617 1525 4666 autem
1581 4612 1725 4678 vita,
1781 4612 2068 4666 Christum
2151 4617 2468 4671 necessaria
2515 4617 2806 4688 praesentis
2858 4617 2985 4671 vita
3041 4617 3419 4672 intentissime
3461 4621 3634 4687 rogat,
3679 4627 3735 4665 ex

479 4705 681 4762 debere
702 4703 958 4773 intelligi,
976 4719 1141 4757 nemo
1167 4702 1261 4772 qui
1284 4701 1601 4772 Scripturas
1621 4718 1807 4756 sacras
1827 4702 1964 4772 legit
1975 4701 2074 4757 du-

478 4795 658 4850 bitare
674 4793 898 4866 poterit.
924 4792 1004 4847 De
1037 4808 1146 4863 quo
1177 4808 1399 4846 sumere
1438 4791 1821 4862 prohibemur,
1855 4792 2073 4862 quoties

473 4885 703 4956 gravius
727 4898 1038 4954 peccamus,
1071 4897 1142 4935 ne
1178 4897 1379 4952 corpus
1409 4881 1531 4950 ejus
1551 4886 1608 4935 et
1631 4880 1962 4951 sanguinem
1993 4880 2076 4935 in-

476 4973 632 5045 digni
655 4971 1014 5044 accipiamus.
1035 4973 1112 5026 Ex
1145 4987 1254 5042 quo
1284 4975 1434 5024 recte
1461 4986 1622 5024 orare
1658 4970 1946 5037 docemur,
1973 4972 2074 5024 Pa-

473 5078 600 5118 nem
622 5067 873 5118 nostrum
893 5062 1367 5131 quotidianumda
1391 5061 1542 5113 nobis
1561 5059 1799 5125 hodie,id
1821 5059 2071 5125 est,tales
2151 5060 2294 5126 buit,
2317 5061 2426 5115 ista
2445 5061 3112 5133 percipiamus.A1ioquin
3131 5062 3382 5133 nunquid
3401 5058 3605 5131 ingrati
3622 5071 3729 5111 esse

470 5169 572 5208 nos
593 5151 808 5219 exhibe,
831 5155 896 5206 ut
918 5166 1047 5205 eum
1069 5167 1134 5204 ex
1153 5154 1355 5219 tejure
1375 5164 1684 5204 sumamus.
1704 5149 1813 5203 Sed
1841 5149 2069 5220 quidam
2152 5151 2439 5218 debemus,
2472 5157 2572 5206 aut
2619 5150 2873 5221 nunquid
2921 5167 2988 5204 ea
3032 5151 3154 5205 sine
3203 5151 3324 5222 ipso
3369 5143 3728 5221 percipimus?

468 5242 618 5298 hunc
646 5257 871 5296 sensum
914 5239 1083 5294 altius
1129 5237 1514 5304 discutientes,
1547 5254 1750 5308 panem
1787 5238 2067 5309 quotidia-
2151 5241 2298 5311 quod
2355 5241 2401 5294 si
2457 5240 2528 5294 ab
2586 5257 2673 5306 eo,
2713 5239 2843 5292 licet
2883 5255 3012 5293 cum
3060 5240 3243 5308 malis,
3283 5239 3406 5294 istis
3453 5236 3730 5310 participa-

470 5349 628 5398 num,
669 5329 942 5402 spiritalia
989 5333 1265 5400 pracepta
1305 5333 1362 5382 et
1406 5327 1594 5383 divina
1642 5345 1763 5398 qua
1816 5328 2064 5399 quotidie
2148 5346 2278 5384 mur
2314 5328 2491 5397 bonis,
2543 5345 2662 5396 nos,
2709 5344 2949 5399 quorum
2988 5329 3128 5384 ﬁdes
3173 5335 3260 5384 est
3299 5329 3543 5399 adoptio,
3581 5323 3729 5379 debe-

470 5419 732 5476 meditari
775 5418 1043 5473 debemus
1095 5422 1152 5472 et
1191 5417 1432 5489 operari,
1467 5416 1789 5488 accipienda
1839 5416 2061 5487 planius
2147 5434 2274 5472 mus
2302 5418 2593 5472 humiliter
2623 5423 2813 5489 petere
2843 5419 2992 5489 quod
3025 5419 3332 5474 clementer
3355 5419 3610 5472 volumus
3636 5414 3726 5467 im-

469 5512 804 5579 sanxerunt;
861 5523 926 5563 eo
974 5506 1122 5578 quod
1169 5506 1424 5578 regulam
1469 5505 1615 5561 hanc
1655 5505 1852 5561 orandi
1881 5510 2061 5562 trans-
2142 5513 2384 5579 petrare.
2416 5509 2680 5564 Attamen
2703 5524 2831 5563 cum
2853 5507 3091 5564 dicimus
3099 5525 3304 5579 panem
3334 5501 3729 5576 nostrum,pa’s-

2156 4705 2358 4776 quibus
2389 4710 2444 4759 et
2492 4705 2551 4759 in
2582 4712 3062 4760 sacramentorum
3093 4723 3285 4777 preces
3327 4703 3736 4778 quamplurima

2155 4794 2482 4848 recitantur.
2503 4794 2578 4847 Ex
2601 4811 2710 4864 quo
2730 4795 2944 4865 liquido
2983 4800 3138 4866 patet
3167 4795 3334 4866 quod,
3360 4795 3506 4849 sicut
3535 4791 3736 4846 labora-

2156 4901 2217 4938 re
2244 4883 2512 4938 debemus
2532 4883 2809 4950 manibus,
2827 4901 2930 4938 nec
2945 4890 3137 4938 tamen
3159 4884 3385 4938 solliciti
3403 4887 3586 4950 334
3608 4895 3730 4943 esse,

2152 4973 2235 5027 ita
2264 4988 2424 5026 orare
2454 4973 2792 5044 peculiarius
2815 4978 3090 5044 oporteat,
3105 4973 3174 5027 ab
3203 4990 3269 5027 eo
3300 4974 3396 5044 qui
3418 4977 3612 5027 cuncta
3641 4966 3734 5022 tri-
