3938 6174
281 229 381 286 293

1041 221 1421 278 EXPOSITIO
1461 221 1538 278 IN
1575 216 2022 276 MA'ITHEUM.
2058 247 2122 258 —
2151 217 2286 272 LIB.
2330 216 2425 285 IV,
2471 216 2628 272 CAP.
2672 217 2768 272 VI.

3429 222 3532 279 ‘294

279 356 376 410 sim
397 367 765 424 segregamur
783 349 852 406 ab
873 349 953 404 eis
973 366 1210 422 quorum
1232 366 1334 404 nec
1365 349 1502 404 ﬁdes
1530 354 1616 403 est
1642 365 1746 403 nec
1773 347 2053 414 ad-Agne
2083 361 2378 416 pascamur
2404 343 2546 410 cibo,
2576 344 2696 399 sine
2724 361 2833 416 quo
2872 346 3008 401 salvi
3049 365 3168 404 esse
3212 354 3531 426 nequimus.

279 445 444 516 optio.
479 442 642 509 Quia,
674 440 779 496 etsi
809 441 916 494 iste
946 439 1197 494 omnium
1230 439 1542 494 communis
1569 443 1655 493 est
1683 437 1861 509 panis,

278 533 526 587 videmur
562 532 735 586 alium
778 529 938 602 quasi
965 529 1262 601 specialius
1291 527 1598 601 deprecari.
1630 527 1726 599 qui
1755 543 1868 580 non

277 623 380 677 nisi
418 627 643 677 tantum
674 625 866 676 noster
893 635 1014 674 esse
1045 618 1346 690 probatur;
1384 618 1646 689 quoniam
1677 632 1868 686 corpo-

278 713 351 766 ris
373 717 474 766 aut
494 709 788 780 sanguinis
818 707 1025 762 Christi
1066 707 1221 762 cibus
1259 708 1438 762 solum
1485 711 1570 760 est
1598 705 1871 760 Christia-

276 817 498 866 norum,
536 816 639 854 nec
686 814 799 852 non
828 803 886 852 et
921 797 1105 868 operis
1135 797 1530 851 mandatorum
1569 800 1738 866 atque
1767 795 1868 848 do-

278 889 588 944 ctrinarum
630 888 898 941 alimenta
936 886 1326 940 tantummodo
1364 885 1607 939 ﬁliorum
1645 899 1870 938 censen-

276 985 386 1034 tur.
430 979 711 1033 Caaterum
767 977 874 1030 iste
911 975 1242 1042 communis,
1272 974 1535 1046 inquiunt
1569 973 1744 1038 cibus,
1769 989 1873 1026 nec

277 1073 425 1122 recte
447 1066 752 1120 admodum
786 1070 979 1119 noster
1015 1063 1124 1118 dici
1155 1069 1356 1135 potest,
1389 1063 1521 1134 quia
1548 1069 1604 1116 et
1631 1061 1872 1116 aliorum

276 1162 378 1211 est.
409 1157 499 1210 Ad
537 1155 686 1227 quod
727 1154 969 1208 fatemur
997 1153 1147 1224 quia,
1180 1152 1324 1206 sicut
1354 1169 1454 1223 pro
1484 1152 1570 1204 his
1604 1151 1698 1221 qui
1729 1167 1870 1221 prae-

278 1245 545 1301 destinati
571 1245 642 1299 ad
667 1244 837 1298 vitam
867 1247 1016 1308 sunt,
1051 1243 1142 1296 hic
1170 1241 1414 1296 mundus
1447 1240 1624 1294 factus
1656 1245 1713 1294 et
1740 1256 1872 1293 con-

281 1343 429 1391 stare
464 1334 716 1389 creditur
743 1352 757 1387 :
789 1333 869 1387 ita
899 1339 956 1386 et
985 1349 1084 1403 pro
1135 1331 1214 1384 eis
1252 1331 1344 1384 isti
1371 1331 1550 1400 gratis
1592 1329 1876 1399 accipiunt

278 1442 396 1496 qua:
426 1425 557 1491 illis,
593 1423 725 1495 quia
753 1422 999 1493 diligunt
1041 1422 1239 1486 Deum,
1275 1419 1581 1486 debentur;
1627 1418 1775 1472 unde
1819 1423 1876 1472 et

1949 436 2074 489 Nisi
2096 436 2580 501 manducaveritis,
2597 437 2801 507 inquit,
2822 453 3045 491 carnem
3066 440 3196 494 Filii
3209 443 3468 514 hominis,
3486 454 3536 503 et

1951 528 2141 580 biberit
2152 528 2194 579 is
2213 530 2327 594 ejus
2338 528 2688 594 sanguinem,
2705 545 2816 581 non
2830 529 3093 582 habebitis
3109 533 3281 586 vitam
3296 536 3356 588 in
3371 539 3534 594 vobis.

1950 616 2305 687 Quapropter
2323 616 2400 669 sic
2438 616 2732 670 vivendum
2763 623 2848 671 est
2879 622 2944 672 ut
2971 618 3125 688 digni
3171 620 3266 676 illo
3295 622 3542 680 invenia-

1951 723 2094 771 mur,
2122 711 2178 760 et
2204 707 2282 759 sic
2311 706 2583 760 orandum
2609 711 2673 760 ut
2697 707 2944 777 quotidie
2965 708 3073 762 ista
3101 711 3292 772 omnia
3314 730 3539 787 compe-

1950 801 2134 849 tenter
2160 800 2216 848 et
2234 796 2416 849 sobrie
2445 795 2514 849 ab
2546 813 2610 849 eo
2634 796 3033 867 percipiamus;
3063 805 3128 853 ut
3156 816 3222 855 ex
3247 819 3360 858 uno
3382 806 3545 876 quid-

1952 885 2085 955 quid
2129 884 2188 937 in
2217 885 2642 954 praesentiarum
2677 883 2837 938 nobis
2881 889 3258 944 necessarium
3300 898 3402 960 est,
3435 895 3543 951 im-

1955 980 2267 1046 petremus;
2289 990 2353 1027 ex
2382 973 2556 1027 altero
2578 990 2708 1027 vero
2737 979 2797 1028 ut
2823 975 3060 1030 interius
3082 978 3192 1032 illis
3211 983 3538 1051 angelorum

1953 1063 2184 1129 deliciis,
2205 1062 2260 1116 in
2291 1062 2546 1116 doctrina
2569 1068 2737 1133 atque
2760 1065 3046 1136 mysterio,
3073 1068 3338 1136 quotidie,
3369 1090 3544 1144 quan-

1953 1153 2050 1207 diu
2080 1153 2136 1206 in
2167 1157 2418 1222 tempore
2462 1151 2721 1222 vivimus,
2750 1155 3079 1222 spiritaliter
3120 1158 3538 1232 participemus.

1955 1243 2070 1297 Nec
2089 1241 2411 1296 dubitemus
2437 1241 2491 1293 in
2513 1241 2702 1311 aliquo
2732 1242 2865 1312 quia
2884 1245 3032 1298 Deus
3056 1247 3222 1302 Pater
3239 1268 3364 1305 cum
3387 1253 3546 1309 Chri-

1955 1336 2041 1385 sto
2072 1331 2240 1385 simul
2269 1329 2428 1384 nobis
2448 1330 2638 1383 omnia
2666 1330 2911 1399 donavit,
2931 1339 3029 1388 aut
3047 1339 3343 1405 praesentia
3361 1342 3446 1396 vel
3463 1341 3547 1398 fu-

1954 1426 2102 1475 tura.
2152 1420 2309 1474 Unde
2348 1419 2526 1485 illum,
2568 1419 2700 1489 quia
2740 1438 2882 1490 puer
2923 1429 3088 1478 natus
3144 1432 3230 1480 est
3279 1428 3456 1498 nobis,
3490 1438 3547 1488 et

281 1521 472 1570 noster
486 1515 617 1584 jure
645 1512 868 1576 dicitur,
903 1511 1034 1581 quia
1062 1527 1162 1581 pro
1195 1509 1375 1575 nobis,
1409 1513 1472 1563 ut
1507 1507 1728 1562 bonitas
1753 1508 1875 1577 ejus
1957 1511 2106 1564 filius
2135 1510 2299 1564 datus
2329 1515 2415 1563 est
2442 1507 2620 1574 nobis,
2645 1525 2870 1564 oremus
2899 1513 3062 1582 quasi
3088 1515 3412 1573 thesaurum
3445 1537 3548 1576 no-

253 1604 350 1658 vad
380 1620 582 1658 omnes
609 1601 909 1667 derivetur,
932 1600 1042 1654 illis
1064 1599 1388 1680 porrigitur.
1413 1599 1520 1653 Sed
1552 1614 1745 1651 eorum
1774 1613 1876 1650 nec
1957 1602 2404 1670 strum.|oromus
2437 1603 2499 1653 ut
2527 1598 2710 1652 cibum
2734 1606 3006 1655 nostrum:
3039 1609 3234 1657 noster
3261 1607 3409 1661 enim
3439 1615 3545 1677 est,

285 1692 646 1763 quotidianus
674 1695 763 1744 est
801 1688 974 1748 cibus,
1009 1688 1141 1758 quia
1169 1687 1603 1759 perpetuitatem
1647 1685 2014 1752 amoris,Bet
2043 1689 2166 1743 ideo
2192 1705 2317 1742 cum
2364 1705 2429 1742 eo
2475 1689 2644 1742 simul
2681 1689 2870 1743 omnia
2917 1698 3105 1746 nostra
3141 1694 3302 1748 fiunt.
3337 1697 3549 1753 Idcirco

284 1783 411 1836 licet
431 1797 544 1834 non
568 1780 684 1833 sint
704 1779 809 1850 ipsi
829 1777 1083 1850 perpetui
1103 1777 1193 1831 hic
1213 1777 1271 1830 in
1291 1777 1474 1842 terris,
1499 1776 1684 1830 radice
1695 1775 1876 1829 cordis
1957 1783 2215 1850 petamus
2245 1795 2374 1831 eum
2396 1777 2555 1847 quasi
2585 1784 2860 1845 nostrum,
2877 1785 2941 1834 ut
2964 1783 3241 1850 quomodo
3267 1784 3325 1839 in
3345 1787 3456 1841 ﬁde
3479 1788 3550 1842 il-

283 1875 636 1947 plantarunt.
666 1873 840 1927 Porro
881 1872 960 1926 illi
991 1889 1228 1942 quorum
1258 1870 1485 1941 adoptio
1515 1875 1621 1938 est,
1649 1869 1781 1940 quia
1807 1869 1876 1922 de
1958 1869 2076 1922 lum
2100 1868 2219 1938 jam
2247 1872 2522 1931 tenemus,
2554 1866 2636 1920 ita
2661 1867 2720 1920 in
2750 1885 2810 1921 re
2837 1868 3110 1936 fruamur,
3143 1877 3200 1926 et
3227 1891 3328 1943 per
3356 1893 3487 1930 eum
3516 1894 3552 1931 a

285 1964 529 2033 crastino
550 1962 774 2017 solliciti
804 1979 924 2016 esse
945 1978 1058 2016 non
1095 1960 1318 2024 debent,
1343 1960 1726 2030 quotidianam
1757 1964 1880 2012 tan-

284 2053 576 2108 tummodo
602 2067 886 2105 annonam
916 2051 1222 2122 postulant,
1254 2049 1575 2119 largitatem
1604 2047 1703 2102 Dei
1731 2064 1879 2102 sem-

284 2153 381 2208 per
409 2134 524 2190 sibi
553 2134 624 2188 ad
662 2134 905 2188 futuram
939 2137 1250 2204 sperantes.
1289 2132 1449 2196 Quod
1479 2131 1620 2185 bene
1652 2131 1876 2202 populo,

287 2227 379 2298 qui
408 2242 479 2280 ex
509 2223 758 2295 zEgypto
792 2221 1204 2293 egrediebatur,
1234 2220 1514 2291 gradienti
1554 2238 1655 2292 per
1689 2220 1880 2274 deser-

286 2323 424 2383 tum,
463 2312 789 2386 praecipitur
818 2318 884 2366 ut
923 2311 1130 2382 singuli
1164 2327 1276 2365 non
1305 2309 1547 2382 amplius
1575 2309 1647 2364 ad
1671 2309 1880 2363 victum

286 2404 701 2476 quotidianum,
733 2419 901 2473 quam
924 2417 1124 2472 gomor
1139 2417 1327 2455 unum
1367 2399 1722 2470 colligerent;
1755 2404 1810 2453 et
1835 2397 1883 2451 si

287 2495 578 2566 quidpiam
621 2492 824 2564 aliquis
861 2491 970 2545 alio
1010 2491 1136 2562 plus
1179 2490 1513 2560 collegisset,
1540 2506 1640 2544 seu
1672 2488 1730 2543 in
1758 2505 1882 2542 cra-

287 2585 498 2638 stinum
551 2599 616 2637 ex
682 2598 748 2636 eo
811 2584 1169 2647 reservasset,
1219 2578 1604 2634 scaturiebant
1666 2593 1880 2632 vermes

289 2669 432 2725 illico
474 2685 545 2722 ex
584 2667 700 2733 illo,
733 2667 814 2720 ita
837 2670 899 2720 ut
934 2682 1034 2720 nec
1062 2665 1212 2719 ultra
1253 2664 1410 2719 cibus
1441 2664 1534 2718 ille
1563 2664 1877 2734 proﬁceret.

294 2759 369 2813 Ex
388 2774 501 2828 quo
532 2771 780 2828 praisens
810 2754 1256 2808 Christianorum
1296 2753 1493 2822 regula
1532 2751 1878 2822 signabatur,

294 2848 437 2920 quod
467 2845 699 2917 perfecti
730 2860 950 2915 quoque
985 2860 1097 2897 non
1137 2841 1378 2896 debeant
1414 2841 1636 2896 solliciti
1665 2858 1784 2895 esse
1813 2841 1882 2895 de

293 2936 552 2990 crastino.
601 2935 821 3001 Sufﬁcit
845 2933 993 2986 enim
1035 2933 1147 2986 diei
1176 2934 1400 2986 malitia
1426 2947 1554 2991 sua;
1602 2946 1733 2983 nam
1763 2945 1883 2984 cra-

1961 1958 2127 2011 Patre
2161 1961 2362 2010 cuncta
2387 1955 2767 2026 impetremus.
2813 1956 3018 2011 Nester
3047 1960 3252 2031 quippe
3281 1969 3381 2028 est,
3419 1965 3552 2035 quia

1964 2046 2124 2101 nobis
2148 2047 2265 2116 jam
2287 2046 2417 2115 jure
2450 2044 2704 2098 debetur.
2746 2046 2877 2100 Ideo
2911 2063 3136 2102 oramus
3166 2057 3230 2104 ut
3257 2053 3404 2123 quod
3447 2071 3551 2109 no-

1963 2141 2144 2190 strum
2175 2140 2261 2189 est
2297 2151 2397 2206 per
2429 2135 2661 2200 donum,
2699 2135 2950 2205 quotidie
2984 2137 3265 2193 tribuatur
3293 2158 3392 2211 per
3417 2143 3550 2198 effe-

1961 2229 2132 2280 ctum.
2168 2223 2254 2278 Sit
2288 2229 2511 2278 tantum
2549 2223 2642 2277 ille
2685 2223 2842 2278 cibus
2882 2224 3042 2280 nobis
3087 2228 3466 2299 quotidianus,
3499 2237 3556 2286 et

1963 2313 2154 2369 omnia
2195 2313 2253 2367 in
2283 2330 2348 2368 eo
2383 2313 2552 2368 simul
2599 2318 2794 2368 nostra
2832 2321 3016 2368 erunt.
3048 2315 3165 2370 Hoc
3198 2323 3284 2372 est
3321 2319 3504 2376 dicere
3536 2338 3549 2375 :

1963 2405 2220 2458 Primum
2240 2407 2468 2472 quzrite
2489 2419 2722 2470 regnum
2749 2404 2864 2467 Dei,
2892 2409 2940 2457 et
2962 2408 3151 2460 omnia
3172 2408 3280 2461 hac
3293 2410 3559 2478 adjicien-

1967 2497 2062 2546 tur
2089 2492 2394 2556 vobis.Quae
2422 2491 2688 2546 nimirum
2711 2491 2901 2545 omnia
2920 2492 3104 2548 aliena
3127 2501 3275 2562 sunt,
3293 2497 3427 2568 quia
3444 2515 3558 2554 non

1965 2597 2162 2635 sumus
2194 2580 2262 2633 de
2296 2580 2401 2634 hoc
2427 2581 2656 2644 mundo,
2698 2585 2756 2634 et
2783 2580 2908 2635 ideo
2938 2582 3093 2652 prius
3123 2585 3270 2654 quod
3301 2593 3555 2642 nostrum

1966 2675 2051 2724 est
2076 2685 2321 2734 oremus,
2353 2673 2417 2722 ut
2462 2669 2520 2722 in
2550 2685 2614 2722 eo
2662 2675 2861 2724 cuncta
2902 2671 3234 2742 impetrasse
3281 2675 3555 2730 laetemur.

1965 2761 2110 2814 Nam
2141 2758 2288 2837 quod
2325 2757 2509 2812 aliena
2534 2757 2648 2811 sint
2679 2759 2896 2829 reliqua
2926 2765 3116 2826 336
3144 2763 3351 2826 omnia,
3399 2765 3561 2819 docet

1964 2846 2314 2918 evangelicus
2335 2863 2539 2911 sermo,
2561 2846 2655 2900 ubi
2676 2847 2781 2901 ait:
2803 2849 2869 2902 Et
2887 2851 2937 2901 si
2954 2852 3014 2903 in
3031 2853 3212 2904 alieno
3234 2868 3343 2906 non
3367 2854 3559 2920 fuistis

1963 2940 2158 3006 ﬁdeles,
2192 2938 2337 3005 quod
2365 2941 2603 2989 vestr-um
2626 2941 2719 3002 est,
2743 2940 2866 3005 quis
2896 2940 3048 2991 dabit
3077 2941 3555 3009 vobis?(Luc.xv1,

291 3031 464 3080 stinus
493 3027 607 3078 dies
648 3025 917 3077 sollicitus
947 3025 1054 3075 erit
1083 3024 1191 3075 sibi
1218 3021 1436 3092 (Matth.
1470 3034 1542 3086 vI,
1575 3019 1688 3088 34).
1723 3019 1882 3082 Quod
1901 3024 1943 3084 C
1969 3026 2076 3095 12.)
2106 3027 2411 3097 Propterea
2440 3025 2588 3095 quod
2618 3032 2874 3079 nostrum
2897 3031 2999 3090 est,
3026 3033 3158 3081 ante
3179 3029 3369 3082 omnia
3389 3035 3445 3084 et
3471 3047 3561 3085 su-

289 3115 333 3169 si
359 3115 524 3186 plane
568 3111 905 3180 laboriosum
949 3115 1180 3182 putatur
1223 3115 1280 3164 et
1319 3109 1579 3176 arduum,
1634 3109 1878 3162 ﬁliorum
1959 3133 2061 3187 per
2080 3116 2267 3170 omnia
2291 3115 2664 3186 requiramus,
2691 3120 2968 3185 quatenus
2988 3116 3082 3170 ille
3105 3117 3180 3171 sit
3196 3117 3354 3171 nobis
3375 3119 3556 3190 panis,

289 3211 476 3258 tamen
512 3201 679 3256 debet
720 3216 842 3255 esse
871 3201 980 3254 ista
1029 3198 1296 3270 perfectio
1324 3205 1389 3254 ut
1417 3199 1496 3254 sic
1531 3199 1719 3252 vivant
1749 3214 1882 3269 quo—
1962 3204 2056 3259 ille
2107 3204 2281 3269 cibus,
2313 3205 2407 3258 ille
2440 3204 2568 3268 vita,
2610 3221 2710 3274 pro
2750 3205 2911 3274 cujus
2960 3222 3150 3260 amore
3193 3223 3316 3276 qua:
3361 3209 3560 3263 mundi

292 3293 422 3347 tidie
463 3290 624 3363 quasi
671 3307 800 3344 mox
843 3289 1124 3355 morituri,
1158 3294 1214 3343 et
1242 3288 1320 3342 ibi
1358 3306 1456 3359 spe
1484 3305 1705 3360 semper
1744 3304 1884 3359 pen-
1965 3299 2098 3348 sunt
2125 3296 2315 3348 omnia
2340 3297 2740 3365 postponentes
2773 3294 2932 3363 quasi
2971 3294 3154 3348 aliena
3177 3295 3511 3366 deputemus
3545 3315 3557 3350 :

295 3382 476 3437 deant.
493 3396 677 3451 quose
695 3379 933 3433 credunt
951 3379 1678 3449 quantociusperventuros.
1700 3377 1879 3444 Unde,
1967 3388 2024 3438 et
2051 3383 2176 3437 ideo
2221 3383 2440 3436 nonnisi
2471 3383 2752 3447 diurnam,
2794 3382 2926 3436 licet
2951 3400 2982 3436 a
3013 3383 3200 3446 Patre,
3235 3384 3562 3440 alimoniam

293 3469 536 3540 quotidie
557 3476 802 3535 orantes,
821 3467 1039 3538 triplice
1061 3468 1233 3521 istum
1261 3467 1386 3522 vitae
1404 3467 1588 3521 cibum
1612 3465 1880 3536 quotidie,
1966 3473 2132 3526 istam
2164 3478 2263 3526 aut
2292 3472 2445 3524 illam
2479 3488 2760 3541 rogemus,
2785 3477 2849 3525 ut
2879 3471 2936 3525 in
2968 3472 3081 3538 illo,
3118 3473 3187 3526 de
3225 3473 3338 3538 illo,
3368 3474 3438 3528 ab
3467 3476 3561 3529 illo

294 3559 456 3614 veluti
483 3558 678 3612 ﬁdeles
707 3557 826 3622 ﬁlii,
859 3557 929 3610 de
960 3573 1128 3610 manu
1159 3556 1342 3611 Patris
1380 3556 1751 3627 percipiamus
1769 3574 1781 3621 ;
1814 3572 1884 3609 ne
1966 3578 2190 3633 semper
2217 3561 2456 3614 alamur.
2479 3560 2758 3624 Quoniam
2779 3577 2878 3614 nec
2908 3561 3240 3632 locupletius
3270 3563 3561 3618 cellarium

294 3649 429 3703 forte
457 3654 688 3719 accepta
721 3647 1059 3712 substantia,
1095 3645 1258 3699 sicuti
1287 3646 1380 3699 ille
1428 3645 1714 3716 prodigus,
1761 3645 1884 3698 lon-
1968 3649 2267 3714 invenitur,
2311 3665 2413 3703 nec
2459 3649 2818 3720 praestantius
2866 3651 3285 3719 paratissimum
3334 3652 3562 3722 quidem

293 3739 414 3809 gius
433 3737 504 3792 ab
534 3754 601 3792 eo
631 3736 954 3790 recedentes
977 3735 1320 3789 oberremus.
1345 3735 1454 3789 Sed
1481 3734 1612 3788 talis
1639 3733 1886 3804 profecto
1969 3743 2129 3792 estet
2149 3737 2505 3802 continuum;
2525 3738 2731 3792 idcirco
2752 3754 2865 3791 non
2885 3738 3037 3792 aliud
3060 3755 3375 3809 quaeramus
3393 3756 3564 3812 quam

294 3828 486 3898 regula
504 3844 540 3881 a
572 3825 763 3897 paucis
787 3824 918 3878 viris
941 3831 996 3880 et
1022 3824 1310 3878 rarissime
1343 3827 1533 3890 335
1552 3823 1882 3889 custoditur,
1971 3827 2119 3898 quod
2149 3827 2436 3898 proprium
2468 3832 2526 3880 et
2554 3831 2870 3897 paternum.
2893 3826 3159 3896 Sequitur
3191 3846 3202 3880 :

295 3917 532 3987 talisque
547 3915 730 3969 Patris
749 3930 908 3968 amor
929 3919 986 3968 et
1006 3914 1250 3968 ﬁliorum
1271 3913 1490 3967 devotio
1507 3912 1592 3966 vix
1612 3917 1884 3967 servatur.
2044 3917 2270 3970 Dimitte
2303 3916 2455 3968 nobis
2480 3915 2660 3968 debita
2687 3919 2896 3979 nostra,
2929 3919 3069 3967 sicut
3101 3920 3147 3968 et
3196 3930 3292 3968 nos
3329 3916 3565 3970 dimitti-

296 4006 470 4072 Unde,
517 4009 811 4076 sperantes
858 4003 916 4057 in
959 4003 1108 4056 illius
1145 4003 1373 4074 pietate,
1421 4001 1742 4072 rejiciamus
1770 4018 1892 4073 quae
1973 4022 2097 4058 mus
2124 4005 2454 4058 debitoribus
2497 4006 2720 4058 nostris.
2769 4003 2871 4057 Hic
2921 4002 3308 4074 unusquisque
3357 4009 3564 4059 semet-

296 4095 486 4150 mundi
515 4100 667 4160 sunt,
701 4100 760 4148 et
787 4094 865 4148 ita
896 4093 1163 4156 vivamus,
1198 4099 1262 4146 ut
1284 4091 1454 4145 etiam
1489 4090 1611 4145 cibo
1641 4091 1750 4145 isto
1776 4107 1892 4145 cor-
1974 4094 2158 4165 ipsum
2187 4093 2459 4160 attendat,
2511 4097 2567 4146 et
2601 4092 2921 4147 cautionem
2957 4109 3146 4147 coram
3188 4092 3379 4163 judice
3431 4110 3564 4148 voce

297 4202 462 4256 poreo
490 4185 583 4238 hic
612 4185 670 4238 in
694 4183 786 4236 via
819 4199 950 4237 cum
990 4181 1304 4252 gratiarum
1345 4180 1582 4246 actione,
1629 4180 1750 4233 sine
1779 4196 1889 4250 quo
1974 4183 2202 4254 propria
2257 4182 2613 4254 proposuisse
2664 4182 2961 4252 intelligat.
3015 4182 3217 4237 Docuit
3261 4183 3408 4237 enim
3458 4183 3564 4238 hoc

295 4289 404 4327 non
423 4289 743 4344 possumus,
765 4271 1014 4342 quotidie
1034 4269 1579 4341 pascamur.Deinde
1601 4268 1929 4344 moraliter_
1973 4272 2240 4342 Magister
2270 4273 2513 4343 pietatis,
2564 4288 2675 4325 non
2721 4273 2903 4326 solum
2942 4277 3006 4326 ut
3059 4289 3161 4327 nos
3208 4271 3442 4328 invicem
3491 4273 3564 4327 ad

296 4362 352 4416 in
381 4365 501 4435 lege
555 4364 947 4417 mandatorum
997 4361 1087 4414 die
1132 4377 1196 4414 ac
1235 4365 1396 4413 nocte
1425 4376 1732 4428 versemur,
1759 4342 2413 4430 quiaDmisericordiam
2462 4361 2788 4426 inﬂecteret,
2844 4378 3035 4415 verum
3088 4367 3152 4416 ut
3203 4361 3565 4433 peccantibus

297 4467 405 4506 non
434 4453 492 4506 in
517 4453 636 4506 solo
667 4467 810 4522 pane
832 4450 962 4504 vivit
981 4449 1280 4514 homo,sed
1303 4449 1360 4502 in
1381 4449 1534 4502 omni
1556 4447 1722 4502 verbo
1743 4448 1893 4519 quod
1974 4450 2032 4504 in
2053 4466 2112 4504 se
2141 4450 2270 4516 reis,
2295 4449 2413 4521 ipse
2447 4450 2856 4520 indulgentiam
2890 4450 3210 4520 largiretur.
3242 4452 3307 4505 In
3339 4468 3454 4505 uno
3483 4451 3562 4505 si-

298 4541 548 4611 procedit
574 4541 644 4594 de
690 4557 786 4594 ore
827 4539 929 4594 Dei
961 4540 1178 4606 (Matth.
1227 4554 1298 4604 IV,
1344 4538 1416 4606 4).
1459 4539 1693 4592 Constat
1719 4537 1894 4608 igitur
1976 4539 2201 4610 quidem
2229 4539 2388 4594 nobis
2403 4538 2834 4605 subveniens,in
2859 4539 3035 4592 altero
3062 4556 3191 4594 vero
3207 4540 3563 4610 peccantibus

301 4631 462 4700 quod,
493 4631 641 4685 sicut
658 4629 764 4683 isto
785 4645 929 4700 pane
954 4628 1202 4700 pascitur
1221 4627 1462 4682 exterior
1485 4628 1651 4682 homo
1678 4633 1890 4696 noster,
1973 4628 2238 4683 fratribus
2265 4645 2366 4699 per
2393 4645 2591 4682 eorum
2620 4627 2808 4682 debita
2829 4629 3115 4696 relaxans;
3142 4629 3199 4682 in
3219 4634 3458 4700 utroque
3484 4636 3567 4685 ta-

301 4718 378 4772 ita
405 4719 500 4773 illo
531 4719 603 4773 de
631 4718 722 4772 die
764 4719 822 4771 in
865 4717 1015 4772 diem
1044 4716 1279 4772 interior
1310 4717 1666 4774 reformatur.
1708 4718 1892 4787 Atque
1973 4734 2102 4771 men
2130 4717 2382 4788 utrisque
2427 4716 2646 4772 veniam
2680 4719 2987 4772 clementer
3003 4718 3262 4788 providit,
3303 4724 3361 4774 et
3397 4720 3469 4774 ad
3506 4718 3568 4773 li-

304 4825 399 4878 per
425 4809 549 4874 hoc,
578 4814 695 4862 tam
718 4808 826 4862 isto
879 4824 1046 4878 quam
1079 4807 1174 4861 illo
1212 4807 1437 4861 interim
1474 4812 1887 4875 sustentamur;
1972 4806 2245 4861 bertatem
2259 4807 2576 4877 adoptionis
2595 4807 2846 4877 singulos
2863 4806 3114 4878 quolibet
3132 4807 3420 4862 charitatis
3440 4814 3566 4864 voto

305 4896 406 4952 isto
430 4914 634 4969 corpus
666 4897 722 4950 in
752 4897 841 4950 via
859 4896 1050 4963 alitur,
1080 4896 1173 4950 illo
1197 4896 1388 4951 anima
1414 4901 1470 4950 et
1497 4913 1697 4968 corpus
1725 4895 1892 4950 simul
1972 4896 2162 4951 venire
2193 4895 2383 4950 voluit.
2417 4895 2577 4950 Unde
2596 4896 3321 4969 diligentiusunusquisque
3341 4897 3568 4969 petitio-

306 4987 374 5041 ad
400 4993 611 5043 aeterna
638 4987 905 5042 nutritur.
937 4986 1230 5041 Vescimur
1257 4992 1447 5041 autem
1494 4991 1552 5041 et
1579 4987 1890 5058 spiritalem
1974 5003 2106 5041 nem
2132 4985 2408 5040 cautionis
2437 4985 2757 5055 dignoscat;
2783 4985 2917 5057 quia
2930 4986 3376 5058 sicutpromptus
3394 4988 3465 5046 ad
3485 4987 3569 5043 in-

309 5093 482 5132 escam
507 5077 777 5148 quotidie,
796 5077 931 5130 dum
953 5081 1052 5130 aut
1074 5075 1132 5130 in
1154 5080 1504 5130 sacramento
1523 5092 1749 5130 carnem
1773 5078 1894 5147 ejus
1976 5075 2322 5146 dulgentiam
2338 5074 2484 5128 circa
2506 5091 2636 5128 suos
2664 5074 2942 5129 debitores
2962 5074 3254 5142 exstiterit,
3280 5076 3359 5130 sic
3388 5077 3568 5133 Deum

307 5167 385 5221 vel
400 5168 732 5239 sanguinem
747 5166 1113 5233 assumimus;
1134 5171 1233 5220 aut
1247 5165 1596 5220 solummodo
1609 5165 1666 5219 in
1685 5172 1889 5234 mente,
1974 5165 2033 5219 in
2053 5165 2168 5220 suis
2195 5164 2501 5236 propitium
2538 5163 2783 5218 habebit.
2818 5161 2947 5219 Hoc’
2965 5163 3114 5219 enim
3141 5182 3368 5237 sperare
3401 5166 3567 5223 doce-

308 5254 483 5325 ipsum
530 5255 792 5322 amando,
841 5254 1136 5320 credendo,
1186 5255 1482 5326 sperando,
1516 5254 1753 5310 interius
1795 5272 1890 5310 ru-
1977 5271 2154 5309 mura
2178 5253 2436 5319 Domino,
2459 5257 2518 5307 et
2543 5253 2600 5308 in
2621 5259 2816 5308 nostra
2844 5254 3074 5326 ponitur
3102 5260 3399 5326 potestate,
3420 5258 3569 5330 quod

313 5345 600 5400 minamus.
633 5345 748 5400 Isto
786 5344 1066 5415 siquidem
1112 5343 1234 5398 cibo
1288 5344 1359 5398 ad
1405 5349 1672 5398 aeternam
1720 5344 1892 5400 vitam
1974 5343 2254 5400 cernimur
2280 5342 2557 5398 dimisisse
2587 5360 2870 5400 conservo.
2908 5345 3114 5400 Nostra
3147 5346 3372 5418 quidem
3405 5364 3569 5420 spon-

315 5432 522 5489 Christo
541 5435 985 5506 incorporamur,
1019 5439 1078 5488 et
1099 5451 1227 5489 cum
1256 5450 1322 5488 eo
1352 5449 1528 5489 unum
1549 5451 1751 5506 corpus
1779 5435 1893 5490 efﬂ-
1971 5435 2128 5489 sione
2147 5433 2516 5504 astringimur
2542 5451 2554 5487 :
2586 5434 2792 5488 idcirco
2830 5434 2977 5490 sicut
3004 5434 3285 5491 debitores
3312 5453 3432 5491 esse
3463 5453 3567 5492 no-

312 5521 480 5579 cimur
504 5543 516 5595 ;
543 5525 670 5580 ideo
706 5524 849 5580 nihil
875 5524 1063 5580 minus
1091 5524 1368 5580 orandum
1394 5529 1458 5581 ut
1485 5524 1556 5580 ab
1579 5541 1644 5582 eo
1673 5525 1769 5581 illo
1799 5525 1888 5582 di-
1969 5524 2174 5596 lumus,
2198 5523 2390 5582 itanec
2407 5522 2614 5580 habere
2652 5523 2968 5597 cupiamus,
2991 5525 3122 5599 quia
3151 5525 3212 5581 in
3239 5541 3434 5581 eorum
3461 5541 3563 5598 per
