3938 6174
505 290 611 350 295

1294 273 1349 327 S.
1395 266 1778 327 PASCHASII
1818 258 2182 320 RADBERTI
2221 259 2524 318 ABBATIS
2562 258 3056 317 CORBEIENSIS.

3621 265 3709 323 ‘296

504 416 657 473 sonis
687 415 787 465 aut
809 409 1071 477 ligamur,
1101 405 1202 455 aut
1227 397 1582 453 absolvimur.
1608 392 1771 458 Quod
1794 390 1841 445 si
1864 387 2162 461 putaturA
2180 402 2366 477 coram
2394 386 2507 440 Deo
2531 387 2653 456 jam
2682 386 2887 477 ﬁducia
2912 384 3209 477 respondet
3242 384 3552 455 impetrandi
3581 406 3592 441 :
3620 389 3712 444 exi-

512 508 602 561 hic
630 505 929 559 incertum,
951 494 1019 547 de
1040 490 1241 561 quibus
1270 486 1491 551 debitis,
1514 484 1599 537 vel
1624 484 1692 536 de
1721 480 1921 552 quibus
1951 478 2104 532 debi-

509 593 726 651 toribus
747 588 983 648 dicatur,
1005 577 1315 651 abjicienda
1331 580 1416 629 est
1432 572 1694 627 materies
1711 567 2099 633 excusationis,

515 690 573 740 et
600 675 1023 747 intelligendum
1043 667 1265 740 planius
1291 682 1356 718 ex
1385 662 1537 716 omni
1566 660 1753 714 debito
1780 666 1896 713 tam
1921 657 2106 727 culpa-

514 789 642 829 rum
666 783 833 840 quam
851 769 906 818 et
924 754 1257 833 pecuniaria:
1277 751 1588 823 gravitatis,
1611 755 1674 803 ut
1695 750 1751 802 in
1774 760 2105 819 quocunque

511 863 617 920 tibi
645 838 820 913 frater
839 859 970 906 tuus
1001 862 1132 901 reus
1160 841 1347 906 fuerit,
1362 842 1468 895 hoc
1491 840 1724 893 relaxes.
1744 838 1887 891 Nam
1921 841 1979 888 et
2002 851 2104 889 nos

515 946 773 1025 plurimis
802 938 1045 996 ostendit
1068 932 1299 989 nexibus
1329 930 1607 983 involutos
1621 932 1753 1025 tam
1775 924 2108 1025 delictorum

516 1012 713 1094 crebra
765 1023 1143 1102 praesumptio,
1205 1035 1376 1089 quam
1437 1013 1757 1087 pecuniaria
1812 1012 2110 1065 inhonesta

514 1100 870 1199 quaestusque
898 1113 1036 1169 lucri
1075 1106 1459 1199 contrectatio.
1488 1104 1647 1199 Ideo,
1671 1107 1838 1199 prout
1876 1100 2109 1196 facultas

510 1186 715 1269 virium
744 1186 1004 1262 omnibus
1045 1195 1312 1269 suppetit,
1353 1192 1559 1247 debent
1606 1188 1812 1259 singuli
1858 1186 1975 1242 suis
2017 1203 2108 1240 re-

510 1314 701 1366 laxare
749 1298 1093 1359 debitoribus
1136 1292 1385 1365 pondera
1428 1286 1714 1343 facultatis
1757 1285 1960 1356 quibus
2009 1300 2110 1354 op-

512 1398 693 1473 pressi
718 1396 985 1450 tcnentur
1025 1383 1246 1439 debitis.
1274 1379 1419 1444 Quia
1449 1376 1700 1473 quisquis
1729 1373 1914 1473 egenti
1943 1372 2113 1473 metit

512 1463 875 1547 inhumanus,
908 1480 1024 1533 Deo
1064 1490 1187 1545 quae
1213 1488 1316 1525 sua
1344 1473 1477 1523 sunt
1505 1466 1763 1536 abnegat,
1795 1465 1954 1534 cujus
1983 1463 2111 1516 infi-

514 1582 637 1636 nita
673 1576 853 1648 pietas
901 1568 981 1621 sic
1026 1561 1314 1633 angustias
1362 1556 1592 1627 suscipit
1647 1554 2003 1617 miserorum,
2049 1556 2114 1605 ut

517 1642 790 1744 quidquid
818 1656 1053 1732 pauperi
1090 1649 1502 1723 dispensatione
1526 1647 1769 1744 bet—ligna
1796 1643 1967 1697 fueris
1995 1642 2111 1744 lar-

2182 476 2445 546 gentibus
2470 492 2620 542 vero,
2652 492 2818 546 paena
2844 476 2903 528 in
2934 474 3269 528 conscientia
3293 475 3555 529 remordet
3576 476 3712 531 dam-

2185 564 2376 618 nandi.
2409 565 2558 619 Deus
2587 570 2784 619 tamen
2828 564 3042 618 mavult
3068 563 3311 617 invenire
3338 562 3421 617 cui
3469 563 3718 635 indulgeat

2188 669 2357 723 quam
2390 670 2555 724 quem
2585 652 2800 724 puniat.
2830 654 2960 707 Ideo
2978 657 3163 719 338
3181 652 3238 705 in
3260 658 3442 706 nostra
3462 654 3627 724 posuit
3642 671 3721 724 po-

2186 748 2407 807 testate,
2445 759 2557 813 qua
2590 742 2826 813 quisque
2850 740 3188 796 conscientia
3213 741 3311 796 Dei
3336 741 3583 811 judicium
3609 759 3722 813 erga

2186 848 2247 885 se
2276 836 2554 902 provocet,
2588 837 2645 884 et
2672 831 2951 902 quomodo
2980 830 3312 885 sententiam
3331 831 3467 885 tanti
3493 831 3725 885 discrimi-

2188 920 2276 974 nis
2304 920 2487 974 valeat
2512 925 2846 991 temperare.
2892 921 3071 974 Nemo
3112 918 3283 990 igitur
3321 936 3380 973 se
3400 918 3672 974 immunem
3696 937 3726 974 a

2190 1015 2545 1080 peccatorum
2563 1008 2764 1063 debitis
2784 1009 3122 1074 existiment,
3142 1008 3274 1079 quia
3291 1024 3448 1062 nemo
3465 1009 3575 1063 sine
3591 1008 3727 1080 culpa

2189 1099 2373 1151 vivere
2402 1102 2603 1167 potest.
2637 1096 2717 1151 De
2746 1113 2857 1168 quo
2882 1098 3123 1152 Joannes
3154 1096 3455 1167 apostolus:
3474 1096 3534 1151 Si
3555 1098 3727 1151 dixeri-

2192 1202 2336 1253 mus,
2362 1185 2564 1256 inquit,
2606 1189 2741 1254 quia
2764 1192 3046 1255 peccatum
3081 1200 3193 1240 non
3221 1186 3489 1250 habemus,
3514 1187 3611 1254 ipsi
3651 1201 3727 1239 nos

2192 1276 2519 1341 seducimus,
2551 1281 2599 1329 et
2627 1278 2829 1329 veritas
2853 1277 2917 1328 in
2946 1276 3100 1328 nobis
3129 1290 3240 1328 non
3269 1280 3346 1328 est
3375 1274 3420 1343 (Ι
3432 1275 3578 1328 Joan.
3610 1287 3644 1339 Ι,
3663 1271 3725 1342 8).

2193 1364 2387 1433 Neque
2407 1363 2780 1435 perfunctorie
2798 1364 2903 1417 hoc
2921 1363 3190 1433 Magister
3212 1362 3454 1416 veritatis
3473 1361 3729 1433 discipulos

2193 1452 2383 1506 docuit
2421 1468 2603 1506 orare.
2636 1454 2832 1523 Neque
2860 1451 3192 1506 universalis
3219 1450 3459 1506 Ecclesia
3498 1450 3621 1505 false
3642 1450 3731 1505 ista

2193 1540 2463 1613 probatur
2502 1540 2703 1595 dicere.
2741 1540 2952 1595 Omnes
2982 1540 3209 1612 quidem
3249 1539 3524 1602 debemus,
3551 1545 3600 1593 et
3630 1539 3731 1593 ideo

2192 1630 2450 1684 omnibus
2465 1630 2783 1684 necessaria
2800 1635 2887 1683 est
2905 1629 3112 1683 Christi
3130 1628 3493 1699 indulgentia.
3518 1628 3735 1699 Propter-

514 1717 691 1832 ἐξίαεῖ
709 1717 1148 1822 εἰδὶιρηέεῐίῐωη
1189 1743 1572 1797 connumeret.
1599 1736 1889 1791 Debitores
1918 1739 2174 1802 autemB
2192 1736 2260 1820 ef?-
2286 1720 2469 1773 ἀθνοῐί
2499 1736 2565 1772 ex
2594 1719 2782 1832 θηίξηο
2827 1717 3086 1832 οιηῗξδυε
3123 1718 3450 1832 ῐξθιδξιξξηυεν
3480 1722 3539 1832 ιξί
3565 1723 3616 1771 et
3642 1733 3735 1832 ‘PO‘

520 1828 702 1915 i331
734 1842 914 1897 tribus
942 1833 1164 1891 obnoxii
1192 1830 1373 1885 modis
1400 1836 1691 1882 tenemur:
1716 1841 1843 1877 cum
1870 1828 1970 1915 aut
1993 1838 2115 1892 quae

516 1911 789 1994 Divinitas
816 1924 1102 2001 prohibuit
1129 1918 1502 1981 admittimus,
1536 1919 1636 1969 aut
1665 1931 1787 1984 quae
1804 1911 1976 1983 jussit
2000 1927 2113 2001 non

513 1999 847 2097 implemus;
878 2032 978 2070 seu
1007 2029 1134 2067 cum
1165 2010 1235 2063 de
1264 2005 1506 2078 propriis
1542 2003 1908 2072 astringimur
1937 1999 2107 2067 votis;

515 2089 648 2188 quia
673 2117 730 2166 et
750 2118 871 2164 tum
902 2104 1189 2161 debemus,
1222 2095 1431 2152 Christi
1473 2089 1946 2188 be‘neﬁciaﬂgratis
1977 2105 2111 2188 con-

517 2179 713 2265 secuti,
748 2195 938 2254 omnia
964 2208 1086 2263 quae
1107 2185 1486 2261 promisimus,
1517 2182 1695 2236 donec
1731 2179 1882 2233 fideli
1920 2182 2109 2231 mente

515 2291 739 2363 singula
765 2285 1086 2341 reddamus.
1119 2278 1210 2333 Sic
1236 2277 1428 2344 itaque
1442 2276 1512 2363 pet
1540 2271 1597 2324 in
1629 2268 1790 2323 nobis
1812 2266 2110 2363 tr'ipliciter

517 2355 855 2437 admittitur.
884 2370 1033 2442 quod
1061 2366 1350 2421 remittere
1376 2360 1658 2432 jubemur,
1686 2357 1893 2411 nostris
1920 2362 1983 2410 ut
2009 2355 2108 2410 ab-

515 2472 804 2526 solvamur
830 2459 1099 2517 reatibus.
1139 2457 1281 2510 Dum
1324 2452 1532 2521 injuste
1580 2453 1678 2502 aut
1704 2447 1764 2501 in
1793 2447 1981 2500 animo
2021 2445 2110 2499 lae-

518 2560 724 2621 dimur,
760 2557 862 2609 aut
902 2550 961 2604 in
1007 2560 1237 2616 corpore
1282 2537 1636 2613 passionibus
1676 2535 1971 2601 afﬁcimur,
2015 2540 2116 2588 aut

520 2651 579 2705 in
631 2647 722 2701 his
771 2639 1033 2700 exterius,
1066 2647 1189 2705 quin
1221 2629 1380 2685 nobis
1418 2630 1549 2698 jure
1594 2628 1939 2696 competunt,
1973 2639 2114 2694 quo-

520 2738 655 2794 libet
709 2731 1045 2803 injuriarum
1101 2723 1302 2776 atl‘ectu
1346 2730 1800 2789 praegravamur;
1853 2728 2108 2784 quorum,

522 2801 836 2899 quibusque
857 2812 1224 2875 debitoribus,
1257 2824 1355 2862 seu
1385 2804 1595 2899 peccati
1627 2803 1701 2899 sit
1726 2801 1991 2899 pretium,
2015 2816 2116 2899 seu

517 2889 908 2981 uerum,_quod
935 2913 1341 2969 nonnunquam
1371 2895 1490 2948 sine
1520 2893 1724 2947 dilecto
1752 2894 1997 2955 tenetur,
2022 2889 2115 2943 de-

515 2976 722 3060 bemus
751 2976 978 3054 o-mnino
1025 2988 1291 3044 fratribus
1337 2984 1605 3045 relaxare,
1647 2985 1925 3050 quatenus
1954 2976 2115 3031 nobis

515 3097 711 3148 nostra
741 3105 774 3141 a
801 3086 892 3156 pio
916 3080 1104 3152 judice
1134 3077 1458 3129 relaxentur
1500 3069 1707 3124 debita.
1742 3067 1980 3156 Maxime
2025 3072 2112 3119 ta-

517 3197 648 3236 men
675 3154 896 3250 pondus
924 3165 1155 3241 peccati,
1188 3164 1235 3217 si
1264 3162 1334 3215 ad
1364 3176 1464 3213 nos
1501 3158 1782 3230 pertinere
1820 3154 2107 3227 probatur,

517 3245 761 3326 ultronei
805 3260 1194 3321 remittamus;
1229 3250 1497 3322 quoniam
1532 3247 1637 3301 etsi
1668 3245 1919 3300 debitum
1950 3261 2114 3315 pecu-

515 3359 623 3415 nia
649 3352 932 3411 interdum
970 3349 1121 3417 juste
1142 3340 1470 3412 repetimus,
1504 3335 1755 3389 debitum
1781 3333 2113 3387 delictorum

520 3460 809 3518 nunquam
848 3434 1168 3511 petentibus
1197 3429 1302 3484 sibi
1331 3425 1608 3518 indulgeri
1636 3424 1846 3494 absque
1884 3423 2115 3518 damna-

515 3511 677 3594 tione
708 3537 903 3587 nostra
930 3538 1221 3595 negamus.
1262 3517 1422 3572 Unde
1448 3519 1786 3586 praeceptum
1811 3521 1897 3566 est
1923 3511 1983 3565 in
2011 3511 2115 3565 hoc

517 3628 639 3700 ipso
685 3616 1018 3690 Evangelio:
1055 3613 1197 3667 Cum
1248 3605 1517 3662 steteritis
1547 3603 1620 3700 ad
1657 3601 1989 3700 orationem:
2020 3615 2114 3654 re-

518 3690 726 3771 mittite
756 3710 804 3764 si
833 3706 966 3779 quid
994 3697 1213 3757 habetis
1252 3696 1521 3751 adversus
1550 3692 1816 3763 aliquem,
1864 3696 1923 3779 et
1947 3690 2115 3779 Pater

517 3810 720 3869 vester,
757 3777 866 3871 qui
881 3796 941 3850 in
970 3791 1124 3847 caelis
1174 3793 1279 3855 est,
1311 3784 1563 3839 remittet
1590 3786 1816 3852 peccata
1828 3778 2035 3871 vobis;
2067 3777 2115 3831 si

517 3900 708 3951 autem
732 3869 830 3943 vos
859 3901 973 3940 non
1002 3876 1349 3942 remiseritis,
1384 3872 1586 3944 inquit,
1614 3886 1795 3940 neque
1827 3869 1995 3923 Pater
2017 3883 2112 3920 ve-

515 3992 648 4050 ster,
679 3980 775 4054 qui
805 3979 864 4033 in
889 3973 1043 4030 caelis
1074 3974 1178 4035 est,
1212 3966 1465 4021 remittet
1487 3961 1642 4016 vobis
1672 3963 1899 4054 peccata
1926 3961 2115 4054 vestra

521 4046 737 4144 (Matth.
793 4080 948 4129 xvm,
1004 4061 1115 4127 35).
1160 4054 1452 4144 Excusatio
1484 4066 1727 4119 namque
1772 4046 1932 4101 nobis
1960 4046 2115 4144 nulla

514 4134 872 4229 relinquitur,
908 4151 1040 4221 quia
1076 4143 1465 4214 unusquisque
1508 4146 1760 4193 nostrum
1804 4134 2111 4189 secundum

516 4251 667 4303 hanc
679 4222 1024 4299 sententiam
1050 4236 1109 4289 in
1137 4233 1226 4288 die
1242 4229 1437 4301 judicii
1450 4227 1814 4299 judicabitur.
1836 4225 1945 4279 Sed
1962 4222 2111 4277 cauti

2194 1810 2341 1863 tiora
2368 1825 2465 1863 seu
2492 1808 2827 1879 quamplura
2854 1806 3014 1862 nobis
3034 1824 3068 1861 a
3103 1807 3198 1878 pio
3214 1807 3401 1878 judice
3435 1807 3731 1861 relaxentur.

2196 1897 2581 1952 Pecuniariam
2613 1897 2817 1969 quippe
2839 1896 3140 1968 proposuit
3168 1896 3365 1951 orandi
3393 1897 3631 1966 ﬁguram,
3651 1894 3735 1947 fla-

2193 1986 2348 2057 gitiis
2375 1991 2778 2057 comparatam,
2812 1986 3081 2056 quoniam
3132 1985 3290 2040 radix
3318 1985 3556 2039 omnium
3596 1982 3737 2037 malo-

2195 2092 2322 2130 rum
2352 2092 2463 2130 non
2498 2076 2680 2129 solum
2709 2075 3004 2146 cupiditas,
3034 2074 3132 2129 sed
3157 2080 3214 2130 et
3234 2075 3466 2129 avaritia
3489 2072 3733 2144 probatur,

2195 2165 2315 2219 sine
2346 2166 2507 2236 cujus
2530 2164 2745 2218 semine
2771 2164 2971 2218 vitioso
2997 2164 3157 2218 nulla
3183 2163 3572 2236 propemodum
3595 2177 3736 2232 gene-

2192 2259 2391 2309 rantur
2421 2255 2650 2308 scelera.
2687 2254 2897 2309 Idcirco
2935 2253 2993 2307 in
3015 2253 3276 2325 utrisque
3323 2252 3635 2307 servandum
3653 2254 3735 2314 est,

2190 2349 2254 2398 ut
2282 2344 2340 2397 in
2377 2343 2803 2415 quibuscunque
2855 2359 3154 2415 possumus
3184 2342 3461 2397 conservis
3495 2337 3740 2395 subvenia-

2192 2450 2339 2490 mus.
2369 2432 2636 2502 Alioquin
2667 2432 2763 2504 qui
2791 2432 2963 2486 corda
2990 2432 3224 2502 inspicit
3267 2431 3617 2502 singulorum,
3645 2428 3740 2498 ipse

2197 2528 2294 2578 aut
2324 2538 2515 2594 preces
2559 2521 2849 2593 approbat,
2882 2520 3153 2575 charitate
3186 2521 3248 2575 in
3276 2521 3460 2575 animo
3489 2521 3738 2589 ﬂagrante,

2197 2618 2296 2667 aut
2323 2610 2587 2682 reprobat
2606 2610 2702 2664 illa
2723 2610 3137 2680 refrigescente.
3176 2610 3326 2675 Quia
3352 2608 3583 2681 profecto
3616 2606 3742 2678 prius

2196 2702 2365 2756 corda
2383 2700 2638 2771 viresque
2658 2700 3007 2770 singulorum
3028 2699 3274 2770 inspicit,
3295 2704 3353 2754 et
3364 2704 3493 2753 tunc
3510 2714 3569 2752 ex
3580 2713 3636 2750 eo
3648 2709 3743 2748 mu-

2196 2806 2302 2844 nus
2320 2789 2453 2856 voti,
2478 2805 2577 2843 seu
2597 2788 2909 2859 supplicum
2926 2804 3117 2859 preces
3140 2794 3360 2859 pensat.
3378 2787 3515 2842 Hinc
3532 2790 3610 2840 est
3624 2780 3745 2855 quod

2196 2880 2443 2951 primum
2472 2879 2543 2932 ad
2570 2877 2726 2944 Abel,
2759 2877 2960 2931 deinde
2986 2877 3058 2931 ad
3079 2878 3205 2948 ejus
3233 2894 3464 2932 munera
3483 2872 3746 2946 respexisse

2196 2968 2430 3039 legitur;
2463 2967 2613 3021 unde
2634 2967 2885 3039 placatus
2911 2983 2979 3020 ea
3005 2967 3276 3037 suscepit,
3308 2966 3439 3038 quia
3464 2981 3585 3020 eum
3609 2976 3747 3034 quem

2129 3030 2174 3092 C
2197 3058 2354 3128 prius
2370 3061 2663 3129 aspexerat
2686 3072 2874 3110 coram
2895 3073 2955 3110 se
2969 3060 3185 3110 rectum
3203 3055 3749 3125 invenit.Quapropter

2196 3163 2361 3200 nemo
2391 3163 2450 3200 se
2479 3146 2653 3213 fallat,
2684 3162 2849 3199 nemo
2892 3162 2950 3199 se
2987 3145 3426 3211 circumveniat;
3475 3142 3748 3214 quicunque

2195 3252 2309 3290 non
2336 3235 2614 3289 dimiserit
2633 3233 2992 3306 peccantibus
3013 3233 3118 3287 sibi
3128 3240 3205 3288 ex
3225 3234 3410 3298 corde,
3434 3233 3625 3287 frustra
3641 3233 3748 3282 ante

2190 3325 2458 3396 judicem,
2491 3326 2652 3396 cujus
2674 3324 2791 3379 haec
2819 3328 2951 3378 sunt
2979 3322 3270 3392 mandata,
3299 3338 3486 3394 preces
3513 3320 3674 3375 offert.

2266 3416 2331 3469 Et
2354 3431 2418 3469 ne
2445 3430 2539 3468 nos
2560 3417 2791 3468 inducas
2812 3417 2873 3467 in
2906 3416 3286 3468 tentatz‘onem.
3309 3414 3433 3468 Non
3447 3405 3753 3483 quodDomi-

2197 3521 2303 3558 nus
2331 3503 2443 3558 dux
2482 3508 2538 3557 et
2560 3503 2829 3574 magister
2855 3502 3126 3568 veritatis,
3160 3503 3260 3573 qui
3290 3503 3381 3557 via
3404 3506 3488 3556 est
3511 3493 3751 3555 credenti-

2200 3592 2320 3659 bus,
2343 3593 2663 3665 quempiam
2688 3593 2745 3645 in
2765 3593 3030 3663 laqueum
3056 3592 3388 3647 tentationis
3409 3590 3646 3653 inducat;
3673 3581 3752 3638 sed

2198 3683 2506 3737 abhorrens
2527 3682 2625 3753 qui
2651 3682 2767 3736 suis
2787 3681 3079 3752 negligunt
3092 3697 3293 3752 parere
3314 3677 3627 3751 disciplinis,
3648 3687 3752 3728 cum

2199 3788 2292 3826 eos
2341 3772 2550 3826 deserit
2602 3776 2657 3824 et
2695 3770 2971 3842 permittit
3016 3770 3098 3824 ire
3136 3786 3470 3841 quocunque
3511 3768 3755 3821 ducuntur

2195 3861 2384 3927 illecti,
2411 3864 2533 3914 tum
2559 3859 2755 3930 utique
2774 3858 3040 3914 inducere
3063 3875 3158 3913 eos
3180 3858 3524 3930 perhibetur.
3541 3855 3623 3910 Fit
3644 3864 3753 3919 ergo

2195 3949 2301 4003 iste
2322 3948 2585 4019 loquendi
2604 3948 2804 4002 modus
2825 3952 2883 4002 in
2907 3947 3212 4019 Scripturis
3234 3948 3436 4002 divinis
3460 3939 3755 4023 frequentis-

2195 4038 2355 4105 sime,
2389 4054 2489 4109 per
2513 4037 2570 4091 id
2600 4037 2749 4108 quod
2790 4037 2927 4092 sinit
2959 4042 3059 4091 aut
3106 4042 3344 4107 praestat
3379 4036 3519 4101 ﬁeri,
3552 4037 3612 4088 ut
3657 4029 3755 4099 ipse

2194 4128 2377 4182 facere
2395 4127 2633 4181 dicatur.
2658 4125 2843 4181 Habes
2871 4142 3092 4196 quoque
3117 4125 3174 4179 in
3201 4125 3350 4180 bono
3380 4123 3527 4197 quod
3546 4118 3755 4193 Spiritus

2165 4256 2174 4267 .
2195 4222 2420 4272 sanctus
2440 4215 2686 4288 postulet
2701 4231 2800 4287 pro
2819 4214 2979 4269 nobis
2998 4216 3293 4283 gemitibus
3314 4208 3756 4269 inenarrabilibu:

518 4297 928 4391 esse‘debemus
949 4342 1020 4380 ne
1043 4327 1144 4377 aut
1171 4297 1389 4389 ea'quae
1419 4297 1477 4369 in
1504 4317 1684 4369 Deum
1712 4313 2106 4408 admittuntur,
2125 4347 2176 4408 Β
2197 4308 2383 4408 jRom.‘
2405 4321 2523 4408 vni,
2551 4304 2833 4408 26),“dum
2859 4321 2966 4408 nos
2996 4305 3295 4408 postulare.
3320 4304 3454 4358 facit
3474 4297 3759 4408 thabesjl:

517 4424 677 4498 quasi
716 4425 910 4475 nostra
960 4408 1321 4487 peccantibus
1366 4407 1702 4467 relaxemus,
1736 4406 1836 4454 aut
1877 4416 1944 4453 ea
1988 4392 2174 4470 quae"
2194 4396 2253 4449 in
2276 4396 2443 4463 malo,
2469 4396 2604 4450 dum
2642 4394 2776 4449 dicit
2804 4410 2815 4446 :
2849 4394 2915 4448 Et
2937 4410 3028 4462 ego
3058 4394 3338 4447 indurabo
3364 4408 3456 4447 cor
3481 4392 3756 4446 Pharaonis

1329 4496 1359 4498 _
1415 4495 1424 4498 _
1708 4490 1718 4498 .
1781 4489 1818 4498 ι.
1863 4493 1871 4498 .
2026 4493 2032 4498 .
2075 4487 2086 4498 α
2201 4484 2259 4498 ηπ
2349 4487 2363 4498 1
2528 4483 2616 4498 Λικ
3017 4481 3029 4493 ο
3092 4481 3107 4498 1
3253 4481 3265 4493 ο
3465 4480 3476 4492 ⁸
3513 4479 3552 4498 ΞΔ.
3613 4477 3756 4498 Δια-ειη

517 4487 713 4570 nostra
735 4512 885 4575 sunt,
905 4502 1079 4559 veluti
1099 4517 1165 4555 ex
1196 4498 1312 4552 zelo
1328 4495 1450 4559 Dei,
1475 4508 1645 4547 causa
1670 4489 1926 4544 vindictae
1956 4487 2115 4541 retri-

515 4604 775 4658 buamus.
808 4596 1063 4652 Solemus
1095 4604 1247 4660 ergo,
1277 4584 1425 4657 quod
1451 4586 1537 4637 est
1571 4579 1813 4652 gravius,
1848 4592 1984 4648 erga
2018 4577 2116 4631 illa

518 4708 641 4766 quae
682 4689 753 4743 ad
803 4685 905 4741 Dei
950 4674 1346 4750 omnipotentis
1390 4670 1659 4766 injuriam
1715 4671 2106 4766 prorumpunt,

518 4757 677 4855 quasi
719 4777 1018 4832 clementes
1067 4768 1346 4835 existere;
1395 4778 1527 4833 erga
1568 4760 1666 4813 illa
1713 4773 1842 4855 vero
1887 4757 2111 4855 quae-in

519 4844 680 4926 nobis
701 4868 863 4929 fiunt,
889 4861 1018 4915 licet
1035 4855 1380 4930 parvissima,
1398 4849 1646 4904 immites
1662 4852 1720 4901 et
1742 4844 2110 4900 inexorabiles

520 4973 643 5015 esse
671 4974 682 5010 :
712 4970 813 5026 pro
840 4949 1043 5023 quibus
1072 4962 1182 5001 non
1208 4939 1615 5011 indulgentiam
1644 4936 1900 5006 utrisque
1927 4933 2108 5026 factis,

518 5048 619 5104 sed
661 5022 1181 5100 condemnationem
1212 5049 1246 5087 a
1273 5030 1510 5086 Domino
1540 5040 1948 5099 promeremur,
1980 5022 2113 5094 quia

517 5155 583 5193 ex
612 5137 733 5208 ipsa
751 5136 947 5187 nostra
959 5125 1226 5199 petitione
1253 5120 1449 5176 durius
1473 5117 1940 5208 condemnamur.
1965 5111 2110 5208 Quid

516 5199 652 5296 ergo
682 5227 767 5278 est
795 5221 979 5274 dicere
1014 5233 1025 5268 :
1061 5212 1293 5268 Dimitte
1340 5208 1486 5263 sicut
1523 5199 2110 5296 dimisi__debitoribus

518 5293 678 5380 meis,
712 5328 838 5366 cum
865 5324 979 5363 non
1007 5300 1304 5363 dimiseris,
1326 5297 1436 5351 nisi
1464 5295 1620 5366 pium
1643 5293 1890 5365 judicem
1919 5305 1986 5345 ex
2012 5294 2112 5343 tua

513 5400 843 5460 crudelitate
890 5397 962 5451 ad
998 5390 1355 5448 severitatem
1388 5384 1640 5439 vindictae
1681 5383 1865 5436 acrius
1908 5395 2112 5451 provo-

516 5491 686 5549 care?
715 5489 926 5545 Idcirco
954 5485 1195 5538 formam
1224 5476 1384 5533 nobis
1421 5472 1709 5544 imposuit,
1752 5469 2112 5541 quemadmo-

458 5592 459 5595 “
518 5584 654 5644 dum
681 5579 936 5635 volumus
971 5568 1231 5647 judicari.
1257 5564 1419 5626 Unde
1438 5558 1859 5633 indulgentibus
1888 5574 2113 5615 summa

2197 4484 2380 4555 (Exod.
2414 4497 2487 4551 Iv,
2528 4483 2641 4552 21),
2687 4499 2813 4537 cum
2844 4498 2973 4536 eum
3015 4481 3269 4536 indurari
3301 4479 3571 4554 permisit.
3601 4477 3757 4543 Atque

2194 4574 2467 4645 propheta
2498 4592 2509 4626 :
2546 4573 2854 4637 Indurash’,
2885 4573 3135 4638 Domine,
3171 4587 3263 4626 cor
3293 4574 3565 4635 nostrum,
3610 4563 3758 4618 indu-

2195 4665 2335 4717 ναειί
2355 4678 2422 4715 ne
2446 4664 2656 4714 iremus
2671 4666 2790 4729 post
2813 4666 2860 4715 te
2884 4661 3017 4727 (Isa.
3044 4674 3192 4725 ani,
3213 4660 3326 4728 17).
3346 4660 3472 4715 Νοη
3492 4654 3631 4729 quod
3651 4650 3757 4723 pius

2194 4750 2466 4805 Dominus
2491 4749 2735 4819 aliquem
2757 4755 2857 4804 aut
2883 4749 3111 4804 inducat
3139 4749 3197 4803 in
3224 4747 3490 4819 laqueum
3519 4739 3759 4800 tentatio-

2194 4840 2301 4904 nis,
2343 4843 2443 4892 aut
2462 4837 2708 4905 indurat,
2731 4855 2803 4893 ne
2819 4838 3049 4893 verbum
3080 4837 3389 4909 disciplinae
3409 4838 3576 4908 queat
3597 4831 3762 4898 339

2193 4928 2474 5000 suscipere
2500 4945 2512 4979 :
2548 4927 2645 4982 sed
2670 4928 2821 4999 quia,
2856 4929 2991 4983 dum
3015 4927 3229 4999 judicio
3258 4944 3360 4982 suo
3390 4942 3519 4981 vero
3549 4929 3603 4978 et
3627 4920 3760 4992 justo

2192 5035 2295 5073 nos
2330 5017 2557 5084 deserit,
2585 5017 2746 5089 quasi
2766 5017 3031 5072 inducere
3057 5018 3115 5071 in
3136 5016 3309 5072 sacris
3336 5015 3539 5071 litteris
3575 5013 3760 5081 ﬁgura-

2191 5113 2306 5175 tur,
2359 5112 2416 5161 et
2445 5106 2579 5161 dum
2626 5123 2729 5161 nos
2768 5106 2904 5160 sinit
2953 5106 3287 5161 inﬁdelitate
3325 5104 3508 5161 cordis
3550 5096 3761 5156 interius

2191 5197 2595 5269 congelescere,
2628 5196 2790 5267 quasi
2820 5195 3085 5250 indurare
3113 5195 3334 5260 dicitur,
3369 5193 3503 5266 quia
3546 5204 3651 5245 non
3690 5199 3759 5238 re-

2192 5287 2356 5343 solvit
2383 5287 2454 5341 ad
2485 5287 2726 5340 calorem
2756 5285 2984 5353 amoris,
3018 5301 3159 5356 quos
3187 5286 3342 5340 novit
3389 5282 3673 5353 frigescere
3698 5269 3758 5326 ab

2191 5378 2305 5443 illo,
2340 5377 2437 5447 qui
2462 5376 2649 5431 sedem
2682 5392 2842 5430 suam
2890 5375 2961 5429 ad
2990 5375 3324 5447 Aquilonem
3371 5371 3575 5445 posuit.
3616 5361 3760 5422 Unde

2192 5483 2398 5538 sponsa
2425 5467 2484 5520 in
2516 5464 2796 5521 Canticis:
2828 5463 3022 5534 Surge,
3053 5466 3273 5534 Aquilo,
3303 5469 3353 5517 et
3384 5464 3528 5527 veni,
3559 5458 3756 5538 Ausim

2186 5537 2365 5628 per/la
2385 5556 2629 5623 hortum,
2654 5560 2717 5609 ut
2733 5558 2917 5626 ﬂuant
2943 5560 3201 5610 aromata
3223 5555 3382 5611 illius
3396 5552 3572 5621 (0am.
3594 5561 3661 5615 Iv,
3685 5537 3759 5614 16)
