3938 6174
217 224 316 282 297

965 221 1346 279 EXPOSITIO
1386 223 1464 279 IN
1502 221 1946 279 MATTHEUM.
1993 250 2057 262 -—
2097 219 2236 276 LIB.
2279 220 2373 290 IV,
2416 220 2574 278 CAP.
2619 223 2713 279 Vl.

3379 231 3486 293 298

217 347 498 418 Alioquin,
530 345 640 400 nisi
666 347 886 401 animus
927 346 1114 402 divino
1159 347 1328 402 fuerit
1365 347 1592 418 adjutus
1620 344 2390 418 suﬁra-Aincorruptionem,
2429 353 2485 402 et
2528 349 2765 402 mortale
2805 349 3308 422 immortalitatem,
3350 360 3486 412 tunc

215 437 324 508 gio,
347 437 461 491 cito
481 437 653 490 ﬂante
683 443 849 491 vento
881 437 1207 492 tentationis
1230 437 1301 492 ad
1330 438 1550 492 ruinam
1581 437 1818 509 impelli-

215 533 324 580 tur.
354 527 500 581 Hinc
529 532 615 581 est
641 526 790 598 quod
819 526 1066 598 petimus
1094 546 1105 580 :
1141 528 1205 582 Et
1249 543 1315 581 ne
1345 544 1441 581 nos
1489 529 1723 581 inducas
1753 529 1816 580 in

219 619 594 683 tentationem,
617 616 675 670 id
703 622 805 682 est,
836 615 906 670 ab
935 633 1000 671 eo
1029 617 1125 688 qui
1155 617 1302 671 male
1338 622 1521 671 tentat
1548 633 1618 671 ne
1663 616 1813 670 sinas

217 721 316 760 nos
370 705 582 762 induci.
621 707 770 760 Deus
827 705 977 760 enim
1025 706 1334 761 intentator
1373 711 1458 761 est
1510 706 1808 760 malorum.

216 795 358 850 Hinc
387 795 664 866 scriptum
695 801 780 849 est
809 796 955 866 quod
978 795 1133 850 Deus
1162 796 1445 850 neminem
1469 800 1668 850 tentat.
1686 796 1813 848 Non

218 884 364 955 quod
387 900 500 938 non
530 884 834 938 tentaverit
855 883 1137 939 Abraham
1163 890 1219 938 et
1248 884 1435 950 Jacob,
1465 901 1565 940 seu
1615 885 1816 939 electo-

217 990 342 1028 rum
359 973 810 1044 quamplurimas
841 973 910 1027 ad
939 974 1197 1040 salutem,
1232 974 1324 1028 sed
1350 974 1483 1045 quia
1502 974 1572 1028 ad
1604 974 1817 1028 malum

216 1062 503 1117 neminem
522 1068 725 1126 tentat,
751 1067 807 1117 et
824 1063 950 1117 ideo
963 1063 1273 1118 intentator
1291 1064 1567 1140 malorum
1590 1063 1814 1118 dicitur.

217 1153 550 1207 Inducimur
577 1157 765 1206 autem
793 1152 851 1206 in
879 1153 1270 1221 tentationem,
1299 1169 1426 1208 cum
1457 1152 1692 1207 tentatio
1717 1170 1819 1207 nos

217 1241 298 1294 vel
329 1257 536 1312 parum
558 1241 824 1312 fregerit;
848 1258 1030 1313 neque
1056 1242 1206 1297 enim
1228 1259 1454 1297 oramus
1483 1249 1546 1297 ut
1567 1259 1676 1296 non
1701 1248 1820 1296 ten-

217 1336 423 1395 temur,
461 1330 559 1384 sed
590 1347 660 1384 ne
680 1331 1013 1384 inducamur
1038 1331 1095 1385 in
1120 1332 1512 1398 tentationem,
1543 1331 1597 1385 id
1625 1337 1727 1397 est,
1748 1347 1818 1384 ne

216 1435 316 1472 nos
347 1419 594 1473 tentatio
624 1420 707 1473 vel
738 1420 808 1473 ad
828 1420 1108 1474 modicum
1137 1420 1352 1488 vincat;
1377 1421 1480 1474 hoc
1501 1420 1704 1491 quippe
1734 1426 1820 1474 est

216 1507 424 1573 dicere,
449 1524 520 1562 ne
548 1525 650 1562 nos
679 1508 884 1562 inieras
913 1509 971 1562 in
1000 1510 1390 1575 tentationem,
1425 1509 1573 1580 quod
1612 1510 1819 1564 Paulus

215 1599 514 1669 praemittit
533 1599 742 1665 dicens,
777 1600 922 1670 quod
955 1599 1117 1654 faciet
1136 1616 1263 1654 cum
1285 1600 1614 1665 tentatione,
1649 1599 1819 1654 etiam

215 1659 533 1759 providebit
557 1697 622 1743 ut
645 1659 920 1760 possimus
940 1688 1216 1743 sustinere
1242 1690 1297 1758 (Ι
1317 1689 1439 1744 Cor.
1460 1706 1510 1754 x,
1539 1659 1649 1757 43).
1674 1689 1820 1742 Nam
1837 1659 1881 1717 Β

219 1794 330 1831 non
356 1778 488 1831 ideo
509 1777 864 1832 beatiﬁcatur
887 1779 1184 1850 quispiam,
1219 1779 1367 1849 quod
1400 1795 1513 1832 non
1541 1783 1815 1844 tentatur,

220 1867 313 1920 sed
332 1867 472 1936 quia
481 1872 612 1938 post
632 1867 1000 1921 tentationem
1020 1868 1196 1922 victor
1215 1867 1480 1921 divinitus
1497 1873 1814 1922 coronatur.

222 1956 363 2009 Hinc
393 1955 606 2026 quippe
633 1957 900 2027 scripturn
923 1961 1035 2011 est'
1058 1959 1252 2010 Beatus
1273 1959 1362 2011 vir
1376 1960 1677 2026 quisa/fert
1708 1962 1819 2010 ten-

223 2049 511 2111 tationem,
536 2048 802 2112 quoniam
833 2063 958 2099 cum
983 2048 1247 2114 probatus
1274 2047 1467 2114 fuerit,
1496 2049 1722 2115 accipiet
1740 2063 1820 2100 co-

219 2149 419 2187 ronam
438 2136 567 2188 vita
593 2135 726 2200 (Jac.
746 2148 786 2200 Ι,
819 2133 922 2201 1?).
952 2132 1187 2188 Constat
1206 2133 1381 2204 igitur
1393 2135 1540 2204 quod
1563 2135 1820 2190 omnibus

219 2220 461 2275 tentatio
484 2221 806 2276 necessaria
825 2226 926 2286 est,
949 2228 1005 2276 et
1021 2239 1213 2276 omnes
1232 2228 1537 2276 tentamur.
1563 2223 1670 2277 Sed
1692 2224 1824 2294 quia

218 2311 362 2365 vires
401 2317 614 2365 nostrae
653 2311 723 2364 ad
755 2328 820 2365 ea
858 2328 969 2366 non
1010 2311 1296 2366 sufﬁciunt
1323 2313 1658 2384 superanda,
1693 2329 1824 2367 ora-

217 2415 342 2466 mus
374 2399 709 2454 medullitus
738 2400 940 2465 cordis,
974 2401 1050 2455 Ne
1082 2417 1177 2455 nos
1209 2403 1441 2455 inducas
1469 2405 1530 2455 in
1573 2405 1823 2456 tentatio-

223 2505 366 2556 nem,
400 2490 512 2543 hoc
544 2495 646 2554 est,
681 2506 752 2543 ne
781 2489 934 2544 sinas
963 2506 1065 2544 nos
1113 2490 1195 2544 ire
1225 2495 1290 2544 ut
1317 2490 1607 2544 vincamur
1635 2510 1646 2558 ;
1677 2508 1741 2545 ac
1774 2491 1821 2545 si

217 2577 445 2632 dicatur
473 2596 485 2629 :
511 2579 663 2633 Infer
690 2579 1078 2644 tentationem,
1113 2585 1178 2634 ut
1201 2578 1523 2651 probemur,
1551 2585 1608 2634 et
1621 2586 1824 2651 praesta

216 2668 557 2738 suffragium
592 2685 662 2722 ne
687 2668 991 2732 vincamur,
1015 2675 1293 2740 quatenus
1323 2675 1451 2740 post
1469 2669 1820 2741 triumphum

216 2757 461 2811 victores
506 2773 858 2811 coronemur.
889 2757 1136 2812 Veniunt
1175 2758 1381 2829 quippe
1410 2757 1579 2824 venti,
1631 2757 1825 2830 impel-

217 2846 342 2900 lunt
374 2845 636 2912 ﬁumina,
679 2846 888 2901 feriunt
917 2847 1098 2912 undae,
1132 2853 1534 2901 coacervantur
1562 2847 1823 2902 immensi

218 2936 501 3006 gurgites,
528 2936 771 3006 petimus
812 2953 882 2990 ne
911 2953 1012 2990 nos
1050 2937 1303 3003 inducas,
1336 2938 1441 2991 hoc
1472 2943 1572 3002 est,
1608 2953 1678 2992 ne
1725 2943 1822 2992 tuo
1839 2978 1884 3038 Ο

214 3041 320 3079 nos
365 3023 651 3079 destituas
680 3025 904 3090 auxilio,
942 3031 1006 3080 ut
1034 3026 1275 3080 tentatio
1307 3026 1523 3093 vincat;
1556 3032 1618 3081 tu
1673 3027 1823 3080 enim

214 3115 284 3167 de
313 3114 466 3168 ccelo
499 3114 730 3179 clamas,
749 3115 930 3168 adhuc
970 3115 1316 3169 certantibus
1340 3115 1399 3169 in
1431 3132 1613 3185 agone
1636 3115 1826 3169 militi-

207 3201 353 3257 bus:
385 3204 676 3271 Conﬁdite,
707 3220 798 3271 ego
821 3206 930 3258 vici
957 3206 1237 3258 mundum
1269 3205 1446 3272 (Joan.
1475 3219 1583 3266 va.
1609 3203 1715 3272 33).
1747 3205 1826 3258 Ac

210 3293 258 3345 si
289 3293 530 3346 dicatur
559 3311 571 3344 :
603 3293 660 3346 Si
690 3292 1001 3346 formidatis
1030 3293 1178 3347 inter
1196 3293 1520 3346 innumeros
1549 3294 1755 3360 hostes,
1780 3292 1827 3348 si

205 3382 440 3436 timeris
464 3387 700 3453 propter
722 3381 1056 3435 immensam
1070 3381 1264 3435 mundi
1297 3382 1586 3448 saevitiam,
1609 3382 1654 3436 si
1685 3382 1828 3436 vires

208 3478 417 3526 contra
449 3471 729 3524 violentos
786 3487 979 3524 eorum
1036 3471 1311 3542 impulsus
1371 3488 1471 3542 pro
1518 3470 1831 3525 difﬁdentia

203 3559 589 3632 franguntur,
613 3559 661 3612 si
689 3559 874 3630 laquei
903 3559 1034 3614 hinc
1059 3559 1189 3614 inde
1220 3560 1396 3630 parati
1431 3561 1756 3626 tenduntur,
1782 3560 1830 3614 si

205 3650 400 3720 caligo
431 3647 823 3714 tenebrarum,
869 3657 934 3703 ut
972 3649 1298 3720 impingatis
1345 3649 1590 3703 caecitate
1628 3649 1826 3720 pressi,

203 3739 572 3810 aspergitur,
607 3742 798 3803 340
837 3737 883 3791 si
932 3737 1002 3791 ab
1041 3738 1356 3792 innumeris
1384 3739 1832 3809 coangustamini

202 3827 468 3892 casibus,
501 3832 560 3880 et
587 3825 915 3880 circumdati
952 3827 1094 3880 vallo
1119 3828 1238 3898 jam
1268 3827 1496 3882 tandem
1529 3829 1637 3882 ﬁde
1671 3829 1831 3882 inﬁr-

198 3917 486 3978 mamini,
522 3916 794 3982 conﬁdite,
831 3933 922 3984 ego
951 3919 1061 3970 vici
1080 3901 1377 3971 mundum.
1411 3918 1476 3972 In
1504 3934 1631 3972 mea
1654 3918 1832 3988 siqui-

200 4007 339 4061 dem
374 4004 628 4061 victoria
651 4004 970 4076 triumphus
998 4010 1182 4060 vester
1201 4006 1326 4060 erit.
1351 4007 1505 4061 Inter
1526 4023 1648 4078 quae
1669 4007 1828 4061 nimi-

197 4112 336 4151 rum
367 4095 560 4161 mala,
593 4093 771 4164 culpis
802 4094 1170 4165 exigentibus,
1202 4112 1271 4150 ne
1300 4111 1401 4150 nos
1431 4096 1654 4150 deserat
1680 4102 1831 4150 recte

195 4202 478 4248 oramus,
517 4200 589 4237 ne
639 4183 843 4238 inferat
871 4201 973 4239 nos
1011 4184 1071 4240 in
1101 4185 1491 4240 tentationem.
1524 4187 1604 4239 Ac
1632 4185 1831 4239 deinde

193 4273 326 4345 subj
336 4271 630 4343 ungimus
664 4289 675 4324 :

263 4365 387 4420 Sed
423 4363 615 4417 libera
646 4379 742 4416 nos
779 4378 813 4415 a
866 4367 1033 4420 malo.
1081 4363 1293 4428 Quibus
1331 4363 1549 4419 duabus
1577 4365 1834 4436 precibus

189 4470 385 4524 regno
441 4450 663 4505 diaboli
717 4451 994 4522 exuimur,
1051 4453 1262 4508 scilicet
1315 4460 1589 4525 quantum
1640 4454 1709 4508 ab
1768 4472 1832 4509 eo

187 4543 398 4597 educti
439 4557 667 4606 sumus,
703 4557 774 4596 ne
801 4558 996 4596 rursus
1045 4542 1139 4596 illo
1169 4542 1519 4611 inﬁciamur;
1569 4551 1625 4598 et
1654 4561 1833 4616 quan-

186 4639 322 4686 tum
358 4632 570 4686 adhuc
615 4637 847 4702 propter
880 4631 1268 4686 inﬁrmitatem
1315 4633 1498 4688 carnis
1538 4633 1601 4688 in
1634 4650 1699 4688 eo
1747 4651 1836 4688 su-

186 4739 350 4789 mus,
407 4720 766 4792 quantocius
793 4720 923 4775 inde
957 4721 1283 4777 liberemur.
1331 4723 1476 4777 Nam
1506 4722 1565 4777 in
1592 4740 1656 4778 eo
1687 4724 1835 4795 quod

185 4811 490 4877 dicimus,
531 4811 708 4864 libera
729 4827 825 4864 nos
845 4827 880 4864 a
910 4814 1074 4879 malo,
1098 4828 1210 4866 non
1241 4812 1427 4866 minus
1453 4812 1521 4866 de
1551 4812 1832 4880 invisibili,

187 4918 379 4972 quam
427 4899 517 4954 de
548 4898 754 4953 visibili
803 4899 1028 4955 liberari
1075 4902 1224 4955 malo
1256 4902 1518 4972 petimus.
1551 4903 1836 4974 Praecipue

185 4996 403 5046 tamen
443 4987 532 5043 ab
561 4988 658 5042 illo
702 5005 804 5042 nos
845 4990 976 5044 exui
1007 4991 1154 5044 malo
1182 5007 1465 5061 rogamus,
1499 5008 1532 5045 a
1563 5008 1671 5063 quo
1699 4992 1837 5047 reti-

185 5097 440 5144 nemur,
503 5077 568 5131 id
615 5082 719 5143 est,
761 5095 795 5132 a
831 5078 1054 5133 diabolo
1103 5085 1158 5134 et
1205 5097 1239 5134 a
1284 5087 1528 5151 peccato,
1580 5081 1726 5152 quod
1772 5097 1838 5136 ex

186 5169 442 5224 diabolo
489 5165 749 5237 quotidie
778 5174 1135 5239 prOpagatur.
1168 5169 1569 5225 Verumtamen
1596 5175 1653 5224 et
1671 5170 1742 5225 ad
1771 5171 1839 5224 ﬁ-

185 5275 324 5313 nem
359 5275 424 5311 οι
441 5253 582 5309 atio
629 5253 911 5325 dirigitur,
945 5256 1076 5326 quia
1102 5257 1171 5311 ab
1196 5259 1347 5313 omni
1395 5259 1543 5312 malo
1582 5264 1717 5313 tunc
1746 5276 1839 5331 pe-

185 5349 355 5402 nitus
390 5341 812 5400 liberabimur.
847 5345 990 5398 Nam
1039 5349 1285 5417 quandiu
1324 5347 1415 5402 hic
1461 5363 1676 5414 sumus,
1719 5349 1839 5402 sine

187 5438 290 5494 illo
349 5435 535 5492 malo
582 5448 689 5503 quo
728 5450 857 5488 caro
913 5436 1177 5491 atteritur
1217 5445 1274 5492 et
1300 5437 1523 5492 animus
1569 5438 1837 5504 frenatur,

188 5544 319 5583 esse
353 5520 697 5596 nequimus
713 5541 725 5590 ;
741 5539 932 5580 verum
952 5541 1080 5580 cum
1101 5524 1461 5598 corruptibile
1477 5525 1581 5582 hoc
1599 5525 1847 5581 induerit

478 5624 766 5687 PATBOL.
815 5624 1003 5686 CXX.

1899 437 2094 508 utique
2115 436 2184 490 ab
2204 437 2356 491 omni
2378 437 2524 492 malo
2548 438 2800 493 funditus
2829 439 2989 495 liberi
3017 443 3247 510 erimus,
3280 461 3390 516 qua
3413 446 3486 501 li-

1897 525 2114 581 bertate
2142 525 2398 581 Christus
2445 543 2546 581 nos
2577 527 2852 584 liberabit.
2885 531 3120 586 Interim
3147 538 3339 588 tamen
3367 539 3425 589 et
3454 551 3490 589 a

1897 617 2045 670 malo
2074 616 2262 670 saeculi
2289 616 2456 686 hujus
2494 615 2720 671 liberari
2750 619 3051 689 poscimus,
3086 639 3157 676 ne
3189 639 3490 694 gravemur

1894 704 2196 775 angoribus
2226 710 2282 758 et
2297 721 2560 786 pressura
2580 707 2972 778 corruptionis.
2997 711 3061 765 In
3092 728 3203 782 qua
3222 712 3494 768 nimirum

1895 794 2183 864 petitione,
2217 795 2410 850 oculus
2447 801 2565 849 tam
2599 795 2671 850 ad
2711 798 3079 867 prateritum,
3121 818 3290 871 quam
3329 807 3387 856 et
3421 801 3493 856 ad

1894 900 2160 954 praesens,
2192 900 2294 938 nec
2322 901 2435 938 non
2455 889 2512 939 et
2525 885 2595 938 ad
2614 885 2864 941 futurum
2891 889 3209 945 extenditur
3236 894 3488 962 tempus;

1894 990 1993 1028 seu
2023 972 2092 1026 ab
2130 973 2225 1026 illo
2255 973 2406 1043 quod
2451 973 2801 1042 admisimus,
2834 994 2934 1031 seu
2979 977 3047 1031 ab
3075 995 3141 1032 eo
3187 996 3295 1050 quo
3333 985 3494 1034 tene-

1896 1079 2024 1116 mur
2063 1062 2244 1116 adhuc
2277 1063 2444 1128 malo,
2484 1062 2718 1118 interius
2764 1065 3094 1132 exteriusve,
3135 1085 3234 1122 seu
3277 1067 3348 1121 ab
3397 1069 3493 1124 illo

1898 1151 2046 1222 quod
2075 1151 2334 1205 imminet
2359 1152 2416 1205 in
2438 1150 2646 1218 futuro,
2671 1154 2852 1208 modis
2877 1155 3134 1210 omnibus
3164 1157 3470 1212 liberemur
3487 1198 3500 1211 .

1900 1242 2155 1311 Namque
2185 1240 2365 1294 omnis
2405 1241 2688 1312 corruptio
2731 1243 2880 1297 mala
2910 1251 2996 1297 est
3034 1245 3247 1316 utique,
3285 1246 3419 1317 quia
3461 1262 3496 1301 a

1902 1331 2067 1395 malo,
2091 1330 2145 1383 id
2172 1335 2274 1397 est,
2299 1347 2332 1383 a
2353 1329 2574 1384 diabolo
2602 1331 2841 1386 exstitit:
2865 1338 2921 1386 et
2941 1333 3066 1386 ideo
3089 1334 3221 1388 dum
3243 1352 3490 1403 oramus,

1899 1419 2077 1473 libera
2096 1436 2196 1473 nos
2237 1437 2271 1473 a
2299 1420 2465 1485 malo,
2498 1420 2882 1490 integritatem
2911 1422 3114 1476 futurae
3143 1423 3270 1478 vita
3297 1441 3498 1496 preca-

1902 1526 2030 1563 mur
2066 1509 2418 1580 participare,
2453 1515 2518 1562 ut
2544 1510 2771 1564 tandem
2803 1511 2874 1565 ad
2904 1529 3027 1565 eam
3057 1511 3270 1567 felicius
3300 1530 3498 1584 perve-

1901 1599 2022 1652 nire
2042 1598 2339 1669 possimus.
2363 1598 2507 1662 Quid
2530 1599 2704 1668 igitur
2731 1600 2889 1654 deest
2910 1601 3058 1671 quod
3085 1600 3208 1656 istis
3235 1618 3348 1656 non
3370 1619 3499 1658 con-

1901 1688 2151 1741 tineatur
2174 1693 2387 1758 septem
2409 1687 2684 1758 precibus,
2710 1705 2810 1744 seu
2839 1689 2909 1742 ad
2939 1697 3271 1760 praesentem
3302 1691 3494 1760 vitam,

1901 1793 2020 1841 seu,
2054 1776 2201 1847 quod
2242 1777 2424 1853 majus
2452 1782 2554 1842 est,
2586 1776 2657 1830 ad
2686 1777 2973 1832 futuram?
3003 1780 3080 1833 Ex
3109 1797 3219 1850 quo
3250 1781 3498 1852 profecto

1901 1865 2078 1936 liquet
2115 1865 2262 1935 quod
2298 1865 2358 1918 in
2403 1865 2612 1920 eisdem
2649 1883 2738 1920 res
2774 1867 2958 1937 potius
3000 1867 3188 1922 docuit
3216 1869 3497 1927 Christus.

1902 1971 2071 2024 quam
2092 1953 2277 2007 verba.
2294 1954 2453 2008 Unde
2471 1971 2583 2008 non
2600 1955 2754 2009 aliud
2768 1956 3041 2010 orandum
3051 1958 3180 2027 jure
3196 1958 3495 2026 credimus,

1901 2044 2124 2114 quando
2146 2043 2416 2114 quidquid
2443 2043 2511 2097 ad
2532 2044 2775 2098 salutem
2793 2046 2874 2112 ﬁt,
2909 2045 3057 2116 quod
3086 2053 3172 2101 est
3190 2047 3250 2101 in
3271 2048 3498 2103 nomine

1901 2134 2032 2187 Jesu
2053 2139 2263 2204 petere,
2299 2138 2483 2187 totum
2512 2132 2650 2187 inibi
2679 2133 3048 2205 deprecamur
3074 2155 3086 2203 ;
3135 2135 3230 2190 ubi
3257 2137 3305 2191 si
3347 2143 3500 2192 recte

1905 2239 2207 2294 pensamus
2239 2222 2511 2276 mirabilis
2558 2223 2695 2277 ordo
2738 2224 3079 2278 ascensionis
3128 2231 3497 2284 monstratur.

1904 2312 2069 2378 Nam,
2103 2312 2248 2366 sicut
2287 2318 2502 2383 septem
2532 2312 2680 2366 dona
2708 2312 2951 2384 Spiritus
2980 2314 3157 2368 sancti
3198 2331 3234 2368 a
3260 2316 3500 2370 summis

1904 2399 2198 2470 incipiunt,
2223 2406 2280 2454 et
2306 2401 2376 2455 ad
2419 2402 2608 2467 ﬁnem,
2648 2401 2706 2455 id
2755 2407 2839 2456 est
2862 2419 3039 2474 usque
3078 2408 3201 2470 Μ
3219 2411 3255 2469 ι
3289 2405 3360 2459 ad
3389 2405 3500 2460 ini-

1904 2490 2046 2545 tium
2085 2489 2392 2560 sapientize,
2426 2489 2706 2559 gradatim
2741 2491 3050 2547 decurrunt
3088 2511 3100 2545 :
3142 2491 3224 2546 ita
3265 2498 3322 2547 et
3365 2493 3503 2548 ordo

1905 2596 2134 2650 precum
2173 2595 2207 2632 a
2255 2579 2492 2633 summis
2531 2595 2708 2649 usque
2755 2580 2825 2633 ad
2872 2581 3061 2647 ﬁnem,
3103 2586 3169 2634 ut
3227 2598 3263 2635 a
3307 2582 3505 2637 mundi

1906 2667 2070 2722 malis
2101 2667 2424 2732 liberemur,
2455 2667 2790 2723 extenditur.
2822 2669 2982 2723 Unde
3006 2669 3063 2722 in
3111 2669 3367 2741 utrisque
3397 2671 3504 2725 sia

1906 2758 2017 2812 ﬁne
2054 2757 2372 2828 incipimus,
2413 2757 2482 2810 ad
2534 2756 2930 2828 perfectionem
2971 2758 3036 2811 ﬁt
3079 2758 3327 2828 gradalis
3365 2759 3502 2814 ordo

1903 2847 2175 2902 virtutum
2208 2851 2423 2916 septem
2451 2862 2463 2898 :
2495 2851 2553 2899 et
2582 2846 2626 2899 si
2654 2862 2690 2899 a
2717 2847 2970 2914 summis,
3001 2847 3133 2918 quia
3159 2848 3270 2902 ista
3298 2848 3368 2903 de
3406 2865 3504 2903 su-

1905 2935 2093 3008 pernis
2137 2952 2293 3006 aeque
2327 2933 2650 3005 accipimus,
2695 2936 2760 2988 ﬁt
2800 2952 2996 2990 rursus
3034 2936 3341 2992 identidem
3367 2937 3504 2992 ordo

1908 3024 2307 3080 descensionis.
2342 3024 2449 3078 Sed
2479 3024 2611 3094 quia
2631 3041 2732 3095 per
2750 3025 3133 3096 operationem
3151 3026 3376 3094 harum,
3401 3043 3504 3082 nos

1908 3113 1977 3168 ab
2024 3113 2153 3168 imis
2203 3114 2274 3167 ad
2317 3130 2540 3168 summa
2589 3113 2997 3184 consurgimus,
3057 3121 3271 3187 septem
3325 3113 3502 3170 beati-

1907 3204 2151 3270 tudines,
2198 3208 2262 3258 ut
2312 3203 2679 3275 praetulimus,
2731 3220 2853 3275 quae
2916 3208 3109 3258 nostro
3159 3203 3350 3258 labore
3403 3221 3506 3276 per

1908 3292 2104 3345 eadem
2132 3291 2281 3346 dona
2314 3297 2664 3362 quaeruntur,
2696 3296 2761 3345 ut
2793 3307 2896 3346 nos
2937 3293 3008 3346 ad
3036 3293 3240 3347 altiora
3267 3292 3508 3347 doceant

1912 3380 2136 3446 elevari,
2195 3381 2264 3434 de
2315 3380 2446 3434 imis
2502 3380 2572 3434 ad
2637 3397 2861 3434 summa
2911 3382 3193 3452 gradatim
3254 3382 3502 3437 veniunt.

1912 3469 2196 3523 Habemus
2231 3486 2364 3540 ergo
2396 3470 2454 3522 in
2502 3469 2759 3540 precibus
2796 3469 2990 3524 eadem
3029 3476 3093 3525 ut
3139 3471 3507 3542 impetremus

1912 3558 2078 3624 dona,
2117 3558 2173 3612 in
2220 3557 2380 3612 donis
2416 3574 2566 3623 vero,
2593 3565 2659 3612 ut
2704 3575 3000 3629 operemur
3030 3559 3272 3630 Spiritus
3325 3561 3506 3615 sancti

1912 3647 2182 3701 mandata
2214 3667 2224 3701 :
2261 3647 2462 3700 deinde
2493 3648 2552 3700 in
2596 3647 2921 3718 operatione
2962 3647 3338 3702 beatitudines
3387 3649 3509 3720 qui-

1912 3737 2018 3791 bus
2058 3751 2409 3801 coronemur,
2462 3735 2609 3789 illico
2652 3744 3090 3806 consequuntur.
3139 3738 3219 3790 Ac
3260 3753 3361 3808 per
3400 3737 3507 3791 hoc
3576 3793 3579 3795 _

1913 3842 2137 3882 oremus
2166 3831 2230 3880 ut
2259 3823 2652 3896 percipiamus,
2693 3825 2969 3895 perceptis
3003 3842 3133 3879 vero
3176 3825 3338 3879 donis
3381 3843 3509 3897 ope-

1913 3933 2107 3971 remur
2127 3931 2250 3986 quaa
2267 3915 2427 3985 jussa
2455 3919 2623 3980 sunt;
2665 3918 2962 3984 operantes
2997 3919 3187 3968 autem
3217 3914 3509 3986 praemedi-

1913 4012 2102 4059 temur
2138 4009 2414 4075 quatenus
2442 4003 2514 4057 ad
2543 4002 2794 4073 singulas
2821 4002 3198 4058 beatitudines
3238 4003 3508 4060 divinitus

1913 4094 2092 4165 adjuti
2123 4093 2456 4164 quandoque
2485 4091 2893 4162 perveniamus.
2931 4093 3077 4146 Nam
3118 4093 3263 4148 sicut
3293 4111 3328 4148 a
3357 4094 3506 4149 malo

1912 4200 2014 4255 per
2055 4183 2316 4254 spiritum
2346 4181 2564 4236 timoris
2599 4181 2924 4248 liberamur,
2957 4181 3038 4236 ita
3064 4182 3288 4238 liberati
3318 4183 3387 4238 ab
3417 4201 3503 4253 eo,

1847 4290 2024 4352 Dnon
2055 4271 2242 4326 minus
2277 4271 2477 4343 spiritu
2514 4287 2789 4342 pauperes
2831 4287 3001 4343 quam
3045 4273 3214 4327 rebus
3261 4291 3380 4328 esse
3409 4291 3509 4329 cu-

1915 4363 2118 4434 pimus,
2147 4361 2348 4416 deinde
2364 4378 2491 4415 cum
2518 4360 2757 4415 dicimus
2785 4375 2798 4415 :
2824 4363 2902 4415 Ne
2925 4378 3020 4416 nos
3051 4364 3280 4416 inducas
3305 4366 3366 4416 in
3392 4369 3510 4417 ten-

1918 4456 2198 4509 tationem.
2218 4449 2477 4521 spiritum
2503 4449 2728 4520 pietatis
2758 4465 3040 4520 rogamus,
3063 4456 3127 4504 ut
3156 4457 3510 4506 mansuescat

1915 4539 2150 4593 interior
2180 4538 2348 4592 homo
2372 4543 2582 4603 noster,
2616 4542 2674 4590 et
2701 4537 2866 4591 mites
2899 4537 3093 4604 simus,
3129 4555 3218 4606 ne,
3257 4539 3370 4593 ullo
3407 4557 3509 4595 nos

1916 4633 2196 4693 monente,
2232 4631 2712 4686 tentamentorum
2745 4626 3059 4682 incidamus
3089 4627 3357 4700 laqueos;
3395 4629 3508 4684 imo

1916 4733 2152 4790 agamur
2175 4717 2377 4788 spiritu
2407 4715 2651 4787 pietatis,
2675 4733 2745 4770 ne
2772 4716 2897 4770 ullis
2931 4717 3326 4788 exasperemur
3349 4719 3510 4773 malis

1919 4814 1976 4863 et
2009 4807 2254 4879 perviam
2288 4805 2523 4876 justitiae
2559 4805 2882 4877 gradientes
2919 4805 3040 4859 sine
3080 4806 3194 4861 ulla
3223 4806 3510 4878 impietate

1918 4897 2125 4951 mentis
2157 4912 2222 4950 ac
2247 4894 2499 4966 corporis
2534 4894 2856 4949 evadamus.
2891 4895 3036 4950 Nam
3071 4895 3129 4950 in
3153 4913 3218 4950 eo
3241 4897 3388 4968 quod
3418 4915 3512 4969 pe-

1919 4986 2090 5041 timus
2111 4983 2320 5041 dimitti
2358 4983 2521 5038 nobis
2555 4982 2745 5038 debita
2773 4989 2984 5050 nostra,
3019 5001 3131 5039 non
3165 4986 3273 5040 nisi
3310 4986 3511 5058 spiritu

1920 5075 2167 5131 scientiae
2196 5089 2479 5146 rogamus,
2509 5072 2641 5144 quia
2665 5071 2869 5127 delicta
2908 5079 3103 5128 nostra
3142 5074 3287 5129 scire
3317 5075 3402 5130 vel
3429 5075 3515 5131 in-

1919 5166 2194 5236 telligere,
2220 5164 2315 5218 illo
2345 5180 2410 5218 ex
2437 5161 2583 5217 dono
2603 5178 2920 5233 possumus.
2937 5163 3080 5218 Hinc
3101 5180 3323 5236 quoque
3340 5165 3515 5221 David

1921 5253 2002 5309 ait
2029 5270 2042 5307 :
2095 5257 2300 5308 Delicta
2347 5255 2470 5322 quis
2508 5255 2808 5320 intelligit?
2848 5253 2928 5306 Ac
2955 5252 3002 5306 si
3029 5258 3288 5324 patenter
3317 5254 3467 5310 dicat
3500 5275 3513 5310 :

1922 5346 2101 5400 Nemo
2132 5343 2238 5397 nisi
2279 5342 2373 5413 qui
2402 5341 2662 5412 spiritum
2693 5341 2938 5396 scientia:
2977 5343 3078 5397 Dei
3105 5360 3169 5398 ex
3199 5343 3346 5400 dono
3385 5363 3515 5417 pos-

1925 5435 2150 5489 sederlt.
2185 5432 2505 5501 Intelligere
2551 5430 2701 5484 enim
2737 5448 2838 5502 pro
2883 5431 3026 5485 scire
3063 5433 3220 5499 dixit,
3267 5436 3398 5506 quia
3439 5435 3519 5488 di-

1926 5523 2056 5580 vina
2075 5528 2132 5578 et
2156 5521 2432 5593 spiritalia
2455 5520 2866 5592 intelliguntur,
2893 5526 3119 5578 terrena
3138 5538 3269 5576 vero
3300 5529 3358 5577 et
3395 5539 3518 5593 quae

3207 5618 3284 5678 10
