  <div class='ocr_page' id='page_1' title='image "/cluster/home/n/w/nwhite01/storage/ocr_20150623/120/hvd.32044054759824/155.png"; bbox 0 0 3938 6174; ppageno 0'>
   <div class='ocr_carea' id='block_1_1' title="bbox 491 237 593 293">
    <p class='ocr_par' dir='ltr' id='par_1_1' title="bbox 491 237 593 293">
     <span class='ocr_line' id='line_1_1' title="bbox 491 237 593 293; baseline -0.01 0"><span class='ocrx_word' id='word_1_1' title='bbox 491 237 593 293; x_wconf 75' lang='lat'>299</span> 
     </span>
    </p>
   </div>
   <div class='ocr_carea' id='block_1_2' title="bbox 1277 215 3019 285">
    <p class='ocr_par' dir='ltr' id='par_1_2' title="bbox 1277 215 3019 285">
     <span class='ocr_line' id='line_1_2' title="bbox 1277 215 3019 285; baseline -0.009 0"><span class='ocrx_word' id='word_1_2' title='bbox 1277 232 1333 285; x_wconf 91' lang='lat' dir='ltr'>S.</span> <span class='ocrx_word' id='word_1_3' title='bbox 1375 227 1754 284; x_wconf 78' lang='lat' dir='ltr'>PASCHASII</span> <span class='ocrx_word' id='word_1_4' title='bbox 1793 222 2151 280; x_wconf 82' lang='lat' dir='ltr'>RADBERTI</span> <span class='ocrx_word' id='word_1_5' title='bbox 2189 220 2491 275; x_wconf 80' lang='lat' dir='ltr'>ABBATIS</span> <span class='ocrx_word' id='word_1_6' title='bbox 2529 215 3019 273; x_wconf 86' lang='lat' dir='ltr'>CORBEIENSIS.</span> 
     </span>
    </p>
   </div>
   <div class='ocr_carea' id='block_1_3' title="bbox 3621 219 3705 275">
    <p class='ocr_par' dir='ltr' id='par_1_3' title="bbox 3621 219 3705 275">
     <span class='ocr_line' id='line_1_3' title="bbox 3621 219 3705 275; baseline 0.036 -3"><span class='ocrx_word' id='word_1_7' title='bbox 3621 219 3705 275; x_wconf 85' lang='lat'>300</span> 
     </span>
    </p>
   </div>
   <div class='ocr_carea' id='block_1_4' title="bbox 488 350 3707 432">
    <p class='ocr_par' dir='ltr' id='par_1_4' title="bbox 488 350 3707 432">
     <span class='ocr_line' id='line_1_4' title="bbox 488 350 3707 432; baseline -0.004 -8"><span class='ocrx_word' id='word_1_8' title='bbox 488 361 672 416; x_wconf 67' lang='lat' dir='ltr'>Carnis</span> <span class='ocrx_word' id='word_1_9' title='bbox 702 365 852 426; x_wconf 72' lang='lat' dir='ltr'>sunt,</span> <span class='ocrx_word' id='word_1_10' title='bbox 885 359 1108 432; x_wconf 72' lang='lat' dir='ltr'>proprie</span> <span class='ocrx_word' id='word_1_11' title='bbox 1143 358 1415 412; x_wconf 68' lang='lat' dir='ltr'>SCilmtuP-</span> <span class='ocrx_word' id='word_1_12' title='bbox 1449 354 1607 410; x_wconf 75' lang='lat' dir='ltr'>Unde</span> <span class='ocrx_word' id='word_1_13' title='bbox 1637 351 1867 423; x_wconf 80' lang='lat' dir='ltr'>quidam</span> <span class='ocrx_word' id='word_1_14' title='bbox 1899 350 2316 418; x_wconf 77' lang='lat' dir='ltr'>docto&#39;Atibus</span> <span class='ocrx_word' id='word_1_15' title='bbox 2350 363 2684 428; x_wconf 83' lang='lat' dir='ltr'>declaratur,</span> <span class='ocrx_word' id='word_1_16' title='bbox 2717 366 2775 414; x_wconf 92' lang='lat' dir='ltr'>et</span> <span class='ocrx_word' id='word_1_17' title='bbox 2801 358 2982 414; x_wconf 86' lang='lat' dir='ltr'>cordis</span> <span class='ocrx_word' id='word_1_18' title='bbox 3011 357 3290 412; x_wconf 79' lang='lat' dir='ltr'>munditia</span> <span class='ocrx_word' id='word_1_19' title='bbox 3313 357 3554 414; x_wconf 80' lang='lat' dir='ltr'>tribuitur</span> <span class='ocrx_word' id='word_1_20' title='bbox 3577 380 3590 427; x_wconf 82' lang='grc'><strong>;</strong></span> <span class='ocrx_word' id='word_1_21' title='bbox 3617 377 3707 432; x_wconf 80' lang='lat' dir='ltr'>quo</span> 
     </span>
    </p>
   </div>
   <div class='ocr_carea' id='block_1_5' title="bbox 489 442 2084 520">
    <p class='ocr_par' dir='ltr' id='par_1_5' title="bbox 489 442 2084 520">
     <span class='ocr_line' id='line_1_5' title="bbox 489 442 2084 520; baseline -0.009 -15"><span class='ocrx_word' id='word_1_22' title='bbox 489 468 614 506; x_wconf 91' lang='lat' dir='ltr'>rum</span> <span class='ocrx_word' id='word_1_23' title='bbox 645 451 794 504; x_wconf 91' lang='lat' dir='ltr'>inter</span> <span class='ocrx_word' id='word_1_24' title='bbox 821 449 1156 520; x_wconf 79' lang='lat' dir='ltr'>sapientiam</span> <span class='ocrx_word' id='word_1_25' title='bbox 1187 452 1242 501; x_wconf 90' lang='lat' dir='ltr'>et</span> <span class='ocrx_word' id='word_1_26' title='bbox 1270 445 1559 501; x_wconf 87' lang='lat' dir='ltr'>scientiam</span> <span class='ocrx_word' id='word_1_27' title='bbox 1592 442 1697 495; x_wconf 93' lang='lat' dir='ltr'>hoc</span> <span class='ocrx_word' id='word_1_28' title='bbox 1735 457 1857 493; x_wconf 84' lang='lat' dir='ltr'>esse</span> <span class='ocrx_word' id='word_1_29' title='bbox 1886 455 2084 493; x_wconf 68' lang='lat' dir='ltr'>sanxe-</span> 
     </span>
    </p>
   </div>
   <div class='ocr_carea' id='block_1_6' title="bbox 490 528 2086 609">
    <p class='ocr_par' dir='ltr' id='par_1_6' title="bbox 490 528 2086 609">
     <span class='ocr_line' id='line_1_6' title="bbox 490 528 2086 609; baseline -0.008 -14"><span class='ocrx_word' id='word_1_30' title='bbox 490 546 641 606; x_wconf 91' lang='lat' dir='ltr'>runt,</span> <span class='ocrx_word' id='word_1_31' title='bbox 687 541 935 594; x_wconf 82' lang='lat' dir='ltr'>dicentes</span> <span class='ocrx_word' id='word_1_32' title='bbox 965 536 1293 609; x_wconf 80' lang='lat' dir='ltr'>sapientiam</span> <span class='ocrx_word' id='word_1_33' title='bbox 1335 534 1405 587; x_wconf 90' lang='lat' dir='ltr'>ad</span> <span class='ocrx_word' id='word_1_34' title='bbox 1436 530 1963 600; x_wconf 81' lang='lat' dir='ltr'>contemplationem</span> <span class='ocrx_word' id='word_1_35' title='bbox 2005 528 2086 582; x_wconf 86' lang='lat' dir='ltr'>fu-</span> 
     </span>
    </p>
   </div>
   <div class='ocr_carea' id='block_1_7' title="bbox 487 619 2082 700">
    <p class='ocr_par' dir='ltr' id='par_1_7' title="bbox 487 619 2082 700">
     <span class='ocr_line' id='line_1_7' title="bbox 487 619 2082 700; baseline -0.008 -17"><span class='ocrx_word' id='word_1_36' title='bbox 487 635 630 684; x_wconf 72' lang='lat' dir='ltr'>turae</span> <span class='ocrx_word' id='word_1_37' title='bbox 659 630 784 683; x_wconf 66' lang='lat' dir='ltr'>vitae</span> <span class='ocrx_word' id='word_1_38' title='bbox 824 628 1122 700; x_wconf 81' lang='lat' dir='ltr'>pertinere,</span> <span class='ocrx_word' id='word_1_39' title='bbox 1164 623 1454 678; x_wconf 84' lang='lat' dir='ltr'>scientiam</span> <span class='ocrx_word' id='word_1_40' title='bbox 1492 637 1621 673; x_wconf 89' lang='lat' dir='ltr'>vero</span> <span class='ocrx_word' id='word_1_41' title='bbox 1651 619 1721 672; x_wconf 87' lang='lat' dir='ltr'>ad</span> <span class='ocrx_word' id='word_1_42' title='bbox 1752 636 1914 672; x_wconf 89' lang='lat' dir='ltr'>usum</span> <span class='ocrx_word' id='word_1_43' title='bbox 1945 625 2082 671; x_wconf 82' lang='lat' dir='ltr'>tem-</span> 
     </span>
    </p>
   </div>
   <div class='ocr_carea' id='block_1_8' title="bbox 488 707 2081 792">
    <p class='ocr_par' dir='ltr' id='par_1_8' title="bbox 488 707 2081 792">
     <span class='ocr_line' id='line_1_8' title="bbox 488 707 2081 792; baseline -0.009 -18"><span class='ocrx_word' id='word_1_44' title='bbox 488 719 766 792; x_wconf 79' lang='lat' dir='ltr'>poraliuin</span> <span class='ocrx_word' id='word_1_45' title='bbox 793 724 856 771; x_wconf 90' lang='lat' dir='ltr'>ut</span> <span class='ocrx_word' id='word_1_46' title='bbox 883 717 968 770; x_wconf 91' lang='lat' dir='ltr'>his</span> <span class='ocrx_word' id='word_1_47' title='bbox 981 716 1120 769; x_wconf 86' lang='lat' dir='ltr'>bene</span> <span class='ocrx_word' id='word_1_48' title='bbox 1147 718 1390 768; x_wconf 83' lang='lat' dir='ltr'>utamur.</span> <span class='ocrx_word' id='word_1_49' title='bbox 1417 711 1550 775; x_wconf 85' lang='lat' dir='ltr'>Quae</span> <span class='ocrx_word' id='word_1_50' title='bbox 1568 709 1811 781; x_wconf 89' lang='lat' dir='ltr'>profecto</span> <span class='ocrx_word' id='word_1_51' title='bbox 1838 707 2081 761; x_wconf 78' lang='lat' dir='ltr'>scientiae</span> 
     </span>
    </p>
   </div>
   <div class='ocr_carea' id='block_1_9' title="bbox 485 797 2082 868">
    <p class='ocr_par' dir='ltr' id='par_1_9' title="bbox 485 797 2082 868">
     <span class='ocr_line' id='line_1_9' title="bbox 485 797 2082 868; baseline -0.009 -5"><span class='ocrx_word' id='word_1_52' title='bbox 485 809 664 862; x_wconf 88' lang='lat' dir='ltr'>virtus</span> <span class='ocrx_word' id='word_1_53' title='bbox 700 809 758 861; x_wconf 92' lang='lat' dir='ltr'>in</span> <span class='ocrx_word' id='word_1_54' title='bbox 789 805 1059 860; x_wconf 84' lang='lat' dir='ltr'>evitandis</span> <span class='ocrx_word' id='word_1_55' title='bbox 1089 802 1268 868; x_wconf 90' lang='lat' dir='ltr'>malis,</span> <span class='ocrx_word' id='word_1_56' title='bbox 1302 802 1418 855; x_wconf 90' lang='lat' dir='ltr'>sive</span> <span class='ocrx_word' id='word_1_57' title='bbox 1447 797 1842 868; x_wconf 87' lang='lat' dir='ltr'>intelligendis,</span> <span class='ocrx_word' id='word_1_58' title='bbox 1875 797 1958 850; x_wconf 91' lang='lat' dir='ltr'>vel</span> <span class='ocrx_word' id='word_1_59' title='bbox 1988 813 2082 866; x_wconf 87' lang='lat' dir='ltr'>ap-</span> 
     </span>
    </p>
   </div>
   <div class='ocr_carea' id='block_1_10' title="bbox 488 885 2084 968">
    <p class='ocr_par' dir='ltr' id='par_1_10' title="bbox 488 885 2084 968">
     <span class='ocr_line' id='line_1_10' title="bbox 488 885 2084 968; baseline -0.009 -16"><span class='ocrx_word' id='word_1_60' title='bbox 488 897 743 968; x_wconf 85' lang='lat' dir='ltr'>petendis</span> <span class='ocrx_word' id='word_1_61' title='bbox 783 895 942 949; x_wconf 88' lang='lat' dir='ltr'>bonis</span> <span class='ocrx_word' id='word_1_62' title='bbox 971 902 1243 957; x_wconf 83' lang='lat' dir='ltr'>versatur,</span> <span class='ocrx_word' id='word_1_63' title='bbox 1277 890 1410 961; x_wconf 86' lang='lat' dir='ltr'>quia</span> <span class='ocrx_word' id='word_1_64' title='bbox 1454 906 1554 960; x_wconf 90' lang='lat' dir='ltr'>per</span> <span class='ocrx_word' id='word_1_65' title='bbox 1599 905 1720 941; x_wconf 86' lang='lat' dir='ltr'>eam</span> <span class='ocrx_word' id='word_1_66' title='bbox 1752 886 1906 958; x_wconf 91' lang='lat' dir='ltr'>prius</span> <span class='ocrx_word' id='word_1_67' title='bbox 1946 885 2084 938; x_wconf 89' lang='lat' dir='ltr'>veri-</span> 
     </span>
    </p>
   </div>
   <div class='ocr_carea' id='block_1_11' title="bbox 486 976 2085 1055">
    <p class='ocr_par' dir='ltr' id='par_1_11' title="bbox 486 976 2085 1055">
     <span class='ocr_line' id='line_1_11' title="bbox 486 976 2085 1055; baseline -0.008 -15"><span class='ocrx_word' id='word_1_68' title='bbox 486 987 619 1040; x_wconf 85' lang='lat' dir='ltr'>tatis</span> <span class='ocrx_word' id='word_1_69' title='bbox 666 985 877 1055; x_wconf 83' lang='lat' dir='ltr'>agnitio</span> <span class='ocrx_word' id='word_1_70' title='bbox 932 982 1171 1053; x_wconf 87' lang='lat' dir='ltr'>repulsis</span> <span class='ocrx_word' id='word_1_71' title='bbox 1214 980 1378 1034; x_wconf 87' lang='lat' dir='ltr'>malis</span> <span class='ocrx_word' id='word_1_72' title='bbox 1409 978 1796 1050; x_wconf 88' lang='lat' dir='ltr'>participatur.</span> <span class='ocrx_word' id='word_1_73' title='bbox 1849 976 2085 1044; x_wconf 88' lang='lat' dir='ltr'>Propter</span> 
     </span>
    </p>
   </div>
   <div class='ocr_carea' id='block_1_12' title="bbox 485 1064 2084 1144">
    <p class='ocr_par' dir='ltr' id='par_1_12' title="bbox 485 1064 2084 1144">
     <span class='ocr_line' id='line_1_12' title="bbox 485 1064 2084 1144; baseline -0.008 -15"><span class='ocrx_word' id='word_1_74' title='bbox 485 1075 632 1144; x_wconf 91' lang='lat' dir='ltr'>quod</span> <span class='ocrx_word' id='word_1_75' title='bbox 666 1079 858 1128; x_wconf 88' lang='lat' dir='ltr'>nostra</span> <span class='ocrx_word' id='word_1_76' title='bbox 887 1076 944 1126; x_wconf 91' lang='lat' dir='ltr'>et</span> <span class='ocrx_word' id='word_1_77' title='bbox 974 1073 1214 1126; x_wconf 88' lang='lat' dir='ltr'>aliorum</span> <span class='ocrx_word' id='word_1_78' title='bbox 1239 1070 1365 1124; x_wconf 74' lang='lat' dir='ltr'>vitae</span> <span class='ocrx_word' id='word_1_79' title='bbox 1410 1067 1669 1138; x_wconf 83' lang='lat' dir='ltr'>contagia</span> <span class='ocrx_word' id='word_1_80' title='bbox 1709 1067 1901 1136; x_wconf 90' lang='lat' dir='ltr'>lugere</span> <span class='ocrx_word' id='word_1_81' title='bbox 1930 1064 2084 1117; x_wconf 84' lang='lat' dir='ltr'>inde-</span> 
     </span>
    </p>
   </div>
   <div class='ocr_carea' id='block_1_13' title="bbox 481 1152 2084 1234">
    <p class='ocr_par' dir='ltr' id='par_1_13' title="bbox 481 1152 2084 1234">
     <span class='ocr_line' id='line_1_13' title="bbox 481 1152 2084 1234; baseline -0.006 -18"><span class='ocrx_word' id='word_1_82' title='bbox 481 1163 643 1218; x_wconf 84' lang='lat' dir='ltr'>fessis</span> <span class='ocrx_word' id='word_1_83' title='bbox 699 1162 956 1234; x_wconf 86' lang='lat' dir='ltr'>precibus</span> <span class='ocrx_word' id='word_1_84' title='bbox 998 1162 1310 1224; x_wconf 84' lang='lat' dir='ltr'>hortamur,</span> <span class='ocrx_word' id='word_1_85' title='bbox 1358 1159 1411 1212; x_wconf 68' lang='lat' dir='ltr'>ef</span> <span class='ocrx_word' id='word_1_86' title='bbox 1453 1157 1523 1211; x_wconf 88' lang='lat' dir='ltr'>ad</span> <span class='ocrx_word' id='word_1_87' title='bbox 1571 1171 1814 1226; x_wconf 89' lang='lat' dir='ltr'>superna</span> <span class='ocrx_word' id='word_1_88' title='bbox 1845 1152 2084 1208; x_wconf 61' lang='lat' dir='ltr'>caelestis</span> 
     </span>
    </p>
   </div>
   <div class='ocr_carea' id='block_1_14' title="bbox 482 1242 2086 1324">
    <p class='ocr_par' dir='ltr' id='par_1_14' title="bbox 482 1242 2086 1324">
     <span class='ocr_line' id='line_1_14' title="bbox 482 1242 2086 1324; baseline -0.008 -17"><span class='ocrx_word' id='word_1_89' title='bbox 482 1252 678 1324; x_wconf 75' lang='lat' dir='ltr'>patriae</span> <span class='ocrx_word' id='word_1_90' title='bbox 709 1251 986 1305; x_wconf 90' lang='lat' dir='ltr'>desideria</span> <span class='ocrx_word' id='word_1_91' title='bbox 1005 1249 1282 1320; x_wconf 89' lang='lat' dir='ltr'>copiosius</span> <span class='ocrx_word' id='word_1_92' title='bbox 1300 1245 1723 1300; x_wconf 88' lang='lat' dir='ltr'>inardescimus.</span> <span class='ocrx_word' id='word_1_93' title='bbox 1749 1249 1866 1310; x_wconf 69' lang='lat'>3.]</span> <span class='ocrx_word' id='word_1_94' title='bbox 1879 1251 1937 1309; x_wconf 60' lang='grc' dir='ltr'>π</span> <span class='ocrx_word' id='word_1_95' title='bbox 1955 1242 2086 1306; x_wconf 92' lang='lat' dir='ltr'>Qui-</span> 
     </span>
    </p>
   </div>
   <div class='ocr_carea' id='block_1_15' title="bbox 481 1330 2085 1408">
    <p class='ocr_par' dir='ltr' id='par_1_15' title="bbox 481 1330 2085 1408">
     <span class='ocr_line' id='line_1_15' title="bbox 481 1330 2085 1408; baseline -0.007 -12"><span class='ocrx_word' id='word_1_96' title='bbox 481 1341 588 1396; x_wconf 91' lang='lat' dir='ltr'>bus</span> <span class='ocrx_word' id='word_1_97' title='bbox 631 1340 869 1408; x_wconf 83' lang='lat' dir='ltr'>duohus,</span> <span class='ocrx_word' id='word_1_98' title='bbox 922 1339 1186 1393; x_wconf 77' lang='lat' dir='ltr'>vitiorum</span> <span class='ocrx_word' id='word_1_99' title='bbox 1231 1337 1442 1391; x_wconf 88' lang='lat' dir='ltr'>scilicet</span> <span class='ocrx_word' id='word_1_100' title='bbox 1488 1334 1834 1406; x_wconf 63' lang='lat' dir='ltr'>prtemiique,</span> <span class='ocrx_word' id='word_1_101' title='bbox 1879 1330 2085 1385; x_wconf 91' lang='lat' dir='ltr'>ﬁnibus</span> 
     </span>
    </p>
   </div>
   <div class='ocr_carea' id='block_1_16' title="bbox 480 1422 2080 1496">
    <p class='ocr_par' dir='ltr' id='par_1_16' title="bbox 480 1422 2080 1496">
     <span class='ocr_line' id='line_1_16' title="bbox 480 1422 2080 1496; baseline -0.008 -11"><span class='ocrx_word' id='word_1_102' title='bbox 480 1431 622 1485; x_wconf 89' lang='lat' dir='ltr'>bene</span> <span class='ocrx_word' id='word_1_103' title='bbox 649 1430 882 1496; x_wconf 88' lang='lat' dir='ltr'>utimur,</span> <span class='ocrx_word' id='word_1_104' title='bbox 913 1445 1040 1482; x_wconf 90' lang='lat' dir='ltr'>cum</span> <span class='ocrx_word' id='word_1_105' title='bbox 1073 1433 1129 1481; x_wconf 91' lang='lat' dir='ltr'>et</span> <span class='ocrx_word' id='word_1_106' title='bbox 1157 1427 1254 1480; x_wconf 91' lang='lat' dir='ltr'>illa</span> <span class='ocrx_word' id='word_1_107' title='bbox 1281 1427 1536 1496; x_wconf 85' lang='lat' dir='ltr'>lugentes</span> <span class='ocrx_word' id='word_1_108' title='bbox 1563 1423 1786 1495; x_wconf 88' lang='lat' dir='ltr'>penitus</span> <span class='ocrx_word' id='word_1_109' title='bbox 1825 1422 2080 1485; x_wconf 89' lang='lat' dir='ltr'>vitamus,</span> 
     </span>
    </p>
   </div>
   <div class='ocr_carea' id='block_1_17' title="bbox 483 1509 2084 1586">
    <p class='ocr_par' dir='ltr' id='par_1_17' title="bbox 483 1509 2084 1586">
     <span class='ocr_line' id='line_1_17' title="bbox 483 1509 2084 1586; baseline -0.007 -12"><span class='ocrx_word' id='word_1_110' title='bbox 483 1525 540 1574; x_wconf 91' lang='lat' dir='ltr'>et</span> <span class='ocrx_word' id='word_1_111' title='bbox 565 1520 674 1573; x_wconf 90' lang='lat' dir='ltr'>ista</span> <span class='ocrx_word' id='word_1_112' title='bbox 701 1519 1086 1574; x_wconf 85' lang='lat' dir='ltr'>desiderantes</span> <span class='ocrx_word' id='word_1_113' title='bbox 1115 1515 1356 1586; x_wconf 90' lang='lat' dir='ltr'>amplius</span> <span class='ocrx_word' id='word_1_114' title='bbox 1388 1513 1539 1568; x_wconf 90' lang='lat' dir='ltr'>omni</span> <span class='ocrx_word' id='word_1_115' title='bbox 1566 1513 1765 1566; x_wconf 88' lang='lat' dir='ltr'>ardore</span> <span class='ocrx_word' id='word_1_116' title='bbox 1793 1509 2084 1564; x_wconf 88' lang='lat' dir='ltr'>charitatis</span> 
     </span>
    </p>
   </div>
   <div class='ocr_carea' id='block_1_18' title="bbox 481 1599 2083 1680">
    <p class='ocr_par' dir='ltr' id='par_1_18' title="bbox 481 1599 2083 1680">
     <span class='ocr_line' id='line_1_18' title="bbox 481 1599 2083 1680; baseline -0.007 -16"><span class='ocrx_word' id='word_1_117' title='bbox 481 1608 944 1680; x_wconf 90' lang='lat' dir='ltr'>concupiscimus.</span> <span class='ocrx_word' id='word_1_118' title='bbox 978 1607 1216 1676; x_wconf 83' lang='lat' dir='ltr'>Magnus</span> <span class='ocrx_word' id='word_1_119' title='bbox 1246 1605 1437 1676; x_wconf 84' lang='lat' dir='ltr'>itaque</span> <span class='ocrx_word' id='word_1_120' title='bbox 1467 1603 1716 1674; x_wconf 89' lang='lat' dir='ltr'>quisquis</span> <span class='ocrx_word' id='word_1_121' title='bbox 1747 1601 1923 1655; x_wconf 90' lang='lat' dir='ltr'>tribus</span> <span class='ocrx_word' id='word_1_122' title='bbox 1962 1599 2083 1653; x_wconf 89' lang='lat' dir='ltr'>istis</span> 
     </span>
    </p>
   </div>
   <div class='ocr_carea' id='block_1_19' title="bbox 2166 446 3710 506">
    <p class='ocr_par' dir='ltr' id='par_1_19' title="bbox 2166 446 3710 506">
     <span class='ocr_line' id='line_1_19' title="bbox 2166 446 3710 506; baseline -0.001 0"><span class='ocrx_word' id='word_1_123' title='bbox 2166 453 2436 506; x_wconf 89' lang='lat' dir='ltr'>nimirum</span> <span class='ocrx_word' id='word_1_124' title='bbox 2467 452 2624 506; x_wconf 90' lang='lat' dir='ltr'>oculo</span> <span class='ocrx_word' id='word_1_125' title='bbox 2654 455 2900 504; x_wconf 88' lang='lat' dir='ltr'>reserato</span> <span class='ocrx_word' id='word_1_126' title='bbox 2931 448 3110 502; x_wconf 88' lang='lat' dir='ltr'>Deum</span> <span class='ocrx_word' id='word_1_127' title='bbox 3141 446 3342 501; x_wconf 87' lang='lat' dir='ltr'>ibidem</span> <span class='ocrx_word' id='word_1_128' title='bbox 3375 449 3524 502; x_wconf 87' lang='lat' dir='ltr'>sicuti</span> <span class='ocrx_word' id='word_1_129' title='bbox 3545 455 3621 503; x_wconf 91' lang='lat' dir='ltr'>est</span> <span class='ocrx_word' id='word_1_130' title='bbox 3640 467 3710 505; x_wconf 85' lang='lat' dir='ltr'>re-</span> 
     </span>
    </p>
   </div>
   <div class='ocr_carea' id='block_1_20' title="bbox 2165 536 3710 610">
    <p class='ocr_par' dir='ltr' id='par_1_20' title="bbox 2165 536 3710 610">
     <span class='ocr_line' id='line_1_20' title="bbox 2165 536 3710 610; baseline -0.001 -16"><span class='ocrx_word' id='word_1_131' title='bbox 2165 548 2434 610; x_wconf 87' lang='lat' dir='ltr'>gnantem</span> <span class='ocrx_word' id='word_1_132' title='bbox 2463 541 2634 594; x_wconf 75' lang='lat' dir='ltr'>visuri</span> <span class='ocrx_word' id='word_1_133' title='bbox 2666 555 2881 602; x_wconf 90' lang='lat' dir='ltr'>sumus,</span> <span class='ocrx_word' id='word_1_134' title='bbox 2915 537 3010 590; x_wconf 90' lang='lat' dir='ltr'>ubi</span> <span class='ocrx_word' id='word_1_135' title='bbox 3035 536 3264 606; x_wconf 89' lang='lat' dir='ltr'>spiritus</span> <span class='ocrx_word' id='word_1_136' title='bbox 3293 537 3558 608; x_wconf 66' lang='lat' dir='ltr'>sapientiae</span> <span class='ocrx_word' id='word_1_137' title='bbox 3582 555 3710 592; x_wconf 89' lang='lat' dir='ltr'>com-</span> 
     </span>
    </p>
   </div>
   <div class='ocr_carea' id='block_1_21' title="bbox 2168 625 3710 702">
    <p class='ocr_par' dir='ltr' id='par_1_21' title="bbox 2168 625 3710 702">
     <span class='ocr_line' id='line_1_21' title="bbox 2168 625 3710 702; baseline -0.001 -20"><span class='ocrx_word' id='word_1_138' title='bbox 2168 630 2414 702; x_wconf 89' lang='lat' dir='ltr'>plebitur</span> <span class='ocrx_word' id='word_1_139' title='bbox 2473 631 2569 683; x_wconf 90' lang='lat' dir='ltr'>illa</span> <span class='ocrx_word' id='word_1_140' title='bbox 2619 628 2860 698; x_wconf 86' lang='lat' dir='ltr'>septima</span> <span class='ocrx_word' id='word_1_141' title='bbox 2900 626 3263 680; x_wconf 87' lang='lat' dir='ltr'>sanctiﬁcatio</span> <span class='ocrx_word' id='word_1_142' title='bbox 3309 625 3532 680; x_wconf 87' lang='lat' dir='ltr'>nominis</span> <span class='ocrx_word' id='word_1_143' title='bbox 3567 628 3710 697; x_wconf 84' lang='lat' dir='ltr'>ejus;</span> 
     </span>
    </p>
   </div>
   <div class='ocr_carea' id='block_1_22' title="bbox 2164 715 3716 790">
    <p class='ocr_par' dir='ltr' id='par_1_22' title="bbox 2164 715 3716 790">
     <span class='ocr_line' id='line_1_22' title="bbox 2164 715 3716 790; baseline -0.003 -16"><span class='ocrx_word' id='word_1_144' title='bbox 2164 737 2332 790; x_wconf 90' lang='lat' dir='ltr'>quam</span> <span class='ocrx_word' id='word_1_145' title='bbox 2354 719 2617 789; x_wconf 90' lang='lat' dir='ltr'>denique,</span> <span class='ocrx_word' id='word_1_146' title='bbox 2643 734 2754 771; x_wconf 92' lang='lat' dir='ltr'>non</span> <span class='ocrx_word' id='word_1_147' title='bbox 2785 717 2843 770; x_wconf 87' lang='lat' dir='ltr'>in</span> <span class='ocrx_word' id='word_1_148' title='bbox 2872 717 3112 780; x_wconf 86' lang='lat' dir='ltr'>senario,</span> <span class='ocrx_word' id='word_1_149' title='bbox 3140 715 3234 786; x_wconf 91' lang='lat' dir='ltr'>qui</span> <span class='ocrx_word' id='word_1_150' title='bbox 3263 716 3522 785; x_wconf 82' lang='lat' dir='ltr'>perfectus</span> <span class='ocrx_word' id='word_1_151' title='bbox 3543 715 3603 768; x_wconf 88' lang='lat' dir='ltr'>ab</span> <span class='ocrx_word' id='word_1_152' title='bbox 3621 733 3716 769; x_wconf 89' lang='lat' dir='ltr'>om-</span> 
     </span>
    </p>
   </div>
   <div class='ocr_carea' id='block_1_23' title="bbox 2163 804 3714 878">
    <p class='ocr_par' dir='ltr' id='par_1_23' title="bbox 2163 804 3714 878">
     <span class='ocr_line' id='line_1_23' title="bbox 2163 804 3714 878; baseline -0.003 -16"><span class='ocrx_word' id='word_1_153' title='bbox 2163 808 2328 862; x_wconf 88' lang='lat' dir='ltr'>nibus</span> <span class='ocrx_word' id='word_1_154' title='bbox 2369 808 2722 878; x_wconf 62' lang='lat' dir='ltr'>praadicatur,</span> <span class='ocrx_word' id='word_1_155' title='bbox 2756 822 2938 876; x_wconf 90' lang='lat' dir='ltr'>neque</span> <span class='ocrx_word' id='word_1_156' title='bbox 2968 805 3026 858; x_wconf 89' lang='lat' dir='ltr'>in</span> <span class='ocrx_word' id='word_1_157' title='bbox 3067 805 3176 857; x_wconf 89' lang='lat' dir='ltr'>alio</span> <span class='ocrx_word' id='word_1_158' title='bbox 3221 810 3368 857; x_wconf 90' lang='lat' dir='ltr'>retro</span> <span class='ocrx_word' id='word_1_159' title='bbox 3397 820 3609 858; x_wconf 91' lang='lat' dir='ltr'>numero</span> <span class='ocrx_word' id='word_1_160' title='bbox 3633 804 3714 858; x_wconf 89' lang='lat' dir='ltr'>de-</span> 
     </span>
    </p>
   </div>
   <div class='ocr_carea' id='block_1_24' title="bbox 2165 893 3720 967">
    <p class='ocr_par' dir='ltr' id='par_1_24' title="bbox 2165 893 3720 967">
     <span class='ocr_line' id='line_1_24' title="bbox 2165 893 3720 967; baseline -0.003 -17"><span class='ocrx_word' id='word_1_161' title='bbox 2165 898 2284 950; x_wconf 91' lang='lat' dir='ltr'>cuit</span> <span class='ocrx_word' id='word_1_162' title='bbox 2311 896 2603 967; x_wconf 89' lang='lat' dir='ltr'>postulari,</span> <span class='ocrx_word' id='word_1_163' title='bbox 2624 896 2719 949; x_wconf 92' lang='lat' dir='ltr'>sed</span> <span class='ocrx_word' id='word_1_164' title='bbox 2749 895 2809 949; x_wconf 91' lang='lat' dir='ltr'>in</span> <span class='ocrx_word' id='word_1_165' title='bbox 2829 894 3146 965; x_wconf 85' lang='lat' dir='ltr'>septenario</span> <span class='ocrx_word' id='word_1_166' title='bbox 3177 893 3234 946; x_wconf 89' lang='lat' dir='ltr'>in</span> <span class='ocrx_word' id='word_1_167' title='bbox 3265 910 3370 962; x_wconf 88' lang='lat' dir='ltr'>quo</span> <span class='ocrx_word' id='word_1_168' title='bbox 3391 893 3482 946; x_wconf 88' lang='lat' dir='ltr'>illa</span> <span class='ocrx_word' id='word_1_169' title='bbox 3500 893 3720 961; x_wconf 83' lang='lat' dir='ltr'>signatur</span> 
     </span>
    </p>
   </div>
   <div class='ocr_carea' id='block_1_25' title="bbox 2165 982 3717 1054">
    <p class='ocr_par' dir='ltr' id='par_1_25' title="bbox 2165 982 3717 1054">
     <span class='ocr_line' id='line_1_25' title="bbox 2165 982 3717 1054; baseline -0.003 -14"><span class='ocrx_word' id='word_1_170' title='bbox 2165 986 2528 1040; x_wconf 80' lang='lat' dir='ltr'>sanctiﬁcatio</span> <span class='ocrx_word' id='word_1_171' title='bbox 2587 985 2696 1038; x_wconf 89' lang='lat' dir='ltr'>diei</span> <span class='ocrx_word' id='word_1_172' title='bbox 2753 983 2997 1054; x_wconf 87' lang='lat' dir='ltr'>septimi,</span> <span class='ocrx_word' id='word_1_173' title='bbox 3056 982 3150 1035; x_wconf 91' lang='lat' dir='ltr'>ubi</span> <span class='ocrx_word' id='word_1_174' title='bbox 3209 982 3346 1036; x_wconf 89' lang='lat' dir='ltr'>Deus</span> <span class='ocrx_word' id='word_1_175' title='bbox 3405 983 3717 1052; x_wconf 87' lang='lat' dir='ltr'>requiescens</span> 
     </span>
    </p>
   </div>
   <div class='ocr_carea' id='block_1_26' title="bbox 2165 1071 3720 1144">
    <p class='ocr_par' dir='ltr' id='par_1_26' title="bbox 2165 1071 3720 1144">
     <span class='ocr_line' id='line_1_26' title="bbox 2165 1071 3720 1144; baseline -0.004 -15"><span class='ocrx_word' id='word_1_176' title='bbox 2165 1074 2234 1128; x_wconf 91' lang='lat' dir='ltr'>ab</span> <span class='ocrx_word' id='word_1_177' title='bbox 2289 1075 2441 1129; x_wconf 91' lang='lat' dir='ltr'>omni</span> <span class='ocrx_word' id='word_1_178' title='bbox 2498 1090 2666 1144; x_wconf 90' lang='lat' dir='ltr'>opere</span> <span class='ocrx_word' id='word_1_179' title='bbox 2721 1089 2823 1126; x_wconf 92' lang='lat' dir='ltr'>suo</span> <span class='ocrx_word' id='word_1_180' title='bbox 2879 1089 3039 1126; x_wconf 90' lang='lat' dir='ltr'>suam</span> <span class='ocrx_word' id='word_1_181' title='bbox 3091 1071 3462 1125; x_wconf 88' lang='lat' dir='ltr'>sanctiﬁcasse</span> <span class='ocrx_word' id='word_1_182' title='bbox 3505 1071 3720 1140; x_wconf 86' lang='lat' dir='ltr'>requiem</span> 
     </span>
    </p>
   </div>
   <div class='ocr_carea' id='block_1_27' title="bbox 2166 1159 3722 1233">
    <p class='ocr_par' dir='ltr' id='par_1_27' title="bbox 2166 1159 3722 1233">
     <span class='ocr_line' id='line_1_27' title="bbox 2166 1159 3722 1233; baseline -0.003 -15"><span class='ocrx_word' id='word_1_183' title='bbox 2166 1169 2480 1218; x_wconf 85' lang='lat' dir='ltr'>enarratur.</span> <span class='ocrx_word' id='word_1_184' title='bbox 2522 1164 2648 1217; x_wconf 90' lang='lat' dir='ltr'>Non</span> <span class='ocrx_word' id='word_1_185' title='bbox 2679 1162 2825 1232; x_wconf 92' lang='lat' dir='ltr'>quod</span> <span class='ocrx_word' id='word_1_186' title='bbox 2857 1167 2983 1233; x_wconf 90' lang='lat' dir='ltr'>post</span> <span class='ocrx_word' id='word_1_187' title='bbox 3011 1160 3258 1214; x_wconf 88' lang='lat' dir='ltr'>laborem</span> <span class='ocrx_word' id='word_1_188' title='bbox 3288 1159 3620 1230; x_wconf 85' lang='lat' dir='ltr'>requieverit,</span> <span class='ocrx_word' id='word_1_189' title='bbox 3642 1159 3722 1213; x_wconf 84' lang='lat' dir='ltr'>sed</span> 
     </span>
    </p>
   </div>
   <div class='ocr_carea' id='block_1_28' title="bbox 2167 1247 3723 1324">
    <p class='ocr_par' dir='ltr' id='par_1_28' title="bbox 2167 1247 3723 1324">
     <span class='ocr_line' id='line_1_28' title="bbox 2167 1247 3723 1324; baseline -0.004 -17"><span class='ocrx_word' id='word_1_190' title='bbox 2167 1253 2299 1324; x_wconf 89' lang='lat' dir='ltr'>quia</span> <span class='ocrx_word' id='word_1_191' title='bbox 2325 1271 2447 1324; x_wconf 83' lang='lat' dir='ltr'>quae</span> <span class='ocrx_word' id='word_1_192' title='bbox 2476 1255 2721 1323; x_wconf 79' lang='lat' dir='ltr'>perfecta</span> <span class='ocrx_word' id='word_1_193' title='bbox 2741 1250 2890 1315; x_wconf 91' lang='lat' dir='ltr'>fecit,</span> <span class='ocrx_word' id='word_1_194' title='bbox 2925 1251 2981 1304; x_wconf 90' lang='lat' dir='ltr'>in</span> <span class='ocrx_word' id='word_1_195' title='bbox 3010 1267 3069 1303; x_wconf 90' lang='lat' dir='ltr'>se</span> <span class='ocrx_word' id='word_1_196' title='bbox 3098 1249 3444 1320; x_wconf 85' lang='lat' dir='ltr'>requiescere</span> <span class='ocrx_word' id='word_1_197' title='bbox 3469 1247 3723 1302; x_wconf 85' lang='lat' dir='ltr'>concessit.</span> 
     </span>
    </p>
   </div>
   <div class='ocr_carea' id='block_1_29' title="bbox 2164 1338 3725 1412">
    <p class='ocr_par' dir='ltr' id='par_1_29' title="bbox 2164 1338 3725 1412">
     <span class='ocr_line' id='line_1_29' title="bbox 2164 1338 3725 1412; baseline -0.004 -15"><span class='ocrx_word' id='word_1_198' title='bbox 2164 1344 2308 1396; x_wconf 88' lang='lat' dir='ltr'>Nam</span> <span class='ocrx_word' id='word_1_199' title='bbox 2337 1358 2502 1396; x_wconf 90' lang='lat' dir='ltr'>omne</span> <span class='ocrx_word' id='word_1_200' title='bbox 2533 1341 2681 1412; x_wconf 90' lang='lat' dir='ltr'>quod</span> <span class='ocrx_word' id='word_1_201' title='bbox 2708 1346 2810 1406; x_wconf 82' lang='lat' dir='ltr'>est,</span> <span class='ocrx_word' id='word_1_202' title='bbox 2844 1340 2922 1393; x_wconf 87' lang='lat' dir='ltr'>ita</span> <span class='ocrx_word' id='word_1_203' title='bbox 2944 1339 3014 1392; x_wconf 91' lang='lat' dir='ltr'>ab</span> <span class='ocrx_word' id='word_1_204' title='bbox 3043 1339 3136 1392; x_wconf 92' lang='lat' dir='ltr'>illo</span> <span class='ocrx_word' id='word_1_205' title='bbox 3165 1345 3223 1392; x_wconf 90' lang='lat' dir='ltr'>et</span> <span class='ocrx_word' id='word_1_206' title='bbox 3251 1355 3349 1408; x_wconf 92' lang='lat' dir='ltr'>per</span> <span class='ocrx_word' id='word_1_207' title='bbox 3376 1338 3526 1392; x_wconf 87' lang='lat' dir='ltr'>illum</span> <span class='ocrx_word' id='word_1_208' title='bbox 3554 1342 3643 1402; x_wconf 90' lang='lat' dir='ltr'>est,</span> <span class='ocrx_word' id='word_1_209' title='bbox 3673 1341 3725 1390; x_wconf 90' lang='lat' dir='ltr'>ut</span> 
     </span>
    </p>
   </div>
   <div class='ocr_carea' id='block_1_30' title="bbox 2167 1426 3725 1500">
    <p class='ocr_par' dir='ltr' id='par_1_30' title="bbox 2167 1426 3725 1500">
     <span class='ocr_line' id='line_1_30' title="bbox 2167 1426 3725 1500; baseline -0.004 -16"><span class='ocrx_word' id='word_1_210' title='bbox 2167 1436 2347 1484; x_wconf 91' lang='lat' dir='ltr'>totum</span> <span class='ocrx_word' id='word_1_211' title='bbox 2379 1431 2428 1484; x_wconf 90' lang='lat' dir='ltr'>ei</span> <span class='ocrx_word' id='word_1_212' title='bbox 2466 1429 2668 1484; x_wconf 86' lang='lat' dir='ltr'>debeat</span> <span class='ocrx_word' id='word_1_213' title='bbox 2714 1429 2862 1500; x_wconf 94' lang='lat' dir='ltr'>quod</span> <span class='ocrx_word' id='word_1_214' title='bbox 2901 1434 3003 1482; x_wconf 91' lang='lat' dir='ltr'>est.</span> <span class='ocrx_word' id='word_1_215' title='bbox 3037 1427 3250 1481; x_wconf 91' lang='lat' dir='ltr'>Idcirco</span> <span class='ocrx_word' id='word_1_216' title='bbox 3299 1426 3615 1497; x_wconf 82' lang='lat' dir='ltr'>perfectione</span> <span class='ocrx_word' id='word_1_217' title='bbox 3653 1441 3725 1478; x_wconf 87' lang='lat' dir='ltr'>se-</span> 
     </span>
    </p>
   </div>
   <div class='ocr_carea' id='block_1_31' title="bbox 2165 1516 3727 1590">
    <p class='ocr_par' dir='ltr' id='par_1_31' title="bbox 2165 1516 3727 1590">
     <span class='ocr_line' id='line_1_31' title="bbox 2165 1516 3727 1590; baseline -0.004 -17"><span class='ocrx_word' id='word_1_218' title='bbox 2165 1520 2311 1574; x_wconf 89' lang='lat' dir='ltr'>narii</span> <span class='ocrx_word' id='word_1_219' title='bbox 2340 1519 2500 1590; x_wconf 84' lang='lat' dir='ltr'>regni</span> <span class='ocrx_word' id='word_1_220' title='bbox 2521 1519 2792 1572; x_wconf 86' lang='lat' dir='ltr'>adventus</span> <span class='ocrx_word' id='word_1_221' title='bbox 2823 1516 3087 1588; x_wconf 90' lang='lat' dir='ltr'>poscitur,</span> <span class='ocrx_word' id='word_1_222' title='bbox 3107 1522 3383 1586; x_wconf 88' lang='lat' dir='ltr'>quatenus</span> <span class='ocrx_word' id='word_1_223' title='bbox 3410 1530 3727 1569; x_wconf 84' lang='lat' dir='ltr'>occurramus</span> 
     </span>
    </p>
   </div>
   <div class='ocr_carea' id='block_1_32' title="bbox 2166 1602 3730 1677">
    <p class='ocr_par' dir='ltr' id='par_1_32' title="bbox 2166 1602 3730 1677">
     <span class='ocr_line' id='line_1_32' title="bbox 2166 1602 3730 1677; baseline -0.004 -16"><span class='ocrx_word' id='word_1_224' title='bbox 2166 1625 2359 1662; x_wconf 92' lang='lat' dir='ltr'>omnes</span> <span class='ocrx_word' id='word_1_225' title='bbox 2397 1608 2456 1661; x_wconf 91' lang='lat' dir='ltr'>in</span> <span class='ocrx_word' id='word_1_226' title='bbox 2479 1607 2661 1661; x_wconf 87' lang='lat' dir='ltr'>virum</span> <span class='ocrx_word' id='word_1_227' title='bbox 2688 1605 2995 1677; x_wconf 87' lang='lat' dir='ltr'>perfectum</span> <span class='ocrx_word' id='word_1_228' title='bbox 3025 1612 3082 1658; x_wconf 89' lang='lat' dir='ltr'>et</span> <span class='ocrx_word' id='word_1_229' title='bbox 3110 1621 3432 1659; x_wconf 87' lang='lat' dir='ltr'>mensuram</span> <span class='ocrx_word' id='word_1_230' title='bbox 3461 1602 3730 1674; x_wconf 89' lang='lat' dir='ltr'>plenitudi-</span> 
     </span>
    </p>
   </div>
   <div class='ocr_carea' id='block_1_33' title="bbox 480 1689 3727 1773">
    <p class='ocr_par' dir='ltr' id='par_1_33' title="bbox 480 1689 3727 1773">
     <span class='ocr_line' id='line_1_33' title="bbox 480 1689 3727 1773; baseline -0.002 -20"><span class='ocrx_word' id='word_1_231' title='bbox 480 1696 748 1770; x_wconf 88' lang='lat' dir='ltr'>gradibus</span> <span class='ocrx_word' id='word_1_232' title='bbox 793 1696 1128 1767; x_wconf 84' lang='lat' dir='ltr'>subrigitur;</span> <span class='ocrx_word' id='word_1_233' title='bbox 1161 1711 1293 1748; x_wconf 88' lang='lat' dir='ltr'>nam</span> <span class='ocrx_word' id='word_1_234' title='bbox 1322 1694 1458 1747; x_wconf 88' lang='lat' dir='ltr'>dum</span> <span class='ocrx_word' id='word_1_235' title='bbox 1513 1691 1785 1746; x_wconf 76' lang='lat' dir='ltr'>liberatur</span> <span class='ocrx_word' id='word_1_236' title='bbox 1832 1707 1866 1743; x_wconf 69' lang='grc' dir='ltr'>ει</span> <span class='ocrx_word' id='word_1_237' title='bbox 1912 1689 2078 1754; x_wconf 72' lang='lat' dir='ltr'>malo.</span> <span class='ocrx_word' id='word_1_238' title='bbox 2103 1697 2256 1773; x_wconf 86' lang='lat' dir='ltr'>Bnis</span> <span class='ocrx_word' id='word_1_239' title='bbox 2289 1697 2535 1759; x_wconf 88' lang='lat' dir='ltr'>Christi;</span> <span class='ocrx_word' id='word_1_240' title='bbox 2579 1695 2781 1749; x_wconf 87' lang='lat' dir='ltr'>deinde</span> <span class='ocrx_word' id='word_1_241' title='bbox 2822 1694 2981 1749; x_wconf 87' lang='lat' dir='ltr'>nobis</span> <span class='ocrx_word' id='word_1_242' title='bbox 3018 1694 3078 1748; x_wconf 90' lang='lat' dir='ltr'>in</span> <span class='ocrx_word' id='word_1_243' title='bbox 3132 1694 3231 1748; x_wconf 92' lang='lat' dir='ltr'>illo</span> <span class='ocrx_word' id='word_1_244' title='bbox 3270 1691 3727 1764; x_wconf 88' lang='lat' dir='ltr'>requiescentibus,</span> 
     </span>
    </p>
   </div>
   <div class='ocr_carea' id='block_1_34' title="bbox 480 1779 2091 1858">
    <p class='ocr_par' dir='ltr' id='par_1_34' title="bbox 480 1779 2091 1858">
     <span class='ocr_line' id='line_1_34' title="bbox 480 1779 2091 1858; baseline -0.007 -16"><span class='ocrx_word' id='word_1_245' title='bbox 480 1789 654 1842; x_wconf 69' lang='lat' dir='ltr'>hazret</span> <span class='ocrx_word' id='word_1_246' title='bbox 673 1789 795 1858; x_wconf 88' lang='lat' dir='ltr'>jam</span> <span class='ocrx_word' id='word_1_247' title='bbox 826 1786 907 1839; x_wconf 93' lang='lat' dir='ltr'>illi</span> <span class='ocrx_word' id='word_1_248' title='bbox 942 1801 1162 1839; x_wconf 90' lang='lat' dir='ltr'>summo</span> <span class='ocrx_word' id='word_1_249' title='bbox 1194 1783 1373 1850; x_wconf 91' lang='lat' dir='ltr'>bono;</span> <span class='ocrx_word' id='word_1_250' title='bbox 1417 1788 1473 1836; x_wconf 92' lang='lat' dir='ltr'>et</span> <span class='ocrx_word' id='word_1_251' title='bbox 1501 1782 1635 1836; x_wconf 91' lang='lat' dir='ltr'>dum</span> <span class='ocrx_word' id='word_1_252' title='bbox 1667 1779 1932 1852; x_wconf 88' lang='lat' dir='ltr'>postulat,</span> <span class='ocrx_word' id='word_1_253' title='bbox 1964 1795 2091 1832; x_wconf 81' lang='lat' dir='ltr'>con-</span> 
     </span>
    </p>
   </div>
   <div class='ocr_carea' id='block_1_35' title="bbox 479 1870 2086 1938">
    <p class='ocr_par' dir='ltr' id='par_1_35' title="bbox 479 1870 2086 1938">
     <span class='ocr_line' id='line_1_35' title="bbox 479 1870 2086 1938; baseline -0.007 -7"><span class='ocrx_word' id='word_1_254' title='bbox 479 1878 672 1931; x_wconf 90' lang='lat' dir='ltr'>ﬁtetur</span> <span class='ocrx_word' id='word_1_255' title='bbox 699 1892 819 1930; x_wconf 92' lang='lat' dir='ltr'>esse</span> <span class='ocrx_word' id='word_1_256' title='bbox 847 1873 1194 1928; x_wconf 88' lang='lat' dir='ltr'>sectandum.</span> <span class='ocrx_word' id='word_1_257' title='bbox 1227 1873 1333 1937; x_wconf 88' lang='lat' dir='ltr'>Qui</span> <span class='ocrx_word' id='word_1_258' title='bbox 1363 1888 1489 1925; x_wconf 89' lang='lat' dir='ltr'>cum</span> <span class='ocrx_word' id='word_1_259' title='bbox 1513 1870 1812 1924; x_wconf 90' lang='lat' dir='ltr'>liberatum</span> <span class='ocrx_word' id='word_1_260' title='bbox 1844 1885 1902 1921; x_wconf 92' lang='lat' dir='ltr'>se</span> <span class='ocrx_word' id='word_1_261' title='bbox 1931 1883 2086 1938; x_wconf 86' lang='lat' dir='ltr'>aspe-</span> 
     </span>
    </p>
   </div>
   <div class='ocr_carea' id='block_1_36' title="bbox 478 1958 2085 2037">
    <p class='ocr_par' dir='ltr' id='par_1_36' title="bbox 478 1958 2085 2037">
     <span class='ocr_line' id='line_1_36' title="bbox 478 1958 2085 2037; baseline -0.007 -17"><span class='ocrx_word' id='word_1_262' title='bbox 478 1967 642 2030; x_wconf 83' lang='lat' dir='ltr'>xerit,</span> <span class='ocrx_word' id='word_1_263' title='bbox 669 1966 810 2037; x_wconf 88' lang='lat' dir='ltr'>petit</span> <span class='ocrx_word' id='word_1_264' title='bbox 848 1981 882 2018; x_wconf 90' lang='lat' dir='ltr'>a</span> <span class='ocrx_word' id='word_1_265' title='bbox 921 1980 1030 2035; x_wconf 91' lang='lat' dir='ltr'>quo</span> <span class='ocrx_word' id='word_1_266' title='bbox 1081 1962 1370 2026; x_wconf 88' lang='lat' dir='ltr'>liberatur,</span> <span class='ocrx_word' id='word_1_267' title='bbox 1407 1978 1477 2014; x_wconf 91' lang='lat' dir='ltr'>ne</span> <span class='ocrx_word' id='word_1_268' title='bbox 1525 1977 1583 2014; x_wconf 92' lang='lat' dir='ltr'>se</span> <span class='ocrx_word' id='word_1_269' title='bbox 1612 1960 1842 2013; x_wconf 91' lang='lat' dir='ltr'>inducat</span> <span class='ocrx_word' id='word_1_270' title='bbox 1870 1958 1927 2010; x_wconf 91' lang='lat' dir='ltr'>in</span> <span class='ocrx_word' id='word_1_271' title='bbox 1961 1962 2085 2010; x_wconf 91' lang='lat' dir='ltr'>ten-</span> 
     </span>
    </p>
   </div>
   <div class='ocr_carea' id='block_1_37' title="bbox 479 2046 2084 2122">
    <p class='ocr_par' dir='ltr' id='par_1_37' title="bbox 479 2046 2084 2122">
     <span class='ocr_line' id='line_1_37' title="bbox 479 2046 2084 2122; baseline -0.008 -12"><span class='ocrx_word' id='word_1_272' title='bbox 479 2055 773 2122; x_wconf 87' lang='lat' dir='ltr'>tationem,</span> <span class='ocrx_word' id='word_1_273' title='bbox 805 2071 875 2108; x_wconf 91' lang='lat' dir='ltr'>ne</span> <span class='ocrx_word' id='word_1_274' title='bbox 899 2070 1093 2108; x_wconf 90' lang='lat' dir='ltr'>rursus</span> <span class='ocrx_word' id='word_1_275' title='bbox 1117 2053 1176 2106; x_wconf 91' lang='lat' dir='ltr'>in</span> <span class='ocrx_word' id='word_1_276' title='bbox 1207 2053 1416 2106; x_wconf 89' lang='lat' dir='ltr'>malum</span> <span class='ocrx_word' id='word_1_277' title='bbox 1467 2055 1614 2104; x_wconf 87' lang='lat' dir='ltr'>ruat.</span> <span class='ocrx_word' id='word_1_278' title='bbox 1657 2048 1762 2102; x_wconf 94' lang='lat' dir='ltr'>Ubi</span> <span class='ocrx_word' id='word_1_279' title='bbox 1793 2063 1915 2118; x_wconf 72' lang='lat' dir='ltr'>apex</span> <span class='ocrx_word' id='word_1_280' title='bbox 1929 2052 1986 2098; x_wconf 89' lang='lat' dir='ltr'>te</span> <span class='ocrx_word' id='word_1_281' title='bbox 2014 2046 2084 2098; x_wconf 89' lang='lat' dir='ltr'>il-</span> 
     </span>
    </p>
   </div>
   <div class='ocr_carea' id='block_1_38' title="bbox 476 2135 2084 2217">
    <p class='ocr_par' dir='ltr' id='par_1_38' title="bbox 476 2135 2084 2217">
     <span class='ocr_line' id='line_1_38' title="bbox 476 2135 2084 2217; baseline -0.008 -18"><span class='ocrx_word' id='word_1_282' title='bbox 476 2144 587 2199; x_wconf 90' lang='lat' dir='ltr'>lius</span> <span class='ocrx_word' id='word_1_283' title='bbox 607 2144 858 2217; x_wconf 89' lang='lat' dir='ltr'>potentia</span> <span class='ocrx_word' id='word_1_284' title='bbox 887 2142 1240 2214; x_wconf 67' lang='lat' dir='ltr'>prmdicatur,</span> <span class='ocrx_word' id='word_1_285' title='bbox 1260 2141 1380 2195; x_wconf 78' lang='lat' dir='ltr'>sine</span> <span class='ocrx_word' id='word_1_286' title='bbox 1408 2141 1568 2209; x_wconf 92' lang='lat' dir='ltr'>cujus</span> <span class='ocrx_word' id='word_1_287' title='bbox 1590 2137 1865 2208; x_wconf 91' lang='lat' dir='ltr'>permissu</span> <span class='ocrx_word' id='word_1_288' title='bbox 1887 2135 2084 2188; x_wconf 88' lang='lat' dir='ltr'>adver-</span> 
     </span>
    </p>
   </div>
   <div class='ocr_carea' id='block_1_39' title="bbox 479 2222 2081 2300">
    <p class='ocr_par' dir='ltr' id='par_1_39' title="bbox 479 2222 2081 2300">
     <span class='ocr_line' id='line_1_39' title="bbox 479 2222 2081 2300; baseline -0.009 -11"><span class='ocrx_word' id='word_1_289' title='bbox 479 2234 661 2289; x_wconf 91' lang='lat' dir='ltr'>sarius</span> <span class='ocrx_word' id='word_1_290' title='bbox 701 2233 842 2287; x_wconf 89' lang='lat' dir='ltr'>nihil</span> <span class='ocrx_word' id='word_1_291' title='bbox 873 2232 1059 2297; x_wconf 86' lang='lat' dir='ltr'>valet;</span> <span class='ocrx_word' id='word_1_292' title='bbox 1111 2236 1166 2285; x_wconf 89' lang='lat' dir='ltr'>et</span> <span class='ocrx_word' id='word_1_293' title='bbox 1205 2231 1338 2283; x_wconf 91' lang='lat' dir='ltr'>dum</span> <span class='ocrx_word' id='word_1_294' title='bbox 1369 2226 1720 2300; x_wconf 89' lang='lat' dir='ltr'>permittitur</span> <span class='ocrx_word' id='word_1_295' title='bbox 1748 2224 1923 2295; x_wconf 86' lang='lat' dir='ltr'>culpis</span> <span class='ocrx_word' id='word_1_296' title='bbox 1966 2222 2081 2276; x_wconf 88' lang='lat' dir='ltr'>exi-</span> 
     </span>
    </p>
   </div>
   <div class='ocr_carea' id='block_1_40' title="bbox 474 2313 2082 2394">
    <p class='ocr_par' dir='ltr' id='par_1_40' title="bbox 474 2313 2082 2394">
     <span class='ocr_line' id='line_1_40' title="bbox 474 2313 2082 2394; baseline -0.006 -17"><span class='ocrx_word' id='word_1_297' title='bbox 474 2323 758 2394; x_wconf 83' lang='lat' dir='ltr'>gentibus,</span> <span class='ocrx_word' id='word_1_298' title='bbox 793 2320 954 2392; x_wconf 90' lang='lat' dir='ltr'>quasi</span> <span class='ocrx_word' id='word_1_299' title='bbox 983 2336 1085 2374; x_wconf 92' lang='lat' dir='ltr'>nos</span> <span class='ocrx_word' id='word_1_300' title='bbox 1127 2319 1393 2372; x_wconf 89' lang='lat' dir='ltr'>inducere</span> <span class='ocrx_word' id='word_1_301' title='bbox 1432 2317 1671 2370; x_wconf 89' lang='lat' dir='ltr'>videtur.</span> <span class='ocrx_word' id='word_1_302' title='bbox 1713 2314 1872 2368; x_wconf 91' lang='lat' dir='ltr'>Unde</span> <span class='ocrx_word' id='word_1_303' title='bbox 1901 2313 2082 2367; x_wconf 89' lang='lat' dir='ltr'>omnis</span> 
     </span>
    </p>
   </div>
   <div class='ocr_carea' id='block_1_41' title="bbox 474 2403 2081 2480">
    <p class='ocr_par' dir='ltr' id='par_1_41' title="bbox 474 2403 2081 2480">
     <span class='ocr_line' id='line_1_41' title="bbox 474 2403 2081 2480; baseline -0.006 -15"><span class='ocrx_word' id='word_1_304' title='bbox 474 2411 646 2466; x_wconf 89' lang='lat' dir='ltr'>timor</span> <span class='ocrx_word' id='word_1_305' title='bbox 666 2415 873 2477; x_wconf 88' lang='lat' dir='ltr'>noster,</span> <span class='ocrx_word' id='word_1_306' title='bbox 923 2426 1048 2480; x_wconf 91' lang='lat' dir='ltr'>spes</span> <span class='ocrx_word' id='word_1_307' title='bbox 1078 2414 1134 2462; x_wconf 91' lang='lat' dir='ltr'>et</span> <span class='ocrx_word' id='word_1_308' title='bbox 1166 2407 1404 2472; x_wconf 88' lang='lat' dir='ltr'>devotio,</span> <span class='ocrx_word' id='word_1_309' title='bbox 1441 2406 1594 2459; x_wconf 87' lang='lat' dir='ltr'>cultu</span> <span class='ocrx_word' id='word_1_310' title='bbox 1625 2403 1909 2474; x_wconf 84' lang='lat' dir='ltr'>religionis</span> <span class='ocrx_word' id='word_1_311' title='bbox 1947 2419 2081 2456; x_wconf 93' lang='lat' dir='ltr'>con-</span> 
     </span>
    </p>
   </div>
   <div class='ocr_carea' id='block_1_42' title="bbox 475 2491 2080 2565">
    <p class='ocr_par' dir='ltr' id='par_1_42' title="bbox 475 2491 2080 2565">
     <span class='ocr_line' id='line_1_42' title="bbox 475 2491 2080 2565; baseline -0.006 -12"><span class='ocrx_word' id='word_1_312' title='bbox 475 2505 727 2555; x_wconf 88' lang='lat' dir='ltr'>vertatur</span> <span class='ocrx_word' id='word_1_313' title='bbox 755 2499 825 2553; x_wconf 89' lang='lat' dir='ltr'>ad</span> <span class='ocrx_word' id='word_1_314' title='bbox 869 2515 1017 2565; x_wconf 89' lang='lat' dir='ltr'>eum,</span> <span class='ocrx_word' id='word_1_315' title='bbox 1049 2498 1183 2551; x_wconf 91' lang='lat' dir='ltr'>dum</span> <span class='ocrx_word' id='word_1_316' title='bbox 1213 2500 1432 2550; x_wconf 88' lang='lat' dir='ltr'>constat</span> <span class='ocrx_word' id='word_1_317' title='bbox 1462 2493 1609 2565; x_wconf 91' lang='lat' dir='ltr'>quod</span> <span class='ocrx_word' id='word_1_318' title='bbox 1664 2493 1723 2547; x_wconf 90' lang='lat' dir='ltr'>in</span> <span class='ocrx_word' id='word_1_319' title='bbox 1768 2491 2080 2546; x_wconf 89' lang='lat' dir='ltr'>tentatione</span> 
     </span>
    </p>
   </div>
   <div class='ocr_carea' id='block_1_43' title="bbox 473 2581 2081 2657">
    <p class='ocr_par' dir='ltr' id='par_1_43' title="bbox 473 2581 2081 2657">
     <span class='ocr_line' id='line_1_43' title="bbox 473 2581 2081 2657; baseline -0.006 -13"><span class='ocrx_word' id='word_1_320' title='bbox 473 2589 616 2644; x_wconf 90' lang='lat' dir='ltr'>nihil</span> <span class='ocrx_word' id='word_1_321' title='bbox 647 2589 873 2644; x_wconf 91' lang='lat' dir='ltr'>inimico</span> <span class='ocrx_word' id='word_1_322' title='bbox 903 2589 1091 2652; x_wconf 88' lang='lat' dir='ltr'>liceat,</span> <span class='ocrx_word' id='word_1_323' title='bbox 1123 2586 1230 2641; x_wconf 91' lang='lat' dir='ltr'>nisi</span> <span class='ocrx_word' id='word_1_324' title='bbox 1260 2590 1508 2657; x_wconf 88' lang='lat' dir='ltr'>potestas</span> <span class='ocrx_word' id='word_1_325' title='bbox 1530 2583 1764 2638; x_wconf 89' lang='lat' dir='ltr'>nocendi</span> <span class='ocrx_word' id='word_1_326' title='bbox 1797 2581 1865 2636; x_wconf 88' lang='lat' dir='ltr'>ab</span> <span class='ocrx_word' id='word_1_327' title='bbox 1893 2599 1957 2635; x_wconf 92' lang='lat' dir='ltr'>eo</span> <span class='ocrx_word' id='word_1_328' title='bbox 1984 2581 2081 2634; x_wconf 87' lang='lat' dir='ltr'>tri-</span> 
     </span>
    </p>
   </div>
   <div class='ocr_carea' id='block_1_44' title="bbox 474 2673 2083 2753">
    <p class='ocr_par' dir='ltr' id='par_1_44' title="bbox 474 2673 2083 2753">
     <span class='ocr_line' id='line_1_44' title="bbox 474 2673 2083 2753; baseline -0.007 -16"><span class='ocrx_word' id='word_1_329' title='bbox 474 2682 700 2748; x_wconf 86' lang='lat' dir='ltr'>buatur,</span> <span class='ocrx_word' id='word_1_330' title='bbox 727 2698 892 2753; x_wconf 89' lang='lat' dir='ltr'>quem</span> <span class='ocrx_word' id='word_1_331' title='bbox 921 2681 1184 2752; x_wconf 91' lang='lat' dir='ltr'>petimus,</span> <span class='ocrx_word' id='word_1_332' title='bbox 1213 2695 1283 2733; x_wconf 91' lang='lat' dir='ltr'>ne</span> <span class='ocrx_word' id='word_1_333' title='bbox 1316 2695 1415 2732; x_wconf 91' lang='lat' dir='ltr'>nos</span> <span class='ocrx_word' id='word_1_334' title='bbox 1444 2678 1690 2732; x_wconf 90' lang='lat' dir='ltr'>inducat.</span> <span class='ocrx_word' id='word_1_335' title='bbox 1712 2675 1923 2729; x_wconf 89' lang='lat' dir='ltr'>Deinde</span> <span class='ocrx_word' id='word_1_336' title='bbox 1949 2673 2083 2743; x_wconf 89' lang='lat' dir='ltr'>quia</span> 
     </span>
    </p>
   </div>
   <div class='ocr_carea' id='block_1_45' title="bbox 475 2766 2078 2845">
    <p class='ocr_par' dir='ltr' id='par_1_45' title="bbox 475 2766 2078 2845">
     <span class='ocr_line' id='line_1_45' title="bbox 475 2766 2078 2845; baseline -0.008 -19"><span class='ocrx_word' id='word_1_337' title='bbox 475 2771 535 2826; x_wconf 93' lang='lat' dir='ltr'>in</span> <span class='ocrx_word' id='word_1_338' title='bbox 565 2772 669 2826; x_wconf 88' lang='lat' dir='ltr'>hac</span> <span class='ocrx_word' id='word_1_339' title='bbox 698 2770 810 2825; x_wconf 90' lang='lat' dir='ltr'>vita</span> <span class='ocrx_word' id='word_1_340' title='bbox 842 2771 964 2824; x_wconf 90' lang='lat' dir='ltr'>sine</span> <span class='ocrx_word' id='word_1_341' title='bbox 1010 2774 1235 2841; x_wconf 89' lang='lat' dir='ltr'>peccato</span> <span class='ocrx_word' id='word_1_342' title='bbox 1287 2767 1496 2821; x_wconf 88' lang='lat' dir='ltr'>renatis</span> <span class='ocrx_word' id='word_1_343' title='bbox 1548 2766 1728 2819; x_wconf 88' lang='lat' dir='ltr'>vivere</span> <span class='ocrx_word' id='word_1_344' title='bbox 1760 2781 1870 2818; x_wconf 91' lang='lat' dir='ltr'>non</span> <span class='ocrx_word' id='word_1_345' title='bbox 1901 2766 2078 2845; x_wconf 54' lang='lat' dir='ltr'>vacat,</span> 
     </span>
    </p>
   </div>
   <div class='ocr_carea' id='block_1_46' title="bbox 473 2853 2081 2930">
    <p class='ocr_par' dir='ltr' id='par_1_46' title="bbox 473 2853 2081 2930">
     <span class='ocr_line' id='line_1_46' title="bbox 473 2853 2081 2930; baseline -0.008 -15"><span class='ocrx_word' id='word_1_346' title='bbox 473 2859 616 2915; x_wconf 89' lang='lat' dir='ltr'>bene</span> <span class='ocrx_word' id='word_1_347' title='bbox 649 2861 754 2914; x_wconf 91' lang='lat' dir='ltr'>hac</span> <span class='ocrx_word' id='word_1_348' title='bbox 785 2876 946 2930; x_wconf 90' lang='lat' dir='ltr'>prece</span> <span class='ocrx_word' id='word_1_349' title='bbox 966 2859 1200 2922; x_wconf 88' lang='lat' dir='ltr'>utimur,</span> <span class='ocrx_word' id='word_1_350' title='bbox 1221 2856 1290 2910; x_wconf 89' lang='lat' dir='ltr'>ab</span> <span class='ocrx_word' id='word_1_351' title='bbox 1320 2856 1405 2908; x_wconf 88' lang='lat' dir='ltr'>his</span> <span class='ocrx_word' id='word_1_352' title='bbox 1429 2853 1674 2918; x_wconf 89' lang='lat' dir='ltr'>liberari,</span> <span class='ocrx_word' id='word_1_353' title='bbox 1698 2858 1762 2906; x_wconf 91' lang='lat' dir='ltr'>ut</span> <span class='ocrx_word' id='word_1_354' title='bbox 1779 2853 2081 2905; x_wconf 87' lang='lat' dir='ltr'>doceamur</span> 
     </span>
    </p>
   </div>
   <div class='ocr_carea' id='block_1_47' title="bbox 475 2939 2080 3015">
    <p class='ocr_par' dir='ltr' id='par_1_47' title="bbox 475 2939 2080 3015">
     <span class='ocr_line' id='line_1_47' title="bbox 475 2939 2080 3015; baseline -0.008 -11"><span class='ocrx_word' id='word_1_355' title='bbox 475 2967 540 3004; x_wconf 81' lang='lat' dir='ltr'>ex</span> <span class='ocrx_word' id='word_1_356' title='bbox 569 2967 654 3015; x_wconf 92' lang='lat' dir='ltr'>ea,</span> <span class='ocrx_word' id='word_1_357' title='bbox 709 2947 999 3002; x_wconf 88' lang='lat' dir='ltr'>charitatis</span> <span class='ocrx_word' id='word_1_358' title='bbox 1048 2946 1248 3010; x_wconf 86' lang='lat' dir='ltr'>ofﬁcio,</span> <span class='ocrx_word' id='word_1_359' title='bbox 1283 2944 1418 3014; x_wconf 92' lang='lat' dir='ltr'>quid</span> <span class='ocrx_word' id='word_1_360' title='bbox 1447 2948 1504 2996; x_wconf 91' lang='lat' dir='ltr'>et</span> <span class='ocrx_word' id='word_1_361' title='bbox 1556 2942 1662 3012; x_wconf 91' lang='lat' dir='ltr'>ipsi</span> <span class='ocrx_word' id='word_1_362' title='bbox 1692 2958 1858 3011; x_wconf 88' lang='lat' dir='ltr'>agere</span> <span class='ocrx_word' id='word_1_363' title='bbox 1889 2940 1945 2993; x_wconf 92' lang='lat' dir='ltr'>in</span> <span class='ocrx_word' id='word_1_364' title='bbox 1974 2939 2080 2992; x_wconf 88' lang='lat' dir='ltr'>fra-</span> 
     </span>
    </p>
   </div>
   <div class='ocr_carea' id='block_1_48' title="bbox 2173 1781 3729 1857">
    <p class='ocr_par' dir='ltr' id='par_1_48' title="bbox 2173 1781 3729 1857">
     <span class='ocr_line' id='line_1_48' title="bbox 2173 1781 3729 1857; baseline -0.004 -17"><span class='ocrx_word' id='word_1_365' title='bbox 2173 1787 2553 1840; x_wconf 84' lang='lat' dir='ltr'>sanctiticetur</span> <span class='ocrx_word' id='word_1_366' title='bbox 2579 1786 2699 1857; x_wconf 88' lang='lat' dir='ltr'>ipse</span> <span class='ocrx_word' id='word_1_367' title='bbox 2727 1785 2785 1838; x_wconf 91' lang='lat' dir='ltr'>in</span> <span class='ocrx_word' id='word_1_368' title='bbox 2824 1785 3007 1849; x_wconf 90' lang='lat' dir='ltr'>nobis,</span> <span class='ocrx_word' id='word_1_369' title='bbox 3039 1784 3176 1837; x_wconf 90' lang='lat' dir='ltr'>dum</span> <span class='ocrx_word' id='word_1_370' title='bbox 3215 1800 3318 1837; x_wconf 90' lang='lat' dir='ltr'>nos</span> <span class='ocrx_word' id='word_1_371' title='bbox 3348 1784 3405 1836; x_wconf 92' lang='lat' dir='ltr'>in</span> <span class='ocrx_word' id='word_1_372' title='bbox 3434 1782 3524 1836; x_wconf 92' lang='lat' dir='ltr'>illo</span> <span class='ocrx_word' id='word_1_373' title='bbox 3552 1781 3729 1835; x_wconf 86' lang='lat' dir='ltr'>sancti-</span> 
     </span>
    </p>
   </div>
   <div class='ocr_carea' id='block_1_49' title="bbox 2173 1870 3734 1945">
    <p class='ocr_par' dir='ltr' id='par_1_49' title="bbox 2173 1870 3734 1945">
     <span class='ocr_line' id='line_1_49' title="bbox 2173 1870 3734 1945; baseline -0.003 -17"><span class='ocrx_word' id='word_1_374' title='bbox 2173 1876 2425 1930; x_wconf 87' lang='lat' dir='ltr'>ﬁcamur.</span> <span class='ocrx_word' id='word_1_375' title='bbox 2474 1876 2652 1940; x_wconf 91' lang='lat' dir='ltr'>Quam</span> <span class='ocrx_word' id='word_1_376' title='bbox 2685 1873 2928 1945; x_wconf 89' lang='lat' dir='ltr'>profecto</span> <span class='ocrx_word' id='word_1_377' title='bbox 2973 1873 3470 1928; x_wconf 81' lang='lat' dir='ltr'>sanctiﬁcationem</span> <span class='ocrx_word' id='word_1_378' title='bbox 3522 1888 3554 1925; x_wconf 87' lang='lat' dir='ltr'>a</span> <span class='ocrx_word' id='word_1_379' title='bbox 3601 1870 3734 1941; x_wconf 89' lang='lat' dir='ltr'>prin-</span> 
     </span>
    </p>
   </div>
   <div class='ocr_carea' id='block_1_50' title="bbox 2167 1961 3732 2034">
    <p class='ocr_par' dir='ltr' id='par_1_50' title="bbox 2167 1961 3732 2034">
     <span class='ocr_line' id='line_1_50' title="bbox 2167 1961 3732 2034; baseline -0.002 -18"><span class='ocrx_word' id='word_1_380' title='bbox 2167 1964 2312 2034; x_wconf 90' lang='lat' dir='ltr'>cipio</span> <span class='ocrx_word' id='word_1_381' title='bbox 2340 1965 2399 2018; x_wconf 91' lang='lat' dir='ltr'>in</span> <span class='ocrx_word' id='word_1_382' title='bbox 2429 1981 2487 2018; x_wconf 92' lang='lat' dir='ltr'>se</span> <span class='ocrx_word' id='word_1_383' title='bbox 2522 1963 2877 2018; x_wconf 90' lang='lat' dir='ltr'>credentibus</span> <span class='ocrx_word' id='word_1_384' title='bbox 2907 1962 3250 2034; x_wconf 90' lang='lat' dir='ltr'>repromisit,</span> <span class='ocrx_word' id='word_1_385' title='bbox 3283 1963 3416 2016; x_wconf 90' lang='lat' dir='ltr'>dum</span> <span class='ocrx_word' id='word_1_386' title='bbox 3460 1961 3600 2014; x_wconf 86' lang='lat' dir='ltr'>illam</span> <span class='ocrx_word' id='word_1_387' title='bbox 3629 1975 3732 2013; x_wconf 83' lang='lat' dir='ltr'>san-</span> 
     </span>
    </p>
   </div>
   <div class='ocr_carea' id='block_1_51' title="bbox 2166 2049 3735 2124">
    <p class='ocr_par' dir='ltr' id='par_1_51' title="bbox 2166 2049 3735 2124">
     <span class='ocr_line' id='line_1_51' title="bbox 2166 2049 3735 2124; baseline -0.003 -18"><span class='ocrx_word' id='word_1_388' title='bbox 2166 2054 2436 2108; x_wconf 88' lang='lat' dir='ltr'>ctiﬁcasse</span> <span class='ocrx_word' id='word_1_389' title='bbox 2467 2053 2672 2124; x_wconf 85' lang='lat' dir='ltr'>legitur</span> <span class='ocrx_word' id='word_1_390' title='bbox 2709 2053 2878 2117; x_wconf 91' lang='lat' dir='ltr'>diem,</span> <span class='ocrx_word' id='word_1_391' title='bbox 2915 2069 3037 2122; x_wconf 66' lang='lat' dir='ltr'>qua}</span> <span class='ocrx_word' id='word_1_392' title='bbox 3085 2050 3482 2122; x_wconf 78' lang='lat' dir='ltr'>perfectionem</span> <span class='ocrx_word' id='word_1_393' title='bbox 3517 2049 3735 2103; x_wconf 88' lang='lat' dir='ltr'>omnium</span> 
     </span>
    </p>
   </div>
   <div class='ocr_carea' id='block_1_52' title="bbox 2165 2139 3732 2212">
    <p class='ocr_par' dir='ltr' id='par_1_52' title="bbox 2165 2139 3732 2212">
     <span class='ocr_line' id='line_1_52' title="bbox 2165 2139 3732 2212; baseline -0.003 -16"><span class='ocrx_word' id='word_1_394' title='bbox 2165 2143 2504 2212; x_wconf 86' lang='lat' dir='ltr'>sequebatur</span> <span class='ocrx_word' id='word_1_395' title='bbox 2527 2159 2734 2195; x_wconf 86' lang='lat' dir='ltr'>rerum.</span> <span class='ocrx_word' id='word_1_396' title='bbox 2761 2143 2825 2196; x_wconf 93' lang='lat' dir='ltr'>In</span> <span class='ocrx_word' id='word_1_397' title='bbox 2855 2158 2964 2210; x_wconf 90' lang='lat' dir='ltr'>qua</span> <span class='ocrx_word' id='word_1_398' title='bbox 2990 2141 3137 2196; x_wconf 92' lang='lat' dir='ltr'>Deus</span> <span class='ocrx_word' id='word_1_399' title='bbox 3167 2141 3230 2194; x_wconf 91' lang='lat' dir='ltr'>in</span> <span class='ocrx_word' id='word_1_400' title='bbox 3253 2157 3376 2194; x_wconf 91' lang='lat' dir='ltr'>sese</span> <span class='ocrx_word' id='word_1_401' title='bbox 3395 2139 3732 2210; x_wconf 88' lang='lat' dir='ltr'>requiescens,</span> 
     </span>
    </p>
   </div>
   <div class='ocr_carea' id='block_1_53' title="bbox 2164 2230 3737 2301">
    <p class='ocr_par' dir='ltr' id='par_1_53' title="bbox 2164 2230 3737 2301">
     <span class='ocr_line' id='line_1_53' title="bbox 2164 2230 3737 2301; baseline -0.003 -17"><span class='ocrx_word' id='word_1_402' title='bbox 2164 2247 2276 2284; x_wconf 89' lang='lat' dir='ltr'>non</span> <span class='ocrx_word' id='word_1_403' title='bbox 2319 2231 2490 2285; x_wconf 88' lang='lat' dir='ltr'>etiam</span> <span class='ocrx_word' id='word_1_404' title='bbox 2520 2247 2631 2284; x_wconf 90' lang='lat' dir='ltr'>non</span> <span class='ocrx_word' id='word_1_405' title='bbox 2679 2230 2813 2284; x_wconf 87' lang='lat' dir='ltr'>alibi</span> <span class='ocrx_word' id='word_1_406' title='bbox 2845 2246 3013 2301; x_wconf 90' lang='lat' dir='ltr'>quam</span> <span class='ocrx_word' id='word_1_407' title='bbox 3063 2230 3119 2283; x_wconf 92' lang='lat' dir='ltr'>in</span> <span class='ocrx_word' id='word_1_408' title='bbox 3164 2246 3225 2283; x_wconf 87' lang='lat' dir='ltr'>se</span> <span class='ocrx_word' id='word_1_409' title='bbox 3257 2230 3599 2300; x_wconf 89' lang='lat' dir='ltr'>requiescere</span> <span class='ocrx_word' id='word_1_410' title='bbox 3625 2243 3737 2281; x_wconf 90' lang='lat' dir='ltr'>con-</span> 
     </span>
    </p>
   </div>
   <div class='ocr_carea' id='block_1_54' title="bbox 2163 2315 3736 2390">
    <p class='ocr_par' dir='ltr' id='par_1_54' title="bbox 2163 2315 3736 2390">
     <span class='ocr_line' id='line_1_54' title="bbox 2163 2315 3736 2390; baseline -0.003 -16"><span class='ocrx_word' id='word_1_411' title='bbox 2163 2321 2348 2374; x_wconf 90' lang='lat' dir='ltr'>cessit.</span> <span class='ocrx_word' id='word_1_412' title='bbox 2379 2321 2558 2384; x_wconf 86' lang='lat' dir='ltr'>Quam</span> <span class='ocrx_word' id='word_1_413' title='bbox 2588 2337 2722 2373; x_wconf 86' lang='lat' dir='ltr'>sane</span> <span class='ocrx_word' id='word_1_414' title='bbox 2769 2319 3018 2390; x_wconf 88' lang='lat' dir='ltr'>requiem</span> <span class='ocrx_word' id='word_1_415' title='bbox 3041 2320 3170 2389; x_wconf 90' lang='lat' dir='ltr'>jure</span> <span class='ocrx_word' id='word_1_416' title='bbox 3211 2318 3492 2389; x_wconf 89' lang='lat' dir='ltr'>poscimus</span> <span class='ocrx_word' id='word_1_417' title='bbox 3520 2317 3573 2370; x_wconf 90' lang='lat' dir='ltr'>in</span> <span class='ocrx_word' id='word_1_418' title='bbox 3601 2315 3736 2370; x_wconf 90' lang='lat' dir='ltr'>nobis</span> 
     </span>
    </p>
   </div>
   <div class='ocr_carea' id='block_1_55' title="bbox 2164 2406 3739 2480">
    <p class='ocr_par' dir='ltr' id='par_1_55' title="bbox 2164 2406 3739 2480">
     <span class='ocr_line' id='line_1_55' title="bbox 2164 2406 3739 2480; baseline -0.002 -17"><span class='ocrx_word' id='word_1_419' title='bbox 2164 2410 2519 2474; x_wconf 86' lang='lat' dir='ltr'>sanctiﬁcari,</span> <span class='ocrx_word' id='word_1_420' title='bbox 2565 2414 2630 2463; x_wconf 90' lang='lat' dir='ltr'>ut</span> <span class='ocrx_word' id='word_1_421' title='bbox 2669 2408 2991 2480; x_wconf 86' lang='lat' dir='ltr'>perenniter</span> <span class='ocrx_word' id='word_1_422' title='bbox 3027 2408 3086 2461; x_wconf 90' lang='lat' dir='ltr'>in</span> <span class='ocrx_word' id='word_1_423' title='bbox 3125 2425 3258 2462; x_wconf 90' lang='lat' dir='ltr'>eum</span> <span class='ocrx_word' id='word_1_424' title='bbox 3308 2406 3631 2462; x_wconf 84' lang='lat' dir='ltr'>sanctiﬁcati</span> <span class='ocrx_word' id='word_1_425' title='bbox 3671 2420 3739 2459; x_wconf 85' lang='lat' dir='ltr'>re-</span> 
     </span>
    </p>
   </div>
   <div class='ocr_carea' id='block_1_56' title="bbox 2162 2493 3740 2570">
    <p class='ocr_par' dir='ltr' id='par_1_56' title="bbox 2162 2493 3740 2570">
     <span class='ocr_line' id='line_1_56' title="bbox 2162 2493 3740 2570; baseline -0.005 -17"><span class='ocrx_word' id='word_1_426' title='bbox 2162 2499 2543 2570; x_wconf 88' lang='lat' dir='ltr'>quiescamus.</span> <span class='ocrx_word' id='word_1_427' title='bbox 2571 2499 2682 2552; x_wconf 90' lang='lat' dir='ltr'>Iste</span> <span class='ocrx_word' id='word_1_428' title='bbox 2712 2504 2798 2552; x_wconf 91' lang='lat' dir='ltr'>est</span> <span class='ocrx_word' id='word_1_429' title='bbox 2821 2497 2996 2567; x_wconf 80' lang='lat' dir='ltr'>igitur</span> <span class='ocrx_word' id='word_1_430' title='bbox 3024 2497 3238 2567; x_wconf 87' lang='lat' dir='ltr'>digitus</span> <span class='ocrx_word' id='word_1_431' title='bbox 3255 2497 3463 2552; x_wconf 89' lang='lat' dir='ltr'>summi</span> <span class='ocrx_word' id='word_1_432' title='bbox 3492 2493 3740 2567; x_wconf 86' lang='lat' dir='ltr'>pontificis</span> 
     </span>
    </p>
   </div>
   <div class='ocr_carea' id='block_1_57' title="bbox 2163 2582 3743 2658">
    <p class='ocr_par' dir='ltr' id='par_1_57' title="bbox 2163 2582 3743 2658">
     <span class='ocr_line' id='line_1_57' title="bbox 2163 2582 3743 2658; baseline -0.003 -17"><span class='ocrx_word' id='word_1_433' title='bbox 2163 2588 2393 2652; x_wconf 88' lang='lat' dir='ltr'>Christi,</span> <span class='ocrx_word' id='word_1_434' title='bbox 2424 2604 2532 2658; x_wconf 91' lang='lat' dir='ltr'>quo</span> <span class='ocrx_word' id='word_1_435' title='bbox 2563 2587 2769 2658; x_wconf 90' lang='lat' dir='ltr'>septies</span> <span class='ocrx_word' id='word_1_436' title='bbox 2799 2588 2920 2656; x_wconf 87' lang='lat' dir='ltr'>ejus</span> <span class='ocrx_word' id='word_1_437' title='bbox 2951 2587 3305 2657; x_wconf 89' lang='lat' dir='ltr'>respergitur</span> <span class='ocrx_word' id='word_1_438' title='bbox 3334 2585 3581 2656; x_wconf 85' lang='lat' dir='ltr'>sanguis,</span> <span class='ocrx_word' id='word_1_439' title='bbox 3609 2588 3667 2637; x_wconf 89' lang='lat' dir='ltr'>ut</span> <span class='ocrx_word' id='word_1_440' title='bbox 3695 2582 3743 2636; x_wconf 88' lang='lat' dir='ltr'>in</span> 
     </span>
    </p>
   </div>
   <div class='ocr_carea' id='block_1_58' title="bbox 2163 2671 3744 2748">
    <p class='ocr_par' dir='ltr' id='par_1_58' title="bbox 2163 2671 3744 2748">
     <span class='ocr_line' id='line_1_58' title="bbox 2163 2671 3744 2748; baseline -0.004 -18"><span class='ocrx_word' id='word_1_441' title='bbox 2163 2694 2228 2731; x_wconf 92' lang='lat' dir='ltr'>eo</span> <span class='ocrx_word' id='word_1_442' title='bbox 2272 2694 2305 2730; x_wconf 89' lang='lat' dir='ltr'>a</span> <span class='ocrx_word' id='word_1_443' title='bbox 2341 2677 2495 2748; x_wconf 88' lang='lat' dir='ltr'>lepra</span> <span class='ocrx_word' id='word_1_444' title='bbox 2524 2675 2898 2730; x_wconf 70' lang='lat' dir='ltr'>immunditiaz</span> <span class='ocrx_word' id='word_1_445' title='bbox 2925 2675 3368 2730; x_wconf 89' lang='lat' dir='ltr'>sanctiﬁcemur.</span> <span class='ocrx_word' id='word_1_446' title='bbox 3392 2676 3534 2730; x_wconf 89' lang='lat' dir='ltr'>Nam</span> <span class='ocrx_word' id='word_1_447' title='bbox 3557 2688 3648 2745; x_wconf 87' lang='lat' dir='ltr'>per</span> <span class='ocrx_word' id='word_1_448' title='bbox 3672 2671 3744 2725; x_wconf 91' lang='lat' dir='ltr'>di-</span> 
     </span>
    </p>
   </div>
   <div class='ocr_carea' id='block_1_59' title="bbox 2161 2763 3748 2835">
    <p class='ocr_par' dir='ltr' id='par_1_59' title="bbox 2161 2763 3748 2835">
     <span class='ocr_line' id='line_1_59' title="bbox 2161 2763 3748 2835; baseline -0.003 -18"><span class='ocrx_word' id='word_1_449' title='bbox 2161 2766 2342 2835; x_wconf 91' lang='lat' dir='ltr'>gitum</span> <span class='ocrx_word' id='word_1_450' title='bbox 2375 2765 2616 2835; x_wconf 91' lang='lat' dir='ltr'>Spiritus</span> <span class='ocrx_word' id='word_1_451' title='bbox 2641 2765 2817 2818; x_wconf 89' lang='lat' dir='ltr'>sancti</span> <span class='ocrx_word' id='word_1_452' title='bbox 2845 2763 3030 2834; x_wconf 87' lang='lat' dir='ltr'>gratia</span> <span class='ocrx_word' id='word_1_453' title='bbox 3051 2764 3411 2834; x_wconf 86' lang='lat' dir='ltr'>designatur,</span> <span class='ocrx_word' id='word_1_454' title='bbox 3447 2779 3554 2834; x_wconf 89' lang='lat' dir='ltr'>quo</span> <span class='ocrx_word' id='word_1_455' title='bbox 3580 2775 3748 2832; x_wconf 86' lang='lat' dir='ltr'>preces</span> 
     </span>
    </p>
   </div>
   <div class='ocr_carea' id='block_1_60' title="bbox 2161 2849 3749 2933">
    <p class='ocr_par' dir='ltr' id='par_1_60' title="bbox 2161 2849 3749 2933">
     <span class='ocr_line' id='line_1_60' title="bbox 2161 2849 3749 2933; baseline -0.004 -26"><span class='ocrx_word' id='word_1_456' title='bbox 2161 2858 2364 2907; x_wconf 77' lang='lat' dir='ltr'>nostrae</span> <span class='ocrx_word' id='word_1_457' title='bbox 2413 2860 2471 2908; x_wconf 93' lang='lat' dir='ltr'>et</span> <span class='ocrx_word' id='word_1_458' title='bbox 2522 2853 2809 2933; x_wconf 80' lang='lat' dir='ltr'>beatitudo</span> <span class='ocrx_word' id='word_1_459' title='bbox 2858 2854 3140 2912; x_wconf 86' lang='lat' dir='ltr'>donorum</span> <span class='ocrx_word' id='word_1_460' title='bbox 3175 2855 3462 2925; x_wconf 83' lang='lat' dir='ltr'>expletur,</span> <span class='ocrx_word' id='word_1_461' title='bbox 3493 2858 3550 2906; x_wconf 91' lang='lat' dir='ltr'>et</span> <span class='ocrx_word' id='word_1_462' title='bbox 3584 2849 3749 2904; x_wconf 84' lang='lat' dir='ltr'>omnia</span> 
     </span>
    </p>
   </div>
   <div class='ocr_carea' id='block_1_61' title="bbox 2161 2939 3751 3013">
    <p class='ocr_par' dir='ltr' id='par_1_61' title="bbox 2161 2939 3751 3013">
     <span class='ocr_line' id='line_1_61' title="bbox 2161 2939 3751 3013; baseline -0.003 -18"><span class='ocrx_word' id='word_1_463' title='bbox 2161 2943 2450 3013; x_wconf 86' lang='lat' dir='ltr'>praesentis</span> <span class='ocrx_word' id='word_1_464' title='bbox 2478 2943 2601 2997; x_wconf 59' lang='lat' dir='ltr'>vitae</span> <span class='ocrx_word' id='word_1_465' title='bbox 2638 2942 2897 3012; x_wconf 87' lang='lat' dir='ltr'>contagia</span> <span class='ocrx_word' id='word_1_466' title='bbox 2925 2942 3239 3013; x_wconf 86' lang='lat' dir='ltr'>expiantur.</span> <span class='ocrx_word' id='word_1_467' title='bbox 3275 2944 3342 2998; x_wconf 93' lang='lat' dir='ltr'>In</span> <span class='ocrx_word' id='word_1_468' title='bbox 3370 2959 3482 3013; x_wconf 89' lang='lat' dir='ltr'>qua</span> <span class='ocrx_word' id='word_1_469' title='bbox 3509 2939 3751 2994; x_wconf 90' lang='lat' dir='ltr'>nimirum</span> 
     </span>
    </p>
   </div>
   <div class='ocr_carea' id='block_1_62' title="bbox 472 3027 3752 3104">
    <p class='ocr_par' dir='ltr' id='par_1_62' title="bbox 472 3027 3752 3104">
     <span class='ocr_line' id='line_1_62' title="bbox 472 3027 3752 3104; baseline -0.003 -13"><span class='ocrx_word' id='word_1_470' title='bbox 472 3037 654 3092; x_wconf 91' lang='lat' dir='ltr'>tribus</span> <span class='ocrx_word' id='word_1_471' title='bbox 701 3037 1023 3090; x_wconf 91' lang='lat' dir='ltr'>debeamus.</span> <span class='ocrx_word' id='word_1_472' title='bbox 1059 3035 1166 3089; x_wconf 87' lang='lat' dir='ltr'>Sed</span> <span class='ocrx_word' id='word_1_473' title='bbox 1207 3033 1339 3104; x_wconf 88' lang='lat' dir='ltr'>quia</span> <span class='ocrx_word' id='word_1_474' title='bbox 1375 3031 1614 3085; x_wconf 90' lang='lat' dir='ltr'>necdum</span> <span class='ocrx_word' id='word_1_475' title='bbox 1653 3030 1862 3082; x_wconf 88' lang='lat' dir='ltr'>visione</span> <span class='ocrx_word' id='word_1_476' title='bbox 1891 3027 1990 3082; x_wconf 89' lang='lat' dir='ltr'>Dei</span> <span class='ocrx_word' id='word_1_477' title='bbox 2021 3032 2400 3103; x_wconf 84' lang='lat' dir='ltr'>etCseptima</span> <span class='ocrx_word' id='word_1_478' title='bbox 2457 3033 2896 3086; x_wconf 89' lang='lat' dir='ltr'>sanctiﬁcatione</span> <span class='ocrx_word' id='word_1_479' title='bbox 2944 3049 3050 3102; x_wconf 82' lang='lat' dir='ltr'>pax</span> <span class='ocrx_word' id='word_1_480' title='bbox 3099 3048 3238 3086; x_wconf 85' lang='lat' dir='ltr'>verae</span> <span class='ocrx_word' id='word_1_481' title='bbox 3279 3030 3640 3086; x_wconf 89' lang='lat' dir='ltr'>beatitudinis</span> <span class='ocrx_word' id='word_1_482' title='bbox 3675 3029 3752 3080; x_wconf 86' lang='lat' dir='ltr'>ﬁr-</span> 
     </span>
    </p>
   </div>
   <div class='ocr_carea' id='block_1_63' title="bbox 472 3117 2076 3195">
    <p class='ocr_par' dir='ltr' id='par_1_63' title="bbox 472 3117 2076 3195">
     <span class='ocr_line' id='line_1_63' title="bbox 472 3117 2076 3195; baseline -0.006 -16"><span class='ocrx_word' id='word_1_483' title='bbox 472 3128 746 3182; x_wconf 90' lang='lat' dir='ltr'>virtutum</span> <span class='ocrx_word' id='word_1_484' title='bbox 761 3123 1107 3195; x_wconf 90' lang='lat' dir='ltr'>plenitudine</span> <span class='ocrx_word' id='word_1_485' title='bbox 1138 3123 1354 3192; x_wconf 86' lang='lat' dir='ltr'>integre</span> <span class='ocrx_word' id='word_1_486' title='bbox 1375 3119 1635 3185; x_wconf 90' lang='lat' dir='ltr'>fruimur,</span> <span class='ocrx_word' id='word_1_487' title='bbox 1659 3117 1813 3172; x_wconf 92' lang='lat' dir='ltr'>cibus</span> <span class='ocrx_word' id='word_1_488' title='bbox 1838 3117 1998 3171; x_wconf 90' lang='lat' dir='ltr'>nobis</span> <span class='ocrx_word' id='word_1_489' title='bbox 2018 3117 2076 3170; x_wconf 88' lang='lat' dir='ltr'>in</span> 
     </span>
    </p>
   </div>
   <div class='ocr_carea' id='block_1_64' title="bbox 473 3207 2072 3282">
    <p class='ocr_par' dir='ltr' id='par_1_64' title="bbox 473 3207 2072 3282">
     <span class='ocr_line' id='line_1_64' title="bbox 473 3207 2072 3282; baseline -0.006 -12"><span class='ocrx_word' id='word_1_490' title='bbox 473 3216 568 3271; x_wconf 86' lang='lat' dir='ltr'>via</span> <span class='ocrx_word' id='word_1_491' title='bbox 596 3215 942 3269; x_wconf 83' lang='lat' dir='ltr'>necessarius</span> <span class='ocrx_word' id='word_1_492' title='bbox 972 3218 1057 3266; x_wconf 90' lang='lat' dir='ltr'>est</span> <span class='ocrx_word' id='word_1_493' title='bbox 1101 3210 1480 3282; x_wconf 87' lang='lat' dir='ltr'>quotidianus,</span> <span class='ocrx_word' id='word_1_494' title='bbox 1525 3215 1588 3262; x_wconf 91' lang='lat' dir='ltr'>ut</span> <span class='ocrx_word' id='word_1_495' title='bbox 1636 3225 1700 3262; x_wconf 84' lang='lat' dir='ltr'>ex</span> <span class='ocrx_word' id='word_1_496' title='bbox 1747 3224 1812 3261; x_wconf 93' lang='lat' dir='ltr'>eo</span> <span class='ocrx_word' id='word_1_497' title='bbox 1863 3207 2072 3273; x_wconf 86' lang='lat' dir='ltr'>refecti,</span> 
     </span>
    </p>
   </div>
   <div class='ocr_carea' id='block_1_65' title="bbox 477 3296 2077 3376">
    <p class='ocr_par' dir='ltr' id='par_1_65' title="bbox 477 3296 2077 3376">
     <span class='ocr_line' id='line_1_65' title="bbox 477 3296 2077 3376; baseline -0.006 -17"><span class='ocrx_word' id='word_1_498' title='bbox 477 3304 812 3376; x_wconf 88' lang='lat' dir='ltr'>quandoque</span> <span class='ocrx_word' id='word_1_499' title='bbox 832 3303 903 3356; x_wconf 89' lang='lat' dir='ltr'>ad</span> <span class='ocrx_word' id='word_1_500' title='bbox 922 3301 1163 3374; x_wconf 89' lang='lat' dir='ltr'>patriam</span> <span class='ocrx_word' id='word_1_501' title='bbox 1181 3300 1494 3353; x_wconf 88' lang='lat' dir='ltr'>redeamus.</span> <span class='ocrx_word' id='word_1_502' title='bbox 1515 3297 1670 3353; x_wconf 90' lang='lat' dir='ltr'>Unde</span> <span class='ocrx_word' id='word_1_503' title='bbox 1691 3296 1855 3360; x_wconf 90' lang='lat' dir='ltr'>illico,</span> <span class='ocrx_word' id='word_1_504' title='bbox 1875 3313 2077 3367; x_wconf 89' lang='lat' dir='ltr'>panem</span> 
     </span>
    </p>
   </div>
   <div class='ocr_carea' id='block_1_66' title="bbox 476 3386 2077 3463">
    <p class='ocr_par' dir='ltr' id='par_1_66' title="bbox 476 3386 2077 3463">
     <span class='ocr_line' id='line_1_66' title="bbox 476 3386 2077 3463; baseline -0.006 -15"><span class='ocrx_word' id='word_1_505' title='bbox 476 3399 733 3448; x_wconf 91' lang='lat' dir='ltr'>nostrum</span> <span class='ocrx_word' id='word_1_506' title='bbox 767 3391 1156 3463; x_wconf 91' lang='lat' dir='ltr'>quotidianum</span> <span class='ocrx_word' id='word_1_507' title='bbox 1182 3389 1444 3461; x_wconf 90' lang='lat' dir='ltr'>petimus,</span> <span class='ocrx_word' id='word_1_508' title='bbox 1470 3388 1540 3441; x_wconf 89' lang='lat' dir='ltr'>ad</span> <span class='ocrx_word' id='word_1_509' title='bbox 1567 3403 1731 3458; x_wconf 91' lang='lat' dir='ltr'>quem</span> <span class='ocrx_word' id='word_1_510' title='bbox 1763 3403 1926 3440; x_wconf 89' lang='lat' dir='ltr'>nemo</span> <span class='ocrx_word' id='word_1_511' title='bbox 1958 3386 2077 3440; x_wconf 92' lang='lat' dir='ltr'>sine</span> 
     </span>
    </p>
   </div>
   <div class='ocr_carea' id='block_1_67' title="bbox 477 3476 2073 3553">
    <p class='ocr_par' dir='ltr' id='par_1_67' title="bbox 477 3476 2073 3553">
     <span class='ocr_line' id='line_1_67' title="bbox 477 3476 2073 3553; baseline -0.005 -17"><span class='ocrx_word' id='word_1_512' title='bbox 477 3482 678 3553; x_wconf 91' lang='lat' dir='ltr'>spiritu</span> <span class='ocrx_word' id='word_1_513' title='bbox 700 3479 1043 3534; x_wconf 89' lang='lat' dir='ltr'>fortitudinis</span> <span class='ocrx_word' id='word_1_514' title='bbox 1067 3478 1334 3550; x_wconf 88' lang='lat' dir='ltr'>pervenit.</span> <span class='ocrx_word' id='word_1_515' title='bbox 1353 3477 1494 3531; x_wconf 87' lang='lat' dir='ltr'>Hinc</span> <span class='ocrx_word' id='word_1_516' title='bbox 1515 3494 1648 3530; x_wconf 89' lang='lat' dir='ltr'>sane</span> <span class='ocrx_word' id='word_1_517' title='bbox 1664 3476 1933 3546; x_wconf 89' lang='lat' dir='ltr'>scriptum</span> <span class='ocrx_word' id='word_1_518' title='bbox 1957 3482 2042 3530; x_wconf 92' lang='lat' dir='ltr'>est</span> <span class='ocrx_word' id='word_1_519' title='bbox 2062 3494 2073 3528; x_wconf 90' lang='lat'><strong>:</strong></span> 
     </span>
    </p>
   </div>
   <div class='ocr_carea' id='block_1_68' title="bbox 476 3567 2072 3637">
    <p class='ocr_par' dir='ltr' id='par_1_68' title="bbox 476 3567 2072 3637">
     <span class='ocr_line' id='line_1_68' title="bbox 476 3567 2072 3637; baseline -0.006 -10"><span class='ocrx_word' id='word_1_520' title='bbox 476 3575 545 3628; x_wconf 86' lang='lat' dir='ltr'>In</span> <span class='ocrx_word' id='word_1_521' title='bbox 579 3572 775 3625; x_wconf 73' lang='lat' dir='ltr'>sudore</span> <span class='ocrx_word' id='word_1_522' title='bbox 804 3573 989 3623; x_wconf 80' lang='lat' dir='ltr'>vultus</span> <span class='ocrx_word' id='word_1_523' title='bbox 1032 3572 1116 3622; x_wconf 83' lang='lat' dir='ltr'>tui</span> <span class='ocrx_word' id='word_1_524' title='bbox 1135 3570 1364 3624; x_wconf 68' lang='lat' dir='ltr'>vesceris</span> <span class='ocrx_word' id='word_1_525' title='bbox 1389 3583 1589 3636; x_wconf 81' lang='lat' dir='ltr'>panem</span> <span class='ocrx_word' id='word_1_526' title='bbox 1623 3571 1777 3619; x_wconf 85' lang='lat' dir='ltr'>tuum</span> <span class='ocrx_word' id='word_1_527' title='bbox 1809 3567 1957 3627; x_wconf 85' lang='lat' dir='ltr'>(Gen.</span> <span class='ocrx_word' id='word_1_528' title='bbox 1991 3581 2072 3637; x_wconf 79' lang='lat' dir='ltr'>iii,</span> 
     </span>
    </p>
   </div>
   <div class='ocr_carea' id='block_1_69' title="bbox 478 3654 2080 3730">
    <p class='ocr_par' dir='ltr' id='par_1_69' title="bbox 478 3654 2080 3730">
     <span class='ocr_line' id='line_1_69' title="bbox 478 3654 2080 3730; baseline -0.004 -16"><span class='ocrx_word' id='word_1_529' title='bbox 478 3660 592 3730; x_wconf 82' lang='grc'>19).</span> <span class='ocrx_word' id='word_1_530' title='bbox 647 3659 752 3714; x_wconf 92' lang='lat' dir='ltr'>Ubi</span> <span class='ocrx_word' id='word_1_531' title='bbox 793 3675 925 3729; x_wconf 90' lang='lat' dir='ltr'>ergo</span> <span class='ocrx_word' id='word_1_532' title='bbox 957 3657 1127 3712; x_wconf 91' lang='lat' dir='ltr'>sudor</span> <span class='ocrx_word' id='word_1_533' title='bbox 1178 3656 1468 3728; x_wconf 80' lang='lat' dir='ltr'>quaeritur,</span> <span class='ocrx_word' id='word_1_534' title='bbox 1519 3654 1672 3708; x_wconf 91' lang='lat' dir='ltr'>labor</span> <span class='ocrx_word' id='word_1_535' title='bbox 1714 3655 1908 3726; x_wconf 91' lang='lat' dir='ltr'>utique</span> <span class='ocrx_word' id='word_1_536' title='bbox 1938 3655 2080 3708; x_wconf 89' lang='lat' dir='ltr'>desi-</span> 
     </span>
    </p>
   </div>
   <div class='ocr_carea' id='block_1_70' title="bbox 476 3744 2081 3822">
    <p class='ocr_par' dir='ltr' id='par_1_70' title="bbox 476 3744 2081 3822">
     <span class='ocr_line' id='line_1_70' title="bbox 476 3744 2081 3822; baseline -0.004 -18"><span class='ocrx_word' id='word_1_537' title='bbox 476 3754 703 3822; x_wconf 89' lang='lat' dir='ltr'>gnatur,</span> <span class='ocrx_word' id='word_1_538' title='bbox 737 3754 794 3802; x_wconf 88' lang='lat' dir='ltr'>et</span> <span class='ocrx_word' id='word_1_539' title='bbox 821 3748 914 3802; x_wconf 91' lang='lat' dir='ltr'>ubi</span> <span class='ocrx_word' id='word_1_540' title='bbox 945 3746 1121 3806; x_wconf 87' lang='lat' dir='ltr'>labor,</span> <span class='ocrx_word' id='word_1_541' title='bbox 1153 3745 1229 3799; x_wconf 91' lang='lat' dir='ltr'>ibi</span> <span class='ocrx_word' id='word_1_542' title='bbox 1260 3745 1490 3816; x_wconf 88' lang='lat' dir='ltr'>spiritus</span> <span class='ocrx_word' id='word_1_543' title='bbox 1517 3744 1861 3798; x_wconf 85' lang='lat' dir='ltr'>fortitudinis</span> <span class='ocrx_word' id='word_1_544' title='bbox 1894 3761 2081 3798; x_wconf 91' lang='lat' dir='ltr'>neces-</span> 
     </span>
    </p>
   </div>
   <div class='ocr_carea' id='block_1_71' title="bbox 478 3833 2080 3910">
    <p class='ocr_par' dir='ltr' id='par_1_71' title="bbox 478 3833 2080 3910">
     <span class='ocr_line' id='line_1_71' title="bbox 478 3833 2080 3910; baseline -0.005 -16"><span class='ocrx_word' id='word_1_545' title='bbox 478 3839 659 3894; x_wconf 89' lang='lat' dir='ltr'>sarius</span> <span class='ocrx_word' id='word_1_546' title='bbox 689 3837 977 3910; x_wconf 84' lang='lat' dir='ltr'>probatur.</span> <span class='ocrx_word' id='word_1_547' title='bbox 1008 3835 1114 3891; x_wconf 93' lang='lat' dir='ltr'>Ubi</span> <span class='ocrx_word' id='word_1_548' title='bbox 1145 3851 1276 3889; x_wconf 87' lang='lat' dir='ltr'>vero</span> <span class='ocrx_word' id='word_1_549' title='bbox 1326 3834 1555 3905; x_wconf 87' lang='lat' dir='ltr'>spiritus</span> <span class='ocrx_word' id='word_1_550' title='bbox 1595 3833 1941 3887; x_wconf 85' lang='lat' dir='ltr'>fortitudinis</span> <span class='ocrx_word' id='word_1_551' title='bbox 1980 3833 2080 3887; x_wconf 90' lang='lat' dir='ltr'>ad-</span> 
     </span>
    </p>
   </div>
   <div class='ocr_carea' id='block_1_72' title="bbox 477 3923 2081 3999">
    <p class='ocr_par' dir='ltr' id='par_1_72' title="bbox 477 3923 2081 3999">
     <span class='ocr_line' id='line_1_72' title="bbox 477 3923 2081 3999; baseline -0.004 -17"><span class='ocrx_word' id='word_1_552' title='bbox 477 3927 667 3995; x_wconf 84' lang='lat' dir='ltr'>fuerit,</span> <span class='ocrx_word' id='word_1_553' title='bbox 699 3926 906 3980; x_wconf 91' lang='lat' dir='ltr'>ibidem</span> <span class='ocrx_word' id='word_1_554' title='bbox 927 3925 1159 3996; x_wconf 76' lang='lat' dir='ltr'>justitiae</span> <span class='ocrx_word' id='word_1_555' title='bbox 1189 3924 1402 3978; x_wconf 91' lang='lat' dir='ltr'>esuries</span> <span class='ocrx_word' id='word_1_556' title='bbox 1455 3923 1734 3977; x_wconf 82' lang='lat' dir='ltr'>indefessa</span> <span class='ocrx_word' id='word_1_557' title='bbox 1785 3923 2081 3999; x_wconf 74' lang='lat' dir='ltr'>praemedi-</span> 
     </span>
    </p>
   </div>
   <div class='ocr_carea' id='block_1_73' title="bbox 480 4013 2077 4088">
    <p class='ocr_par' dir='ltr' id='par_1_73' title="bbox 480 4013 2077 4088">
     <span class='ocr_line' id='line_1_73' title="bbox 480 4013 2077 4088; baseline -0.004 -15"><span class='ocrx_word' id='word_1_558' title='bbox 480 4025 655 4082; x_wconf 90' lang='lat' dir='ltr'>tatur,</span> <span class='ocrx_word' id='word_1_559' title='bbox 689 4017 822 4088; x_wconf 87' lang='lat' dir='ltr'>quia</span> <span class='ocrx_word' id='word_1_560' title='bbox 867 4014 1100 4086; x_wconf 72' lang='lat' dir='ltr'>justitiae</span> <span class='ocrx_word' id='word_1_561' title='bbox 1158 4013 1446 4085; x_wconf 87' lang='lat' dir='ltr'>plenitudo</span> <span class='ocrx_word' id='word_1_562' title='bbox 1487 4018 1730 4067; x_wconf 86' lang='lat' dir='ltr'>aeternus</span> <span class='ocrx_word' id='word_1_563' title='bbox 1770 4019 1855 4066; x_wconf 90' lang='lat' dir='ltr'>est</span> <span class='ocrx_word' id='word_1_564' title='bbox 1904 4013 2077 4066; x_wconf 91' lang='lat' dir='ltr'>cibus.</span> 
     </span>
    </p>
   </div>
   <div class='ocr_carea' id='block_1_74' title="bbox 481 4101 2083 4173">
    <p class='ocr_par' dir='ltr' id='par_1_74' title="bbox 481 4101 2083 4173">
     <span class='ocr_line' id='line_1_74' title="bbox 481 4101 2083 4173; baseline -0.003 -12"><span class='ocrx_word' id='word_1_565' title='bbox 481 4108 729 4162; x_wconf 90' lang='lat' dir='ltr'>Diurnus</span> <span class='ocrx_word' id='word_1_566' title='bbox 759 4111 968 4170; x_wconf 88' lang='lat' dir='ltr'>autem,</span> <span class='ocrx_word' id='word_1_567' title='bbox 1002 4109 1067 4157; x_wconf 91' lang='lat' dir='ltr'>ut</span> <span class='ocrx_word' id='word_1_568' title='bbox 1093 4103 1341 4173; x_wconf 88' lang='lat' dir='ltr'>quotidie</span> <span class='ocrx_word' id='word_1_569' title='bbox 1372 4102 1524 4155; x_wconf 87' lang='lat' dir='ltr'>illam</span> <span class='ocrx_word' id='word_1_570' title='bbox 1554 4101 1882 4166; x_wconf 89' lang='lat' dir='ltr'>esurientes,</span> <span class='ocrx_word' id='word_1_571' title='bbox 1916 4119 2083 4173; x_wconf 89' lang='lat' dir='ltr'>quam</span> 
     </span>
    </p>
   </div>
   <div class='ocr_carea' id='block_1_75' title="bbox 485 4190 2081 4264">
    <p class='ocr_par' dir='ltr' id='par_1_75' title="bbox 485 4190 2081 4264">
     <span class='ocr_line' id='line_1_75' title="bbox 485 4190 2081 4264; baseline -0.003 -14"><span class='ocrx_word' id='word_1_572' title='bbox 485 4195 741 4250; x_wconf 91' lang='lat' dir='ltr'>Christus</span> <span class='ocrx_word' id='word_1_573' title='bbox 762 4193 950 4248; x_wconf 91' lang='lat' dir='ltr'>docuit</span> <span class='ocrx_word' id='word_1_574' title='bbox 969 4192 1248 4264; x_wconf 87' lang='lat' dir='ltr'>justitiam</span> <span class='ocrx_word' id='word_1_575' title='bbox 1269 4191 1621 4261; x_wconf 88' lang='lat' dir='ltr'>impleamus,</span> <span class='ocrx_word' id='word_1_576' title='bbox 1646 4195 1707 4243; x_wconf 92' lang='lat' dir='ltr'>ut</span> <span class='ocrx_word' id='word_1_577' title='bbox 1722 4190 1795 4243; x_wconf 80' lang='lat' dir='ltr'>sit</span> <span class='ocrx_word' id='word_1_578' title='bbox 1809 4191 1968 4260; x_wconf 86' lang='lat' dir='ltr'>panis</span> <span class='ocrx_word' id='word_1_579' title='bbox 1991 4191 2081 4246; x_wconf 89' lang='lat' dir='ltr'>ille</span> 
     </span>
    </p>
   </div>
   <div class='ocr_carea' id='block_1_76' title="bbox 486 4277 2082 4355">
    <p class='ocr_par' dir='ltr' id='par_1_76' title="bbox 486 4277 2082 4355">
     <span class='ocr_line' id='line_1_76' title="bbox 486 4277 2082 4355; baseline -0.003 -18"><span class='ocrx_word' id='word_1_580' title='bbox 486 4284 582 4355; x_wconf 91' lang='lat' dir='ltr'>qui</span> <span class='ocrx_word' id='word_1_581' title='bbox 633 4283 700 4336; x_wconf 93' lang='lat' dir='ltr'>de</span> <span class='ocrx_word' id='word_1_582' title='bbox 729 4282 865 4336; x_wconf 85' lang='lat' dir='ltr'>ccelo</span> <span class='ocrx_word' id='word_1_583' title='bbox 895 4280 1185 4336; x_wconf 90' lang='lat' dir='ltr'>descendit</span> <span class='ocrx_word' id='word_1_584' title='bbox 1211 4280 1267 4332; x_wconf 92' lang='lat' dir='ltr'>in</span> <span class='ocrx_word' id='word_1_585' title='bbox 1294 4295 1479 4349; x_wconf 89' lang='lat' dir='ltr'>prece,</span> <span class='ocrx_word' id='word_1_586' title='bbox 1524 4277 1745 4347; x_wconf 89' lang='lat' dir='ltr'>justitia</span> <span class='ocrx_word' id='word_1_587' title='bbox 1780 4278 1839 4331; x_wconf 92' lang='lat' dir='ltr'>in</span> <span class='ocrx_word' id='word_1_588' title='bbox 1877 4279 2082 4333; x_wconf 83' lang='lat' dir='ltr'>exhibi-</span> 
     </span>
    </p>
   </div>
   <div class='ocr_carea' id='block_1_77' title="bbox 2158 3119 3751 3192">
    <p class='ocr_par' dir='ltr' id='par_1_77' title="bbox 2158 3119 3751 3192">
     <span class='ocr_line' id='line_1_77' title="bbox 2158 3119 3751 3192; baseline -0.003 -20"><span class='ocrx_word' id='word_1_589' title='bbox 2158 3126 2362 3185; x_wconf 90' lang='lat' dir='ltr'>matur,</span> <span class='ocrx_word' id='word_1_590' title='bbox 2396 3126 2694 3191; x_wconf 78' lang='lat' dir='ltr'>praestatur</span> <span class='ocrx_word' id='word_1_591' title='bbox 2723 3120 2969 3190; x_wconf 89' lang='lat' dir='ltr'>adoptio,</span> <span class='ocrx_word' id='word_1_592' title='bbox 2997 3120 3281 3190; x_wconf 88' lang='lat' dir='ltr'>sapientia</span> <span class='ocrx_word' id='word_1_593' title='bbox 3303 3119 3624 3192; x_wconf 89' lang='lat' dir='ltr'>plenissime</span> <span class='ocrx_word' id='word_1_594' title='bbox 3641 3131 3751 3170; x_wconf 87' lang='lat' dir='ltr'>con-</span> 
     </span>
    </p>
   </div>
   <div class='ocr_carea' id='block_1_78' title="bbox 2159 3204 3755 3279">
    <p class='ocr_par' dir='ltr' id='par_1_78' title="bbox 2159 3204 3755 3279">
     <span class='ocr_line' id='line_1_78' title="bbox 2159 3204 3755 3279; baseline -0.006 -16"><span class='ocrx_word' id='word_1_595' title='bbox 2159 3209 2419 3263; x_wconf 90' lang='lat' dir='ltr'>donatur.</span> <span class='ocrx_word' id='word_1_596' title='bbox 2451 3210 2595 3262; x_wconf 85' lang='lat' dir='ltr'>Hinc</span> <span class='ocrx_word' id='word_1_597' title='bbox 2623 3226 2845 3279; x_wconf 89' lang='lat' dir='ltr'>quoque</span> <span class='ocrx_word' id='word_1_598' title='bbox 2873 3209 3080 3263; x_wconf 89' lang='lat' dir='ltr'>Paulus</span> <span class='ocrx_word' id='word_1_599' title='bbox 3103 3209 3183 3262; x_wconf 88' lang='lat' dir='ltr'>ait</span> <span class='ocrx_word' id='word_1_600' title='bbox 3208 3227 3219 3262; x_wconf 91' lang='lat'><strong>:</strong></span> <span class='ocrx_word' id='word_1_601' title='bbox 3253 3213 3455 3264; x_wconf 83' lang='lat' dir='ltr'>Pacem</span> <span class='ocrx_word' id='word_1_602' title='bbox 3475 3204 3755 3276; x_wconf 72' lang='lat' dir='ltr'>sequimini</span> 
     </span>
    </p>
   </div>
   <div class='ocr_carea' id='block_1_79' title="bbox 2160 3296 3755 3366">
    <p class='ocr_par' dir='ltr' id='par_1_79' title="bbox 2160 3296 3755 3366">
     <span class='ocr_line' id='line_1_79' title="bbox 2160 3296 3755 3366; baseline -0.004 -15"><span class='ocrx_word' id='word_1_603' title='bbox 2160 3302 2207 3351; x_wconf 85' lang='lat' dir='ltr'>et</span> <span class='ocrx_word' id='word_1_604' title='bbox 2228 3301 2682 3361; x_wconf 76' lang='lat' dir='ltr'>sanctimoniam,</span> <span class='ocrx_word' id='word_1_605' title='bbox 2697 3303 2816 3351; x_wconf 85' lang='lat' dir='ltr'>sine</span> <span class='ocrx_word' id='word_1_606' title='bbox 2831 3315 2941 3366; x_wconf 87' lang='lat' dir='ltr'>qua</span> <span class='ocrx_word' id='word_1_607' title='bbox 2958 3314 3116 3352; x_wconf 86' lang='lat' dir='ltr'>nemo</span> <span class='ocrx_word' id='word_1_608' title='bbox 3127 3299 3338 3353; x_wconf 80' lang='lat' dir='ltr'>videbit</span> <span class='ocrx_word' id='word_1_609' title='bbox 3354 3301 3548 3352; x_wconf 81' lang='lat' dir='ltr'>Deum.</span> <span class='ocrx_word' id='word_1_610' title='bbox 3564 3296 3755 3349; x_wconf 77' lang='lat' dir='ltr'>Verum</span> 
     </span>
    </p>
   </div>
   <div class='ocr_carea' id='block_1_80' title="bbox 2161 3382 3759 3456">
    <p class='ocr_par' dir='ltr' id='par_1_80' title="bbox 2161 3382 3759 3456">
     <span class='ocr_line' id='line_1_80' title="bbox 2161 3382 3759 3456; baseline -0.003 -16"><span class='ocrx_word' id='word_1_611' title='bbox 2161 3387 2341 3440; x_wconf 88' lang='lat' dir='ltr'>omnis</span> <span class='ocrx_word' id='word_1_612' title='bbox 2369 3386 2638 3440; x_wconf 88' lang='lat' dir='ltr'>virtutum</span> <span class='ocrx_word' id='word_1_613' title='bbox 2690 3386 2964 3440; x_wconf 86' lang='lat' dir='ltr'>dedicatio</span> <span class='ocrx_word' id='word_1_614' title='bbox 2996 3387 3066 3439; x_wconf 91' lang='lat' dir='ltr'>ad</span> <span class='ocrx_word' id='word_1_615' title='bbox 3109 3387 3260 3441; x_wconf 88' lang='lat' dir='ltr'>hanc</span> <span class='ocrx_word' id='word_1_616' title='bbox 3291 3389 3558 3442; x_wconf 87' lang='lat' dir='ltr'>ultimam</span> <span class='ocrx_word' id='word_1_617' title='bbox 3595 3382 3759 3456; x_wconf 82' lang='lat' dir='ltr'>porri-</span> 
     </span>
    </p>
   </div>
   <div class='ocr_carea' id='block_1_81' title="bbox 2157 3475 3759 3547">
    <p class='ocr_par' dir='ltr' id='par_1_81' title="bbox 2157 3475 3759 3547">
     <span class='ocr_line' id='line_1_81' title="bbox 2157 3475 3759 3547; baseline -0.004 -17"><span class='ocrx_word' id='word_1_618' title='bbox 2157 3476 2311 3546; x_wconf 89' lang='lat' dir='ltr'>gitur</span> <span class='ocrx_word' id='word_1_619' title='bbox 2348 3475 2866 3539; x_wconf 83' lang='lat' dir='ltr'>sanctiﬁcationem,</span> <span class='ocrx_word' id='word_1_620' title='bbox 2904 3476 3036 3545; x_wconf 88' lang='lat' dir='ltr'>quia</span> <span class='ocrx_word' id='word_1_621' title='bbox 3077 3481 3204 3546; x_wconf 92' lang='lat' dir='ltr'>post</span> <span class='ocrx_word' id='word_1_622' title='bbox 3261 3476 3662 3547; x_wconf 90' lang='lat' dir='ltr'>perfectionem</span> <span class='ocrx_word' id='word_1_623' title='bbox 3688 3487 3759 3525; x_wconf 87' lang='lat' dir='ltr'>se-</span> 
     </span>
    </p>
   </div>
   <div class='ocr_carea' id='block_1_82' title="bbox 2159 3564 3762 3637">
    <p class='ocr_par' dir='ltr' id='par_1_82' title="bbox 2159 3564 3762 3637">
     <span class='ocr_line' id='line_1_82' title="bbox 2159 3564 3762 3637; baseline -0.004 -18"><span class='ocrx_word' id='word_1_624' title='bbox 2159 3565 2322 3632; x_wconf 84' lang='lat' dir='ltr'>narii,</span> <span class='ocrx_word' id='word_1_625' title='bbox 2356 3566 2423 3619; x_wconf 91' lang='lat' dir='ltr'>de</span> <span class='ocrx_word' id='word_1_626' title='bbox 2473 3565 2617 3618; x_wconf 92' lang='lat' dir='ltr'>dono</span> <span class='ocrx_word' id='word_1_627' title='bbox 2649 3564 3091 3618; x_wconf 87' lang='lat' dir='ltr'>immortalitatis</span> <span class='ocrx_word' id='word_1_628' title='bbox 3129 3565 3344 3632; x_wconf 87' lang='lat' dir='ltr'>vestiti,</span> <span class='ocrx_word' id='word_1_629' title='bbox 3380 3566 3557 3637; x_wconf 89' lang='lat' dir='ltr'>ipsius</span> <span class='ocrx_word' id='word_1_630' title='bbox 3594 3576 3762 3632; x_wconf 86' lang='lat' dir='ltr'>asper-</span> 
     </span>
    </p>
   </div>
   <div class='ocr_carea' id='block_1_83' title="bbox 2161 3653 3760 3725">
    <p class='ocr_par' dir='ltr' id='par_1_83' title="bbox 2161 3653 3760 3725">
     <span class='ocr_line' id='line_1_83' title="bbox 2161 3653 3760 3725; baseline -0.003 -17"><span class='ocrx_word' id='word_1_631' title='bbox 2161 3655 2315 3708; x_wconf 90' lang='lat' dir='ltr'>sione</span> <span class='ocrx_word' id='word_1_632' title='bbox 2344 3653 2782 3714; x_wconf 87' lang='lat' dir='ltr'>sanctiﬁcamur,</span> <span class='ocrx_word' id='word_1_633' title='bbox 2813 3658 2878 3707; x_wconf 93' lang='lat' dir='ltr'>ut</span> <span class='ocrx_word' id='word_1_634' title='bbox 2907 3653 3167 3725; x_wconf 84' lang='lat' dir='ltr'>deinceps</span> <span class='ocrx_word' id='word_1_635' title='bbox 3200 3654 3264 3708; x_wconf 88' lang='lat' dir='ltr'>in</span> <span class='ocrx_word' id='word_1_636' title='bbox 3297 3655 3396 3708; x_wconf 92' lang='lat' dir='ltr'>illo</span> <span class='ocrx_word' id='word_1_637' title='bbox 3429 3655 3760 3724; x_wconf 88' lang='lat' dir='ltr'>requiescen-</span> 
     </span>
    </p>
   </div>
   <div class='ocr_carea' id='block_1_84' title="bbox 2162 3742 3759 3813">
    <p class='ocr_par' dir='ltr' id='par_1_84' title="bbox 2162 3742 3759 3813">
     <span class='ocr_line' id='line_1_84' title="bbox 2162 3742 3759 3813; baseline -0.003 -17"><span class='ocrx_word' id='word_1_638' title='bbox 2162 3747 2246 3796; x_wconf 90' lang='lat' dir='ltr'>tes</span> <span class='ocrx_word' id='word_1_639' title='bbox 2275 3742 2770 3797; x_wconf 89' lang='lat' dir='ltr'>incommutabiles</span> <span class='ocrx_word' id='word_1_640' title='bbox 2801 3759 2902 3813; x_wconf 89' lang='lat' dir='ltr'>per</span> <span class='ocrx_word' id='word_1_641' title='bbox 2929 3759 3060 3797; x_wconf 91' lang='lat' dir='ltr'>eum</span> <span class='ocrx_word' id='word_1_642' title='bbox 3091 3748 3148 3796; x_wconf 90' lang='lat' dir='ltr'>et</span> <span class='ocrx_word' id='word_1_643' title='bbox 3196 3745 3388 3798; x_wconf 86' lang='lat' dir='ltr'>sancti</span> <span class='ocrx_word' id='word_1_644' title='bbox 3421 3756 3759 3798; x_wconf 87' lang='lat' dir='ltr'>maneamus.</span> 
     </span>
    </p>
   </div>
   <div class='ocr_carea' id='block_1_85' title="bbox 2163 3829 3762 3903">
    <p class='ocr_par' dir='ltr' id='par_1_85' title="bbox 2163 3829 3762 3903">
     <span class='ocr_line' id='line_1_85' title="bbox 2163 3829 3762 3903; baseline -0.002 -18"><span class='ocrx_word' id='word_1_645' title='bbox 2163 3833 2362 3885; x_wconf 90' lang='lat' dir='ltr'>Moneo</span> <span class='ocrx_word' id='word_1_646' title='bbox 2389 3832 2562 3901; x_wconf 83' lang='lat' dir='ltr'>igitur</span> <span class='ocrx_word' id='word_1_647' title='bbox 2581 3832 2847 3886; x_wconf 89' lang='lat' dir='ltr'>lectorem</span> <span class='ocrx_word' id='word_1_648' title='bbox 2869 3833 2970 3886; x_wconf 90' lang='lat' dir='ltr'>hos</span> <span class='ocrx_word' id='word_1_649' title='bbox 2990 3837 3204 3902; x_wconf 90' lang='lat' dir='ltr'>septem</span> <span class='ocrx_word' id='word_1_650' title='bbox 3227 3834 3452 3903; x_wconf 89' lang='lat' dir='ltr'>gradus</span> <span class='ocrx_word' id='word_1_651' title='bbox 3476 3836 3658 3899; x_wconf 74' lang='lat'>344</span> <span class='ocrx_word' id='word_1_652' title='bbox 3679 3829 3762 3883; x_wconf 90' lang='lat' dir='ltr'>do-</span> 
     </span>
    </p>
   </div>
   <div class='ocr_carea' id='block_1_86' title="bbox 2165 3920 3766 3993">
    <p class='ocr_par' dir='ltr' id='par_1_86' title="bbox 2165 3920 3766 3993">
     <span class='ocr_line' id='line_1_86' title="bbox 2165 3920 3766 3993; baseline -0.002 -20"><span class='ocrx_word' id='word_1_653' title='bbox 2165 3937 2366 3974; x_wconf 90' lang='lat' dir='ltr'>norum</span> <span class='ocrx_word' id='word_1_654' title='bbox 2405 3927 2461 3974; x_wconf 91' lang='lat' dir='ltr'>et</span> <span class='ocrx_word' id='word_1_655' title='bbox 2489 3937 2718 3990; x_wconf 88' lang='lat' dir='ltr'>precum</span> <span class='ocrx_word' id='word_1_656' title='bbox 2748 3921 3072 3991; x_wconf 78' lang='lat' dir='ltr'>diligentius</span> <span class='ocrx_word' id='word_1_657' title='bbox 3090 3921 3495 3993; x_wconf 86' lang='lat' dir='ltr'>contemplari,</span> <span class='ocrx_word' id='word_1_658' title='bbox 3517 3920 3649 3992; x_wconf 88' lang='lat' dir='ltr'>quia</span> <span class='ocrx_word' id='word_1_659' title='bbox 3667 3932 3766 3972; x_wconf 89' lang='lat' dir='ltr'>non</span> 
     </span>
    </p>
   </div>
   <div class='ocr_carea' id='block_1_87' title="bbox 2165 4006 3765 4081">
    <p class='ocr_par' dir='ltr' id='par_1_87' title="bbox 2165 4006 3765 4081">
     <span class='ocr_line' id='line_1_87' title="bbox 2165 4006 3765 4081; baseline -0.004 -17"><span class='ocrx_word' id='word_1_660' title='bbox 2165 4011 2282 4064; x_wconf 91' lang='lat' dir='ltr'>sine</span> <span class='ocrx_word' id='word_1_661' title='bbox 2308 4026 2477 4064; x_wconf 89' lang='lat' dir='ltr'>causa</span> <span class='ocrx_word' id='word_1_662' title='bbox 2503 4010 2761 4081; x_wconf 87' lang='lat' dir='ltr'>plurimis</span> <span class='ocrx_word' id='word_1_663' title='bbox 2791 4010 2848 4064; x_wconf 91' lang='lat' dir='ltr'>in</span> <span class='ocrx_word' id='word_1_664' title='bbox 2873 4011 3024 4075; x_wconf 92' lang='lat' dir='ltr'>locis,</span> <span class='ocrx_word' id='word_1_665' title='bbox 3053 4011 3160 4064; x_wconf 90' lang='lat' dir='ltr'>isto</span> <span class='ocrx_word' id='word_1_666' title='bbox 3187 4011 3296 4065; x_wconf 92' lang='lat' dir='ltr'>sub</span> <span class='ocrx_word' id='word_1_667' title='bbox 3327 4028 3574 4066; x_wconf 91' lang='lat' dir='ltr'>numero</span> <span class='ocrx_word' id='word_1_668' title='bbox 3599 4006 3765 4064; x_wconf 89' lang='lat' dir='ltr'>omnis</span> 
     </span>
    </p>
   </div>
   <div class='ocr_carea' id='block_1_88' title="bbox 2166 4099 3768 4170">
    <p class='ocr_par' dir='ltr' id='par_1_88' title="bbox 2166 4099 3768 4170">
     <span class='ocr_line' id='line_1_88' title="bbox 2166 4099 3768 4170; baseline -0.004 -16"><span class='ocrx_word' id='word_1_669' title='bbox 2166 4099 2429 4170; x_wconf 85' lang='lat' dir='ltr'>perfectio</span> <span class='ocrx_word' id='word_1_670' title='bbox 2459 4105 2515 4153; x_wconf 89' lang='lat' dir='ltr'>et</span> <span class='ocrx_word' id='word_1_671' title='bbox 2543 4116 2676 4153; x_wconf 86' lang='lat' dir='ltr'>vera</span> <span class='ocrx_word' id='word_1_672' title='bbox 2704 4099 2928 4170; x_wconf 89' lang='lat' dir='ltr'>requies</span> <span class='ocrx_word' id='word_1_673' title='bbox 2959 4099 3318 4170; x_wconf 67' lang='lat' dir='ltr'>praedicatur.</span> <span class='ocrx_word' id='word_1_674' title='bbox 3340 4103 3497 4156; x_wconf 88' lang='lat' dir='ltr'>Nam</span> <span class='ocrx_word' id='word_1_675' title='bbox 3530 4099 3768 4155; x_wconf 87' lang='lat' dir='ltr'>Christus</span> 
     </span>
    </p>
   </div>
   <div class='ocr_carea' id='block_1_89' title="bbox 2164 4188 3770 4244">
    <p class='ocr_par' dir='ltr' id='par_1_89' title="bbox 2164 4188 3770 4244">
     <span class='ocr_line' id='line_1_89' title="bbox 2164 4188 3770 4244; baseline -0.004 -1"><span class='ocrx_word' id='word_1_676' title='bbox 2164 4190 2190 4243; x_wconf 71' lang='grc' dir='ltr'>,Ι</span> <span class='ocrx_word' id='word_1_677' title='bbox 2199 4206 2324 4243; x_wconf 88' lang='lat' dir='ltr'>esus</span> <span class='ocrx_word' id='word_1_678' title='bbox 2349 4188 2608 4243; x_wconf 91' lang='lat' dir='ltr'>omnibus</span> <span class='ocrx_word' id='word_1_679' title='bbox 2639 4189 2806 4242; x_wconf 88' lang='lat' dir='ltr'>venit.</span> <span class='ocrx_word' id='word_1_680' title='bbox 2847 4189 3016 4242; x_wconf 88' lang='lat' dir='ltr'>Venit</span> <span class='ocrx_word' id='word_1_681' title='bbox 3043 4189 3191 4243; x_wconf 89' lang='lat' dir='ltr'>enim</span> <span class='ocrx_word' id='word_1_682' title='bbox 3225 4191 3548 4244; x_wconf 88' lang='lat' dir='ltr'>admodum</span> <span class='ocrx_word' id='word_1_683' title='bbox 3589 4189 3770 4242; x_wconf 89' lang='lat' dir='ltr'>docere</span> 
     </span>
    </p>
   </div>
   <div class='ocr_carea' id='block_1_90' title="bbox 2164 4276 3775 4350">
    <p class='ocr_par' dir='ltr' id='par_1_90' title="bbox 2164 4276 3775 4350">
     <span class='ocr_line' id='line_1_90' title="bbox 2164 4276 3775 4350; baseline -0.003 -19"><span class='ocrx_word' id='word_1_684' title='bbox 2164 4279 2444 4349; x_wconf 89' lang='lat' dir='ltr'>sapientes</span> <span class='ocrx_word' id='word_1_685' title='bbox 2489 4283 2546 4332; x_wconf 92' lang='lat' dir='ltr'>et</span> <span class='ocrx_word' id='word_1_686' title='bbox 2592 4277 2918 4348; x_wconf 79' lang='lat' dir='ltr'>insipientes</span> <span class='ocrx_word' id='word_1_687' title='bbox 2972 4279 3155 4342; x_wconf 86' lang='lat' dir='ltr'>corde,</span> <span class='ocrx_word' id='word_1_688' title='bbox 3205 4280 3489 4350; x_wconf 88' lang='lat' dir='ltr'>omnique</span> <span class='ocrx_word' id='word_1_689' title='bbox 3527 4276 3681 4334; x_wconf 83' lang='lat' dir='ltr'>sexui</span> <span class='ocrx_word' id='word_1_690' title='bbox 3725 4276 3775 4328; x_wconf 89' lang='lat' dir='ltr'>et</span> 
     </span>
    </p>
   </div>
   <div class='ocr_carea' id='block_1_91' title="bbox 484 4355 3794 4443">
    <p class='ocr_par' dir='ltr' id='par_1_91' title="bbox 484 4355 3794 4443">
     <span class='ocr_line' id='line_1_91' title="bbox 484 4355 3794 4443; baseline -0.004 -17"><span class='ocrx_word' id='word_1_691' title='bbox 484 4373 656 4440; x_wconf 92' lang='lat' dir='ltr'>tione,</span> <span class='ocrx_word' id='word_1_692' title='bbox 679 4372 910 4443; x_wconf 91' lang='lat' dir='ltr'>spiritus</span> <span class='ocrx_word' id='word_1_693' title='bbox 937 4368 1277 4425; x_wconf 85' lang='lat' dir='ltr'>fortitudinis</span> <span class='ocrx_word' id='word_1_694' title='bbox 1300 4368 1357 4420; x_wconf 91' lang='lat' dir='ltr'>in</span> <span class='ocrx_word' id='word_1_695' title='bbox 1378 4365 1694 4433; x_wconf 85' lang='lat' dir='ltr'>refectione;</span> <span class='ocrx_word' id='word_1_696' title='bbox 1723 4366 1923 4437; x_wconf 89' lang='lat' dir='ltr'>quibus</span> <span class='ocrx_word' id='word_1_697' title='bbox 1943 4367 2081 4422; x_wconf 84' lang='lat' dir='ltr'>dun-</span> <span class='ocrx_word' id='word_1_698' title='bbox 2099 4355 2146 4412; x_wconf 83' lang='lat' dir='ltr'>D</span> <span class='ocrx_word' id='word_1_699' title='bbox 2163 4368 2315 4421; x_wconf 64' lang='lat' dir='ltr'>aetati</span> <span class='ocrx_word' id='word_1_700' title='bbox 2362 4373 2639 4439; x_wconf 65' lang='lat' dir='ltr'>praecepta</span> <span class='ocrx_word' id='word_1_701' title='bbox 2692 4366 2889 4420; x_wconf 91' lang='lat' dir='ltr'>salutis</span> <span class='ocrx_word' id='word_1_702' title='bbox 2926 4366 3079 4420; x_wconf 89' lang='lat' dir='ltr'>dare.</span> <span class='ocrx_word' id='word_1_703' title='bbox 3114 4367 3332 4423; x_wconf 90' lang='lat' dir='ltr'>Idcirco</span> <span class='ocrx_word' id='word_1_704' title='bbox 3387 4365 3794 4439; x_wconf 90' lang='lat' dir='ltr'>compendiose.</span> 
     </span>
    </p>
   </div>
   <div class='ocr_carea' id='block_1_92' title="bbox 484 4455 2081 4532">
    <p class='ocr_par' dir='ltr' id='par_1_92' title="bbox 484 4455 2081 4532">
     <span class='ocr_line' id='line_1_92' title="bbox 484 4455 2081 4532; baseline -0.004 -15"><span class='ocrx_word' id='word_1_705' title='bbox 484 4467 639 4517; x_wconf 82' lang='lat' dir='ltr'>taxat</span> <span class='ocrx_word' id='word_1_706' title='bbox 659 4467 902 4532; x_wconf 87' lang='lat' dir='ltr'>quatuor</span> <span class='ocrx_word' id='word_1_707' title='bbox 917 4460 1187 4514; x_wconf 90' lang='lat' dir='ltr'>virtutum</span> <span class='ocrx_word' id='word_1_708' title='bbox 1212 4455 1373 4509; x_wconf 88' lang='lat' dir='ltr'>donis</span> <span class='ocrx_word' id='word_1_709' title='bbox 1389 4455 1605 4525; x_wconf 88' lang='lat' dir='ltr'>reliqua</span> <span class='ocrx_word' id='word_1_710' title='bbox 1628 4455 1741 4508; x_wconf 88' lang='lat' dir='ltr'>tria</span> <span class='ocrx_word' id='word_1_711' title='bbox 1761 4455 1819 4508; x_wconf 92' lang='lat' dir='ltr'>in</span> <span class='ocrx_word' id='word_1_712' title='bbox 1842 4456 1951 4509; x_wconf 88' lang='lat' dir='ltr'>ﬁne</span> <span class='ocrx_word' id='word_1_713' title='bbox 1968 4457 2081 4527; x_wconf 90' lang='lat' dir='ltr'>ple-</span> 
     </span>
    </p>
   </div>
   <div class='ocr_carea' id='block_1_93' title="bbox 485 4543 2080 4618">
    <p class='ocr_par' dir='ltr' id='par_1_93' title="bbox 485 4543 2080 4618">
     <span class='ocr_line' id='line_1_93' title="bbox 485 4543 2080 4618; baseline -0.006 -11"><span class='ocrx_word' id='word_1_714' title='bbox 485 4552 613 4606; x_wconf 89' lang='lat' dir='ltr'>nius</span> <span class='ocrx_word' id='word_1_715' title='bbox 632 4554 1112 4614; x_wconf 89' lang='lat' dir='ltr'>consummantur,</span> <span class='ocrx_word' id='word_1_716' title='bbox 1137 4543 1588 4618; x_wconf 88' lang='lat' dir='ltr'>quandoquidem</span> <span class='ocrx_word' id='word_1_717' title='bbox 1615 4545 1874 4598; x_wconf 87' lang='lat' dir='ltr'>voluntas</span> <span class='ocrx_word' id='word_1_718' title='bbox 1902 4545 2003 4598; x_wconf 91' lang='lat' dir='ltr'>Dei</span> <span class='ocrx_word' id='word_1_719' title='bbox 2022 4545 2080 4599; x_wconf 92' lang='lat' dir='ltr'>in</span> 
     </span>
    </p>
   </div>
   <div class='ocr_carea' id='block_1_94' title="bbox 484 4633 2074 4708">
    <p class='ocr_par' dir='ltr' id='par_1_94' title="bbox 484 4633 2074 4708">
     <span class='ocr_line' id='line_1_94' title="bbox 484 4633 2074 4708; baseline -0.004 -12"><span class='ocrx_word' id='word_1_720' title='bbox 484 4642 671 4708; x_wconf 84' lang='lat' dir='ltr'>terris,</span> <span class='ocrx_word' id='word_1_721' title='bbox 695 4639 861 4695; x_wconf 88' lang='lat' dir='ltr'>sicuti</span> <span class='ocrx_word' id='word_1_722' title='bbox 892 4645 949 4693; x_wconf 90' lang='lat' dir='ltr'>et</span> <span class='ocrx_word' id='word_1_723' title='bbox 975 4638 1032 4690; x_wconf 92' lang='lat' dir='ltr'>in</span> <span class='ocrx_word' id='word_1_724' title='bbox 1061 4636 1219 4700; x_wconf 85' lang='lat' dir='ltr'>coelo,</span> <span class='ocrx_word' id='word_1_725' title='bbox 1251 4633 1453 4705; x_wconf 90' lang='lat' dir='ltr'>spiritu</span> <span class='ocrx_word' id='word_1_726' title='bbox 1481 4633 1695 4687; x_wconf 90' lang='lat' dir='ltr'>consilii</span> <span class='ocrx_word' id='word_1_727' title='bbox 1723 4634 2074 4689; x_wconf 86' lang='lat' dir='ltr'>moderatur:</span> 
     </span>
    </p>
   </div>
   <div class='ocr_carea' id='block_1_95' title="bbox 484 4723 2080 4804">
    <p class='ocr_par' dir='ltr' id='par_1_95' title="bbox 484 4723 2080 4804">
     <span class='ocr_line' id='line_1_95' title="bbox 484 4723 2080 4804; baseline -0.004 -18"><span class='ocrx_word' id='word_1_728' title='bbox 484 4730 617 4804; x_wconf 89' lang='lat' dir='ltr'>quia</span> <span class='ocrx_word' id='word_1_729' title='bbox 633 4730 772 4788; x_wconf 86' lang='lat' dir='ltr'>nihil</span> <span class='ocrx_word' id='word_1_730' title='bbox 801 4727 954 4782; x_wconf 89' lang='lat' dir='ltr'>aliud</span> <span class='ocrx_word' id='word_1_731' title='bbox 981 4725 1101 4780; x_wconf 90' lang='lat' dir='ltr'>vult</span> <span class='ocrx_word' id='word_1_732' title='bbox 1127 4725 1274 4778; x_wconf 90' lang='lat' dir='ltr'>Deus</span> <span class='ocrx_word' id='word_1_733' title='bbox 1303 4739 1470 4795; x_wconf 89' lang='lat' dir='ltr'>quam</span> <span class='ocrx_word' id='word_1_734' title='bbox 1493 4723 1642 4794; x_wconf 89' lang='lat' dir='ltr'>quod</span> <span class='ocrx_word' id='word_1_735' title='bbox 1661 4723 1879 4778; x_wconf 91' lang='lat' dir='ltr'>consilii</span> <span class='ocrx_word' id='word_1_736' title='bbox 1897 4729 1999 4792; x_wconf 88' lang='lat' dir='ltr'>est,</span> <span class='ocrx_word' id='word_1_737' title='bbox 2023 4729 2080 4779; x_wconf 92' lang='lat' dir='ltr'>et</span> 
     </span>
    </p>
   </div>
   <div class='ocr_carea' id='block_1_96' title="bbox 482 4813 2077 4893">
    <p class='ocr_par' dir='ltr' id='par_1_96' title="bbox 482 4813 2077 4893">
     <span class='ocr_line' id='line_1_96' title="bbox 482 4813 2077 4893; baseline -0.004 -17"><span class='ocrx_word' id='word_1_738' title='bbox 482 4838 584 4893; x_wconf 84' lang='lat' dir='ltr'>per</span> <span class='ocrx_word' id='word_1_739' title='bbox 605 4837 733 4875; x_wconf 91' lang='lat' dir='ltr'>eum</span> <span class='ocrx_word' id='word_1_740' title='bbox 763 4817 952 4872; x_wconf 88' lang='lat' dir='ltr'>omnia</span> <span class='ocrx_word' id='word_1_741' title='bbox 969 4814 1308 4885; x_wconf 90' lang='lat' dir='ltr'>diriguntur.</span> <span class='ocrx_word' id='word_1_742' title='bbox 1341 4813 1486 4868; x_wconf 90' lang='lat' dir='ltr'>Sane</span> <span class='ocrx_word' id='word_1_743' title='bbox 1514 4829 1691 4868; x_wconf 90' lang='lat' dir='ltr'>unum</span> <span class='ocrx_word' id='word_1_744' title='bbox 1721 4818 1807 4868; x_wconf 90' lang='lat' dir='ltr'>est</span> <span class='ocrx_word' id='word_1_745' title='bbox 1832 4813 1913 4868; x_wconf 91' lang='lat' dir='ltr'>illi</span> <span class='ocrx_word' id='word_1_746' title='bbox 1939 4815 2077 4869; x_wconf 87' lang='lat' dir='ltr'>velle</span> 
     </span>
    </p>
   </div>
   <div class='ocr_carea' id='block_1_97' title="bbox 484 4902 2071 4982">
    <p class='ocr_par' dir='ltr' id='par_1_97' title="bbox 484 4902 2071 4982">
     <span class='ocr_line' id='line_1_97' title="bbox 484 4902 2071 4982; baseline -0.006 -17"><span class='ocrx_word' id='word_1_747' title='bbox 484 4915 653 4982; x_wconf 88' lang='lat' dir='ltr'>atque</span> <span class='ocrx_word' id='word_1_748' title='bbox 673 4907 981 4963; x_wconf 89' lang='lat' dir='ltr'>consulere.</span> <span class='ocrx_word' id='word_1_749' title='bbox 1014 4905 1209 4973; x_wconf 82' lang='lat' dir='ltr'>Neque</span> <span class='ocrx_word' id='word_1_750' title='bbox 1237 4902 1413 4973; x_wconf 89' lang='lat' dir='ltr'>igitur</span> <span class='ocrx_word' id='word_1_751' title='bbox 1439 4902 1498 4956; x_wconf 90' lang='lat' dir='ltr'>in</span> <span class='ocrx_word' id='word_1_752' title='bbox 1527 4908 1685 4974; x_wconf 89' lang='lat' dir='ltr'>parte</span> <span class='ocrx_word' id='word_1_753' title='bbox 1715 4903 2071 4970; x_wconf 88' lang='lat' dir='ltr'>distenditur,</span> 
     </span>
    </p>
   </div>
   <div class='ocr_carea' id='block_1_98' title="bbox 481 4990 2074 5056">
    <p class='ocr_par' dir='ltr' id='par_1_98' title="bbox 481 4990 2074 5056">
     <span class='ocr_line' id='line_1_98' title="bbox 481 4990 2074 5056; baseline -0.004 -1"><span class='ocrx_word' id='word_1_754' title='bbox 481 5005 547 5056; x_wconf 94' lang='lat' dir='ltr'>ut</span> <span class='ocrx_word' id='word_1_755' title='bbox 573 4998 725 5053; x_wconf 88' lang='lat' dir='ltr'>aliud</span> <span class='ocrx_word' id='word_1_756' title='bbox 751 4996 956 5050; x_wconf 90' lang='lat' dir='ltr'>habeat</span> <span class='ocrx_word' id='word_1_757' title='bbox 978 4991 1232 5056; x_wconf 90' lang='lat' dir='ltr'>volendo,</span> <span class='ocrx_word' id='word_1_758' title='bbox 1249 4990 1400 5045; x_wconf 89' lang='lat' dir='ltr'>aliud</span> <span class='ocrx_word' id='word_1_759' title='bbox 1425 4993 1782 5048; x_wconf 89' lang='lat' dir='ltr'>consulendo.</span> <span class='ocrx_word' id='word_1_760' title='bbox 1809 4993 1951 5048; x_wconf 87' lang='lat' dir='ltr'>Nam</span> <span class='ocrx_word' id='word_1_761' title='bbox 1973 5009 2074 5048; x_wconf 87' lang='lat' dir='ltr'>nos</span> 
     </span>
    </p>
   </div>
   <div class='ocr_carea' id='block_1_99' title="bbox 480 5081 2073 5161">
    <p class='ocr_par' dir='ltr' id='par_1_99' title="bbox 480 5081 2073 5161">
     <span class='ocr_line' id='line_1_99' title="bbox 480 5081 2073 5161; baseline -0.004 -18"><span class='ocrx_word' id='word_1_762' title='bbox 480 5105 651 5161; x_wconf 84' lang='lat' dir='ltr'>quam</span> <span class='ocrx_word' id='word_1_763' title='bbox 676 5102 822 5157; x_wconf 72' lang='lat' dir='ltr'>saepe</span> <span class='ocrx_word' id='word_1_764' title='bbox 874 5082 1025 5137; x_wconf 87' lang='lat' dir='ltr'>aliud</span> <span class='ocrx_word' id='word_1_765' title='bbox 1071 5081 1351 5147; x_wconf 89' lang='lat' dir='ltr'>nolumus,</span> <span class='ocrx_word' id='word_1_766' title='bbox 1397 5087 1451 5135; x_wconf 89' lang='lat' dir='ltr'>et</span> <span class='ocrx_word' id='word_1_767' title='bbox 1496 5082 1647 5136; x_wconf 90' lang='lat' dir='ltr'>aliud</span> <span class='ocrx_word' id='word_1_768' title='bbox 1697 5081 1915 5136; x_wconf 88' lang='lat' dir='ltr'>consilii</span> <span class='ocrx_word' id='word_1_769' title='bbox 1953 5099 2073 5136; x_wconf 90' lang='lat' dir='ltr'>esse</span> 
     </span>
    </p>
   </div>
   <div class='ocr_carea' id='block_1_100' title="bbox 479 5169 2074 5242">
    <p class='ocr_par' dir='ltr' id='par_1_100' title="bbox 479 5169 2074 5242">
     <span class='ocr_line' id='line_1_100' title="bbox 479 5169 2074 5242; baseline -0.007 -8"><span class='ocrx_word' id='word_1_770' title='bbox 479 5174 997 5234; x_wconf 89' lang='lat' dir='ltr'>cernimus.ldcirco</span> <span class='ocrx_word' id='word_1_771' title='bbox 1009 5169 1288 5225; x_wconf 91' lang='lat' dir='ltr'>interdum</span> <span class='ocrx_word' id='word_1_772' title='bbox 1302 5187 1558 5242; x_wconf 88' lang='lat' dir='ltr'>perverse</span> <span class='ocrx_word' id='word_1_773' title='bbox 1572 5171 1878 5241; x_wconf 81' lang='lat' dir='ltr'>gradimur.</span> <span class='ocrx_word' id='word_1_774' title='bbox 1889 5176 2074 5238; x_wconf 71' lang='lat'>343</span> 
     </span>
    </p>
   </div>
   <div class='ocr_carea' id='block_1_101' title="bbox 475 5260 2074 5340">
    <p class='ocr_par' dir='ltr' id='par_1_101' title="bbox 475 5260 2074 5340">
     <span class='ocr_line' id='line_1_101' title="bbox 475 5260 2074 5340; baseline -0.003 -19"><span class='ocrx_word' id='word_1_775' title='bbox 475 5272 706 5340; x_wconf 88' lang='lat' dir='ltr'>propter</span> <span class='ocrx_word' id='word_1_776' title='bbox 735 5262 881 5335; x_wconf 92' lang='lat' dir='ltr'>quod</span> <span class='ocrx_word' id='word_1_777' title='bbox 912 5260 1141 5334; x_wconf 89' lang='lat' dir='ltr'>spiritus</span> <span class='ocrx_word' id='word_1_778' title='bbox 1169 5260 1384 5315; x_wconf 89' lang='lat' dir='ltr'>consilii</span> <span class='ocrx_word' id='word_1_779' title='bbox 1415 5265 1500 5315; x_wconf 91' lang='lat' dir='ltr'>est</span> <span class='ocrx_word' id='word_1_780' title='bbox 1527 5260 1892 5327; x_wconf 87' lang='lat' dir='ltr'>necessarius,</span> <span class='ocrx_word' id='word_1_781' title='bbox 1925 5267 1988 5315; x_wconf 90' lang='lat' dir='ltr'>ut</span> <span class='ocrx_word' id='word_1_782' title='bbox 2007 5278 2074 5316; x_wconf 81' lang='lat' dir='ltr'>ex</span> 
     </span>
    </p>
   </div>
   <div class='ocr_carea' id='block_1_102' title="bbox 475 5348 2072 5420">
    <p class='ocr_par' dir='ltr' id='par_1_102' title="bbox 475 5348 2072 5420">
     <span class='ocr_line' id='line_1_102' title="bbox 475 5348 2072 5420; baseline -0.006 -8"><span class='ocrx_word' id='word_1_783' title='bbox 475 5358 571 5413; x_wconf 87' lang='lat' dir='ltr'>illo</span> <span class='ocrx_word' id='word_1_784' title='bbox 600 5355 857 5409; x_wconf 89' lang='lat' dir='ltr'>voluntas</span> <span class='ocrx_word' id='word_1_785' title='bbox 888 5350 986 5407; x_wconf 93' lang='lat' dir='ltr'>Dei</span> <span class='ocrx_word' id='word_1_786' title='bbox 1015 5350 1074 5404; x_wconf 91' lang='lat' dir='ltr'>in</span> <span class='ocrx_word' id='word_1_787' title='bbox 1109 5348 1268 5405; x_wconf 89' lang='lat' dir='ltr'>nobis</span> <span class='ocrx_word' id='word_1_788' title='bbox 1313 5349 1608 5420; x_wconf 88' lang='lat' dir='ltr'>dirigatur,</span> <span class='ocrx_word' id='word_1_789' title='bbox 1642 5355 1916 5420; x_wconf 87' lang='lat' dir='ltr'>quatenus</span> <span class='ocrx_word' id='word_1_790' title='bbox 1942 5350 2072 5420; x_wconf 90' lang='lat' dir='ltr'>jure</span> 
     </span>
    </p>
   </div>
   <div class='ocr_carea' id='block_1_103' title="bbox 473 5439 2072 5512">
    <p class='ocr_par' dir='ltr' id='par_1_103' title="bbox 473 5439 2072 5512">
     <span class='ocr_line' id='line_1_103' title="bbox 473 5439 2072 5512; baseline -0.006 -10"><span class='ocrx_word' id='word_1_791' title='bbox 473 5443 864 5503; x_wconf 88' lang='lat' dir='ltr'>misericordes</span> <span class='ocrx_word' id='word_1_792' title='bbox 884 5457 1004 5496; x_wconf 90' lang='lat' dir='ltr'>esse</span> <span class='ocrx_word' id='word_1_793' title='bbox 1034 5439 1331 5512; x_wconf 89' lang='lat' dir='ltr'>possimus.</span> <span class='ocrx_word' id='word_1_794' title='bbox 1348 5439 1542 5494; x_wconf 86' lang='lat' dir='ltr'>Restat</span> <span class='ocrx_word' id='word_1_795' title='bbox 1556 5439 1721 5510; x_wconf 88' lang='lat' dir='ltr'>plane</span> <span class='ocrx_word' id='word_1_796' title='bbox 1741 5439 1970 5511; x_wconf 89' lang='lat' dir='ltr'>spiritus</span> <span class='ocrx_word' id='word_1_797' title='bbox 1990 5439 2072 5493; x_wconf 89' lang='lat' dir='ltr'>in-</span> 
     </span>
    </p>
   </div>
   <div class='ocr_carea' id='block_1_104' title="bbox 473 5527 2069 5609">
    <p class='ocr_par' dir='ltr' id='par_1_104' title="bbox 473 5527 2069 5609">
     <span class='ocr_line' id='line_1_104' title="bbox 473 5527 2069 5609; baseline -0.006 -16"><span class='ocrx_word' id='word_1_798' title='bbox 473 5533 814 5609; x_wconf 81' lang='lat' dir='ltr'>telligentiae,</span> <span class='ocrx_word' id='word_1_799' title='bbox 838 5547 906 5588; x_wconf 86' lang='lat' dir='ltr'>ex</span> <span class='ocrx_word' id='word_1_800' title='bbox 925 5547 1035 5604; x_wconf 87' lang='lat' dir='ltr'>quo</span> <span class='ocrx_word' id='word_1_801' title='bbox 1059 5529 1199 5587; x_wconf 88' lang='lat' dir='ltr'>illud</span> <span class='ocrx_word' id='word_1_802' title='bbox 1226 5545 1465 5602; x_wconf 84' lang='lat' dir='ltr'>regnum</span> <span class='ocrx_word' id='word_1_803' title='bbox 1479 5528 1732 5586; x_wconf 87' lang='lat' dir='ltr'>futurum</span> <span class='ocrx_word' id='word_1_804' title='bbox 1751 5527 2069 5600; x_wconf 83' lang='lat' dir='ltr'>ingredien-</span> 
     </span>
    </p>
   </div>
   <div class='ocr_carea' id='block_1_105' title="bbox 2161 4455 3774 4528">
    <p class='ocr_par' dir='ltr' id='par_1_105' title="bbox 2161 4455 3774 4528">
     <span class='ocr_line' id='line_1_105' title="bbox 2161 4455 3774 4528; baseline -0.001 -18"><span class='ocrx_word' id='word_1_805' title='bbox 2161 4457 2317 4523; x_wconf 88' lang='lat' dir='ltr'>satis,</span> <span class='ocrx_word' id='word_1_806' title='bbox 2351 4473 2462 4510; x_wconf 91' lang='lat' dir='ltr'>non</span> <span class='ocrx_word' id='word_1_807' title='bbox 2491 4457 2654 4510; x_wconf 90' lang='lat' dir='ltr'>modo</span> <span class='ocrx_word' id='word_1_808' title='bbox 2683 4455 3079 4510; x_wconf 85' lang='lat' dir='ltr'>mandatorum</span> <span class='ocrx_word' id='word_1_809' title='bbox 3124 4457 3371 4512; x_wconf 90' lang='lat' dir='ltr'>tradidit</span> <span class='ocrx_word' id='word_1_810' title='bbox 3400 4455 3774 4528; x_wconf 79' lang='lat' dir='ltr'>disciplinam,</span> 
     </span>
    </p>
   </div>
   <div class='ocr_carea' id='block_1_106' title="bbox 2161 4545 3777 4618">
    <p class='ocr_par' dir='ltr' id='par_1_106' title="bbox 2161 4545 3777 4618">
     <span class='ocr_line' id='line_1_106' title="bbox 2161 4545 3777 4618; baseline -0.002 -20"><span class='ocrx_word' id='word_1_811' title='bbox 2161 4562 2356 4600; x_wconf 88' lang='lat' dir='ltr'>verum</span> <span class='ocrx_word' id='word_1_812' title='bbox 2384 4545 2556 4600; x_wconf 91' lang='lat' dir='ltr'>etiam</span> <span class='ocrx_word' id='word_1_813' title='bbox 2602 4545 2879 4600; x_wconf 90' lang='lat' dir='ltr'>donorum</span> <span class='ocrx_word' id='word_1_814' title='bbox 2931 4562 2996 4600; x_wconf 90' lang='lat' dir='ltr'>ac</span> <span class='ocrx_word' id='word_1_815' title='bbox 3023 4562 3276 4618; x_wconf 89' lang='lat' dir='ltr'>precum,</span> <span class='ocrx_word' id='word_1_816' title='bbox 3328 4553 3400 4601; x_wconf 92' lang='lat' dir='ltr'>ut</span> <span class='ocrx_word' id='word_1_817' title='bbox 3427 4547 3618 4602; x_wconf 90' lang='lat' dir='ltr'>verbis</span> <span class='ocrx_word' id='word_1_818' title='bbox 3646 4557 3777 4614; x_wconf 88' lang='lat' dir='ltr'>pau-</span> 
     </span>
    </p>
   </div>
   <div class='ocr_carea' id='block_1_107' title="bbox 2161 4631 3778 4707">
    <p class='ocr_par' dir='ltr' id='par_1_107' title="bbox 2161 4631 3778 4707">
     <span class='ocr_line' id='line_1_107' title="bbox 2161 4631 3778 4707; baseline -0.002 -20"><span class='ocrx_word' id='word_1_819' title='bbox 2161 4634 2402 4688; x_wconf 89' lang='lat' dir='ltr'>cioribus</span> <span class='ocrx_word' id='word_1_820' title='bbox 2431 4633 2713 4688; x_wconf 65' lang='lat' dir='ltr'>memoriae</span> <span class='ocrx_word' id='word_1_821' title='bbox 2744 4651 2834 4688; x_wconf 92' lang='lat' dir='ltr'>res</span> <span class='ocrx_word' id='word_1_822' title='bbox 2861 4635 3198 4707; x_wconf 89' lang='lat' dir='ltr'>multiplices</span> <span class='ocrx_word' id='word_1_823' title='bbox 3231 4639 3290 4690; x_wconf 91' lang='lat' dir='ltr'>et</span> <span class='ocrx_word' id='word_1_824' title='bbox 3320 4631 3778 4707; x_wconf 83' lang='lat' dir='ltr'>pernecessarias</span> 
     </span>
    </p>
   </div>
   <div class='ocr_carea' id='block_1_108' title="bbox 2159 4721 3779 4796">
    <p class='ocr_par' dir='ltr' id='par_1_108' title="bbox 2159 4721 3779 4796">
     <span class='ocr_line' id='line_1_108' title="bbox 2159 4721 3779 4796; baseline -0.003 -18"><span class='ocrx_word' id='word_1_825' title='bbox 2159 4723 2598 4778; x_wconf 86' lang='lat' dir='ltr'>commendaret.</span> <span class='ocrx_word' id='word_1_826' title='bbox 2644 4723 2700 4778; x_wconf 90' lang='lat' dir='ltr'>Si</span> <span class='ocrx_word' id='word_1_827' title='bbox 2741 4725 3020 4794; x_wconf 87' lang='lat' dir='ltr'>quomodo</span> <span class='ocrx_word' id='word_1_828' title='bbox 3051 4723 3395 4796; x_wconf 90' lang='lat' dir='ltr'>simplicitas</span> <span class='ocrx_word' id='word_1_829' title='bbox 3438 4725 3600 4795; x_wconf 88' lang='lat' dir='ltr'>ﬁdei,</span> <span class='ocrx_word' id='word_1_830' title='bbox 3639 4721 3779 4776; x_wconf 87' lang='lat' dir='ltr'>velo-</span> 
     </span>
    </p>
   </div>
   <div class='ocr_carea' id='block_1_109' title="bbox 2159 4811 3779 4883">
    <p class='ocr_par' dir='ltr' id='par_1_109' title="bbox 2159 4811 3779 4883">
     <span class='ocr_line' id='line_1_109' title="bbox 2159 4811 3779 4883; baseline -0.001 -17"><span class='ocrx_word' id='word_1_831' title='bbox 2159 4811 2297 4866; x_wconf 89' lang='lat' dir='ltr'>citer</span> <span class='ocrx_word' id='word_1_832' title='bbox 2339 4813 2670 4880; x_wconf 89' lang='lat' dir='ltr'>addisceret,</span> <span class='ocrx_word' id='word_1_833' title='bbox 2712 4813 2910 4869; x_wconf 88' lang='lat' dir='ltr'>salutis</span> <span class='ocrx_word' id='word_1_834' title='bbox 2939 4831 3053 4869; x_wconf 73' lang='lat' dir='ltr'>suae</span> <span class='ocrx_word' id='word_1_835' title='bbox 3103 4813 3537 4879; x_wconf 81' lang='lat' dir='ltr'>sufﬁcientiam,</span> <span class='ocrx_word' id='word_1_836' title='bbox 3573 4818 3633 4867; x_wconf 88' lang='lat' dir='ltr'>et</span> <span class='ocrx_word' id='word_1_837' title='bbox 3658 4824 3779 4883; x_wconf 83' lang='lat' dir='ltr'>pru-</span> 
     </span>
    </p>
   </div>
   <div class='ocr_carea' id='block_1_110' title="bbox 2157 4902 3777 4975">
    <p class='ocr_par' dir='ltr' id='par_1_110' title="bbox 2157 4902 3777 4975">
     <span class='ocr_line' id='line_1_110' title="bbox 2157 4902 3777 4975; baseline -0.001 -20"><span class='ocrx_word' id='word_1_838' title='bbox 2157 4902 2349 4956; x_wconf 88' lang='lat' dir='ltr'>dentia</span> <span class='ocrx_word' id='word_1_839' title='bbox 2401 4902 2819 4974; x_wconf 87' lang='lat' dir='ltr'>ingeniosorum</span> <span class='ocrx_word' id='word_1_840' title='bbox 2878 4903 3121 4974; x_wconf 90' lang='lat' dir='ltr'>amplius</span> <span class='ocrx_word' id='word_1_841' title='bbox 3163 4903 3633 4975; x_wconf 85' lang='lat' dir='ltr'>profunditatem</span> <span class='ocrx_word' id='word_1_842' title='bbox 3659 4916 3777 4971; x_wconf 88' lang='lat' dir='ltr'>my-</span> 
     </span>
    </p>
   </div>
   <div class='ocr_carea' id='block_1_111' title="bbox 2156 4990 3775 5063">
    <p class='ocr_par' dir='ltr' id='par_1_111' title="bbox 2156 4990 3775 5063">
     <span class='ocr_line' id='line_1_111' title="bbox 2156 4990 3775 5063; baseline -0.001 -17"><span class='ocrx_word' id='word_1_843' title='bbox 2156 4991 2312 5046; x_wconf 87' lang='lat' dir='ltr'>sterii</span> <span class='ocrx_word' id='word_1_844' title='bbox 2333 4990 2765 5063; x_wconf 88' lang='lat' dir='ltr'>obstupesceret.</span> <span class='ocrx_word' id='word_1_845' title='bbox 2795 4993 2938 5047; x_wconf 90' lang='lat' dir='ltr'>Hinc</span> <span class='ocrx_word' id='word_1_846' title='bbox 2965 4993 3138 5048; x_wconf 87' lang='lat' dir='ltr'>Isaias</span> <span class='ocrx_word' id='word_1_847' title='bbox 3163 4993 3524 5050; x_wconf 86' lang='lat' dir='ltr'>vaticinatur</span> <span class='ocrx_word' id='word_1_848' title='bbox 3543 4992 3734 5048; x_wconf 86' lang='lat' dir='ltr'>dicens</span> <span class='ocrx_word' id='word_1_849' title='bbox 3763 5004 3775 5038; x_wconf 86' lang='lat'><strong>:</strong></span> 
     </span>
    </p>
   </div>
   <div class='ocr_carea' id='block_1_112' title="bbox 2155 5079 3781 5152">
    <p class='ocr_par' dir='ltr' id='par_1_112' title="bbox 2155 5079 3781 5152">
     <span class='ocr_line' id='line_1_112' title="bbox 2155 5079 3781 5152; baseline -0.004 -16"><span class='ocrx_word' id='word_1_850' title='bbox 2155 5079 2472 5136; x_wconf 79' lang='lat' dir='ltr'>Sermonem</span> <span class='ocrx_word' id='word_1_851' title='bbox 2484 5084 2863 5136; x_wconf 80' lang='lat' dir='ltr'>abbreviatum</span> <span class='ocrx_word' id='word_1_852' title='bbox 2881 5083 3044 5150; x_wconf 79' lang='lat' dir='ltr'>faciet</span> <span class='ocrx_word' id='word_1_853' title='bbox 3060 5085 3335 5139; x_wconf 83' lang='lat' dir='ltr'>Dominus</span> <span class='ocrx_word' id='word_1_854' title='bbox 3352 5101 3532 5152; x_wconf 77' lang='lat' dir='ltr'>super</span> <span class='ocrx_word' id='word_1_855' title='bbox 3549 5089 3757 5136; x_wconf 82' lang='lat' dir='ltr'>terram</span> <span class='ocrx_word' id='word_1_856' title='bbox 3769 5115 3781 5129; x_wconf 96' lang='lat'>.</span> 
     </span>
    </p>
   </div>
   <div class='ocr_carea' id='block_1_113' title="bbox 2157 5170 3778 5242">
    <p class='ocr_par' dir='ltr' id='par_1_113' title="bbox 2157 5170 3778 5242">
     <span class='ocr_line' id='line_1_113' title="bbox 2157 5170 3778 5242; baseline -0.002 -17"><span class='ocrx_word' id='word_1_857' title='bbox 2157 5171 2332 5235; x_wconf 87' lang='lat' dir='ltr'>Quem</span> <span class='ocrx_word' id='word_1_858' title='bbox 2372 5171 2615 5242; x_wconf 90' lang='lat' dir='ltr'>profecto</span> <span class='ocrx_word' id='word_1_859' title='bbox 2649 5187 2966 5226; x_wconf 87' lang='lat' dir='ltr'>sermonem</span> <span class='ocrx_word' id='word_1_860' title='bbox 3019 5171 3100 5225; x_wconf 89' lang='lat' dir='ltr'>ita</span> <span class='ocrx_word' id='word_1_861' title='bbox 3128 5170 3514 5238; x_wconf 85' lang='lat' dir='ltr'>abbreviavit,</span> <span class='ocrx_word' id='word_1_862' title='bbox 3551 5178 3618 5225; x_wconf 92' lang='lat' dir='ltr'>ut</span> <span class='ocrx_word' id='word_1_863' title='bbox 3663 5183 3778 5222; x_wconf 84' lang='lat' dir='ltr'>me-</span> 
     </span>
    </p>
   </div>
   <div class='ocr_carea' id='block_1_114' title="bbox 2155 5257 3784 5332">
    <p class='ocr_par' dir='ltr' id='par_1_114' title="bbox 2155 5257 3784 5332">
     <span class='ocr_line' id='line_1_114' title="bbox 2155 5257 3784 5332; baseline -0.002 -19"><span class='ocrx_word' id='word_1_864' title='bbox 2155 5260 2388 5314; x_wconf 88' lang='lat' dir='ltr'>moriter</span> <span class='ocrx_word' id='word_1_865' title='bbox 2415 5278 2542 5315; x_wconf 91' lang='lat' dir='ltr'>eum</span> <span class='ocrx_word' id='word_1_866' title='bbox 2573 5260 2756 5314; x_wconf 89' lang='lat' dir='ltr'>subito</span> <span class='ocrx_word' id='word_1_867' title='bbox 2799 5277 2997 5332; x_wconf 88' lang='lat' dir='ltr'>capere</span> <span class='ocrx_word' id='word_1_868' title='bbox 3048 5261 3264 5332; x_wconf 89' lang='lat' dir='ltr'>possint</span> <span class='ocrx_word' id='word_1_869' title='bbox 3293 5280 3306 5327; x_wconf 87' lang='lat'><strong>;</strong></span> <span class='ocrx_word' id='word_1_870' title='bbox 3361 5261 3453 5316; x_wconf 85' lang='lat' dir='ltr'>ita</span> <span class='ocrx_word' id='word_1_871' title='bbox 3483 5261 3658 5317; x_wconf 87' lang='lat' dir='ltr'>rebus</span> <span class='ocrx_word' id='word_1_872' title='bbox 3688 5257 3784 5311; x_wconf 89' lang='lat' dir='ltr'>im-</span> 
     </span>
    </p>
   </div>
   <div class='ocr_carea' id='block_1_115' title="bbox 2153 5347 3779 5421">
    <p class='ocr_par' dir='ltr' id='par_1_115' title="bbox 2153 5347 3779 5421">
     <span class='ocr_line' id='line_1_115' title="bbox 2153 5347 3779 5421; baseline -0.004 -19"><span class='ocrx_word' id='word_1_873' title='bbox 2153 5349 2340 5420; x_wconf 87' lang='lat' dir='ltr'>plevit,</span> <span class='ocrx_word' id='word_1_874' title='bbox 2415 5355 2478 5404; x_wconf 91' lang='lat' dir='ltr'>ut</span> <span class='ocrx_word' id='word_1_875' title='bbox 2544 5349 3029 5420; x_wconf 77' lang='lat' dir='ltr'>inpraesentiarum</span> <span class='ocrx_word' id='word_1_876' title='bbox 3094 5367 3257 5405; x_wconf 89' lang='lat' dir='ltr'>nemo</span> <span class='ocrx_word' id='word_1_877' title='bbox 3333 5351 3471 5406; x_wconf 89' lang='lat' dir='ltr'>sine</span> <span class='ocrx_word' id='word_1_878' title='bbox 3538 5347 3779 5421; x_wconf 87' lang='lat' dir='ltr'>Spiritus</span> 
     </span>
    </p>
   </div>
   <div class='ocr_carea' id='block_1_116' title="bbox 2153 5433 3783 5513">
    <p class='ocr_par' dir='ltr' id='par_1_116' title="bbox 2153 5433 3783 5513">
     <span class='ocr_line' id='line_1_116' title="bbox 2153 5433 3783 5513; baseline -0.002 -21"><span class='ocrx_word' id='word_1_879' title='bbox 2153 5439 2329 5493; x_wconf 89' lang='lat' dir='ltr'>sancti</span> <span class='ocrx_word' id='word_1_880' title='bbox 2356 5439 2558 5510; x_wconf 87' lang='lat' dir='ltr'>gratia,</span> <span class='ocrx_word' id='word_1_881' title='bbox 2592 5444 2649 5494; x_wconf 88' lang='lat' dir='ltr'>et</span> <span class='ocrx_word' id='word_1_882' title='bbox 2679 5456 2805 5494; x_wconf 90' lang='lat' dir='ltr'>cum</span> <span class='ocrx_word' id='word_1_883' title='bbox 2831 5457 2896 5495; x_wconf 87' lang='lat' dir='ltr'>ea</span> <span class='ocrx_word' id='word_1_884' title='bbox 2926 5457 3090 5495; x_wconf 83' lang='lat' dir='ltr'>rarus</span> <span class='ocrx_word' id='word_1_885' title='bbox 3117 5439 3441 5495; x_wconf 89' lang='lat' dir='ltr'>admodum</span> <span class='ocrx_word' id='word_1_886' title='bbox 3471 5437 3578 5513; x_wconf 82' lang='lat' dir='ltr'>qui</span> <span class='ocrx_word' id='word_1_887' title='bbox 3597 5433 3783 5492; x_wconf 82' lang='lat' dir='ltr'>omnia</span> 
     </span>
    </p>
   </div>
   <div class='ocr_carea' id='block_1_117' title="bbox 2152 5523 3782 5602">
    <p class='ocr_par' dir='ltr' id='par_1_117' title="bbox 2152 5523 3782 5602">
     <span class='ocr_line' id='line_1_117' title="bbox 2152 5523 3782 5602; baseline -0.004 -20"><span class='ocrx_word' id='word_1_888' title='bbox 2152 5533 2252 5584; x_wconf 89' lang='lat' dir='ltr'>aut</span> <span class='ocrx_word' id='word_1_889' title='bbox 2278 5527 2590 5600; x_wconf 84' lang='lat' dir='ltr'>intelligere</span> <span class='ocrx_word' id='word_1_890' title='bbox 2619 5533 2719 5584; x_wconf 85' lang='lat' dir='ltr'>aut</span> <span class='ocrx_word' id='word_1_891' title='bbox 2759 5529 3043 5602; x_wconf 87' lang='lat' dir='ltr'>percipere</span> <span class='ocrx_word' id='word_1_892' title='bbox 3070 5529 3263 5602; x_wconf 84' lang='lat' dir='ltr'>possit.</span> <span class='ocrx_word' id='word_1_893' title='bbox 3303 5528 3489 5588; x_wconf 87' lang='lat' dir='ltr'>Unde</span> <span class='ocrx_word' id='word_1_894' title='bbox 3519 5523 3782 5601; x_wconf 85' lang='lat' dir='ltr'>precibus</span> 
     </span>
    </p>
   </div>
  </div>
