3938 6174
244 231 333 288 301
399 272 404 279 .

1020 223 1400 282 EXPOSITIO
1439 223 1518 280 IN
1556 203 2002 279 MA'I'I‘HEUM.
2047 247 2110 260 _
2150 217 2288 276 LIB.
2329 203 2424 288 IV,
2467 217 2624 276 CAP.
2668 204 2762 275 vi.

3407 222 3515 284 302

250 355 649 412 elaborandum
676 358 740 409 ut
774 354 921 409 dona
939 353 1312 425 percipiamus
1338 369 1405 406 ex
1440 350 1652 422 gratia;
1677 347 1839 404 donis
1856 344 2166 417 Asubripit
2191 347 2386 413 elatos,
2421 347 2501 402 sic
2521 346 2716 417 utique
2734 313 2802 399 de
2833 345 3006 401 nimio
3032 347 3290 419 squalore
3317 353 3374 404 et
3393 367 3516 406 ma-

251 463 375 500 vero
407 445 712 515 agendum,
741 449 805 498 ut
831 443 1120 515 pervenire
1149 441 1428 514 possimus
1477 441 1548 496 ad
1576 441 1841 494 meritum

249 534 459 608 gratia,
491 534 695 589 deinde
742 550 841 605 pro
872 532 1089 587 meritis
1118 531 1523 586 beatitudinem
1552 546 1841 602 speremus

253 623 630 696 quaerentibus
651 639 993 678 concessam.
1025 622 1289 694 Alioquin
1307 638 1410 676 nec
1427 620 1547 676 sine
1573 620 1700 675 ﬁdei
1720 636 1843 690 pre-

251 713 402 768 cibus
451 713 522 768 ad
571 713 821 777 domum,
874 729 978 767 nec
1023 711 1144 767 sine
1175 710 1391 765 meritis
1421 709 1742 781 pervenitur
1772 708 1842 762 ad

247 802 612 858 beatitudinis
638 802 878 874 gradum
904 819 917 855 :
951 801 1100 873 quod
1129 817 1369 873 sequens
1397 799 1678 854 conclusio
1707 797 1845 852 satis

249 893 518 948 declarat.

312 981 378 1039 Si
437 985 607 1048 enim,
662 980 864 1053 inquit,
893 982 1221 1035 dimiseritis
1263 980 1579 1033 hominibus
1630 981 1848 1047 peccata

247 1087 456 1138 eorum,
488 1073 733 1125 dimittet
759 1075 806 1124 et
836 1072 981 1124 vobis
1012 1071 1174 1124 Pater
1202 1074 1372 1123 vester
1401 1070 1620 1123 caelestis
1650 1070 1848 1122 delicta

249 1166 444 1216 vestra.
484 1160 549 1216 Si
579 1165 766 1214 autem
796 1176 908 1213 non
936 1161 1262 1213 dimiseritis
1294 1159 1610 1212 hominibus
1628 1162 1844 1226 peccata

247 1267 458 1316 eorum,
481 1266 576 1303 nec
603 1251 765 1304 Pater
783 1254 952 1302 vester
979 1249 1219 1302 dimittet
1240 1249 1384 1301 vobis
1408 1251 1624 1316 peccata
1646 1251 1844 1301 vestra.

247 1339 407 1394 Unde
439 1343 596 1410 patet
620 1338 767 1410 quod
795 1337 1182 1408 unusquisque
1208 1353 1311 1391 sua
1339 1337 1747 1392 condemnatur
1767 1334 1848 1388 in-

1923 435 2007 489 cie
2035 436 2281 507 corporis
2311 454 2451 492 vana
2477 439 2659 510 gloria
2699 439 2904 512 decipit
2931 437 3204 493 incautos.
3244 439 3518 494 Extcrmi-

1924 533 2084 593 nant,
2117 527 2319 600 inquit,
2351 534 2500 585 enim
2527 534 2692 600 facies
2721 549 2867 598 suas,
2887 531 3036 604 quod
3056 537 3143 586 est
3167 534 3359 602 aperte
3374 528 3520 584 dice-

1924 632 2004 670 re.
2038 617 2209 673 Extra
2238 620 2508 676 terminos
2547 621 2806 677 humana
2843 619 3264 677 consuetudinis
3293 635 3388 674 eas
3417 617 3520 674 ob-

1926 705 2156 773 ducunt,
2177 714 2234 763 et
2250 709 2519 766 inusitato
2541 702 2748 782 geiiere
2770 712 3037 767 faditatis
3061 715 3240 768 semet
3269 709 3520 765 afﬁcien-

1928 799 2033 863 tes,
2060 798 2332 869 pallorem
2362 804 2637 872 quarunt,
2677 807 2952 874 quatenus
2976 801 3275 856 dissimiles
3303 799 3373 854 ab
3394 799 3522 854 aliis

1929 885 2241 953 videantur,
2299 894 2365 943 ut
2392 906 2457 943 ex
2481 889 2606 962 ipsa
2633 891 2846 946 vilitate
2876 891 3061 946 carnis
3090 891 3241 945 ultra
3265 889 3522 944 homines

1931 976 2322 1046 pradicentur.
2356 978 2557 1034 Melius
2584 985 2794 1046 tamen,
2825 980 2970 1036 sicut
2987 981 3047 1034 in
3077 979 3412 1050 quibusdam
3434 995 3524 1035 co-

1929 1065 2141 1120 dicibus
2157 1065 2414 1135 habetur,
2447 1069 2829 1124 demotiuntur
2865 1072 3032 1138 facies
3058 1085 3205 1132 suas,
3245 1085 3414 1140 quam
3430 1085 3524 1124 ea:-

1929 1158 2255 1222 terminant,
2288 1157 2544 1212 dicimus.
2575 1158 2720 1222 Quia
2743 1159 3132 1222 exterminare,
3166 1157 3325 1229 quasi
3369 1163 3528 1212 extra

1928 1245 2108 1300 solum
2137 1250 2224 1300 est
2244 1246 2446 1302 ducere
2471 1265 2484 1314 ;
2516 1247 2773 1302 demoliri
2793 1253 3002 1314 autem,
3035 1247 3195 1318 quasi
3225 1247 3528 1314 346dis-

1930 1335 2132 1405 sipare,
2172 1341 2230 1390 et
2271 1335 2517 1391 obductu
2549 1337 2788 1392 tristitia
2833 1355 2899 1392 ac
2929 1337 3206 1408 squaloris
3239 1337 3398 1408 quasi
3452 1337 3526 1392 ad

256 1428 548 1483 ﬁdelitate.
584 1429 655 1481 At
683 1427 777 1480 ille
806 1427 864 1480 in
891 1432 1131 1497 utroqne
1163 1425 1334 1480 Pater
1378 1423 1852 1479 incommutabilis
1933 1424 2170 1478 nihilum
2203 1441 2426 1481 omnem
2472 1431 2820 1481 venustatem
2875 1427 3059 1482 vultus
3097 1426 3371 1497 redigere.
3415 1425 3526 1481 Sed

253 1517 609 1588 manet,quia
627 1533 740 1571 non
757 1522 940 1587 potest
960 1516 1171 1570 viscera
1191 1515 1544 1586 paternitatis
1565 1515 1846 1583 amittere;

1935 1513 2221 1585 quodlibet
2251 1515 2454 1569 horum
2502 1517 2801 1587 acceperis,
2851 1515 3271 1589 hypocritarum
3302 1519 3405 1583 est,
3463 1521 3529 1570 ut

253 1607 369 1661 imo
419 1608 554 1678 quia
602 1607 751 1661 ﬁlius
793 1622 914 1660 esse
960 1622 1072 1659 non
1101 1605 1201 1670 vis,
1236 1610 1335 1659 tua
1372 1604 1701 1658 crudelitate
1725 1605 1853 1675 jure
1935 1620 2158 1658 scenam
2184 1603 2466 1659 larvarum
2506 1611 2810 1676 gestantes,
2847 1607 2999 1661 aliud
3025 1606 3083 1660 in
3111 1607 3276 1661 corde
3305 1611 3524 1676 gerant,

252 1696 566 1750 damnaris.
601 1695 743 1749 Hinc
773 1712 838 1749 ex
882 1693 1141 1748 omnibus
1190 1694 1293 1749 hoc
1341 1711 1516 1748 unum
1563 1699 1688 1764 post
1733 1704 1918 1766 pre-B
1938 1698 1993 1746 et
2012 1692 2164 1747 aliud
2190 1692 2244 1747 in
2275 1695 2569 1765 superﬁcie
2597 1695 2953 1750 cernentibus
2985 1712 3044 1750 se
3075 1695 3527 1750 exhibeant.Non

254 1803 378 1841 cem
409 1788 470 1840 in
502 1789 613 1840 ﬁne
638 1785 928 1852 conclusit,
958 1791 1024 1839 ut
1060 1785 1354 1856 reduceret
1393 1784 1463 1837 ad
1519 1785 1850 1838 memoriam

252 1876 388 1947 quid
419 1883 486 1930 tu
532 1875 589 1929 in
620 1875 871 1929 oratione
922 1874 1316 1946 spoponderas,
1361 1878 1638 1945 quatenus
1666 1872 1725 1926 in
1752 1879 1852 1927 tua

252 1981 624 2036 cognosceres
651 1968 928 2036 potestate
981 1964 1283 2035 impetrare
1310 1963 1528 2016 vineam
1561 1980 1730 2034 quam
1758 1980 1852 2034 po-

248 2055 447 2108 stulas.
469 2055 665 2125 Neque
680 2053 831 2108 aliud
847 2053 1091 2124 primum
1122 2053 1294 2123 exigit
1315 2052 1487 2122 judex
1519 2052 1667 2123 apud
1684 2069 1852 2123 quem

249 2160 440 2214 rogas,
495 2143 606 2197 nisi
634 2148 700 2197 ut
734 2143 863 2196 talis
893 2143 1038 2196 circa
1076 2141 1307 2196 fratrem
1334 2141 1558 2213 qualem
1588 2158 1718 2196 eum
1757 2151 1852 2195 ex-

249 2233 436 2304 poscis
464 2231 611 2286 circa
635 2239 692 2286 te
721 2231 899 2285 ﬁlium
921 2248 1062 2286 esse.
1093 2230 1252 2294 Quod
1279 2230 1327 2285 si
1351 2231 1506 2285 fratri
1529 2247 1640 2284 non
1657 2247 1854 2301 parcas

248 2321 405 2376 Patri
439 2337 666 2392 quoque
695 2319 1209 2391 inﬂigisinjuriam,
1241 2337 1407 2391 quem
1436 2337 1620 2390 rogas,
1653 2324 1710 2374 et
1727 2318 1853 2374 ideo

239 2411 370 2479 jure
417 2410 817 2465 condemnaris
862 2410 1160 2481 dupliciter
1202 2427 1351 2464 reus.
1400 2409 1673 2475 Primum,
1723 2409 1855 2480 quia

244 2499 499 2571 peccatis
548 2504 606 2554 et
649 2499 838 2565 debes,
890 2498 1090 2553 deinde
1136 2499 1270 2570 quia
1298 2499 1543 2553 monitus
1581 2517 1616 2552 a
1641 2498 1848 2569 judice,

240 2591 467 2664 petenti
500 2595 690 2657 345
713 2589 875 2645 fratri
896 2607 1086 2645 amore
1109 2590 1304 2662 patris,
1329 2594 1391 2644 ut
1411 2595 1471 2644 tu
1499 2589 1617 2660 ipse
1635 2588 1855 2642 veniam

243 2681 557 2753 acciperes,
591 2680 832 2735 crudelis
862 2680 920 2734 in
950 2685 1209 2750 utroque,
1237 2679 1456 2733 veniam
1483 2696 1596 2732 non
1625 2676 1848 2732 dedisti.

239 2770 493 2842 Propter
519 2770 668 2842 quod
699 2787 865 2825 nemo
894 2786 954 2824 se
992 2768 1408 2835 circumveniat,
1440 2768 1572 2840 quia
1599 2767 1694 2840 qui
1721 2783 1850 2840 pre-

239 2876 359 2913 cem
390 2859 737 2931 composuit,
775 2859 893 2931 ipse
934 2859 1117 2913 cordis
1145 2875 1348 2913 arcana
1376 2863 1652 2929 penetrat,
1681 2861 1738 2911 et
1766 2861 1852 2911 ta-

236 2949 348 3003 lem
377 2955 444 3004 te
478 2949 652 3002 habet
680 2950 736 3002 in
767 2965 944 3020 prece,
981 2948 1160 3019 qualis
1190 2947 1468 3003 exstiteris
1506 2947 1688 3001 corde.
1724 2945 1854 3011 Qui-

1933 1787 1997 1836 ut
2033 1783 2187 1837 cultu
2228 1800 2370 1838 verae
2407 1783 2697 1854 religionis
2725 1785 2960 1840 virtutes
3006 1784 3214 1840 Christi
3243 1785 3525 1851 studeant,

1935 1872 2032 1925 sed
2063 1876 2126 1925 ut
2162 1872 2405 1927 favorem
2462 1873 2612 1944 vulgi
2652 1874 2912 1932 excitent.
2954 1874 3097 1929 Hinc
3126 1879 3213 1929 est
3239 1874 3392 1946 quod
3431 1890 3522 1929 se-

1934 1963 2126 2032 quitur
2157 1980 2169 2015 :

2006 2053 2179 2106 Amen
2197 2054 2315 2107 dico
2344 2055 2508 2117 vobis,
2525 2055 2658 2122 quia
2686 2057 3005 2122 receperunt
3021 2053 3317 2107 mercedem
3341 2051 3522 2120 suam,

1936 2141 2309 2212 Suamitaque
2330 2141 2660 2206 mercedem,
2687 2146 2745 2197 et
2762 2158 2875 2196 non
2894 2137 3250 2214 adoptionem
3272 2141 3528 2196 ﬁdelibus

1935 2231 2352 2301 repromissam,
2387 2230 2516 2302 quia
2542 2231 2827 2302 propriam
2855 2231 3094 2302 gloriam
3125 2235 3462 2303 quarentes,
3493 2248 3529 2285 a

1937 2319 2159 2374 Christo
2190 2324 2323 2374 sunt
2351 2320 2539 2374 alieni.
2576 2320 2866 2392 Siquidem
2918 2322 3066 2376 Deus
3096 2338 3208 2375 non
3238 2320 3526 2390 irridetur,

1936 2409 2005 2463 Et
2026 2408 2151 2463 ideo
2169 2409 2656 2481 inpraesentiarum
2685 2409 2935 2465 fumosas
2964 2410 3113 2482 vulgi
3141 2411 3356 2477 laudes,
3389 2414 3445 2465 et
3473 2410 3534 2466 in

1934 2497 2124 2553 futuro
2157 2499 2534 2554 simulationis
2562 2516 2677 2554 sua
2714 2500 3029 2556 mercedem
3052 2499 3429 2555 damnationis
3447 2516 3532 2554 re-

1935 2590 2228 2660 ceperunt.

2011 2679 2088 2732 Tu
2114 2683 2298 2732 autem
2320 2681 2701 2748 cumjejunas,
2720 2695 2864 2747 unge
2885 2684 3050 2748 caput
3067 2682 3304 2744 tuum,et
3327 2679 3529 2746 faciem

1937 2771 2092 2820 tuam
2115 2769 2259 2832 lava,
2276 2774 2380 2821 etc.
2401 2765 2618 2822 Idioma
2636 2773 2958 2822 sanctarum
2977 2766 3393 2838 Scripturarum
3422 2771 3528 2835 est,

1935 2859 2000 2910 ut
2026 2855 2105 2910 sic
2134 2859 2230 2910 uni
2261 2857 2421 2928 quasi
2452 2857 2730 2920 omnibus,
2763 2864 2820 2910 et
2847 2857 2926 2911 sic
2952 2856 3211 2911 omnibus
3242 2855 3402 2928 quasi
3431 2854 3531 2911 uni

1935 2946 2224 3017 loquatur;
2258 2946 2464 3002 idcirco
2494 2945 2765 3018 singulari
2793 2962 3048 3011 numero,
3073 2951 3132 2998 tu
3157 2945 3527 3012 aute-m,dixit,

233 3035 340 3093 bus
371 3039 464 3093 ita
515 3038 804 3109 inspectis,
841 3039 984 3108 jam,
1029 3037 1162 3109 quid
1192 3037 1428 3092 ulterius
1455 3041 1848 3109 prosequatur,
1867 3029 1910 3090 C
1932 3053 2057 3092 cum
2076 3039 2322 3106 jejunus,
2355 3041 2420 3091 ut
2447 3035 2832 3108 unusquisque
2852 3035 3168 3107 specialiter
3197 3033 3304 3089 sibi
3328 3034 3533 3089 intelli-

234 3129 598 3200 expleamus.

300 3218 455 3272 Cum
477 3219 757 3286 jejunatis
786 3219 953 3271 nolite
977 3218 1100 3282 ﬁeri
1127 3218 1268 3269 sicut
1311 3217 1605 3284 hypocrita
1649 3218 1846 3281 tristes,

229 3323 294 3361 ac
323 3306 583 3377 reliqua.
618 3305 1040 3376 Consequenter
1066 3304 1124 3358 in
1153 3303 1412 3358 omnibus
1456 3305 1599 3359 ﬁlios
1638 3305 1843 3373 erudit,

228 3395 533 3466 quomodo
566 3395 826 3465 jejunare
866 3393 1125 3460 debeant,
1174 3394 1419 3464 exponit.
1453 3394 1743 3464 Siquidem
1777 3410 1848 3448 ne

225 3486 430 3540 tristes
466 3501 628 3538 more
658 3484 1075 3555 hypocritarum
1105 3487 1342 3554 pareant
1368 3482 1688 3537 hominibus
1702 3484 1849 3553 jeju-

222 3580 462 3629 nantes.
500 3573 625 3627 Non
650 3572 797 3643 quod
820 3573 878 3627 in
899 3574 989 3627 die
1013 3573 1216 3644 jejunii
1238 3589 1336 3644 pro
1358 3572 1574 3626 delictis
1597 3576 1652 3626 et
1679 3571 1846 3626 variis

223 3664 609 3718 miseriarum
651 3661 870 3716 casibus
901 3679 1014 3717 non
1060 3668 1316 3734 oporteat
1359 3660 1696 3729 contristari,
1747 3660 1876 3716 sed'

220 3754 572 3808 affectatam
600 3768 757 3805 vana
786 3751 968 3805 laudis
996 3751 1285 3805 tristitiam
1304 3751 1420 3805 vult
1443 3751 1633 3821 procul
1653 3750 1848 3805 abesse

221 3859 254 3895 a
283 3841 492 3908 nobis,
519 3845 583 3894 ut
611 3839 670 3894 in
700 3840 958 3894 omnibus
986 3841 1332 3911 gloriﬁcetur
1352 3841 1520 3905 Deus,
1547 3840 1668 3911 ejus
1695 3846 1752 3895 et
1778 3840 1849 3894 ad

218 3931 468 3987 laudem
514 3931 708 3984 omnia
740 3929 1072 3983 referantur.
1125 3930 1284 3984 Unde
1336 3947 1440 3984 nec
1495 3929 1842 4001 simpliciter,

215 4019 419 4075 Nolite
454 4017 703 4085 tristari,
735 4018 832 4072 sed
873 4036 1002 4073 cum
1050 4018 1468 4073 additamento:
1503 4021 1702 4087 Nolite,
1757 4020 1846 4074 in-

213 4110 364 4181 quit,
400 4112 546 4176 ﬁeri
571 4111 715 4162 sicut
743 4108 1034 4176 hypocrita:
1061 4111 1257 4162 tristes.
1276 4108 1540 4179 Alioquin
1570 4108 1848 4180 quomodo

213 4197 675 4253 humiliabimus
703 4203 835 4251 ante
865 4197 1042 4251 Deum
1072 4198 1290 4252 animas
1330 4202 1575 4264 nostras,
1610 4215 1844 4269 praser—

211 4289 317 4343 tim
352 4305 506 4343 cum
534 4291 798 4358 oporteat
819 4303 920 4340 nos
948 4286 1269 4341 contristari
1295 4288 1365 4341 ad
1409 4288 1794 4358 paenitentiam
1824 4288 1847 4340 ἲ

1928 3131 2028 3198 gat
2053 3126 2158 3180 hoc
2185 3125 2418 3182 dictum.
2450 3126 2727 3182 Caeterum
2757 3126 3039 3188 notandus
3074 3132 3160 3181 est
3177 3126 3350 3193 locus,
3381 3123 3531 3197 quod

1930 3233 2042 3270 non
2073 3215 2264 3270 omnia
2290 3205 2482 3270 etiam'
2506 3216 2647 3271 Novi
2685 3217 3034 3271 Testamenti
3062 3222 3340 3287 pracepta
3365 3217 3531 3286 juxta

1928 3303 2175 3360 litteram
2205 3311 2338 3361 sunt
2358 3306 2656 3365 servanda.
2687 3305 2839 3360 Alias
2867 3313 3059 3361 autem
3080 3306 3358 3378 fugientes
3373 3305 3430 3360 in
3447 3308 3530 3377 je-

1923 3395 2100 3466 juniis
2118 3396 2410 3450 hominum
2426 3395 2847 3464 conscientiam,
2866 3401 2923 3451 et
2941 3413 3096 3451 vana
3115 3396 3300 3451 laudis
3311 3397 3528 3467 jactan-

1927 3484 2086 3547 tiam,
2109 3485 2263 3540 uncti
2291 3485 2568 3556 capitibus
2603 3485 2783 3556 magis
2814 3486 3530 3557 ostendimurjejunare,et

1929 3573 2152 3628 ridiculi
2183 3574 2391 3629 erimus
2422 3575 2529 3628 olei
2557 3575 2899 3646 pinguedine
2932 3575 3188 3630 delibuti.
3217 3576 3528 3631 Verumta—

1932 3680 2059 3717 men
2092 3680 2248 3718 more
2270 3664 2563 3718 Palestina
2587 3663 2882 3735 provincia
2913 3664 3181 3736 loquitur,
3209 3663 3306 3718 ubi
3331 3664 3527 3719 diebus

1928 3753 2084 3807 festis
2113 3753 2296 3807 solent
2330 3769 2544 3823 ungere
2572 3752 2756 3823 capita
2787 3770 2890 3808 sua
2928 3753 3200 3807 solemnia
3243 3753 3526 3809 celebran-

1929 3848 2034 3898 tes.
2068 3843 2146 3896 Ex
2181 3859 2290 3912 quo
2322 3841 2499 3913 liquet
2521 3842 2846 3912 jejunantes
2877 3858 2978 3897 nos
3014 3842 3240 3897 festivos
3269 3859 3394 3898 esse
3425 3843 3524 3898 de-

1931 3932 2082 3999 bere,
2119 3936 2176 3985 et
2202 3932 2260 3985 in
2290 3930 2488 3986 diebus
2516 3930 2866 3988 abstinentia
2892 3932 3089 3987 latitia
3111 3931 3352 4004 spiritali
3396 3932 3524 4004 pin-

1927 4037 2212 4093 guescere.
2266 4021 2365 4074 Est
2401 4037 2644 4091 namque
2699 4020 2936 4076 interior
2997 4022 3164 4076 homo
3207 4027 3417 4089 noster,
3463 4023 3525 4078 in

1931 4129 2041 4184 quo
2071 4109 2234 4165 sicuti
2257 4126 2292 4164 a
2310 4110 2492 4181 capite
2523 4109 2715 4164 omnia
2744 4110 2999 4166 membra
3038 4113 3287 4184 corporis
3322 4129 3525 4184 regun-

1927 4206 2038 4268 tur,
2068 4200 2149 4254 ita
2169 4216 2204 4254 a
2233 4205 2420 4254 mente
2445 4199 2598 4253 illius
2630 4199 3041 4272 participantur
3054 4207 3262 4272 partes,
3295 4209 3526 4275 propter

1930 4289 2077 4362 quod
2106 4306 2251 4360 sape
2279 4293 2448 4358 caput
2480 4305 2578 4359 pro
2609 4293 2796 4342 mente
2815 4289 3063 4361 ponitur.
3089 4291 3270 4355 Quam
3304 4297 3527 4363 oportet

212 4379 370 4432 Nam
404 4393 518 4432 cor
537 4377 848 4430 contritum
866 4383 922 4431 et
940 4376 1297 4431 humiliatum
1321 4377 1468 4432 Deus
1485 4394 1595 4431 non
1613 4377 1846 4448 spernit.
1860 4394 1902 4447 υ
1926 4379 2169 4450 denique
2188 4377 2245 4431 in
2268 4377 2465 4432 diebus
2473 4378 2820 4449 jejimiorum
2841 4395 2999 4434 sacro
3012 4380 3248 4451 perungi
3270 4397 3522 4452 unguen-

212 4465 371 4522 Hinc
421 4483 664 4538 quoque
707 4465 862 4519 illam
891 4466 1199 4532 tristitiam,
1242 4484 1364 4538 qua
1405 4484 1574 4521 vanas
1600 4473 1848 4521 sectatur
1928 4478 2006 4538 to,
2037 4469 2132 4523 illo
2161 4467 2418 4522 videlicet
2445 4467 2516 4521 de
2538 4485 2646 4538 quo
2672 4485 2878 4540 sponsa
2898 4469 2958 4523 in
2983 4469 3228 4524 Canticis
3259 4470 3329 4525 ad
3363 4488 3526 4543 spon-

208 4557 451 4623 laudes,
493 4556 750 4623 damnat,
783 4566 1018 4627 eamque
1049 4556 1372 4628 fugiendam
1411 4556 1592 4624 docet,
1639 4556 1708 4612 de
1738 4567 1850 4629 qua
1929 4576 2056 4616 sum
2079 4557 2372 4628 loquitur:
2419 4557 2767 4625 Unguentum
2807 4561 3040 4626 e/fusum
3088 4575 3286 4614 nomen
3339 4567 3520 4631 tuum,

207 4647 374 4703 illico
409 4641 696 4701 infertur.
1929 4651 2050 4704 ideo
2087 4649 2496 4702 adolescentulis
2523 4647 2771 4713 diligunt
2797 4652 2842 4701 te
2865 4647 3051 4718 (Cant.
3099 4663 3140 4716 Ι,
3171 4648 3248 4716 3).
3282 4649 3403 4715 Quo
3434 4651 3528 4706 ni-

276 4736 720 4792 Exterminant
739 4737 890 4789 enim
909 4735 1235 4803 faciessuas,
1259 4740 1322 4788 ut
1346 4738 1588 4804 pareant
1607 4733 1850 4790 hamini—
1931 4737 2141 4793 mirum
2164 4740 2453 4808 unguento
2476 4751 2635 4790 mens
2648 4737 2842 4790 nostra
2861 4743 3151 4808 peruncta,
3174 4744 3322 4794 recte
3345 4740 3531 4812 diligit

207 4827 311 4881 bus
333 4829 713 4896 jejunantes.
731 4823 927 4878 Finem
958 4841 1179 4896 quoque
1199 4823 1544 4892 intentionis,
1572 4825 1717 4879 sicut
1729 4825 1850 4896 jam
1933 4844 2084 4893 eum,
2112 4826 2273 4897 cujus
2302 4841 2494 4880 amore
2521 4825 2758 4880 interius
2777 4825 3023 4898 perfusa,
3046 4827 3259 4899 fragrat
3273 4829 3524 4898 odorem,

202 4915 531 4988 superius,
558 4912 937 4985 reprehendit,
973 4913 1390 4984 etjejuniorum
1419 4913 1729 4986 profectum
1757 4913 1852 4969 do-

204 5011 299 5061 cet
335 5010 530 5061 extra
551 5003 887 5073 jactantiam
925 5002 1164 5057 confecti
1192 5005 1441 5074 corporis
1470 5020 1590 5058 esse
1626 5002 1848 5072 debere,

203 5111 408 5168 neque
447 5093 538 5147 de
570 5092 944 5146 ostentatione
964 5091 1241 5162 squaloris
1269 5091 1514 5147 favorem
1535 5092 1686 5163 vulgi
1708 5110 1854 5164 quae-

202 5201 358 5240 rere.
399 5180 576 5247 Quia
602 5181 765 5234 decet
788 5197 953 5234 omne
977 5180 1259 5252 jejunium
1289 5188 1543 5235 nostrum
1561 5181 1618 5235 in
1648 5185 1855 5237 sancta

202 5269 597 5346 Operationis
627 5270 827 5324 decore
875 5287 1106 5340 ponere,
1138 5275 1202 5325 ut
1245 5271 1297 5325 ei
1342 5271 1661 5342 placeamus
1703 5271 1852 5338 inde,

201 5365 377 5434 cujus
414 5374 667 5428 semper
692 5359 928 5429 gloriam
954 5364 1175 5431 oportet
1201 5359 1424 5426 sectari,
1441 5365 1498 5413 et
1526 5359 1747 5414 laudem
1770 5360 1856 5414 in-

200 5449 618 5523 fatigabiliter
647 5465 921 5519 quarere.
977 5449 1045 5503 Et
1081 5449 1390 5503 notandum
1420 5448 1567 5520 quod
1598 5450 1744 5504 sicut
1765 5450 1858 5520 ja-

200 5542 451 5598 ctantia
480 5551 568 5593 ex
595 5537 776 5593 nitore
806 5537 1047 5595 vestium
1094 5543 1151 5594 et
1193 5538 1409 5594 decoris
1437 5538 1856 5611 pulchritudine

1933 4922 1992 4973 et
2011 4916 2283 4972 virtutum
2315 4914 2680 4969 odoramenta
2707 4916 2919 4987 passim
2947 4915 3109 4972 bonis
3137 4917 3399 4990 operibus
3435 4919 3530 4975 deo

1933 5012 2126 5062 corata
2149 5004 2448 5076 respergit.
2497 5005 2572 5059 At
2601 5021 2740 5064 .vero
2770 5005 3193 5078 hypocritarum
3223 5015 3392 5080 caput
3421 5024 3529 5063 un-

1934 5100 2144 5168 guento
2185 5094 2416 5165 ungitur
2452 5094 2810 5163 adulationis,
2873 5096 2942 5150 de
2971 5114 3080 5168 quo
3118 5098 3418 5153 Psalmista
3444 5114 3534 5153 ca-

1937 5202 2077 5240 nens
2105 5203 2116 5238 :
2153 5184 2342 5239 Oleum
2363 5189 2547 5237 autem
2572 5188 2871 5252 peccatoris
2895 5201 3008 5239 non
3031 5188 3336 5255 impinguet
3366 5194 3532 5258 caput

1941 5289 2125 5328 meum
2152 5273 2317 5343 (Psal.
2349 5286 2472 5339 CXL,
2503 5271 2578 5339 3).
2608 5273 2866 5328 Christus
2896 5273 3086 5345 itaque
3115 5275 3291 5330 factus
3321 5284 3407 5331 est
3428 5293 3532 5332 no-

1939 5361 2024 5416 bis
2047 5368 2414 5433 unguentum,
2433 5363 2579 5434 quod
2599 5363 2836 5417 effusum
2857 5379 2957 5434 per
2977 5364 3288 5435 passionem
3312 5367 3530 5433 mortis,

1938 5455 2118 5505 totam
2164 5451 2414 5517 domum,
2463 5458 2715 5506 sanctam
2760 5452 3018 5508 videlicet
3067 5455 3383 5520 Ecclesiam,
3432 5471 3535 5510 suo

1940 5539 2175 5612 replevit
2195 5541 2390 5596 odore.
2422 5539 2633 5596 Idcirco
2657 5558 2772 5596 non
2810 5541 3043 5596 alterius
3072 5559 3235 5597 causa
3277 5544 3537 5612 jejunare
