3938 6174
518 258 620 316 303

1281 264 1343 316 S.
1382 260 1753 317 PASCHASII
1794 254 2151 312 RADBERTI
2189 254 2490 310 ABBATIS
2527 255 3020 312 CORBEIENSIS.

3616 259 3705 315 304

514 382 919 449 convenit;34
931 388 982 448 α
1001 383 1097 438 sed
1110 384 1260 438 illius
1272 384 1467 454 spiritu
1484 379 1987 453 profusi,debemus
1998 379 2098 448 per
2112 378 2162 436 A
2178 376 2497 431 caelestibus
2510 376 2605 440 alii
2621 378 2870 433 thesauri
2900 376 3451 449 possidentur,neque
3469 380 3585 435 illuc
3602 383 3708 439 hinc

509 470 907 527 abstinentiam
939 489 1221 527 macerare
1242 488 1485 536 carnem,
1518 478 1581 524 ut
1602 472 1723 539 ejus
1742 467 2096 538 passionibus

507 561 925 633 participemur.
964 562 1224 631 Alioquin
1266 561 1372 613 nisi
1401 561 1521 629 ejus
1576 574 1856 627 ungamur
1897 557 2096 627 spiritu

509 651 735 716 amoris,
772 650 990 720 jejunia
1018 656 1208 703 nostra
1236 665 1376 701 vana
1404 652 1582 700 erunt.
1622 647 1722 701 lllo
1753 647 1943 717 itaque
1973 647 2094 699 oleo

507 745 709 793 unctus
731 747 815 792 est
833 740 861 792 J
866 756 993 792 esus
1019 754 1134 809 pra:
1154 735 1517 807 participibus
1536 734 1669 789 suis.
1696 735 1798 788 Illo
1816 751 2097 804 ungainur

506 833 562 881 et
591 845 711 894 nos,
744 833 803 881 ut
851 844 1018 896 opera
1048 824 1443 878 misericordia:
1497 824 1871 889 cumulentur,
1900 824 2096 894 implo-

504 922 693 970 rantes
734 915 991 985 spiritum
1020 913 1328 979 charitatis,
1380 930 1490 984 quo
1536 913 1771 967 interius
1830 913 2095 967 divinitus

501 1004 825 1057 irroremur.
861 1003 939 1056 De
970 1020 1079 1073 quo
1111 1003 1418 1073 Propheta:
1466 1004 1858 1071 lmpinguasti,
1889 1001 2090 1072 inquit,

501 1096 563 1145 in
593 1095 702 1145 oleo
733 1098 895 1159 caput
924 1109 1128 1153 meum,
1158 1097 1206 1145 et
1241 1094 1395 1145 calix
1422 1108 1573 1144 meus
1615 1092 1902 1144 inebrians
1927 1108 2094 1159 quam

491 1183 797 1249 praeclarus
820 1186 893 1233 est
928 1184 1086 1246 (Psal,
1120 1194 1250 1245 xxii,
1284 1180 1360 1248 5).
1382 1180 1526 1244 Quia
1539 1179 1647 1233 nisi
1676 1180 1770 1233 illo
1792 1197 2087 1250 ungamur,

497 1269 776 1324 unctionis
811 1270 953 1335 oleo,
983 1269 1125 1323 calix
1148 1269 1354 1339 jejunii
1387 1268 1563 1323 nostri
1602 1269 1755 1323 nullo
1784 1268 2095 1324 inebriatur

493 1358 721 1429 pietatis
740 1358 959 1412 affectu.
1004 1357 1173 1424 Unge,
1206 1358 1407 1428 inquit,
1440 1363 1601 1427 caput
1633 1363 1866 1421 tuum,ct
1894 1360 2091 1425 faciem

496 1452 654 1501 tuam
686 1452 811 1503 lava
842 1466 854 1513 ;
885 1446 1033 1517 quod
1083 1451 1169 1500 est
1223 1446 1517 1500 manifeste
1557 1447 1756 1509 dicere,
1812 1447 2089 1501 Pet-funde

495 1542 743 1591 mentem
772 1535 973 1607 spiritu
1008 1536 1233 1605 laetitia},
1265 1535 1426 1589 bonis
1459 1535 1720 1607 cperibus
1749 1536 2083 1604 insudando,

493 1632 553 1682 et
570 1626 773 1680 faciem
796 1625 1195 1690 tuam,scilicet
1214 1625 1631 1691 conscientiam,
1651 1627 1912 1697 lacrymis
1943 1627 2084 1692 lava,

2179 464 2273 517 alii
2302 466 2590 519 transferri
2622 472 2851 536 queunt.
2888 467 2996 520 Sed
3034 466 3167 519 dum
3188 466 3292 520 ista
3318 476 3526 539 propter
3548 470 3707 527 Chris-

2179 558 2298 607 tum
2329 555 2660 621 amittimus,
2695 572 2760 608 ea
2786 572 2907 625 qua:
2942 555 3000 608 in
3022 555 3140 626 ipso
3166 562 3310 622 sunt,
3346 558 3494 611 nobis
3525 560 3713 616 thesau-

2179 643 2439 698 rizamus.
2475 646 2614 697 Nam
2655 644 2759 697 etsi
2807 644 3126 714 specialiter
3156 646 3223 698 de
3271 646 3595 719 eleemosyna
3620 668 3714 704 mo-

2177 750 2413 787 neamur
2438 733 2778 804 generaliter
2805 718 2991 787 tamen
3023 733 3091 789 de
3122 735 3270 787 omni
3297 752 3455 805 opere
3487 718 3717 793 virtutum

2177 822 2582 892 accipiendum.
2618 823 2760 886 Quia
2790 822 3060 894 quidquid
3084 840 3182 894 pro
3206 824 3419 878 Christo
3445 828 3721 897 temporali-

2175 918 2265 965 ter
2299 912 2691 982 impendimus,
2734 911 2884 965 illinc
2930 912 2987 965 in
3019 929 3084 966 eo
3112 914 3447 967 aeternaliter
3478 918 3720 986 accepturi

2176 1017 2392 1054 sumus.
2436 1001 2592 1054 Unde
2625 1001 2719 1054 illa
2748 1018 2871 1071 quae
2912 1001 3186 1070 gerimus,
3230 1019 3444 1074 semper
3471 1020 3530 1057 eo
3565 1004 3720 1058 studio

2177 1106 2344 1160 agere
2374 1090 2681 1143 curandum
2730 1095 2833 1155 est,
2884 1096 2947 1143 ut
2976 1088 3198 1145 Christo
3229 1092 3550 1162 placeamus,
3579 1098 3721 1164 atque

2173 1195 2275 1251 per
2302 1179 2407 1233 hoc
2434 1179 2492 1233 in
2517 1179 2611 1233 illo
2640 1180 3034 1233 thesaurorum
3056 1196 3260 1235 arcana
3295 1180 3449 1235 nobis
3476 1182 3723 1237 recondita

2175 1268 2410 1321 solerter
2437 1285 2833 1339 praeparemus.

2251 1358 2348 1410 Ubi
2373 1374 2468 1410 nec
2504 1374 2687 1425 .mugo
2730 1375 2825 1411 nec
2871 1361 3020 1412 tinea
3050 1361 3335 1414 comedunt
3367 1379 3382 1423 ;
3417 1376 3573 1429 neque
3595 1362 3721 1427 fures

2174 1448 2435 1512 e/fod-iunt
2494 1463 2588 1499 nec
2650 1449 2942 1513 furantur.
2987 1447 3369 1503 Prmtermissa
3402 1448 3562 1519 igitur
3597 1466 3723 1503 vanae

2150 1533 2351 1599 ,laudis
2371 1551 2523 1597 cura,
2546 1540 2602 1589 et
2618 1535 2933 1590 invidorum
2961 1535 3383 1603 obtrectatione,
3407 1537 3594 1608 quibus
3607 1537 3721 1592 dun-

2169 1629 2325 1676 taxat
2371 1624 2599 1694 pretiosi
2653 1632 3090 1696 corrumpuntur
3134 1627 3386 1681 thesauri
3425 1626 3724 1691 animarum,

491 1720 558 1771 ut
588 1715 800 1769 munda
827 1714 901 1768 sit
928 1714 986 1768 in
1017 1713 1170 1767 omni
1191 1731 1357 1786 opere
1377 1719 1474 1768 tuo
1498 1732 1655 1769 mens
1668 1721 1724 1768 et
1750 1715 2091 1770 conscientia
2114 1730 2156 1789 Β
2176 1728 2451 1784 ponamus
2480 1730 2701 1767 omnem
2726 1732 2882 1785 spem
2913 1722 3163 1769 nostram
3194 1716 3251 1770 in
3281 1715 3726 1781 coelestibus,etibi

494 1821 683 1859 coram
713 1805 847 1858 Deo.
874 1805 1026 1857 Beati
1053 1803 1203 1857 enim
1234 1805 1443 1858 mundo
1474 1805 1653 1869 corde,
1685 1807 1949 1873 quoniam
1980 1808 2088 1873 ipsi

493 1895 667 1948 Deum
698 1895 975 1946 videbunt.
1025 1893 1237 1959 (Matth.
1278 1910 1329 1957 v,
1387 1890 1459 1951 6).
1492 1893 1756 1964 Alioquin
1804 1893 1859 1947 in
1890 1893 2087 1947 diebus

486 1983 833 2053 jejuniorum
855 1988 1196 2045 nostrorum,
1226 1998 1326 2035 nec
1348 1986 1515 2052 caput
1544 1982 1750 2036 sufﬁcit
1774 1982 2086 2035 misericor-

489 2071 598 2126 dia:
629 2070 891 2143 operibus
922 2071 1159 2143 perungi
1189 2071 1308 2124 sine
1338 2087 1481 2141 pura
1509 2071 1870 2137 conscientia,
1901 2088 2084 2141 neque

487 2161 886 2215 conscientiam
916 2160 1123 2215 sufficit
1151 2160 1337 2214 lavare
1366 2159 1436 2213 ab
1478 2160 1738 2231 Operibus
1770 2161 1999 2230 peccati,
2035 2161 2080 2214 si

486 2267 600 2304 non
630 2250 777 2304 bona
815 2268 937 2321 quae
981 2266 1278 2321 possumus
1319 2255 1599 2302 instanter
1628 2266 1881 2318 agamus.
1918 2250 2078 2304 Unde

483 2345 549 2394 ut
577 2339 817 2393 reniteat
843 2344 1012 2409 caput
1049 2338 1290 2409 Spiritus
1333 2337 1509 2391 sancti
1559 2338 1743 2407 gratia
1775 2338 2080 2409 perfusum,

480 2433 758 2500 purgetur
783 2426 1121 2482 conscientia
1150 2426 1218 2481 ab
1249 2426 1402 2480 omni
1429 2427 1551 2480 labe
1583 2428 1813 2498 peccati,
1850 2435 1907 2481 et
1934 2429 2083 2482 lave-

484 2524 580 2572 tur
606 2518 759 2572 fonte
790 2518 1185 2589 lacrymarum,
1218 2522 1495 2587 quatenus
1520 2516 1798 2586 jejunium
1829 2524 2080 2589 accepta-

483 2605 594 2660 bile
625 2607 740 2673 ﬁat,
773 2611 831 2660 et
860 2623 960 2660 nos
988 2605 1230 2677 Spiritus
1258 2605 1435 2659 sancti
1455 2606 1640 2675 gratia
1658 2605 1935 2661 delibutos
1958 2624 2084 2661 can-

482 2695 837 2767 didioresque
861 2695 1235 2749 commendet.

552 2781 629 2836 Ne
655 2782 894 2834 videaris
918 2781 1235 2834 hominibus
1254 2781 1541 2847 jejunans,
1573 2782 1665 2833 scd
1684 2783 1842 2849 patri
1872 2785 1965 2834 tuo
1986 2784 2085 2849 qui

479 2873 556 2924 est.
570 2873 633 2923 in
654 2870 1057 2923 abscondito.Et
1071 2874 1231 2937 pater
1254 2876 1387 2920 tuus
1413 2872 1512 2937 qui
1526 2871 1665 2921 videt
1686 2875 1747 2921 in
1770 2872 2083 2923 abscondito

484 2960 664 3012 reddet
686 2960 805 3011 tibi.
840 2956 1173 3010 Hominibus
1202 2956 1392 3026 itaque
1420 2956 1511 3009 ille
1526 2958 1868 3028 jejunat,qui
1899 2959 2083 3013 favore

2177 1801 2639 1868 thesaurizemus,
2674 1802 2767 1856 ubi
2800 1822 2900 1875 per
2923 1822 3077 1876 spem
3102 1807 3223 1876 jam
3263 1822 3570 1877 sumus,per
3587 1805 3727 1859 fidem

2169 1890 2350 1945 adhuc
2367 1892 2783 1963 gradimur,per
2798 1894 3128 1949 eharitatem
3145 1895 3728 1967 amplectimur.Verum

2169 1979 2259 2031 hic
2288 1980 2475 2033 omnia
2496 1982 2847 2035 metallorum
2871 1983 3226 2054 splendentia
3251 2002 3437 2055 aerugo
3466 1982 3727 2045 consumit,

2170 2075 2226 2122 et
2245 2069 2703 2124 vestimentorum
2725 2072 3025 2126 renitentia
3043 2073 3195 2127 tinea
3228 2074 3309 2127 vel
3332 2079 3566 2128 vetustas
3585 2076 3734 2125 vasta-

2167 2156 2269 2211 bit.
2296 2158 2381 2223 Et,
2410 2165 2472 2212 ut
2500 2159 2812 2213 evidentius
2837 2161 3053 2232 loquar,
3088 2179 3436 2234 quaecunque
3463 2162 3519 2215 in
3546 2158 3727 2215 mundo

2168 2247 2527 2317 possidentur
2551 2249 2938 2319 praeteribunt,
2976 2252 3127 2306 unde
3160 2252 3344 2306 tribus
3390 2252 3509 2305 istis
3558 2248 3725 2312 verbis,

2168 2336 2355 2389 omnis
2378 2338 2827 2409 concupiscentia
2856 2340 3069 2405 mundi,
3095 2347 3150 2394 et
3177 2341 3424 2395 avaritiae
3452 2341 3604 2394 luxus
3624 2354 3728 2392 con-

2168 2425 2484 2481 demnatur.
2522 2428 2665 2481 Nam
2692 2434 2747 2481 et
2778 2430 3083 2496 moraliter,
3102 2430 3148 2484 si
3178 2431 3314 2502 quid
3341 2430 3398 2485 in
3426 2445 3584 2484 carne
3607 2426 3730 2499 geri-

2165 2531 2309 2581 mus,
2342 2516 2634 2570 thesauros
2664 2516 2720 2570 in
2750 2524 2904 2571 terra
2957 2519 3275 2585 condimus,
3326 2520 3460 2574 dum
3489 2517 3729 2590 pretiosos

2164 2604 2411 2675 corporis
2442 2622 2640 2659 sensus
2666 2607 2905 2661 terrenis
2930 2607 3226 2662 desideriis
3249 2605 3733 2680 occupamus.Ergo

2164 2710 2291 2747 cum
2332 2694 2485 2763 gula,
2538 2712 2639 2749 seu
2688 2696 2982 2750 fornicatio
3039 2705 3351 2764 exercetur,
3396 2697 3652 2751 talentum
3686 2692 3733 2744 in

2171 2786 2323 2835 terra
2368 2783 2719 2838 confossatur
2756 2785 3003 2856 aerugine
3057 2792 3475 2859 consumptum,
3518 2782 3735 2856 profecto

2172 2871 2303 2942 quia
2332 2871 2543 2927 ferreas
2569 2880 2786 2929 mentes
2814 2875 2983 2929 libido
3009 2876 3204 2931 domat
3228 2884 3289 2932 et
3314 2877 3496 2932 erodit
3520 2894 3531 2942 ;
3562 2870 3737 2927 deinde

2166 2977 2384 3014 morum
2405 2961 2753 3029 indumenta,
2774 2964 2875 3032 ira,
2899 2964 3179 3036 superbia,
3203 2967 3399 3032 timor,
3428 2970 3485 3019 et
3506 2976 3740 3032 arrogan-

480 3061 675 3099 corum
698 3049 895 3115 captus
923 3061 1123 3098 vanam
1160 3044 1400 3114 gloriam
1431 3046 1660 3115 quierit:
1690 3046 1783 3099 ille
1812 3064 1940 3101 vero
1962 3048 2076 3102 Deo
2097 3047 2141 3110 Ο
2162 3050 2260 3115 tia,
2295 3067 2393 3103 seu
2420 3052 2603 3106 omnis
2628 3052 2891 3108 vitiorum
2927 3055 3202 3109 exercitus
3230 3060 3610 3120 vastant,cum
3630 3049 3737 3122 qui-

479 3133 657 3195 Patri,
692 3134 787 3203 qui
823 3139 1052 3203 propter
1082 3134 1204 3202 ejus
1238 3150 1489 3187 amorem
1539 3151 1659 3187 sese
1704 3142 1968 3203 macerat,
2023 3142 2079 3191 et

478 3222 628 3293 quod
649 3221 753 3275 sibi
782 3221 1062 3275 subtrahit
1090 3222 1252 3275 alteri
1279 3222 1539 3293 largitur.
1565 3224 1679 3277 Nec
1700 3240 1812 3278 non
1842 3225 2009 3279 etiam
2029 3226 2076 3279 is

477 3310 584 3364 sibi
609 3311 832 3381 jejunat
862 3316 920 3365 et
973 3326 1084 3364 non
1115 3311 1249 3377 Deo,
1297 3311 1392 3381 qui
1432 3312 1666 3365 avaritia
1697 3314 1986 3384 pellectus,
2019 3315 2077 3369 in

476 3406 766 3471 posterum
796 3400 901 3455 sibi
936 3400 1005 3453 de
1037 3417 1146 3471 quo
1178 3400 1467 3465 abstinuit,
1503 3402 1951 3456 reservat.Porro
1982 3420 2078 3457 au-

475 3494 592 3544 tem
623 3489 718 3561 qui
747 3490 862 3543 Deo
885 3490 1128 3559 jejunat,
1161 3506 1303 3560 pura
1329 3490 1647 3544 conscentia
1678 3491 1829 3545 intus
1872 3493 1928 3545 in
1952 3491 2076 3547 abs-

476 3580 701 3634 condito
737 3579 899 3633 offert
948 3578 1194 3649 profecto
1239 3578 1335 3633 ubi
1366 3580 1512 3634 Deus
1552 3581 1721 3633 Pater
1750 3581 1957 3635 videat.
2016 3582 2075 3637 Si

475 3669 626 3724 enim
647 3684 747 3740 per
776 3668 943 3721 ﬁdem
962 3667 1055 3721 ille
1071 3667 1222 3721 intus
1244 3668 1301 3721 in
1316 3668 1641 3722 abscondito
1659 3686 1780 3723 esse
1801 3670 2067 3735 creditur,

470 3757 548 3813 ibi
577 3763 661 3812 est
670 3758 1044 3830 jejunandum
1081 3774 1191 3829 quo
1222 3756 1340 3828 ipse
1373 3758 1765 3830 videat,.quia
1794 3776 1905 3813 non
1940 3760 2072 3814 alibi

470 3848 656 3903 videre
687 3853 889 3919 potest,
935 3846 1033 3918 qui
1072 3864 1350 3918 nusquam
1395 3847 1569 3912 deest,
1607 3865 1776 3919 quam
1808 3866 1918 3919 quo
1949 3865 2072 3903 esse

467 3935 755 4007 probatur.
791 3934 1001 3989 Idcirco
1033 3951 1257 3989 necesse
1290 3940 1375 3988 est
1395 3936 1661 4004 jejunans
1693 3936 1771 3990 sic
1810 3937 1978 4003 vivat,
2009 3941 2073 3991 ut

473 4025 521 4077 ei
545 4024 778 4095 placeat,
808 4040 977 4092 quem
1005 4023 1065 4076 in
1095 4029 1317 4092 pectore
1347 4028 1553 4092 portat.

545 4113 720 4165 Nolite
763 4113 1141 4164 thesaurizare
1182 4112 1327 4163 vobis
1384 4113 1663 4165 thesauros
1708 4115 1769 4166 in
1800 4119 1968 4181 terra,
2012 4121 2069 4169 et

471 4199 710 4269 reliqua.
777 4199 963 4251 Haeret
1011 4197 1128 4251 haec
1186 4198 1465 4251 sententia
1518 4200 2067 4257 circumstantialiter

2158 3136 2263 3192 bus
2283 3139 2328 3192 si
2359 3140 2491 3210 quid
2515 3142 2801 3196 residuum
2823 3143 3008 3206 fuerit,
3034 3144 3538 3211 fures,daemonum
3557 3141 3743 3197 scilicet

2158 3228 2480 3295 multitudo,
2514 3231 2786 3286 effodiunt
2813 3238 2870 3286 et
2898 3233 3175 3287 furantur.
3200 3235 3369 3289 Unde
3405 3235 3597 3289 beatus
3629 3227 3735 3293 Job,

2159 3321 2341 3371 tactus
2372 3319 2563 3373 dolore
2592 3321 2793 3389 cordis,
2829 3322 3046 3393 plangit
3068 3323 3266 3379 dicens
3291 3343 3302 3378 :
3336 3325 3403 3379 Et
3437 3326 3536 3393 qui
3563 3336 3640 3374 me
3666 3333 3738 3371 co-

2158 3408 2385 3460 medunt
2412 3413 2602 3473 346
2632 3426 2742 3463 non
2770 3412 3078 3478 dormiunt,
3104 3429 3140 3466 a
3159 3416 3549 3479 multitudine,
3581 3407 3744 3480 inquit

2158 3512 2345 3549 eorum
2377 3501 2726 3551 consumitur
2755 3502 3136 3555 vestimentum
3167 3518 3363 3557 meum
3391 3506 3532 3557 sicut
3550 3517 3583 3554 a
3612 3502 3741 3553 tinea

2165 3586 2296 3655 (Job.
2342 3603 2463 3651 xxx,
2524 3585 2628 3652 l7).
2675 3587 2888 3651 Quibus
2932 3606 3067 3644 sane
3115 3590 3303 3647 verbis
3333 3591 3580 3647 ostendit
3613 3584 3741 3659 quod

2159 3673 2348 3739 etiam,
2384 3692 2521 3745 quos
2554 3676 2702 3730 Deus
2740 3677 2940 3747 probat
2983 3678 3273 3734 interdum
3305 3680 3502 3735 multis
3531 3676 3740 3732 insidia-

2156 3779 2282 3816 rum
2324 3763 2586 3818 dentibus
2625 3766 3015 3834 corroduntur,
3066 3773 3123 3822 et
3167 3776 3503 3825 atteruntur
3540 3765 3692 3823 sicuti
3716 3779 3745 3816 a

2156 3851 2308 3905 tinea
2357 3853 2627 3923 paulatim
2672 3854 2805 3908 dum
2841 3872 3033 3910 eorum
3064 3857 3409 3914 indumenta
3447 3856 3742 3927 subripien-

2155 3940 2297 3994 tium
2342 3941 2632 3997 fraudibus
2681 3952 3140 4016 corrumpuntur.
3181 3948 3347 4011 Quod
3384 3949 3529 4004 bene
3572 3944 3746 4019 paucis

2154 4029 2335 4083 verbis
2363 4032 2610 4086 veritatis
2637 4033 2894 4104 Magister
2917 4052 3113 4090 cavere
3150 4053 3284 4093 suos
3317 4039 3639 4102 instituens,
3677 4033 3744 4087 si-

2151 4120 2269 4173 mul
2304 4121 2493 4174 omnia
2522 4123 2967 4193 comprehendit.

2222 4211 2622 4277 Thesaurizate,
2656 4212 2859 4283 inquit,
2898 4215 3043 4267 vobis
3074 4216 3361 4271 thesauros
3403 4221 3468 4272 in
3497 4220 3636 4272 caelo.
3678 4213 3746 4267 Ac

592 4286 704 4389 ait‘:
740 4287 818 4340 Ne
846 4287 1084 4339 videaris
1113 4286 1430 4389 hqminibus
1463 4290 1754 4389 jejunans.
1795 4290 1938 4353 Quia
1966 4293 2063 4361 qui
2091 4297 2201 4389 Dsi
2230 4298 2414 4352 dicat:
2468 4300 2610 4354 Cum
2654 4302 2949 4371 jejunatis,
3000 4309 3100 4357 aut
3145 4304 3367 4376 aliquid
3407 4306 3544 4362 boni
3583 4301 3748 4376 operis

466 4377 709 4447 jejunat,
743 4391 843 4428 seu
877 4374 1214 4427 reservando
1253 4374 1401 4444 quod
1435 4391 1548 4427 non
1579 4376 1777 4439 ederit,
1812 4396 1911 4432 seu
1945 4381 2069 4450 glo-

471 4466 614 4519 riam
649 4463 754 4519 sibi
804 4463 1104 4535 quaerendo
1135 4463 1284 4532 quod
1332 4462 1621 4531 abstinuit,
1656 4465 1711 4518 id
1759 4468 1924 4521 terris
1964 4470 2070 4523 uti-

474 4570 583 4625 que
621 4559 809 4620 349
858 4552 963 4606 sibi
991 4552 1353 4607 thesaurizat.
1388 4553 1567 4608 Omne
1606 4554 1756 4609 enim
1790 4558 1935 4627 quod
1967 4576 2068 4630 pro

469 4643 714 4697 terrenis
748 4641 1057 4696 commodis
1111 4641 1378 4713 gerimus,
1430 4642 1488 4696 in
1518 4643 1686 4697 terris
1724 4645 2069 4703 thesauriza-

469 4748 615 4787 mus.
653 4731 729 4786 Et
750 4747 917 4786 omne
954 4731 1101 4803 quod
1130 4737 1361 4803 propter
1386 4732 1566 4786 Deum
1597 4734 1836 4804 agimus,
1868 4737 1938 4791 ad
1965 4754 2070 4791 cm-

468 4822 589 4876 lum
638 4818 1077 4892 transponimus.
1130 4821 1346 4876 Ccelum
1413 4827 1604 4877 autem
1645 4823 1751 4878 hoc
1798 4825 1916 4879 loco
1968 4844 2069 4898 pro

468 4910 783 4965 aeternitate
813 4910 1059 4981 ponitur,
1081 4914 1229 4964 terra
1255 4927 1381 4964 vero
1404 4928 1505 4982 pro
1528 4912 1886 4969 transitoriis.
1911 4916 2069 4971 Unde

470 4999 743 5072 quidquid
772 4999 1018 5070 agimus,
1047 4999 1131 5053 vel
1163 5006 1436 5070 quantum
1463 5001 1700 5071 agimus,
1727 5020 1827 5074 pro
1844 5005 2067 5060 aeternis

467 5106 635 5161 agere
682 5090 1061 5155 debemus,'et
1097 5089 1155 5144 in
1194 5089 1556 5161 spiritalibus,
1613 5099 1678 5147 ut
1703 5092 1761 5147 in
1784 5099 2063 5150 aeternum

465 5180 702 5235 feliciter
746 5179 930 5233 vivere
959 5179 1251 5250 possimus.
1302 5180 1418 5233 Nec
1458 5180 1648 5252 itaque
1680 5183 2061 5255 cogitandum,

466 5269 613 5340 quod
658 5269 769 5322 ista
813 5274 1041 5322 terrena
1082 5275 1485 5339 praaceptorum
1524 5270 1717 5326 usibus
1766 5273 2065 5330 distributa

2151 4387 2336 4456 agitis,
2375 4388 2450 4441 ibi
2493 4391 2796 4457 recondite,
2839 4391 2933 4445 ubi
2977 4409 3088 4447 non
3136 4394 3418 4461 adulatio,
3456 4412 3570 4450 non
3614 4408 3741 4446 vana

2147 4476 2330 4545 gloria
2388 4486 2741 4550 corrumpat.
2812 4481 2953 4534 Cum
3032 4499 3161 4537 vero
3239 4489 3610 4540 terrenarum
3665 4479 3751 4536 ali-

2155 4566 2287 4635 quid
2317 4573 2550 4637 propter
2578 4568 2996 4637 abstinentiam,
3021 4571 3170 4641 quod
3194 4572 3373 4628 etiam
3395 4580 3605 4629 natura
3639 4571 3749 4642 ipsa

2152 4654 2342 4723 exigit,
2367 4656 2522 4709 vobis
2556 4656 2904 4725 subtrahitis,
2955 4661 3059 4713 hoc
3088 4666 3146 4714 et
3170 4662 3328 4717 aliud
3357 4664 3515 4735 quod
3546 4658 3749 4717 habetis

2150 4741 2228 4796 ibi
2258 4745 2511 4815 reponite
2559 4749 2956 4815 conservanda,
2997 4766 3106 4821 quo
3156 4767 3460 4823 nunquam
3498 4754 3647 4808 fures
3675 4748 3749 4804 vel

2153 4834 2436 4904 corruptio
2458 4835 2634 4906 possit
2651 4839 3295 4896 accedere.Postremum
3321 4842 3605 4916 quidquid
3624 4837 3751 4895 illud

2151 4926 2237 4975 est
2265 4922 2413 4993 quod
2434 4940 2599 4995 Opere
2629 4926 2700 4980 sit
2724 4927 3023 4998 agendum,
3057 4929 3399 5000 spiritaliter
3419 4933 3604 5004 agite;
3629 4930 3751 5001 quia

2150 5010 2244 5081 qui
2286 5014 2527 5068 seminat
2572 5014 2629 5069 in
2660 5032 2827 5070 carne
2866 5034 2971 5072 sua
3002 5017 3071 5073 de
3113 5036 3280 5074 carne
3335 5028 3522 5077 metet
3551 5026 3609 5077 et
3634 5034 3749 5076 cor-

2149 5102 2488 5174 ruptionem,
2516 5110 2573 5158 et
2595 5104 2690 5175 qui
2720 5106 2963 5161 seminat
2989 5107 3047 5162 in
3068 5109 3268 5180 spiritu
3298 5111 3373 5166 de
3406 5113 3615 5185 spiritu
3641 5126 3749 5164 me-

2147 5196 2231 5246 tet
2276 5192 2444 5246 vitam
2482 5199 2766 5249 aeternam.
2803 5196 2926 5260 Qua
2963 5197 3032 5251 de
3063 5214 3231 5253 causa
3274 5201 3667 5256 thesaurizate
3693 5197 3749 5251 in

2146 5281 2509 5352 spiritalibus,
2536 5283 2592 5337 id
2624 5290 2710 5337 est
2736 5285 2793 5339 in
2817 5286 2989 5351 caelis,
3026 5292 3090 5341 ut
3117 5287 3185 5342 de
3201 5290 3568 5359 spiritalibus
3588 5290 3751 5344 vitam

463 5357 671 5452 ibidem
701 5365 967 5452 agregata
1011 5359 1081 5412 ad
1130 5359 1375 5452 litteram
1426 5360 1795 5452 inveniemus.
1829 5365 1923 5418 sed
1956 5383 2057 5437 pro
2140 5371 2462 5442 percipiatis
2501 5380 2789 5428 aeternam.
2832 5375 2902 5430 Et
2931 5376 3034 5431 hoc
3082 5357 3400 5433 notandum
3443 5379 3598 5452 quod
3644 5392 3749 5432 non

461 5446 750 5541 servitutis
773 5455 977 5502 nostra:
1002 5448 1263 5541 operibus
1293 5449 1416 5541 illos
1444 5466 1503 5503 in
1526 5450 1748 5506 Christo
1770 5454 2057 5525 sapientia:
2140 5459 2254 5513 ait:
2298 5462 2693 5517 Thesaurizate
2736 5463 2893 5531 mihi,
2948 5466 3043 5520 sed
3083 5469 3247 5534 vobis,
3290 5469 3436 5539 quia
3460 5446 3750 5541 quidquid

462 5536 761 5598 thesauros
790 5542 845 5596 et
874 5537 1120 5597 scientiae
1166 5538 1528 5614 acquirimus.
1574 5541 1769 5614 Neque
1818 5542 1965 5599 enim
1999 5542 2058 5603 in
2138 5546 2270 5605 boni
2318 5551 2502 5625 operis
2544 5568 2648 5627 pro
2687 5555 2810 5627 ejus
2838 5572 3032 5614 amore
3058 5536 3329 5630 facimus,—
3366 5536 3749 5633 non—illi,—sed
