3938 6174
210 268 299 327 305

970 273 1349 330 EXPOSITIO
1389 276 1467 330 ΙΝ
1506 272 1950 329 MATTHJEUM.
1991 302 2047 312 -—
2082 272 2356 343 LIB.:IV,
2394 273 2530 326 CAP
2570 273 2663 327 VI.

3363 275 3468 332 306

212 395 350 452 nobis
379 398 859 467 prosumus.Hinc
888 399 1058 454 David
1084 401 1192 454 ait:
1235 401 1501 455 Conserva
1540 417 1642 465 mc,
1689 397 2127 458 Do-AChristus
2195 402 2251 450 et
2295 396 2439 451 bona
2486 398 2628 462 ﬁeri,
2681 401 2739 450 et
2785 414 2849 451 ex
2896 397 3043 453 bono
3089 402 3292 454 mentis
3332 420 3466 474 pro-

212 488 361 551 mine,
390 489 659 554 quoniam
680 489 945 542 bonorum
973 506 1215 542 meorum
1254 506 1360 543 non
1381 506 1494 557 rges
1517 491 1677 549 ([³εαί.
1699 503 1784 551 xv,

209 575 271 644 1).
301 574 458 628 Nihil
486 574 663 645 igitur
690 583 816 647 eget
836 578 1085 644 alterius,
1133 584 1186 632 et
1230 578 1353 631 ideo
1398 577 1669 649 quidquid
1710 576 1790 630 illi

209 664 497 719 tribuimus
528 664 689 719 nobis
709 673 980 721 servatur.
1025 669 1302 723 Caeterum
1334 668 1479 739 quod
1536 667 1646 721 ait:
1695 669 1792 722 L'bi

211 771 290 809 nec
303 770 509 823 .erugo,
536 771 634 809 nec
650 758 797 809 tinea
826 759 1142 821 demolitur,
1158 757 1403 812 ostendit
1424 758 1571 828 quod
1589 756 1789 811 futurae

208 843 399 898 divitize
432 850 756 898 sanctorum
783 845 1231 917 incorruptibiles
1263 851 1446 901 erunt.
1470 846 1630 911 Quod
1661 864 1790 901 vero

1871 487 2050 559 posito
2081 487 2176 540 illa
2205 486 2359 541 oriri.
2389 486 2656 557 Alioquin
2698 487 2745 540 si
2784 488 3113 557 justiﬁcatio
3161 496 3354 544 nostra
3400 508 3467 546 ex

1872 576 1981 629 ﬁde
1999 581 2099 639 est,
2127 576 2250 647 quis
2271 576 2475 646 poterit
2490 576 2787 645 justiﬁcari
2804 594 2902 647 per
2922 594 3045 631 eam
3066 578 3237 632 ﬁdem
3262 596 3384 651 quae
3406 581 3465 635 in

1872 682 1932 718 se
1960 664 2226 735 ambigua
2254 665 2381 718 est?
2417 664 2521 718 Ubi
2552 665 2936 736 quaerendum,
2980 667 3026 720 si
3068 668 3304 722 virtutes
3344 686 3467 741 quae

1874 755 2020 807 mala
2050 754 2361 807 intentione
2390 754 2551 821 ﬁunt,
2585 753 2720 808 vitia
2748 760 2898 821 sunt,
2931 761 3122 810 utrum
3172 757 3307 812 vitia
3342 775 3465 830 quae

1874 860 2097 897 rursum
2131 843 2392 896 videntur
2422 843 2567 897 bono
2609 844 2894 915 pr0posito
2930 846 3072 908 ﬁeri,
3110 848 3333 916 quando
3362 848 3467 903 Dei

210 933 345 987 illinc
372 949 478 987 nec
502 932 656 988 fures
686 931 974 1001 eil‘odiunt,
1013 952 1114 989 nec
1144 935 1419 1000 furantur,
1469 935 1793 990 manifestat
1868 932 2080 1003 judicio
2111 932 2375 997 fallimur,
2413 932 2469 985 in
2500 933 2680 987 lucem
2708 933 3168 1005 interpretentur.
3200 935 3467 1007 Alioquin

209 1022 326 1094 quia
380 1021 594 1076 ibidem
638 1023 874 1077 ulterius
910 1024 1174 1078 adversus
1232 1026 1436 1078 electos
1492 1026 1591 1078 Dei
1637 1026 1791 1079 nulla

207 1111 346 1165 fraus
375 1110 586 1165 diaboli
615 1112 967 1183 praevalebit;
1003 1114 1150 1167 unde
1179 1113 1298 1168 sine
1331 1115 1439 1167 ﬁne
1465 1113 1575 1167 illis
1606 1115 1789 1169 incor-

206 1199 478 1272 ruptibilis
497 1186 829 1271 eritigloria,
861 1208 918 1256 et
942 1219 1008 1256 ea
1034 1203 1154 1256 sine
1180 1203 1369 1274 aliqua
1396 1202 1581 1257 delicti
1611 1207 1791 1258 trans-

203 1289 483 1361 gressione
502 1306 726 1361 semper
738 1290 1002 1356 fruentes,
1025 1291 1172 1346 beati
1202 1309 1303 1363 per
1319 1292 1560 1362 gratiam
1584 1292 1790 1347 incom-

207 1379 549 1433 mutabiliter
579 1386 762 1433 erunt.
796 1380 1062 1451 Sequitur
1088 1400 1099 1433 :

268 1469 365 1522 Ubi
388 1473 468 1521 est
489 1469 780 1522 thesaurus
817 1474 963 1536 tuus,
999 1472 1079 1523 ibi
1116 1475 1189 1523 est
1215 1475 1263 1523 et
1292 1486 1385 1524 cor
1424 1476 1603 1524 tuum.
1650 1470 1794 1535 Quia

204 1556 285 1628 qui
312 1557 374 1609 in
406 1557 579 1610 terris
606 1557 966 1623 thesaurizat,
992 1575 1088 1613 cor
1114 1559 1375 1612 deorsum
1405 1559 1593 1625 habet,
1618 1564 1676 1613 et
1696 1560 1793 1631 qui

202 1646 250 1699 in
266 1645 442 1711 caelis,
472 1645 529 1699 id
543 1650 630 1700 est
650 1646 706 1699 in
725 1647 1125 1718 spiritualibus,
1149 1666 1245 1719 spe
1257 1650 1374 1719 jam
1391 1648 1446 1701 in
1460 1648 1792 1703 sublimibus
1818 1654 1821 1661 ’

1873 1021 2103 1092 pronior
2130 1020 2395 1074 severitas
2421 1020 2639 1075 videtur
2663 1022 2732 1075 ad
2757 1023 2931 1093 culpae
2950 1023 3270 1090 vindictam,
3295 1041 3467 1096 quam

1873 1110 2029 1179 origo
2058 1109 2189 1163 boni
2211 1110 2280 1162 ad
2301 1110 2525 1162 virtutis
2555 1115 2939 1179 augmentum.
2980 1111 3087 1165 Sed
3123 1113 3334 1182 judicia
3364 1114 3469 1169 Dei

1871 1198 2105 1270 abyssus
2134 1199 2327 1252 multa.
2355 1198 2491 1263 Quis
2521 1198 2670 1252 enim
2701 1199 2871 1263 novit,
2907 1216 3016 1270 quo
3035 1201 3247 1270 judicio
3277 1202 3379 1256 Dei
3408 1203 3470 1257 in

1874 1288 2071 1341 eodem
2106 1286 2248 1341 bono
2279 1287 2564 1358 proposito
2592 1287 2891 1340 fallamur?
2910 1289 3013 1341 Vel
3046 1289 3171 1359 quis
3202 1290 3469 1362 intelligit

1875 1376 1922 1429 si
1944 1376 2199 1430 voluntas
2230 1381 2422 1430 nostra
2451 1376 2601 1429 omni
2628 1376 3047 1431 circumstantia
3076 1383 3270 1433 nostra
3315 1384 3469 1434 recta

1871 1465 2195 1537 judicetur?
2245 1471 2427 1533 35]
2475 1466 2859 1519 Veruntamen
2908 1466 3194 1543 ﬁdendum
3245 1467 3314 1521 de
3354 1468 3468 1522 Do-

1876 1556 2015 1609 mini
2041 1556 2327 1635 bonitate;
2370 1555 2417 1608 si
2469 1561 2621 1609 recta
2667 1555 2977 1609 intentione
3022 1562 3285 1627 gerentes
3326 1556 3469 1610 labi-

1875 1661 2020 1711 mur,
2053 1645 2162 1699 cito
2203 1645 2326 1698 luce
2375 1645 2504 1698 ﬁdei
2559 1650 2616 1698 et
2666 1644 3027 1699 confessionis
3077 1645 3465 1717 purgabimur.

202 1740 471 1801 versatur,
502 1741 561 1789 et
596 1751 694 1788 cor
712 1734 771 1789 in
801 1737 1041 1802 Christo,
1074 1738 1133 1791 in
1163 1754 1271 1808 quo
1300 1743 1431 1792 sunt
1452 1755 1645 1792 omnes
1671 1739 1790 1793 the-
1811 1756 1855 1815 Β
1876 1734 2035 1798 Quod
2055 1734 2103 1787 si
2124 1733 2425 1788 obstinatio
2445 1735 2850 1805 perduraverit,
2871 1736 3051 1806 magis
3073 1735 3383 1790 timendum
3398 1752 3470 1791 ne

200 1824 335 1878 sauri
374 1823 730 1891 divitiarum,
764 1826 938 1880 ﬁxum
963 1826 1148 1880 habet.

257 1915 512 1967 Lucerna
543 1916 785 1982 corporis
814 1917 899 1967 tui
926 1920 999 1968 est
1021 1919 1210 1969 oculus
1250 1920 1397 1980 tuus,
1448 1921 1503 1970 et
1551 1917 1787 1988 reliqua.

196 2000 567 2073 Prosequitur
621 2010 811 2056 autem
879 2004 1212 2057 munditiam
1264 2005 1446 2059 cordis
1493 2006 1689 2072 nostri,
1735 2011 1793 2060 et

196 2091 255 2145 de
280 2091 566 2146 exteriore
594 2091 757 2146 docet
797 2094 1172 2164 metaphorice
1217 2094 1501 2148 interioris
1546 2096 1790 2150 hominis

194 2181 454 2236 ofﬁcium.
487 2181 635 2245 Quia
672 2181 815 2235 sicut
842 2182 1015 2236 oculis
1065 2182 1186 2236 istis
1232 2183 1547 2238 carnalibus
1603 2185 1787 2239 omnia

195 2270 438 2341 corporis
472 2269 725 2323 membra
753 2270 1007 2325 ordinate
1036 2272 1107 2324 ad
1138 2274 1517 2342 operationem
1542 2274 1792 2344 dirigun-

197 2366 300 2413 tur:
314 2359 395 2413 ξω
413 2359 734 2413 intentione
748 2360 949 2413 mentis
963 2363 1019 2413 et
1032 2361 1154 2414 luce
1170 2362 1294 2414 ﬁdei
1309 2367 1508 2416 cuncta
1517 2363 1791 2417 virtutum

196 2465 414 2518 genera,
438 2448 759 2502 utlucidum
778 2454 964 2513 δεῖς)
976 2467 1175 2520 corpus
1193 2451 1789 2521 perﬁciant,illustran-

194 2538 436 2593 tur.‘Ubi
472 2554 583 2591 non
612 2537 718 2591 nisi
742 2554 886 2591 unus
916 2544 971 2591 et
1012 2538 1247 2610 simplex
1277 2540 1548 2610 quzeritur
1576 2543 1788 2608 oculus,

189 2628 252 2681 de
279 2645 388 2699 quo
427 2644 677 2698 sponsus
702 2627 757 2680 in
777 2626 1060 2681 Canticis:
1106 2630 1415 2682 l’ulnrrasti
1456 2646 1548 2683 cor
1588 2647 1789 2697 meum,

188 2720 331 2771 soror
366 2733 517 2782 mea,
548 2719 861 2770 vulnerasti
890 2733 982 2770 cor
1018 2734 1199 2770 meum
1235 2720 1295 2771 in
1343 2734 1454 2772 uno
1507 2723 1793 2773 oculorum

187 2810 406 2860 tuorum
448 2806 631 2871 (Cant.
667 2819 738 2871 ιν,
771 2805 847 2876 9),
882 2804 973 2859 ubi
1023 2806 1387 2875 purissimum
1438 2808 1621 2862 cordis
1671 2809 1793 2878 ejus

187 2893 366 2949 lumen
426 2894 728 2966 expressit.
780 2894 921 2958 Quia
976 2895 1105 2949 licet
1162 2896 1322 2966 plura
1373 2896 1643 2951 virtutum
1693 2915 1794 2966 ge-

183 2998 310 3037 nera
364 2983 512 3037 hinc
557 2982 688 3035 inde
738 2983 1149 3052 resplendeant,
1200 2974 1274 3038 'ex
1329 3002 1441 3039 uno
1495 2986 1646 3053 ﬁdei,
1699 2987 1795 3057 qui

1874 1840 1908 1877 a
1938 1824 2125 1878 radice
2151 1824 2299 1877 mala
2327 1823 2654 1878 intentionis
2680 1824 2785 1878 hoc
2833 1824 3185 1894 processerit.
3236 1824 3382 1890 Quia
3422 1825 3471 1880 si

1874 1912 2007 1983 quid
2036 1912 2194 1967 bonae
2216 1912 2489 1967 voluntati
2518 1930 2676 1967 secus
2705 1913 3020 1983 contigerit,
3056 1913 3284 1968 humilis
3334 1930 3469 1968 con-

1875 2001 2060 2068 fessio,
2098 2020 2219 2074 quze
2245 2003 2315 2056 de
2343 2002 2490 2056 bona
2518 2003 2803 2057 voluntate
2832 2002 3101 2069 nascitur,
3130 2003 3239 2058 cito
3269 2020 3470 2074 purga-

1872 2091 1970 2157 bit,
2005 2091 2086 2145 ita
2113 2096 2177 2145 ut
2204 2091 2262 2144 in
2292 2091 2471 2144 lucem
2511 2090 2821 2145 clarescant
2839 2091 3048 2145 omnia.
3064 2092 3186 2155 Qua
3205 2091 3273 2145 de
3303 2108 3473 2146 causa

1873 2182 1987 2236 Deo
2014 2179 2266 2252 subjecta
2286 2180 2359 2234 sit
2380 2196 2602 2252 semper
2621 2181 2828 2245 anima,
2857 2186 2913 2235 et
2941 2180 3079 2234 illud
3105 2198 3116 2234 :
3154 2182 3344 2235 Revela
3371 2182 3475 2235 Do-

1872 2274 2026 2324 mino
2054 2274 2200 2324 riam
2229 2275 2404 2335 tuam,
2433 2275 2479 2323 et
2502 2285 2660 2339 spera
2683 2274 2746 2324 in
2776 2287 2850 2333 co,
2885 2275 2933 2322 et
2962 2272 3072 2338 ipse
3092 2271 3281 2338 faciet.

1944 2363 2066 2414 Non
2092 2364 2310 2428 potestis
2340 2362 2548 2413 duobus
2577 2362 2818 2413 dominis
2858 2363 3082 2425 servire,
3132 2364 3188 2413 et
3234 2359 3468 2429 reliqua.

1875 2450 1954 2502 De
1984 2449 2277 2502 contrariis
2308 2466 2441 2518 ergo
2464 2455 2519 2502 et
2542 2449 2688 2502 inter
2708 2466 2767 2502 se
2783 2448 3182 2503 dissidentibus
3199 2449 3466 2519 loquitur.

1876 2538 2020 2601 Quia
2040 2556 2184 2608 saepe
2225 2538 2476 2592 videmus
2525 2538 2741 2592 duobus
2789 2538 2927 2592 bene
2982 2538 3468 2603 concordantibus,

1876 2627 1919 2679 si
1928 2644 1995 2680 ne
2018 2627 2130 2680 ulla
2143 2627 2566 2697 perturbatione
2586 2629 2791 2697 mentis
2811 2627 3201 2698 aequanimiter
3216 2644 3326 2680 uno
3348 2645 3473 2698 pro-

1874 2716 2053 2788 posito
2080 2716 2379 2770 deservire.
2416 2716 2523 2770 Sed
2545 2732 2657 2769 non
2687 2716 2754 2769 de
2785 2716 2871 2769 his
2900 2716 3053 2782 dicit,
3087 2717 3220 2786 quia
3242 2721 3489 2787 propter"

1875 2805 2204 2859 dissidentia
2234 2821 2422 2859 rerum
2474 2804 2701 2876 negotia
2741 2806 2890 2858 inter
2927 2821 2986 2858 se
3035 2804 3144 2859 ista
3185 2805 3469 2876 proponit.

1876 2895 2036 2950 Unde
2068 2896 2255 2961 Pater,
2281 2899 2338 2949 et
2367 2895 2561 2960 Filius,
2590 2899 2646 2948 et
2675 2894 2915 2965 Spiritus
2936 2899 3183 2959 sanctus,
3213 2910 3328 2948 non
3355 2898 3472 2949 tres

1875 2984 2119 3051 Domini,
2152 3001 2387 3056 quorum
2420 2984 2599 3038 deitas
2637 2988 2693 3037 et
2720 2983 2994 3049 voluntas,
3023 2988 3192 3054 atque
3222 2988 3472 3055 potestas

182 3088 273 3141 per
301 3071 655 3126 charitatem
684 3077 969 3143 operatur,
998 3074 1156 3127 oculo
1179 3074 1504 3129 vulneratur
1533 3075 1789 3130 Christus
1812 3075 1854 3135 Ο
1876 3090 1989 3128 una
2017 3074 2372 3146 praedicatur.
2412 3073 2519 3127 Sed
2550 3072 2628 3126 ibi
2657 3072 2844 3126 deﬁcit
2874 3088 3030 3142 aequa
3062 3072 3470 3145 obtemperatio

177 3178 362 3216 amore
394 3160 760 3215 dilectionis:
799 3177 929 3215 nam
955 3162 1179 3215 lucerna
1202 3162 1391 3217 lumen
1421 3165 1478 3217 in
1508 3170 1655 3220 testa
1684 3171 1787 3232 est,

178 3249 251 3303 sic
278 3257 336 3305 et
364 3250 631 3305 charitas
671 3250 879 3304 amoris
912 3251 1119 3305 Christi
1163 3251 1220 3305 in
1271 3253 1379 3306 ﬁde
1426 3254 1592 3308 lucet.
1649 3255 1790 3309 Cum

174 3345 359 3394 autem
386 3339 545 3395 ﬁdes
574 3339 896 3405 cessaverit,
931 3346 1152 3394 tantum
1187 3341 1344 3395 nobis
1392 3343 1510 3397 sola
1544 3344 1791 3398 charitas

174 3428 392 3484 luxerit.
616 3418 633 3423 ’
1652 3426 1663 3439 ’

237 3518 527 3575 Siautcm
551 3522 742 3572 oculus
774 3523 902 3572 tuus
926 3536 1157 3589 nequam
1180 3522 1375 3587 fuerit,
1402 3525 1574 3574 totum
1598 3536 1791 3590 corpus

177 3613 331 3662 tuum
367 3609 731 3663 tenebrosum
750 3612 876 3661 erit.
904 3608 964 3662 Id
981 3614 1083 3673 est,
1116 3609 1160 3662 si
1193 3610 1395 3663 mentis
1418 3591 1657 3664 intentio
1680 3626 1792 3663 non

172 3703 254 3752 est
285 3714 352 3752 ex
385 3696 535 3761 ﬁde,
559 3713 802 3767 nequam
831 3702 943 3750 est:
980 3704 1209 3768 propter
1227 3699 1373 3770 quod
1392 3705 1575 3754 totum
1589 3716 1792 3771 corpus

174 3790 353 3852 tuum,
390 3786 541 3841 licet
568 3785 866 3839 videantur
898 3787 1135 3840 virtutes
1162 3788 1364 3854 inesse,
1408 3788 1463 3842 id
1513 3794 1597 3844 est
1641 3794 1792 3844 totus

174 3874 415 3931 interior
444 3876 647 3940 homo,
679 3891 922 3945 nequam
945 3875 1069 3930 erit.
1095 3877 1236 3941 Quia
1266 3878 1531 3949 quidquid
1563 3896 1675 3934 non
1706 3884 1791 3934 est

174 3980 235 4018 ex
256 3966 389 4031 ﬁde,
417 3969 726 4037 peccatum
745 3969 829 4017 est
853 3983 863 4017 :
888 3971 1113 4036 peccata
1132 3972 1320 4020 autem
1340 3967 1529 4020 omnia
1546 3984 1787 4037 nequam

172 4059 318 4118 sunt,
348 4061 412 4109 et
436 4054 574 4108 ideo
595 4069 797 4124 corpus
825 4054 971 4124 quod
994 4071 1056 4108 ex
1095 4055 1231 4126 ipsis
1263 4060 1499 4121 constat,
1526 4061 1788 4111 tenebro-

170 4159 291 4196 sum
315 4143 456 4197 erit.
496 4142 657 4197 Nihil
688 4142 837 4195 enim
873 4143 1051 4213 magis
1090 4144 1322 4198 damnat
1351 4161 1519 4215 quam
1548 4145 1789 4199 inﬁdeli-

169 4236 369 4296 tatem,
408 4239 477 4286 et
510 4232 723 4284 malam
767 4231 1182 4303 hypocritarum
1227 4233 1613 4299 intentionem,
1668 4252 1789 4305 quae

166 4321 231 4374 de
257 4321 622 4376 inﬁdelitate
637 4320 945 4386 descendit,
968 4321 1064 4375 ubi
1085 4322 1192 4375 etsi
1206 4322 1351 4376 bona
1371 4323 1624 4378 videatur
1645 4325 1786 4390 ﬁeri,

1874 3164 2177 3229 servitutis,
2212 3162 2308 3217 ubi
2336 3162 2527 3234 dispar
2547 3162 2801 3215 voluntas
2822 3161 3196 3218 interseritur.
3232 3163 3365 3228 Quae
3389 3162 3473 3217 ni-

1874 3254 2078 3307 mirum
2101 3252 2381 3307 sententia
2410 3250 2771 3306 continuatur
2797 3251 2868 3305 ad
2900 3250 3015 3305 tria
3046 3251 3159 3315 illa,
3217 3268 3340 3324 qum
3372 3269 3469 3307 su-

1876 3342 2061 3412 perius
2090 3342 2466 3413 eXposuimus.
2508 3343 2587 3395 Ac
2606 3341 2653 3395 si
2670 3341 2849 3394 dicat:
2875 3342 3000 3395 Non
3021 3341 3255 3413 potestis
3284 3342 3469 3396 solum

1874 3436 1938 3484 ut
1961 3431 2259 3484 videamini
2289 3448 2478 3485 coram
2499 3429 2819 3485 hominibus
2843 3429 2987 3484 bona
2999 3447 3188 3501 agere,
3206 3435 3374 3502 atque
3403 3447 3470 3485 ex

1872 3519 1960 3573 his
1975 3521 2089 3574 Deo
2111 3521 2346 3590 placere.
2366 3520 2562 3590 Neque
2583 3520 2814 3590 potestis
2831 3519 2889 3573 in
2910 3519 3075 3573 terris
3091 3520 3469 3574 thesaurizare

1875 3610 2039 3663 simul
2067 3614 2123 3663 et
2149 3610 2207 3663 in
2228 3608 2542 3663 cmlestibus
2559 3625 2626 3663 ea
2645 3610 2965 3664 recondere.
2994 3611 3188 3681 Neque
3218 3611 3338 3664 sine
3362 3610 3468 3664 du-

1873 3698 1964 3753 bio
1990 3699 2137 3754 vitiis
2162 3704 2218 3753 et
2230 3698 2527 3753 virtutibus
2547 3699 2846 3763 deservire,
2867 3698 3067 3769 quibus
3088 3699 3277 3753 alteris
3287 3699 3467 3770 parti—
3538 3754 3547 3761 κ

1873 3789 1995 3854 bus,
2028 3793 2179 3843 recte
2208 3788 2294 3841 vel
2322 3788 2438 3842 Deo
2471 3787 2711 3841 servitur
2760 3787 2845 3840 vel
2889 3786 3128 3841 diabolo.
3182 3786 3291 3841 Sed
3337 3786 3469 3858 quia

1874 3894 2109 3950 regnum
2133 3876 2341 3933 Christi
2354 3882 2410 3931 et
2429 3892 2664 3947 regnum
2686 3873 2894 3929 diaboli
2918 3874 3081 3945 longe
3112 3874 3261 3928 inter
3289 3890 3349 3928 se
3377 3873 3463 3928 di-

1874 3968 2156 4032 viduntur,
2187 3967 2390 4021 idcirco
2420 3966 2587 4020 simul
2616 3965 2674 4019 in
2718 3970 2956 4035 utroque
3005 3980 3118 4018 non
3164 3980 3461 4035 possumus

1875 4057 2138 4110 militare.
2172 4056 2408 4126 Propter
2431 4054 2577 4125 quod
2598 4052 2741 4107 bene
2778 4069 2812 4106 a
2836 4052 3107 4124 principio
3138 4052 3268 4107 ﬁdei
3297 4069 3459 4108 nemo

1872 4145 2188 4215 ingreditur
2214 4145 2424 4199 fontem
2463 4143 2745 4215 baptismi,
2793 4159 2893 4213 per
2923 4142 3070 4215 quod
3104 4143 3351 4198 intratur
3388 4144 3462 4198 ad
3498 4193 3510 4207 ,

1871 4251 2107 4305 regnum
2139 4234 2366 4301 Christi,
2390 4234 2567 4287 donec
2590 4232 2951 4286 abrenuntiet
2987 4231 3225 4297 diabolo,
3260 4238 3317 4287 et
3342 4249 3465 4287 om-

1872 4322 2036 4377 nibus
2068 4322 2328 4394 operibus
2357 4323 2497 4392 ejus,
2534 4326 2703 4392 atque
2752 4320 3013 4375 omnibus
3055 4320 3273 4392 pompis
3319 4323 3461 4392 ejus.

166 4409 311 4463 inter
340 4411 498 4464 vitia
522 4414 945 4481 computantur,
990 4410 1119 4481 quia
1151 4412 1219 4465 de
1268 4412 1482 4482 origine
1524 4412 1783 4467 vitiorum
1806 4410 1854 4468 D
1874 4413 2089 4466 Stultus
2115 4412 2290 4482 igitur
2321 4412 2480 4464 miles
2505 4415 2607 4474 est,
2634 4410 2731 4481 qui
2755 4408 3107 4481 tyrannicam
3137 4409 3342 4480 abjecit
3370 4411 3466 4464 do-

160 4507 513 4555 nascuntur.

227 4588 294 4643 Si
322 4606 465 4657 ergo
492 4592 689 4643 lumen
720 4590 863 4658 quod
901 4592 962 4642 in
1009 4595 1056 4642 te
1102 4595 1175 4643 est
1226 4592 1451 4644 tenebrae
1481 4597 1631 4658 sunt,
1679 4595 1787 4660 ipse

160 4682 652 4749 tenebrzquantz
671 4683 839 4731 erunt
858 4678 950 4732 ?Id
973 4683 1075 4743 est,
1094 4677 1239 4732 bona
1262 4696 1384 4749 quin
1400 4680 1599 4750 egeris,
1621 4697 1787 4752 quina

158 4768 307 4822 mala
335 4767 701 4832 intentione,
728 4766 777 4820 si
799 4766 1211 4834 tenebrescunt,
1237 4784 1362 4822 cum
1384 4775 1645 4839 poterant
1665 4787 1786 4825 esse

154 4855 245 4911 lux
273 4859 327 4912 si
359 4875 435 4913 ex
474 4857 593 4911 ﬁde
624 4856 827 4919 forent,
860 4856 992 4928 quid
1011 4863 1172 4927 putas
1188 4873 1273 4922 ea,
1303 4874 1425 4927 qum
1446 4864 1503 4912 et
1524 4860 1670 4914 mala
1686 4877 1789 4930 per

154 4962 210 4999 se
245 4952 414 5013 sunt,
456 4951 528 5000 et
558 4962 669 5000 non
709 4962 773 5000 ex
804 4945 912 4999 ﬁde
940 4948 1101 5011 ﬁunt,
1132 4945 1245 4999 imo
1283 4947 1431 4999 mala
1474 4947 1787 5002 intentione

152 5044 507 5102 nascantur,
564 5034 699 5106 quia
755 5034 998 5089 tenebrae
1057 5040 1205 5101 sunt,
1266 5035 1509 5090 tenebrm
1565 5044 1788 5107 quantae

150 5133 320 5181 erunt
341 5127 369 5179 ?
397 5127 571 5181 Nam
604 5123 751 5177 mala
784 5123 1018 5178 intentio
1040 5124 1283 5179 tenebrae
1308 5131 1456 5179 sunt.
1482 5126 1562 5179 De
1586 5125 1787 5196 quibus

149 5213 192 5268 si
220 5220 529 5270 nascatur
564 5211 721 5281 quasi
750 5211 861 5277 lux,
897 5212 1071 5265 virtus
1098 5211 1230 5266 boni
1278 5214 1479 5284 operis,
1526 5213 1647 5284 ipsa
1696 5214 1786 5267 lux

150 5304 402 5369 virtutis,
443 5300 601 5374 quia
624 5301 767 5354 male
797 5302 877 5367 ﬁt,
913 5301 1105 5355 vitium
1147 5301 1270 5355 erit.
1301 5303 1459 5366 Quod
1500 5302 1546 5356 si
1595 5319 1789 5357 rursus

151 5392 347 5448 vitium
394 5389 579 5446 mala
624 5389 925 5444 inﬁdeliter
976 5396 1178 5461 agatur
1232 5391 1561 5459 intentione,
1629 5393 1787 5464 quasi

149 5483 405 5536 tenebrae
439 5480 524 5534 de
562 5478 808 5533 tenebris
837 5485 1198 5549 generantur.
1233 5482 1311 5534 Ac
1369 5498 1470 5553 per
1516 5482 1618 5536 hoc
1657 5488 1787 5537 tan-

150 5577 231 5627 tas
288 5568 596 5628 tenebras
654 5567 777 5639 quis
831 5568 1038 5639 poterit
1100 5569 1415 5641 explicare?
1471 5571 1607 5627 Vult
1654 5588 1787 5643 ergo

1871 4501 2258 4565 minationem,
2287 4506 2342 4553 et
2358 4499 2462 4554 sub
2488 4498 2742 4570 piissimo
2764 4501 2933 4572 coepit
2957 4499 3127 4553 armis
3145 4499 3463 4554 coelestibus

1871 4590 2111 4643 militare
2142 4589 2397 4661 imperio,
2417 4589 2464 4642 si
2491 4606 2685 4643 rursus
2709 4593 3050 4654 contemnat,
3074 4589 3337 4660 projectis
3365 4578 3481 4643 im?

1870 4677 2200 4732 mortalibus
2242 4678 2434 4745 armis,
2481 4695 2648 4750 quem
2697 4679 2930 4733 devotus
2976 4684 3317 4749 susceperat,
3366 4694 3467 4750 per

1871 4784 2035 4838 quem
2067 4767 2234 4822 etiam
2254 4773 2545 4839 exemptus
2574 4768 2642 4822 de
2658 4772 2839 4822 morte
2868 4768 3103 4822 salutem
3134 4772 3465 4840 perpetuam

1869 4857 2222 4927 acquisierat,
2254 4856 2405 4911 illius
2423 4856 2618 4910 nolens
2638 4873 2836 4927 parere
2855 4856 3070 4928 legibus
3089 4873 3270 4929 neque
3300 4856 3466 4912 disci-

1870 4946 2037 5016 plinis
2069 4944 2293 5001 obedire
2320 4964 2332 5013 ;
2366 4950 2423 5001 et
2444 4945 2591 5016 quod
2614 4946 2844 5000 stultius
2870 4950 2972 5012 est,
3002 4945 3104 5000 sub
3135 4948 3257 5017 ejus
3282 4947 3466 5002 redire

1870 5036 2119 5090 dominio
2150 5053 2183 5090 a
2216 5051 2325 5107 quo
2355 5034 2511 5106 prius
2535 5035 2703 5089 morti
2734 5035 3005 5101 addictus,
3038 5038 3289 5107 captivus
3312 5042 3467 5092 tene-

1870 5124 2053 5191 batur,
2100 5131 2155 5179 et
2200 5123 2518 5179 crudelibus
2561 5124 2866 5179 vexabatur
2908 5124 3184 5179 furiarum
3228 5125 3461 5197 legibus.

1869 5215 2028 5269 Unde
2057 5214 2266 5285 cogitet
2292 5214 2678 5286 unusquisque
2721 5214 2869 5286 apud
2912 5214 3280 5286 semetipsum
3330 5216 3465 5288 quid

1871 5303 2137 5374 abjecerit
2165 5302 2223 5356 in
2257 5302 2574 5373 baptismo;
2608 5302 2892 5357 diabolum
2926 5303 3137 5357 scilicet
3173 5309 3230 5356 et
3278 5306 3468 5360 omnia

1873 5408 2043 5464 opera
2054 5392 2369 5464 ejus,atque
2382 5408 2613 5463 pompas
2628 5392 2801 5463 ipsius
2812 5393 3197 5463 unusquiSque
3207 5396 3464 5450 nostrum

1870 5481 2203 5555 repudiavit,
2236 5488 2293 5535 et
2320 5483 2384 5535 ﬁt
2413 5481 2557 5535 mira
2584 5482 2854 5553 deceptio,
2879 5498 3005 5536 cum
3027 5490 3128 5537 aut
3150 5497 3322 5551 opera
3350 5480 3487 5538 car?

1870 5572 1957 5627 nis
1987 5575 2086 5627 aut
2116 5587 2349 5643 pompas
2379 5570 2567 5625 saeculi
2595 5577 2892 5626 sectamur.
2922 5573 3114 5636 352
3142 5570 3288 5632 Quid
3317 5573 3467 5628 enim
