3938 6174
483 284 589 346 307
1242 282 1300 339 S.
1341 281 1719 340 PASCHASII
1756 281 2119 340 RADBERTI
2154 283 2459 340 ABBATIS
2496 280 2986 340 CORBEIENSIS.
3597 286 3684 347 308

483 416 618 468 sunt
643 426 818 484 opera
855 408 1042 464 carnis
1085 408 1196 464 nisi
1245 425 1416 482 opera
1459 409 1709 464 diaboli?
1759 409 1831 464 Et
1875 409 2303 472 rursusAvictu
2329 415 2385 464 et
2411 409 2616 463 vestitu
2648 407 2921 462 sollicitus
2941 407 3223 478 cogitare?
3275 407 3439 473 Quam
3477 411 3684 481 profecto

484 518 702 574 pompe
731 499 938 565 seculi,
989 499 1121 570 quid
1167 498 1274 552 nisi
1323 498 1526 553 diaboli
1572 515 1694 553 esse
1734 500 2076 554 censentur?
2157 499 2606 570 conjunctionem
2629 498 2676 552 si
2698 497 2995 569 diligenter
3015 497 3354 568 inspicimus,
3381 499 3684 570 superiorum

487 590 704 656 Quibus
732 607 858 644 cum
900 589 1172 643 servimus
1223 589 1308 641 vel
1353 587 1785 655 succumbimus,
1834 589 1924 643 cui
1967 589 2077 642 nisi
2159 605 2386 648 sensum
2409 589 2731 660 exsequitur
2749 586 3338 642 sententiarum.Nam
3359 594 3690 659 contemptum

488 679 709 735 diabolo
735 677 1187 750 prosternimur?
1214 675 1482 731 Mirabilis
1511 677 1683 748 igitur
1701 677 1941 732 vicissim
1953 695 2079 750 pro-
2159 679 2346 732 seculi
2375 684 2432 733 et
2456 679 2716 732 ﬁduciam
2765 677 3084 731 futurorum
3134 681 3251 730 toto
3294 677 3556 746 superiore
3593 695 3693 732 ser-

486 771 698 842 prietas
726 767 1020 823 verborum
1048 771 1443 820 commutatur.
2160 784 2346 832 mone,
2379 767 2538 839 quasi
2559 766 2688 821 filiis
2717 773 2775 821 et
2801 766 3115 821 heredibus
3141 771 3354 820 eterne
3381 766 3510 832 vitae,
3530 769 3693 837 preci-

559 857 672 915 Aut
698 873 898 922 unum,
919 853 1117 925 inquit,
1142 856 1263 908 odio
1279 855 1577 919 habebit,et
1595 857 1835 909 alterum
1856 855 2080 922 diliget:
2164 856 2365 927 piendo
2395 856 2744 922 tradiderat;
2777 855 2910 909 dum
2951 860 3008 909 et
3051 855 3286 924 injurias
3325 854 3576 908 sustinere
3614 872 3698 925 pa-

491 953 785 1003 autunum
803 945 1092 998 sustinebit
1115 947 1163 996 et
1183 946 1756 997 alterumcontemnet.
1783 943 1926 1007 Quia
1952 960 2081 1014 pro-
2163 946 2371 1000 tienter
2390 945 2569 1015 jubet,
2611 945 2819 999 damna
2866 960 3086 1015 quoque
3131 942 3427 996 voluntarie
3469 942 3611 1006 terre,
3652 942 3702 997 in

489 1038 631 1092 tecto
661 1033 915 1089 diabolus
943 1048 1165 1104 semper
1193 1038 1277 1086 est
1303 1032 1430 1086 odio
1481 1031 1786 1099 habendus,
1826 1032 2082 1087 Christus
2163 1035 2318 1089 nullo
2336 1041 2526 1088 tamen
2544 1033 2755 1100 ulcisci,
2773 1049 2990 1087 necnon
3008 1031 3262 1086 inimicos
3277 1031 3512 1102 diligere,
3532 1030 3700 1086 deinde

489 1142 618 1180 vero
630 1124 824 1195 utique
840 1121 1176 1192 diligendus.
1197 1122 1394 1192 Neque
1411 1126 1603 1192 aperte
1614 1137 1861 1193 unquam
1880 1121 2081 1192 aliquis
2163 1125 2471 1178 humanam
2488 1123 2725 1194 gloriam
2754 1123 2966 1193 fugere,
2990 1138 3138 1176 nunc
3165 1137 3287 1176 vero
3315 1120 3604 1175 conﬁrmari
3620 1136 3703 1174 nos

487 1217 668 1272 Deum
693 1212 818 1267 odio
850 1211 1082 1277 habuit;
1116 1210 1214 1264 sed
1239 1226 1433 1264 omnes
1461 1209 1632 1264 etiam
1654 1211 1854 1281 pagani
1872 1227 2000 1265 eum
2021 1227 2081 1264 se
2163 1231 2266 1285 per
2293 1213 2460 1267 fidem
2493 1213 2608 1267 suis
2636 1211 2924 1284 promissis
2954 1211 3012 1265 in
3041 1227 3198 1282 spem
3227 1209 3484 1264 bonorum
3509 1213 3705 1264 aeterno-

487 1302 739 1356 fatentur
765 1299 1019 1369 diligere,
1045 1297 1179 1352 licet
1207 1297 1376 1352 variis
1407 1297 1748 1352 seducantur
1775 1298 2078 1362 erroribus,
2163 1319 2291 1357 rum
2322 1302 2558 1356 laborat.
2591 1301 2735 1366 Quia
2765 1301 2954 1372 plures
2984 1303 3116 1354 sunt
3147 1317 3284 1370 quos
3313 1315 3464 1352 amor
3497 1314 3706 1369 presen-

489 1391 626 1448 dum
651 1389 758 1445 sibi
787 1388 954 1442 falsos
975 1388 1306 1458 conﬁngunt
1333 1387 1485 1441 deos.
1511 1389 1586 1441 At
1602 1405 1730 1442 vero
1751 1387 1958 1443 diaboli
1988 1404 2084 1442 no-
2164 1391 2307 1446 tium
2337 1397 2393 1446 et
2417 1390 2732 1461 desperatio
2751 1389 3066 1444 futurorum
3097 1393 3376 1459 torpentes
3400 1387 3536 1452 facit,
3565 1392 3704 1457 atque

492 1497 625 1536 men
668 1479 789 1552 pari
835 1475 1002 1532 modo
1042 1476 1211 1531 simul
1252 1493 1445 1530 omnes
1497 1483 1872 1531 exsecrantur.
1924 1478 2083 1532 Unde
2163 1480 2467 1534 infidelitas
2482 1480 2634 1534 omni
2667 1479 2904 1549 caligine
2929 1477 3325 1532 circumvolvit.
3358 1475 3705 1546 Hineestquod

491 1571 725 1624 vitiosus
753 1567 1007 1640 quisque,
1050 1581 1275 1638 pressus
1303 1582 1407 1620 sua
1433 1566 1902 1638 concupiscentia,
1934 1567 2085 1620 velut
2167 1569 2330 1624 dicit:
2359 1571 2478 1624 Non
2504 1571 2722 1638 potestis
2741 1570 2954 1622 duobus
2979 1570 3220 1621 dominis
3248 1569 3476 1625 servire;
3509 1565 3703 1618 deinde:

488 1663 798 1731 tyrannum
827 1654 1085 1720 sustinet,
1113 1671 1282 1726 super
1300 1671 1359 1708 se
1385 1655 1579 1726 iniqua
1599 1655 1882 1710 exactione
1909 1656 2087 1709 domi-
2168 1659 2289 1713 Ideo
2315 1660 2433 1711 dico
2464 1659 2627 1722 vobis,
2662 1673 2726 1710 ne
2755 1659 2982 1710 solliciti
3009 1658 3131 1708 sit-is
3166 1658 3367 1708 animae
3406 1659 3576 1707 vestra
3601 1653 3709 1721 quid

493 1750 724 1803 nantem
747 1763 760 1811 ;
792 1744 972 1798 Deum
990 1759 1120 1797 vero
1143 1747 1200 1796 et
1226 1743 1529 1797 Dominum
1551 1743 1872 1798 Creatorem
1893 1761 2078 1809 suum,
2101 1733 2149 1793 Β
2168 1748 2511 1800 manducetis
2535 1765 2550 1811 ;
2585 1762 2650 1799 ac
2687 1745 2732 1798 si
2745 1750 3004 1817 patenter
3025 1743 3291 1808 insinuet,
3315 1741 3438 1815 quid
3457 1741 3524 1795 sit
3540 1739 3710 1794 divitiis

494 1836 612 1893 suis
643 1831 1104 1905 concupiscentiis
1130 1837 1188 1886 et
1215 1831 1421 1886 diaboli
1450 1833 1697 1888 devictus
1709 1833 2087 1904 persuasioni-
2167 1835 2393 1890 servire.
2418 1837 2494 1890 Nc
2523 1838 2748 1889 solliciti
2779 1837 2917 1900 sitis,
2950 1833 3151 1904 inquit,
3177 1833 3309 1904 quia
3321 1830 3595 1886 sollicitum
3615 1843 3712 1882 esse

494 1926 619 1992 bus,
653 1924 835 1978 adhuc
861 1926 1214 1977 revocantem
1244 1938 1304 1975 se
1336 1922 1662 1977 contemnit.
1683 1923 2088 1978 Verumtamen
2168 1942 2269 1997 pro
2298 1925 2386 1978 his
2414 1924 2620 1979 servire
2650 1930 2736 1978 est
2765 1945 2781 1991 ι
2809 1929 2864 1978 et
2901 1923 3026 1976 ideo
3055 1939 3124 1976 ne
3155 1923 3300 1976 servi
3329 1921 3446 1975 sitis
3488 1917 3712 1991 pecunia-

493 2032 607 2071 non
630 2013 757 2068 odio
788 2011 1002 2066 habens
1023 2028 1188 2082 quem
1215 2027 1275 2066 se
1289 2012 1522 2083 diligere
1547 2029 1817 2084 suamque
1847 2013 2086 2067 salutem
2169 2031 2318 2082 rum,
2349 2013 2617 2085 prohibeo
2648 2012 3079 2068 sollicitudinem
3111 2028 3306 2082 gerere
3336 2009 3438 2064 cibi
3469 2014 3558 2063 aut
3582 2006 3716 2060 vesti-

493 2089 633 2159 velle
661 2119 761 2176 pro
803 2107 954 2157 certo
997 2101 1169 2168 novit,
1211 2101 1308 2155 sed
1354 2102 1663 2156 contemnit
1709 2101 1910 2167 redire,
1953 2103 2088 2155 dum
2171 2108 2509 2167 mentorum,
2544 2119 2724 2174 neque
2745 2103 2894 2156 enim
2929 2101 3138 2156 dictum
3169 2107 3256 2155 est
3284 2100 3340 2154 in
3365 2096 3714 2160 sollicitudine,

495 2194 644 2250 male
673 2191 953 2265 perfectus
981 2207 1017 2245 a
1043 2189 1512 2262 concupiscentia,
1543 2207 1768 2261 pressus
1812 2190 1916 2245 sub
1963 2191 2086 2244 dia-
2170 2193 2267 2246 sed
2289 2195 2351 2246 in
2367 2194 2564 2246 sudore
2578 2195 2763 2246 vultus
2782 2195 2867 2244 tui
2887 2193 3109 2244 vesceris
3123 2207 3328 2259 panem
3352 2195 3522 2242 tuum.
3541 2185 3716 2241 Idcirco

495 2283 623 2337 bolo
650 2283 819 2353 jacet.
847 2280 970 2334 Duo
996 2285 1129 2333 sunt
1155 2278 1330 2350 igitur
1367 2284 1735 2350 utrarumque
1781 2279 2087 2334 sententia-
2170 2280 2327 2335 labor
2355 2281 2695 2336 exercendus
2725 2287 2828 2346 est,
2861 2279 3178 2334 sollicitudo
3207 2278 3468 2333 tollenda.
3492 2277 3568 2330 Ne
3583 2275 3716 2338 forte,

495 2387 623 2426 rum
655 2370 813 2435 ﬁnes,
849 2368 980 2439 quia
1003 2385 1168 2422 omne
1194 2385 1372 2438 genus
1401 2367 1711 2422 humanum
1733 2368 1835 2423 sub
1871 2369 2088 2424 duabus
2170 2369 2275 2424 etsi
2303 2387 2416 2424 non
2438 2371 2725 2441 superflua
2755 2375 3098 2441 querantur,
3129 2369 3290 2439 quasi
3313 2372 3534 2440 propter
3564 2379 3721 2418 neces-

496 2462 621 2518 istis
641 2460 924 2530 colligitur
939 2457 1208 2530 partibus.
1227 2457 1433 2513 Omnes
1453 2457 1601 2511 enim
1618 2463 1717 2512 aut
1734 2458 1861 2512 odio
1883 2458 2090 2514 habent
2171 2460 2321 2515 saria
2339 2477 2434 2514 cor
2454 2459 2790 2521 duplicetur.
2824 2459 2983 2513 Unde
3011 2464 3188 2513 totam
3204 2475 3360 2530 spem
3377 2461 3610 2511 nostram
3627 2453 3721 2507 Deo

497 2551 804 2616 diabolum,
840 2554 897 2604 et
916 2549 1094 2604 Deum
1123 2559 1314 2602 verum
1345 2547 1652 2602 obediendo
1681 2547 1942 2619 diligunt,
1990 2554 2091 2603 aut
2172 2549 2522 2605 committere
2555 2548 2842 2611 debemus,
2876 2565 2946 2602 ne
2972 2547 3140 2602 rebus
3176 2547 3479 2602 serviamus
3514 2540 3721 2598 caducis.

496 2647 646 2697 certe
673 2639 778 2695 sub
807 2637 1028 2693 diabolo
1057 2637 1286 2709 propria
1313 2636 1765 2709 concupiscentia
1803 2637 1948 2699 victi,
1992 2643 2086 2709 ty-
2171 2641 2315 2694 Nam
2345 2638 2658 2693 sollicitudo
2688 2637 2879 2692 seculi
2918 2637 3034 2692 suis
3062 2643 3368 2708 occupatur
3395 2631 3643 2706 partibus,
3669 2645 3726 2683 ne

495 2730 786 2787 rannicam
825 2727 1107 2784 sustinent
1152 2725 1613 2789 dominationem.
1663 2732 1721 2781 et
1766 2727 2089 2782 Creatorem
2171 2738 2271 2787 aut
2294 2749 2548 2805 possessa
2579 2733 2904 2804 depereant,
2939 2737 3039 2786 aut
3067 2730 3359 2790 elaborata
3401 2745 3507 2783 non
3547 2723 3729 2780 οοηιίη.

495 2837 682 2888 suum,
738 2820 861 2890 ejus
908 2817 1163 2872 nolentes
1208 2815 1477 2869 mandata
1522 2832 1762 2880 servare,
1815 2816 1974 2888 quasi
2023 2817 2092 2871 de
2171 2829 2326 2893 gant,
2361 2839 2431 2876 ex
2462 2821 2662 2892 quibus
2691 2827 2875 2876 metus
2907 2826 2964 2875 et
3001 2820 3171 2875 timor
3216 2821 3478 2874 miseram
3516 2816 3729 2872 animam

496 2907 881 2965 misericordia
924 2910 1326 2978 praesumentes
1370 2909 1558 2959 mente
1603 2905 1794 2959 caecati
1841 2910 2091 2960 contcm-
2173 2911 2310 2966 satis
2342 2911 2578 2965 sollicite
2607 2909 2958 2982 perturbant,
2990 2925 3115 2964 cum
3155 2917 3454 2982 propterea
3477 2905 3604 2961 nihil
3636 2919 3730 2957 ma-

497 3003 658 3054 num"
2172 3000 2258 3072 gis
2290 2999 2581 3071 acquirere
2609 3000 2878 3065 valemus,
2918 2999 3170 3070 nihilque
3214 2999 3456 3070 amplius
3501 2995 3729 3057 retinere,

568 3089 693 3143 Non
719 3087 938 3155 potestis
967 3085 1071 3138 Deo
1098 3085 1304 3147 servire
1326 3087 1375 3137 et
1412 3099 1763 3137 mammonae.
1806 3083 1924 3138 Hoc
1965 3085 2087 3139 loco
2109 3093 2152 3154 ο
2175 3089 2281 3144 nisi
2307 3095 2578 3160 quantum
2611 3089 2704 3143 ille
2742 3088 3067 3150 decreverit,
3113 3088 3204 3142 cui
3252 3094 3307 3143 et
3355 3089 3568 3142 nosmet
3609 3097 3733 3136 com-

500 3192 624 3250 que
653 3173 911 3246 superius
940 3176 1326 3244 proposuerat,
1359 3172 1609 3244 apertius
1655 3172 1899 3244 exponit,
1940 3175 2089 3244 quod
2171 3179 2396 3232 mittere
2423 3182 2663 3249 oportet.
2701 3178 2808 3232 Sed
2840 3177 3222 3249 querendum,
3256 3194 3385 3232 cum
3433 3175 3611 3229 anima
3647 3169 3737 3241 spi-

501 3283 613 3322 non
641 3262 858 3337 possint
901 3261 1068 3316 simul
1115 3261 1230 3317 Deo
1277 3267 1334 3316 et
1379 3261 1580 3316 seculo
1632 3262 1858 3329 servire,
1909 3279 2090 3334 neque
2171 3267 2351 3322 ritalis
2380 3272 2437 3322 et
2463 3267 2791 3338 incorporea
2815 3267 2906 3334 sit,
2941 3267 3303 3338 quomodoad
3321 3283 3443 3321 eam
3472 3275 3736 3334 corporeus

500 3355 667 3410 simul
696 3350 1099 3425 temporalibus
1130 3356 1185 3406 et
1211 3351 1454 3418 eternis,
1507 3351 1823 3406 caelestibus
1873 3357 1928 3406 et
1976 3359 2091 3406 ter-
2171 3356 2277 3410 iste
2301 3355 2457 3410 cibus
2479 3357 2760 3427 pertinere
2789 3357 3030 3423 dicatur,
3053 3356 3162 3410 nisi
3188 3357 3323 3427 quia
3350 3359 3530 3422 354
3554 3350 3735 3411 anima.

497 3445 669 3501 renis.
703 3444 1025 3498 Mammona
1049 3457 1293 3511 namque
1337 3441 1479 3512 Syra
1520 3439 1982 3512 interpretatione
2010 3443 2093 3496 di-
2173 3445 2318 3499 sicut
2345 3451 2403 3499 et
2433 3445 2582 3512 alibi,
2614 3462 2714 3516 pro
2741 3445 2856 3498 vita
2903 3445 3010 3499 ista
3052 3461 3163 3516 qua
3201 3446 3442 3499 vivimus
3478 3439 3736 3512 accipitur.

499 3538 648 3590 vitia:
675 3533 958 3598 dicuntur,
1010 3529 1212 3602 quibus
1249 3529 1458 3583 servire
1504 3530 1683 3585 Deum
1729 3547 1935 3601 negare
1984 3537 2088 3586 est.
2173 3535 2318 3588 Nam
2350 3533 2566 3588 duabus
2595 3535 2711 3588 suis
2741 3533 2994 3605 partibus
3023 3540 3284 3589 constare
3315 3534 3552 3597 videtur,
3585 3533 3643 3584 ut
3683 3525 3742 3580 sit

499 3626 626 3681 Non
651 3623 799 3678 enim
826 3621 981 3687 dicit,
1012 3636 1126 3675 non
1155 3619 1389 3692 potestis
1418 3618 1624 3674 habere
1655 3619 1876 3675 divitias
1903 3627 1962 3676 et
1988 3622 2095 3676 Do-
2174 3624 2430 3694 superior
2459 3625 2581 3694 ejus
2609 3640 2739 3695 pars
2765 3640 2942 3687 mens,
2968 3640 3002 3677 a
3031 3639 3142 3694 qua
3156 3615 3742 3678 nosterhomointerior

499 3714 638 3792 mini
671 3711 930 3768 militiam
966 3710 1237 3782 bajulare,
1288 3709 1386 3764 sed
1423 3709 1786 3780 designanter
1823 3727 1934 3764 non
1990 3728 2092 3782 po-
2175 3729 2288 3767 non
2317 3713 2497 3768 solum
2519 3713 2806 3784 spiritalis,
2840 3713 2935 3766 sed
2969 3713 3140 3767 etiam
3170 3713 3295 3784 ipsa
3323 3713 3512 3768 anima
3539 3707 3740 3780 spiritus

497 3805 659 3860 testis
687 3804 802 3859 Deo
832 3801 1076 3858 simulet
1095 3799 1301 3854 divitiis
1325 3798 1551 3854 servire.
1580 3799 1747 3854 Aliud
1773 3801 1978 3872 quippe
2009 3806 2096 3856 est
2175 3802 2524 3874 appellatur;
2577 3801 2805 3856 inferior
2844 3818 2972 3855 vero
3032 3802 3254 3857 animus
3301 3802 3518 3866 vicitur,
3571 3815 3602 3852 a
3649 3808 3740 3866 quo

500 3911 633 3968 opes
661 3893 848 3949 seculi
877 3890 1103 3958 habere,
1139 3894 1194 3944 et
1221 3888 1374 3944 aliud
1404 3889 1483 3943 eis
1516 3889 1743 3944 servire.
1795 3891 1939 3944 Nam
1996 3890 2092 3961 qui
2173 3891 2432 3946 animalis
2459 3891 2625 3945 homo
2654 3897 2901 3955 vocatur,
2935 3891 3032 3962 qui
3048 3892 3286 3946 necdum
3307 3890 3544 3963 percipit
3561 3903 3624 3943 ea
3641 3899 3743 3957 que

498 3983 670 4039 habet
683 4000 776 4037 eas
802 3980 1120 4051 etlegitime
1134 3979 1333 4044 utitur,
1361 3983 1425 4032 ut
1439 3977 1718 4045 dominus,
1741 3978 2094 4050 dispensator
2173 3985 2306 4036 sunt
2330 3980 2569 4052 Spiritus
2599 3980 2719 4046 Dei,
2755 3980 2852 4035 sed
2880 3972 3103 4035 tantum
3131 3980 3247 4034 vita
3294 3981 3426 4045 ista,
3483 3995 3600 4050 que
3639 3971 3742 4028 cibo

499 4072 687 4144 potius
715 4076 802 4124 est
828 4085 1023 4123 earum
1053 4083 1222 4138 quam
1252 4083 1463 4121 servus.
1498 4067 1598 4122 Ille
1627 4083 1755 4121 vero
1786 4068 1883 4139 qui
1911 4086 1971 4124 se
2001 4085 2095 4123 ne-
2175 4071 2365 4136 alitur,
2398 4085 2523 4124 cum
2557 4069 2850 4140 pecoribus
2879 4069 3029 4123 vivit.
3080 4069 3261 4134 Quam
3315 4069 3413 4141 qui
3465 4060 3745 4140 perdiderit

499 4160 736 4231 gligens,
771 4156 1016 4212 avaritie
1054 4154 1358 4226 questibus
1381 4156 1785 4211 immoderatus
1834 4157 2087 4225 desudat,
2176 4164 2403 4231 propter
2419 4159 2723 4221 Christum,
2757 4158 3136 4213 invenieteam
3163 4158 3478 4229 spiritalem
3499 4173 3532 4210 a
3557 4151 3744 4225 Spiritu

501 4247 840 4302 Mammone
866 4259 1056 4298 servus
1076 4245 1205 4314 jure
1247 4249 1473 4297 vocatus
1518 4232 1619 4298 est.
1676 4245 1836 4308 Quod
1889 4263 2094 4302 nomen
2175 4254 2367 4303 sancto
2397 4248 2728 4304 vivificatam
2759 4248 2816 4302 in
2838 4248 3007 4302 vitam
3025 4254 3314 4303 eternam.
3343 4247 3489 4302 Hinc
3517 4249 3598 4299 est
3616 4236 3745 4313 quod

501 4339 750 4393 Ireneus
789 4332 1182 4404 Lugdunensis
1212 4332 1504 4403 episcopus
1542 4337 1598 4386 et
1625 4338 1840 4404 martyr
1886 4335 2092 4390 Christi
2110 4374 2156 4431 Β
2174 4338 2478 4393 secundum
2506 4337 2648 4392 hanc
2663 4343 2878 4408 partem
2907 4337 3028 4391 cibo
3067 4343 3194 4408 eget
3227 4342 3291 4390 ut
3319 4338 3509 4390 alatur
3536 4334 3657 4396 vita,
3678 4343 3747 4382 se-

502 4425 772 4482 demonis
795 4440 917 4478 esse
945 4422 1098 4491 dicit,
1132 4422 1291 4494 quasi
1317 4421 1412 4492 qui
1444 4420 1652 4476 divitiis
1681 4423 1872 4493 presit
1901 4429 2090 4492 353
2110 4420 2153 4431 ”’
2173 4427 2420 4482 cundum
2449 4427 2619 4481 aliam
2641 4444 2768 4481 vero
2799 4433 3035 4498 partem,
3061 4427 3241 4481 multo
3271 4427 3402 4498 plus
3443 4439 3606 4496 quam
3637 4431 3746 4474 esca

499 4517 671 4588 hujus
699 4513 886 4570 seculi
914 4532 926 4581 ;
961 4529 1074 4567 non
1101 4511 1249 4584 quod
1280 4510 1474 4564 mundi
1504 4511 1790 4582 opulentia
1817 4512 1967 4568 illius
1995 4515 2086 4584 sit,
2173 4517 2437 4572 creditur.
2464 4518 2658 4587 Neque
2687 4517 2837 4570 enim
2871 4516 2983 4569 vita
3011 4516 3120 4570 ista
3147 4524 3382 4588 propter
3423 4529 3622 4575 escam.
3662 4505 3746 4562 Sed

501 4609 602 4681 aut
629 4604 686 4658 in
713 4604 834 4675 ejus
859 4602 933 4656 sit
961 4600 1170 4656 ditione
1194 4618 1205 4654 :
1240 4599 1334 4654 sed
1367 4600 1500 4671 quia
1527 4600 1614 4655 his
1642 4607 1820 4656 utitur
1847 4603 1918 4656 ad
1947 4604 2092 4658 deci-
2174 4622 2301 4659 esca
2325 4611 2553 4676 propter
2581 4605 2725 4659 hanc
2749 4605 2918 4659 vitam
2963 4611 3204 4660 creatur.
3257 4606 3444 4661 Simili
3491 4601 3649 4658 modo
3698 4599 3746 4649 et

499 4693 786 4768 piendum,
820 4691 953 4746 dum
982 4690 1265 4745 incaustos
1294 4689 1616 4745 divitiarum
1642 4690 1828 4746 irretit
1854 4693 2086 4764 laqueis.
2173 4711 2374 4766 corpus
2410 4710 2520 4748 non
2567 4699 2795 4765 pr0pter
2829 4694 3245 4760 vestimentum,
3291 4695 3393 4750 sed
3427 4692 3748 4748 «vestimenta

503 4783 610 4840 Sed
641 4781 773 4854 quid
805 4781 1007 4836 horum
1033 4780 1329 4852 acceperis,
1372 4778 1591 4835 diabolo
1621 4781 1792 4836 servit
1839 4783 2090 4855 quisquis
2172 4790 2404 4856 propter
2432 4799 2633 4854 corpus
2655 4785 2816 4837 tiunt.
2849 4783 3006 4838 Unde
3033 4800 3142 4841 non
3159 4783 3327 4839 debet
3345 4801 3468 4839 esse
3497 4778 3747 4837 sollicitus

502 4872 823 4950 divitiarum
847 4871 926 4925 ita
963 4869 1216 4924 irretitur
1260 4867 1510 4936 nexibus,
1543 4874 1608 4930 ut
1655 4886 1847 4927 servus
1894 4889 2090 4928 earum
2172 4872 2394 4926 animus
2423 4889 2494 4926 ne
2515 4872 2785 4943 percipiat
2821 4873 2966 4943 quod
2995 4879 3224 4944 propter
3249 4890 3308 4928 se
3350 4879 3604 4928 creatum
3655 4872 3744 4930 est,

496 4963 625 5034 jure
652 4962 727 5016 sit
755 4959 1136 5032 appellandus.
2170 4961 2284 5016 imo
2314 4961 2539 5016 credere
2559 4967 2779 5033 oportet
2799 4962 2856 5016 in
2876 4962 3038 5016 dictis
3063 4963 3184 5020 Dei.
3219 4963 3351 5034 quia
3379 4963 3588 5018 veritas
3603 4963 3681 5014 est
3701 4959 3751 5008 et

571 5050 694 5107 Ideo
722 5049 840 5102 dico
857 5049 1020 5114 vobis,
1055 5063 1121 5100 ne
1141 5049 1367 5101 solliciti
1383 5049 1504 5101 sitis
1520 5050 1724 5102 animae
1746 5054 1931 5103 vestrae
1955 5051 2091 5119 quid
2171 5051 2425 5106 omnium
2452 5057 2836 5105 creaturarum
2865 5051 3165 5106 efﬁcientia
3193 5052 3252 5106 in
3283 5054 3407 5123 ejus
3453 5049 3619 5106 verbo
3655 5050 3747 5111 est,

500 5139 866 5203 manducetis,
898 5153 1068 5206 neque
1101 5139 1317 5204 corpori
1345 5141 1515 5190 vestro
1562 5139 1696 5207 quid
1739 5139 2084 5193 induamini.
2171 5146 2513 5212 quapropter
2539 5156 2652 5195 non
2681 5140 2753 5194 sit
2783 5140 2949 5195 homo
2970 5141 3517 5212 ambiguus.Quiain
3533 5135 3752 5212 promis-

503 5227 678 5298 Cujus
696 5226 987 5282 sententie
1003 5225 1342 5279 constructio
1362 5241 1474 5280 non
1498 5224 1633 5280 satis
1647 5226 1948 5298 premissis
1961 5245 2089 5282 con-
2170 5229 2245 5284 sis
2269 5233 2392 5301 ejus
2421 5229 2517 5301 qui
2546 5230 2654 5284 ista
2681 5230 2997 5301 spopondit,
3030 5231 3171 5284 nihil
3219 5231 3480 5286 inefﬁcax
3511 5228 3751 5298 nihilque

497 5331 703 5388 gruere
720 5314 1439 5388 videturpropositionibus.
1460 5314 1725 5386 Nunquid
1739 5315 2088 5386 igiturunius
2169 5318 2493 5390 ambiguum
2523 5324 2626 5373 est.
2661 5319 2744 5374 Sit
2772 5325 2960 5373 autem
2990 5320 3156 5374 homo
3187 5321 3334 5391 quod
3365 5338 3491 5375 esse
3516 5319 3679 5374 debet
3701 5320 3753 5368 et

501 5404 714 5461 domini
739 5420 931 5458 servus
960 5421 1073 5459 non
1119 5410 1304 5476 potest
1345 5405 1492 5459 circa
1533 5410 1742 5460 vestem
1788 5406 2084 5478 cibumque
2167 5408 2237 5462 ad
2270 5409 2416 5480 quod
2439 5409 2616 5463 ﬂictus
2645 5413 2748 5474 est,
2779 5408 3044 5463 continuo
3073 5409 3314 5464 aderunt
3339 5411 3390 5464 ei
3421 5409 3613 5464 omnia
3640 5421 3752 5480 pro-

500 5492 770 5576 sollicitus
801 5492 964 5549 esse?
994 5493 1095 5549 Vel
1117 5493 1250 5567 quia
1273 5510 1386 5550 non
1430 5500 1617 5566 potest
1657 5493 1874 5550 duobus
1927 5512 2084 5568 eque
2166 5503 2292 5568 pter
2320 5513 2488 5569 quem
2515 5497 2661 5552 facta
2684 5503 2835 5554 sunt.

501 5581 746 5642 dominis
773 5582 998 5653 servire,
1031 5600 1155 5657 que
1178 5600 1348 5642 causa
1390 5587 1476 5640 est
1502 5587 1566 5655 ut
1603 5598 1716 5639 non
1753 5582 1955 5640 debeat
2015 5585 2085 5643 de
2237 5588 2493 5660 Respicite
2519 5590 2773 5644 volatilia
2819 5590 2954 5654 cali,
2996 5590 3131 5660 quia
3169 5605 3282 5645 non
3325 5594 3543 5656 serunt,
3595 5598 3751 5657 mque
