3938 6174
222 318 318 378 309

974 316 1374 376 EXPOSITIO-
1393 318 1470 375 IN
1509 320 1956 376 MA'I'I‘HEUM.
2001 292 2065 358 —’
2105 317 2245 373 LIB.
2288 318 2381 385 1v,
2426 319 2583 373 CAP.
2627 320 2720 375 vr.

3398 322 3504 381 310

224 446 627 513 metunt,neque
642 446 1051 512 congregantz'n
1066 444 1540 509 horrea.Quorum
1553 444 1820 517 exemplis
1838 446 1880 503 A
1905 442 2049 496 forte
2078 442 2482 513 interpretetur
2508 443 2734 516 aliquis,
2778 460 2933 517 spem
2965 461 3024 500 se
3055 444 3264 502 habere
3286 447 3342 502 in
3381 447 3501 520 ipso

224 532 468 603 nunquid
498 530 868 603 prohibemur
893 548 1098 598 serere,
1145 550 1246 587 sou
1286 533 1544 587 laborare
1585 549 1708 603 quae
1745 532 1816 586 ad

225 637 345 676 usus
374 620 660 676 humanos
688 621 1003 675 necessaria
1029 627 1163 677 sunt
1181 620 1210 675 ?
1238 621 1400 676 Absit
1426 626 1489 676 ut
1508 622 1588 676 ita
1619 621 1819 676 intelli-

225 726 447 782 gamus;
494 710 590 764 sed
626 710 771 765 sicut
800 710 902 764 hoc
931 710 1073 777 loco,
1106 711 1187 764 ita
1217 715 1273 765 et
1304 710 1362 765 in
1392 710 1652 765 omnibus
1679 710 1818 765 scri-

226 804 515 871 pturarum
542 799 680 853 locis
705 799 801 853 ille
823 800 1154 870 quaerendus
1184 804 1270 854 est
1295 815 1512 865 sensus,
1535 799 1632 871 qui
1656 804 1713 854 et
1732 815 1822 853 ca-

224 887 437 942 tholica:
460 888 726 959 congruit
750 888 990 954 veritati,
1023 894 1081 943 et
1116 888 1548 960 intelligentiam
1575 889 1822 961 praebeat

226 976 558 1049 spiritalem.
593 978 718 1032 Non
750 977 899 1031 enim
937 978 1009 1032 ad
1033 978 1310 1033 humanos
1339 978 1560 1033 labores
1591 978 1821 1050 respicit

228 1067 323 1120 hoc
336 1066 679 1138 exemplum,
696 1066 897 1138 quibus
917 1066 1129 1122 dictum
1151 1074 1263 1122 est:
1289 1070 1357 1123 In
1379 1070 1576 1122 sudore
1598 1071 1821 1123 vesceris

218 1171 416 1226 panem
450 1162 633 1223 tuum,
681 1157 779 1210 sed
827 1157 897 1210 ad
938 1156 1373 1212 sollicitudinem
1406 1157 1733 1222 tollendam,
1766 1162 1823 1211 et

224 1243 485 1299 ﬁduciam
528 1245 599 1299 de
644 1261 867 1300 summo
898 1251 955 1300 et
993 1245 1441 1317 prestantissimo
1473 1247 1641 1301 Patre
1690 1245 1821 1301 filiis

222 1333 606 1404 ingerendam.
640 1334 715 1389 Ut
738 1334 868 1406 quia
906 1352 1033 1389 aves
1054 1335 1179 1389 caeli
1207 1334 1416 1407 absque
1440 1335 1559 1389 ulla
1593 1351 1729 1389 cura
1765 1340 1823 1390 et

224 1427 372 1477 metu
410 1422 596 1477 victus
631 1428 986 1477 terrenarum
1035 1424 1251 1489 vivunt,
1295 1425 1473 1479 multo
1502 1424 1681 1495 magis
1719 1441 1822 1495 pro

225 1510 427 1583 quibus
460 1512 580 1566 haec
609 1512 799 1566 omnia
826 1518 1014 1567 creata
1038 1519 1192 1579 sunt,
1225 1513 1434 1584 absque
1474 1514 1588 1568 ulla
1618 1513 1822 1568 mentis

221 1601 597 1656 sollicitudine
642 1601 881 1656 Domino
919 1601 1161 1656 debeant
1191 1602 1473 1667 famulari,
1529 1608 1585 1657 et
1632 1603 1692 1656 in
1756 1619 1821 1657 eo

221 1706 446 1745 omnem
490 1707 685 1745 curam
737 1707 896 1745 suam
948 1695 1004 1745 et
1054 1691 1486 1745 sollicitudinem
1526 1691 1818 1763 projicere,

220 1784 278 1834 ut
302 1780 355 1834 ei
387 1780 598 1847 vivant,
622 1780 712 1834 cui
734 1781 1010 1834 credendo
1040 1781 1214 1835 semel
1246 1781 1607 1835 inhaaserunt.

280 1864 350 1924 Et
374 1874 561 1937 pater,
594 1869 797 1941 inquit,
832 1874 1005 1923 vester
1029 1873 1250 1923 calcstis
1275 1873 1454 1938 pascit
1484 1873 1603 1924 illa.
1639 1870 1819 1940 Exag-

217 1963 375 2029 gerat
388 1974 532 2029 ergo
546 1957 809 2013 fiduciam
830 1958 1077 2012 ﬁliorum
1099 1963 1155 2012 et
1184 1959 1515 2025 conﬁrmat;
1546 1958 1695 2013 unde
1725 1975 1822 2029 pa-

219 2053 360 2102 trem
416 2047 594 2101 etiam
637 2064 705 2102 ea
732 2063 963 2119 pascere
990 2052 1235 2102 testatur
1267 2065 1393 2119 qua:
1427 2048 1661 2103 minima
1690 2053 1822 2103 sunt

218 2142 269 2190 et
292 2143 535 2209 propter
564 2137 709 2192 ﬁlios
744 2141 875 2192 sunt
897 2142 1105 2192 creata.
1127 2137 1287 2202 Quod
1318 2137 1365 2192 si
1393 2137 1615 2191 bonitas
1644 2138 1819 2209 largi-

216 2229 342 2280 toris
369 2227 451 2281 ad
472 2226 574 2280 illa
600 2243 661 2281 se
682 2226 949 2291 extendit,
995 2232 1206 2297 quanto
1238 2226 1418 2297 magis
1448 2226 1519 2279 ad
1550 2243 1645 2281 eos
1676 2242 1821 2298 quos

215 2315 344 2370 forte
372 2316 706 2387 adoptionis
741 2315 845 2369 sibi
868 2316 1213 2386 computavit
1238 2315 1296 2369 in
1324 2314 1507 2369 ﬁlios?

279 2411 482 2470 35:5
500 2405 694 2459 Nonne
715 2421 804 2459 vos
822 2408 1007 2472 pluris
1018 2408 1145 2458 estis
1166 2408 1282 2458 illis
1304 2410 1328 2457 ?
1357 2406 1547 2458 Pluris
1572 2405 1677 2458 hoc
1698 2403 1819 2458 loco

212 2510 315 2547 non
343 2493 417 2547 ad
482 2509 783 2548 numerum
830 2493 1089 2551 refertur.
1121 2493 1217 2547 sed
1270 2493 1403 2564 quia
1446 2499 1576 2547 sunt
1606 2493 1820 2563 pretio-

212 2582 378 2637 siores
399 2582 631 2636 ratione
651 2586 874 2636 utentes
894 2581 1013 2643 filii,
1028 2588 1085 2635 et
1105 2583 1161 2636 in
1184 2583 1543 2653 adoptionem
1569 2598 1669 2653 per
1687 2598 1821 2652 gra-

213 2671 343 2725 tiam
374 2671 607 2726 sociati.
640 2671 1044 2725 Verumtamen
1069 2672 1186 2726 hazc
1214 2671 1561 2742 comparatio
1593 2675 1818 2725 sancto-

213 2761 515 2827 rum,sicut
535 2761 680 2814 solet
715 2761 946 2831 majoris
971 2761 1040 2815 ad
1072 2761 1365 2817 minorem.
1400 2776 1514 2815 non
1538 2760 1821 2814 immerito

214 2850 327 2904 caeli
355 2850 569 2904 avibus
598 2849 902 2915 confertur,
934 2849 1067 2921 quia
1095 2850 1273 2904 sancti
1314 2851 1467 2904 ultra
1491 2866 1660 2920 quam
1691 2866 1821 2903 aves

215 2944 427 2995 secreta
456 2939 732 2993 caelorum
765 2943 1081 3009 penetrant.
1114 2940 1183 2993 Et
1217 2939 1362 2993 sicut
1392 2939 1657 3010 praecipui
1689 2943 1823 2993 sunt

208 3034 410 3083 natura
444 3034 509 3083 et
552 3029 773 3094 merito,
802 3028 884 3082 ita
912 3028 1190 3100 praecipua
1217 3030 1484 3082 ccelorum
1525 3027 1821 3082 sublimius

1894 532 2045 601 jacto
2061 537 2225 585 terrm
2255 531 2488 597 semine,
2524 533 2672 603 quod
2716 550 3008 605 nunquam
3043 535 3152 589 nisi
3182 534 3501 591 inscnsatus

1901 620 2122 674 dixerit.
2144 621 2251 674 Sed
2282 621 2364 675 ita
2391 621 2842 692 intelligendum,
2860 623 3131 695 quidquid
3151 624 3379 696 provide
3397 642 3500 696 pro

1902 710 2007 763 hac
2055 709 2171 764 vita
2204 710 2548 780 gerimus,ut
2570 728 2728 782 spem
2757 711 2826 766 de
2853 712 3007 784 ipsis,
3037 717 3095 768 et
3122 730 3225 785 pro
3271 713 3497 781 futuris,

1900 814 2124 869 semper
2148 798 2205 852 in
2232 799 2470 853 Domino
2496 799 2820 855 habeamus.

1974 888 2321 942 Considerate
2351 891 2479 944 lilia
2507 892 2652 957 agri,
2704 892 2968 959 quomodo
3006 897 3278 946 crescunt.
3314 891 3499 947 Etiam

1904 976 2354 1030 exhortationem
2382 975 2609 1031 habitus
2655 978 2801 1033 sicut
2846 995 3018 1050 supra
3044 980 3222 1035 victus
3268 980 3496 1048 fecerat,

1902 1081 2148 1136 congruo
2177 1065 2315 1119 satis
2338 1067 2594 1137 exemplo
2624 1067 2831 1133 ﬁrmat,
2864 1084 2976 1122 non
3007 1069 3154 1139 quod
3188 1069 3317 1137 ista,
3354 1070 3500 1126 sicut

1902 1154 1991 1226 pie
2038 1154 2266 1225 quidam
2314 1156 2526 1221 volunt,
2571 1155 2930 1226 allegorizare
2980 1161 3256 1228 oporteat,
3296 1160 3363 1213 ut
3398 1176 3499 1230 per

1901 1244 2151 1298 volatilia
2197 1244 2499 1308 daemones,
2546 1261 2647 1316 per
2673 1244 2793 1298 lilia
2838 1245 3189 1301 sublimiores
3217 1248 3498 1319 angelicas

1902 1332 2223 1403 dignitates,
2240 1339 2297 1388 et
2323 1350 2424 1405 per
2446 1334 2621 1388 viride
2633 1333 2823 1388 fenum
2854 1339 3046 1400 356
3063 1341 3259 1406 gentes
3286 1334 3497 1392 intelli-

1901 1439 2034 1493 gere
2054 1423 2373 1477 doceamur.
2393 1422 2499 1477 Sed
2521 1422 2849 1494 simpliciter
2868 1422 3125 1478 Christus
3141 1424 3222 1479 eis
3242 1425 3311 1479 de
3328 1425 3496 1481 rebus

1905 1510 2247 1577 manifestat,
2270 1511 2476 1567 virtute
2495 1528 2600 1565 sua
2624 1518 2682 1566 et
2708 1511 2986 1582 sapientia
3013 1519 3214 1568 cuncta
3233 1514 3490 1583 existere;

1903 1616 2085 1671 neque
2106 1600 2165 1654 in
2193 1600 2343 1654 illius
2372 1601 2622 1671 potentia
2649 1601 2861 1655 deesse.
2895 1602 3091 1673 Neque
3122 1601 3191 1656 ab
3221 1604 3343 1674 ejus
3364 1620 3498 1676 pro-

1904 1689 2152 1743 videntia
2178 1690 2421 1760 effugere
2437 1706 2670 1761 corpora
2684 1707 2806 1762 quae
2828 1690 2945 1745 suis
2964 1691 3245 1747 mensuris
3258 1693 3499 1749 formata

1846 1764 2130 1842 Bcreavit,
2165 1779 2313 1833 unde
2341 1778 2583 1834 debeant
2608 1779 2800 1833 vestiri
2837 1780 2971 1833 dum
2997 1784 3218 1835 tantam
3247 1781 3496 1852 pulchri-

1901 1867 2157 1921 tudinem
2175 1868 2343 1922 etiam
2354 1868 2656 1923 herbarum
2668 1868 2904 1925 contulit
2913 1856 3388 1924 oleribus-Verum
3398 1869 3501 1940 igi-

1901 1961 1999 2010 tur
2026 1958 2171 2025 quod
2202 1973 2297 2011 nec
2337 1957 2724 2028 Salomon,qui
2744 1974 2858 2030 prae
2879 1957 3102 2028 regibus
3135 1958 3498 2014 terraesazculi

1900 2046 2083 2116 gloria
2110 2046 2369 2101 ﬂoruisse
2388 2046 2613 2117 legitur,
2639 2052 2797 2102 tanta
2825 2050 3048 2101 vestitus
3073 2052 3150 2101 est
3172 2049 3499 2117 pulchritu-

1902 2137 2050 2200 dine,
2079 2139 2223 2189 sicut
2251 2139 2509 2190 ﬁliorum
2528 2141 2620 2189 est.
2654 2136 2799 2200 Quia
2817 2136 2971 2191 nullo
3002 2136 3240 2191 artificio
3268 2152 3360 2191 res
3389 2137 3495 2191 ali-

1904 2240 2014 2295 qua
2039 2228 2157 2278 tam
2187 2225 2480 2296 perspicue
2508 2225 2744 2279 colorari
2764 2230 2967 2297 potest,
2987 2230 3051 2280 ut
3071 2226 3151 2279 ita
3175 2226 3417 2281 candeat
3434 2230 3501 2280 ut

1901 2312 2102 2379 lilium,
2124 2319 2223 2368 aut
2243 2314 2444 2368 rubeat
2465 2318 2529 2369 ut
2557 2331 2702 2380 rosa,
2746 2331 2849 2368 nec
2877 2320 3066 2369 tamen
3098 2314 3356 2369 laborant
3384 2316 3499 2370 tin-

1901 2406 2074 2456 ctura:
2115 2402 2392 2457 coloribus
2424 2420 2485 2457 sc
2523 2402 2791 2468 ornando,
2826 2402 2971 2457 sicut
3012 2420 3114 2457 nec
3154 2402 3402 2458 volatilia
3440 2404 3499 2459 in

1900 2496 2055 2544 terra
2080 2491 2316 2545 serendo
2346 2510 2357 2544 :
2386 2507 2555 2560 neque
2584 2498 2732 2557 nent,
2766 2497 2830 2546 ut
2861 2493 3162 2546 conficiant
3191 2493 3392 2564 quibus
3418 2495 3502 2548 in-

1902 2580 2149 2633 duantur
2173 2580 2557 2650 operimentis.
2583 2581 2668 2634 Ad
2700 2580 2847 2651 quod
2884 2581 3162 2652 quispiam
3206 2582 3499 2655 imperito-

1902 2684 2028 2722 rum
2056 2669 2214 2740 quasi
2247 2669 2475 2740 physica
2504 2669 2883 2739 disputatione
2913 2669 3134 2735 sciolus,
3170 2670 3500 2743 simplicita-

1904 2762 2019 2812 tem
2067 2757 2352 2828 Evangelii
2390 2757 2749 2829 reprehendit
2774 2757 2997 2811 dicens:
3030 2757 3176 2822 Quid
3206 2761 3496 2831 requirere

1902 2845 2170 2901 deberent
2213 2846 2561 2901 insensibilia
2584 2846 2732 2916 quod
2781 2846 2861 2901 eis
2890 2852 3096 2901 natura
3125 2848 3379 2917 contulit,
3418 2849 3500 2905 vel

1907 2951 2009 2989 cur
2038 2935 2327 2990 elaborare
2351 2935 2846 3007 pulchritudinem,
2881 2951 3049 3007 quam
3080 2952 3193 2992 non
3238 2936 3362 3005 sibi,
3396 2938 3498 2994 sed

1903 3024 2063 3079 nobis
2079 3026 2314 3080 Greater
2338 3024 2573 3079 indulsit
2588 3024 2613 3077 Ἰ
2640 3026 2753 3079 Aut
2771 3025 3051 3096 quomodo
3076 3026 3495 3099 cooperiuntur,

210 3118 457 3172 volando
510 3133 615 3188 per
663 3116 906 3187 gratiam
948 3122 1161 3171 tenent.
1205 3117 1284 3171 De
1315 3116 1517 3187 quibus
1546 3118 1881 3188 prophetae
1904 3115 2033 3187 quia
2064 3115 2333 3186 scriptum
2364 3120 2450 3168 est
2490 3114 2638 3185 quod
2668 3129 2770 3168 nec
2811 3114 3075 3169 Salomon
3104 3120 3398 3187 coopertus
3425 3116 3502 3171 sit

208 3206 454 3262 miratur
484 3205 680 3260 dicens
709 3224 721 3259 :
755 3207 861 3274 Qui
884 3211 1015 3260 sunt
1039 3209 1137 3261 isti
1161 3209 1329 3275 quiut
1362 3208 1531 3260 nubes
1554 3210 1817 3273 volant,et

208 3300 345 3350 velut
372 3298 651 3351 columba:
677 3296 749 3349 ad
775 3297 1043 3363 fenestras
1069 3311 1197 3348 suas
1217 3302 1241 3348 ?
1272 3296 1401 3363 (Isa.
1436 3311 1522 3361 Lx,
1559 3293 1631 3365 8.)
1674 3296 1819 3350 Sunt

203 3390 487 3456 praeterea
514 3400 713 3439 eorum
743 3384 1146 3455 quamplurimi
1172 3401 1206 3438 a
1238 3384 1433 3438 mundi
1464 3385 1707 3455 negotiis
1734 3385 1817 3438 ita

203 3475 471 3544 sejuncti,
524 3478 591 3527 ut
630 3474 750 3544 jam
782 3473 841 3527 in
889 3472 1056 3527 terris
1091 3472 1230 3526 nihil
1277 3478 1467 3543 agant,
1516 3489 1620 3527 nec
1664 3474 1813 3529 aliud

204 3562 331 3632 quid
370 3562 662 3626 laborent,
700 3561 797 3616 sed
836 3561 892 3615 in
918 3561 1083 3616 verbo
1114 3567 1168 3615 et
1198 3563 1317 3616 sola
1346 3563 1817 3633 contemplatione

202 3650 393 3706 divina
420 3655 742 3716 versantes,
776 3666 873 3721 spe
890 3650 1010 3720 jam
1040 3650 1097 3704 in
1126 3649 1445 3704 coelestibus
1474 3651 1706 3721 degunt.

266 3742 405 3809 Quis
432 3746 635 3795 autem
678 3744 921 3794 vestrum
948 3744 1115 3807 potest
1157 3741 1395 3807 adjicere
1436 3741 1509 3793 ad
1535 3744 1814 3793 staturam

201 3844 357 3882 suam
378 3830 646 3883 cubitum
663 3832 888 3881 unum?
919 3828 1219 3898 Hucusque
1239 3828 1309 3881 de
1339 3826 1460 3881 cibo
1491 3828 1815 3883 exhortatus

198 3922 296 3984 est,
342 3934 512 3973 nunc
555 3932 687 3971 vero
732 3916 802 3969 de
830 3916 1159 3970 indumento
1184 3916 1451 3988 corporis,
1487 3917 1573 3971 cui
1600 3934 1702 3988 per
1730 3917 1813 3971 ni-

195 4008 365 4062 miam
398 4005 739 4077 sagacitatis
767 4022 882 4059 sua;
913 4006 1266 4076 diligentiam
1310 4021 1422 4060 non
1451 4011 1633 4077 potest
1665 4007 1811 4078 quis-

192 4094 858 4167 piamadjicere,idcirco
889 4094 941 4148 ei
962 4110 1097 4149 cura
1116 4095 1363 4166 corporis
1391 4095 1692 4149 relaxanda
1703 4102 1807 4161 est,

193 4187 353 4252 cuius
392 4184 765 4258 providentia
790 4184 998 4238 factum
1027 4184 1291 4248 creditur,
1325 4200 1453 4238 cum
1482 4201 1547 4238 ex
1576 4201 1641 4239 eo
1670 4185 1813 4239 nihil

198 4273 268 4327 sit
287 4275 347 4329 in
377 4280 593 4329 nostra
615 4278 897 4345 potestate
911 4273 1341 4337 creare.Quibus
1362 4273 1607 4344 profecto
1628 4273 1809 4328 verbis

190 4379 300 4418 non
330 4364 515 4418 modo
546 4362 812 4417 ﬁduciam
845 4362 1306 4416 vestimentorum
1355 4362 1581 4433 ingerit,
1614 4379 1808 4417 verum

192 4450 555 4507 demonstrat
587 4451 738 4522 quod
786 4467 890 4505 sua
917 4451 1121 4505 virtute
1153 4451 1440 4522 quantitas
1488 4457 1545 4506 et
1569 4453 1809 4523 qualitas

190 4542 445 4613 corporis
480 4540 777 4605 metiatur,
810 4545 867 4596 et
895 4556 941 4593 ει
969 4539 1104 4610 quid
1134 4540 1293 4594 deest
1318 4539 1376 4593 in
1409 4540 1598 4593 futuro
1632 4540 1811 4611 possit

189 4630 522 4685 restituere.
550 4629 715 4684 Unde
738 4628 833 4700 qui
853 4644 1177 4683 mensuram
1206 4628 1454 4699 corporis
1476 4628 1718 4700 providit
1746 4634 1810 4683 ut

188 4717 563 4783 tormaretur,
586 4742 591 4747 ε
618 4718 704 4772 illi
747 4717 1048 4771 tribuenda
1077 4722 1163 4771 est
1187 4733 1322 4771 cura
1346 4718 1636 4772 vestiendi.
1682 4719 1808 4772 Non

189 4809 335 4876 quod
346 4808 627 4863 laborare
640 4806 918 4878 quispiam
935 4812 993 4861 et
1013 4807 1305 4878 providere
1325 4807 1434 4861 ista
1452 4823 1564 4861 non
1584 4806 1803 4872 debeat,

188 4895 351 4951 sicuti
383 4902 451 4952 et
472 4912 579 4968 pro
599 4895 745 4961 cibo,
772 4896 869 4949 sed
904 4896 1035 4949 hinc
1063 4912 1288 4949 omnem
1313 4896 1573 4951 timorem
1605 4912 1670 4951 ac
1695 4897 1807 4951 sol-

186 4984 553 5040 licitudinem
574 4984 841 5055 abjicere,
856 5001 1011 5056 spem
1037 5001 1259 5056 quoque
1281 5002 1442 5039 suam
1472 4991 1528 5040 et
1546 4987 1808 5041 ﬁduciam

187 5072 296 5129 Deo
324 5073 659 5139 comittere,
688 5078 747 5127 et
765 5073 908 5127 nihil
944 5072 1052 5127 sibi
1088 5073 1403 5129 formidinis
1431 5092 1532 5146 pro
1562 5075 1715 5130 victu
1744 5092 1809 5129 ac

184 5164 388 5218 vestitu
442 5178 760 5217 reservare.
794 5162 956 5226 Quod
1002 5161 1143 5217 bene
1182 5164 1391 5217 Paulus
1433 5180 1497 5217 ex
1534 5164 1639 5218 hoc
1673 5163 1807 5218 alibi

184 5250 412 5319 docens,
446 5266 571 5306 uno
613 5252 865 5305 declarat
903 5250 1070 5306 verbo
1104 5270 1117 5305 :
1160 5254 1311 5320 Quod
1343 5255 1443 5321 qui
1463 5258 1609 5319 arat,
1660 5254 1805 5307 debet

184 5344 242 5395 in
285 5358 380 5411 spe
438 5356 616 5395 arare
664 5342 715 5410 (Ι
743 5342 971 5408 Gor.1x,
1012 5340 1129 5411 10);
1183 5358 1295 5396 non
1326 5342 1476 5395 enim
1519 5342 1808 5397 interdixit

187 5428 320 5486 illud
343 5429 666 5503 agere,sed
687 5445 845 5501 spem
876 5429 1045 5484 etiam
1076 5431 1135 5485 in
1164 5430 1369 5485 talibus
1400 5431 1515 5485 Deo
1547 5433 1807 5486 commit-

180 5524 293 5574 tere
318 5540 332 5575 :
393 5533 593 5589 neque
621 5518 806 5574 fassus
834 5525 921 5574 est
935 5520 1085 5591 quod
1112 5520 1206 5591 qui
1244 5525 1387 5589 arat,
1416 5519 1618 5574 debeat
1645 5536 1806 5575 arare

192 5609 498 5675 sollicitus,
527 5609 623 5664 sed
640 5609 866 5680 proprie
886 5609 944 5665 in
967 5626 1065 5682 spe
1084 5610 1360 5666 arandum
1385 5609 1653 5667 insinuat.
1685 5610 1806 5665 Nisi

1898 3204 2043 3258 sicut
2052 3218 2226 3257 unum
2245 3216 2311 3255 ex
2334 3201 2492 3256 istis?
2512 3202 2655 3256 Nam
2670 3201 2789 3256 lilia
2800 3206 3109 3259 nascuntur
3125 3203 3313 3275 potius
3329 3220 3501 3277 quam

1899 3292 2298 3364 coaperiuntur
2321 3310 2333 3359 ;
2368 3296 2425 3345 et
2451 3290 2597 3345 sicut
2626 3292 2853 3362 quidam
2886 3291 2967 3347 ait
2991 3311 3002 3347 :
3032 3315 3058 3342 κ
3084 3293 3380 3365 Coopertio
3409 3295 3501 3350 vel

1898 3380 2137 3435 amictus
2158 3385 2243 3434 est
2264 3379 2532 3451 corporis,
2555 3396 2670 3434 non
2700 3396 2904 3452 corpus
2932 3381 3315 3453 ipsum.Unde
3345 3383 3393 3438 si
3426 3382 3500 3438 ad

1899 3485 2145 3535 sensum,
2182 3472 2386 3538 inquit,
2406 3469 2667 3524 humanae
2694 3469 3082 3542 intelligentiae
3112 3488 3203 3527 res
3233 3472 3493 3541 refertur,

1899 3559 2141 3613 colorem
2175 3558 2278 3612 lilii
2318 3557 2529 3612 candor
2558 3558 2860 3613 velamenti
2903 3564 3129 3631 poterat
3155 3562 3432 3617 aemulari.
3467 3582 3494 3616 ))

1899 3647 2113 3712 Quibus
2161 3646 2408 3717 profecto
2462 3646 2649 3701 verbis
2686 3663 2801 3702 non
2846 3648 2929 3702 rei
2967 3648 3173 3704 veritas
3224 3644 3509 3724 aperitur:

1898 3752 2000 3791 nec
2031 3736 2455 3791 circumstantia
2482 3735 2738 3793 lectionis
2779 3737 3113 3806 intenditur,
3162 3739 3260 3794 sed
3300 3757 3498 3796 sensus

1898 3826 2135 3896 caligine
2174 3826 2485 3880 obducitur.
2536 3827 2682 3880 Nam
2713 3826 3028 3898 exemplum
3070 3828 3363 3899 proposuit
3401 3829 3499 3885 ubi

1897 3915 2191 3986 multiplex
2241 3915 2594 3986 providentia
2635 3914 2919 3970 Creatoris
2957 3921 3128 3987 atque
3157 3916 3355 3971 efﬁcax
3393 3934 3496 3989 po-

1893 4004 2070 4059 tentia
2080 4004 2536 4076 praedicatur,qui
2548 4009 2768 4059 tantum
2779 4004 2836 4058 in
2843 4004 3202 4060 sensibilibus
3212 4005 3495 4078 praestitit,

1895 4095 2042 4164 quod
2056 4093 2236 4158 nobis,
2252 4110 2352 4165 pro
2366 4093 2568 4165 quibus
2592 4095 2709 4149 ista
2726 4099 2918 4149 creata
2932 4100 3084 4162 sunt,
3103 4100 3157 4150 et
3179 4095 3497 4151 necessaria

1894 4182 2202 4253 praestabit.
2243 4183 2369 4237 Non
2414 4182 2563 4253 quod
2606 4182 2685 4237 eis
2719 4184 2939 4254 potiora
2967 4184 3292 4255 praestiterit
3324 4200 3495 4257 quam

1894 4271 2072 4337 nobis,
2096 4271 2195 4326 sed
2216 4288 2286 4325 ne
2316 4272 2645 4326 interiorem
2668 4272 2941 4328 habentes
2969 4274 3213 4344 gratiam
3244 4273 3493 4345 pulchri-

1891 4360 2124 4427 tudinis,
2171 4361 2316 4415 hanc
2358 4360 2692 4416 exteriorem
2725 4362 3072 4417 diffidentius
3110 4363 3487 4435 requiramus.

1893 4444 2170 4522 COOperta
2205 4456 2396 4504 autem
2437 4450 2685 4505 colorata
2712 4453 2903 4506 omnia
2923 4453 3053 4523 jure
3083 4452 3347 4507 dicuntur
3383 4452 3491 4508 etsi

1890 4544 2194 4593 nascantur
2225 4556 2236 4592 :
2264 4554 2378 4592 non
2407 4539 2555 4610 quod
2585 4540 2830 4594 exterius
2857 4539 3012 4595 aliud
3039 4540 3287 4596 habeant
3322 4532 3489 4613 tequ

1890 4628 2269 4693 mentum,sed
2280 4627 2402 4699 ipse
2422 4628 2575 4682 color
2588 4629 2751 4699 juxta
2766 4629 2995 4683 modum
3024 4629 3320 4684 locutionis
3348 4646 3479 4685 coo-

1890 4717 2268 4788 perimentum
2294 4716 2519 4771 dicitur.
2537 4717 2684 4771 Nam
2698 4718 2808 4773 ista
2819 4734 2967 4790 sape
2989 4718 3259 4774 dicimus:
3282 4717 3491 4791 Coope-

1890 4807 2006 4862 ruit
2033 4823 2161 4860 eum
2192 4806 2390 4877 pallor,
2420 4811 2521 4860 aut
2552 4806 2754 4874 rubor;
2786 4808 3077 4880 cooperuit
3100 4826 3229 4864 eum
3259 4810 3486 4865 caecitas

1890 4911 1990 4950 seu
2022 4895 2229 4949 macies
2266 4894 2534 4966 corporis,
2580 4900 2638 4949 et
2674 4896 2810 4950 talia
2837 4897 3161 4968 hujusmodi
3191 4916 3313 4971 quae
3342 4898 3490 4953 infra

1890 5001 2090 5056 corpus
2143 4985 2304 5038 ﬁunt.
2362 4984 2542 5054 Igitur
2584 4984 2725 5039 nulli
2764 4984 3000 5041 dubium
3032 4987 3180 5058 quod
3209 4988 3377 5043 sicuti
3403 4991 3489 5042 est

1890 5074 2116 5129 habitus
2144 5073 2337 5141 animi,
2358 5073 2442 5128 ita
2468 5078 2554 5128 est
2582 5078 2640 5128 et
2659 5073 2886 5130 habitus
2912 5075 2974 5130 in
3005 5092 3255 5148 corpore,
3297 5081 3354 5131 et
3390 5076 3488 5130 ha-

1888 5164 2040 5219 bitus
2073 5168 2228 5218 extra
2270 5180 2491 5235 corpus.
2536 5165 2711 5219 Porro
2759 5165 3059 5221 candorem
3101 5165 3206 5220 lilii
3252 5165 3488 5238 quilibet

1889 5254 2129 5308 vestitus
2155 5253 2325 5319 color,
2342 5253 2593 5324 quamvis
2617 5255 2794 5326 possit
2821 5254 3096 5323 aemulari,
3136 5255 3291 5310 nullo
3318 5257 3486 5313 modo

1891 5348 2079 5397 tamen
2101 5341 2377 5412 coaequari
2405 5347 2608 5413 potest.
2646 5343 2717 5398 Et
2737 5343 2861 5398 ideo
2890 5344 2938 5398 si
2961 5344 3101 5398 talia
3126 5343 3326 5399 tribuit
3361 5346 3481 5412 uni,

1889 5431 2119 5487 cuilibet
2153 5447 2219 5484 ex
2251 5430 2516 5497 oleribus,
2556 5431 2697 5486 nihil
2735 5432 3103 5489 dubitandum
3139 5433 3480 5502 Christiano,

1889 5525 2075 5587 357
2140 5520 2289 5591 quod
2342 5537 2471 5575 eum
2520 5536 2771 5594 unquam
2807 5520 3012 5578 debeat
3048 5520 3307 5578 fraudare
3350 5538 3483 5593 pro-

1888 5626 2090 5666 mlSSlS.
