3918 6176
467 271 570 330 311

1236 281 1292 336 S.
1337 281 1718 344 PASCHASII
1756 288 2118 350 RADBERTI
2157 293 2462 352 ABBATIS
2500 291 2993 358 COBBEIENSIS.

3587 305 3673 365 312

3507 365 3543 394 \J

540 398 604 456 Si
640 402 791 455 enim
819 403 1014 470 fenum
1038 406 1184 473 agri,
1212 408 1356 475 quod
1374 409 1530 464 hodie
1560 415 1633 470 est
1659 417 1708 465 et
1737 427 1858 466 cras
1882 417 1944 469 in
1974 419 2281 479 cli-Adum
2334 419 2599 474 sollicitat
2648 419 2920 484 animum,
2964 419 3132 490 hujus
3167 421 3288 477 vita:
3319 423 3454 480 curis
3487 427 3670 500 fatigat.

472 490 680 544 banum
720 494 992 559 mittitur,
1017 495 1156 548 Deus
1185 497 1264 548 sic
1291 500 1468 561 vestit,
1509 504 1716 566 quanto
1744 506 1922 569 magis
1951 521 2055 572 vos,

470 579 695 632 modicas
730 581 898 646 ﬁdei?
930 581 1075 651 Ergo
1109 581 1237 636 ﬁdei
1275 589 1478 639 nostrae
1508 585 1882 643 inviolabilem
1927 608 2063 647 con-

469 666 763 722 ﬁdentiam
791 670 1168 740 exemplorum
1198 672 1532 727 auctoritate
1561 675 1828 732 divinitus
1857 682 2064 735 conﬁr-

469 761 608 822 mat,
662 762 727 810 ut
764 757 901 810 nulli
941 758 1024 810 fas
1066 758 1140 812 sit
1174 759 1477 830 ambigere,
1511 763 1647 819 dum
1676 771 1791 820 tam
1825 769 2064 825 evidenti

469 845 805 900 documento
835 845 1090 900 dubietas
1121 847 1394 915 aufertur,
1427 856 1483 905 et
1511 855 1879 924 promissione
1911 859 2066 913 Chri-

469 934 542 988 sti
607 934 920 1004 inﬁdelitas:
947 943 1350 1008 propugnatur.
1387 941 1446 995 Si
1477 942 1625 996 enim
1672 945 1882 1013 fenum,
1917 949 2064 1018 quod

2147 509 2251 574 Qui
2281 525 2412 580 ergo
2442 509 2511 562 de
2560 508 2683 562 istis
2728 514 2950 562 tantum
2981 511 3217 565 confisus
3260 518 3342 566 est
3379 530 3410 566 a
3453 515 3672 586 Domino,

2145 599 2342 653 saltem
2363 599 2640 652 modicam
2668 597 2840 652 habet
2864 599 3030 652 ﬁdem
3065 618 3077 652 :
3112 600 3205 670 qui
3232 606 3408 655 autem
3441 604 3598 660 adhuc
3621 609 3676 662 de

2144 688 2234 742 his
2253 687 2526 742 sollicitus
2558 693 2660 752 est,
2695 687 2937 741 inﬁdelis
2967 695 3241 743 censetur.
3288 692 3436 746 Unde
3484 710 3596 748 rara
3634 703 3681 751 et

2147 793 2453 848 paucorum
2487 782 2572 830 est
2599 776 2845 848 perfecta
2872 777 3028 831 ﬁdes.
3067 778 3134 832 Et
3160 778 3280 833 ideo
3314 780 3566 836 dubitanti
3597 785 3677 838 ad-

2147 866 2255 920 huc
2295 867 2481 931 Petro,
2520 871 2646 936 post
2681 866 2906 920 Domini
2940 867 3267 936 jussionem,
3301 876 3438 923 recte
3465 870 3676 926 dicitur:

2147 957 2367 1009 Modica:
2380 956 2509 1022 ﬁdei
2534 971 2706 1023 quare
2737 956 3007 1009 dubitasti
3051 958 3260 1023 (Matth.
3293 973 3397 1025 xw,
3430 956 3546 1028 31)?
3578 961 3685 1024 Qui-

469 1023 635 1077 hodie
680 1029 784 1088 est,
825 1029 995 1079 tanta).
1024 1024 1329 1081 viriditatis
1370 1029 1568 1085 decore
1596 1034 1850 1102 vestitur,
1885 1054 2066 1107 quan-
2147 1060 2367 1114 cunque
2398 1060 2532 1114 ergo
2562 1042 2786 1096 dubitat
2813 1043 2871 1096 in
2922 1044 3110 1116 aliquo
3158 1023 3537 1118 praeceptorum
3578 1047 3682 1115 Dei,

469 1117 528 1166 to
585 1112 767 1181 magis
812 1129 908 1167 eos
957 1114 1161 1170 vestire
1210 1123 1391 1187 parat,
1447 1137 1585 1190 quos
1627 1129 1849 1180 aeternae
1887 1127 2064 1181 socie-

469 1200 603 1254 tatis
630 1200 932 1272 participes
957 1201 1131 1256 fecit?
1160 1205 1224 1258 Et
1243 1222 1367 1259 eras
1396 1209 1459 1260 in
1484 1211 1769 1266 clibanum
1791 1217 2060 1269 mittitur.

468 1287 577 1343 Ubi
607 1289 704 1342 alii
733 1290 968 1356 codices,
989 1295 1051 1345 in
1080 1295 1264 1361 ignem
1282 1294 1639 1352 habent.Nee
1663 1300 1896 1357 dubium
1928 1305 2063 1374 quin

467 1377 529 1431 in
558 1376 746 1448 ignem
775 1379 1054 1446 mittatur,
1078 1397 1206 1436 cum
1231 1399 1456 1439 necesse
1484 1387 1672 1454 fuerit,
1709 1390 1836 1446 licet
1866 1393 1933 1446 ad
1959 1395 2063 1449 hoc

469 1466 733 1521 inhabilis
761 1467 1056 1536 habeatur,
1089 1471 1187 1524 sed
1217 1472 1287 1526 ad
1318 1490 1453 1528 usus
1469 1476 1856 1546 jumentorum
1879 1485 2064 1553 potius

471 1562 743 1610 servatur.
783 1557 958 1612 Porro
1009 1558 1066 1612 in
1110 1559 1388 1616 clibanum
1429 1567 1606 1636 magis
1657 1570 1871 1640 tropice
1914 1573 2064 1629 mitti

2146 1133 2232 1187 vel
2282 1133 2469 1186 minus
2520 1149 2584 1186 ex
2631 1149 2696 1186 eo
2744 1133 2992 1200 conﬁdit,
3035 1150 3200 1205 quam
3242 1135 3486 1206 promisit
3522 1144 3686 1206 potens

2147 1221 2583 1287 Deus,modicus
2613 1227 2700 1276 est
2730 1222 2859 1277 ﬁde.
2895 1223 3039 1277 Hinc
3067 1240 3285 1295 quoque
3327 1224 3546 1280 Jacobus
3568 1245 3578 1279 :
3604 1228 3688 1294 Qui

2147 1313 2358 1380 indiget
2377 1314 2669 1381 sapientia,
2684 1315 2918 1380 postulet
2931 1329 3051 1366 eam
3064 1330 3130 1366 ea:
3149 1315 3269 1380 ﬁde,
3290 1315 3429 1367 nihil
3443 1315 3685 1380 haesitans;

2147 1403 2281 1468 quia
2309 1403 2410 1469 qui
2429 1401 2638 1454 haesitat
2664 1403 2866 1455 similis
2888 1405 3172 1471 est/luctui
3191 1405 3379 1464 maris,
3397 1407 3487 1472 qui
3510 1421 3541 1456 a
3563 1408 3690 1456 vento

2147 1494 2397 1544 movetur
2431 1493 2567 1561 (Jac.
2631 1504 2674 1556 Ι,
2725 1488 2796 1556 5).
2832 1490 2992 1554 Quod
3039 1490 3087 1543 si
3129 1491 3186 1544 in
3227 1491 3422 1545 divinis
3475 1492 3692 1546 haesitare

2148 1578 2465 1634 Christiano
2486 1595 2597 1632 non
2622 1579 2898 1644 convenit,
2928 1579 2986 1632 in
3007 1580 3268 1634 humanis
3289 1586 3344 1634 et
3364 1581 3569 1634 caducis
3593 1587 3695 1651 post

472 1643 697 1709 dicitur,
733 1645 864 1716 quia
884 1647 1018 1700 dum
1048 1649 1331 1720 colligitur
1363 1655 1507 1724 quod
1532 1655 1697 1711 hodie
1735 1659 1947 1716 virebat
1965 1664 2094 1740 de-r
2147 1668 2423 1740 promissa
2469 1668 2746 1739 quomodo
2793 1643 2972 1722 ﬁdelis
2998 1668 3255 1723 dubitare
3301 1669 3536 1740 poterit?
3575 1643 3694 1733 Quid

471 1749 598 1786 core
619 1733 1069 1805 pulchritudinis,
1105 1755 1228 1793 cras
1265 1739 1324 1794 in
1371 1758 1629 1798 acervum
1679 1748 1940 1805 mittitur.
1998 1733 2318 1828 EtBigitur
2337 1733 2504 1827 fugis,
2525 1756 2841 1811 Christiane
2861 1757 2888 1810 ?
2907 1759 3129 1821 Quanto
3151 1759 3331 1829 magis
3359 1759 3416 1811 in
3445 1757 3694 1829 promissis

470 1821 576 1875 hoc
601 1828 688 1877 est
714 1823 772 1877 in
800 1823 1080 1880 clibanum
1109 1828 1353 1897 mittere,
1387 1834 1650 1902 quoniam
1679 1853 1908 1893 acervus
1947 1841 2057 1907 ille,

471 1910 605 1980 quia
631 1912 868 1966 formam
901 1914 1105 1970 clibani
1135 1919 1415 1990 exprimit,
1443 1923 1573 1993 jure
1602 1925 1850 1983 clibanus
1879 1931 2061 1985 nomi-

468 2005 657 2057 natur.

539 2091 755 2157 Quanto
777 2096 953 2160 magis
999 2111 1104 2161 vos,
1143 2100 1367 2153 modica
1395 2103 1524 2168 ﬁdei
1549 2110 1573 2156 ?
1608 2104 1945 2162 subauditur
1973 2125 2060 2163 ve-

468 2181 611 2232 stiet.
642 2179 825 2250 Igitur
849 2181 980 2252 quia
1009 2200 1232 2264 omnem
1263 2187 1525 2244 ﬁduciam
1571 2199 1822 2248 nostram
1863 2196 1920 2250 in
1951 2198 2059 2252 ﬁde

467 2269 987 2339 repromissionum,
1018 2279 1076 2328 et
1101 2276 1220 2346 ipse
1251 2280 1624 2350 perceptionis
1652 2289 1822 2355 atque
1853 2286 2058 2343 virtute

468 2373 572 2411 sua
587 2360 901 2428 majestatis
929 2365 1231 2433 persuadet
1259 2368 1537 2434 collocari,
1563 2388 1697 2426 cura
1720 2390 1910 2429 rerum
1933 2378 2060 2448 qui-

463 2445 569 2502 bus
614 2447 932 2520 indigemus
974 2454 1200 2523 omissa,
1231 2456 1616 2516 indubitanter
1653 2463 1723 2518 ab
1763 2481 1828 2519 eo
1871 2469 2061 2523 omnia

469 2542 727 2608 expetere
759 2539 939 2609 jubet,
993 2559 1028 2597 a
1072 2561 1182 2615 quo
1226 2551 1283 2600 et
1335 2547 1442 2619 ipsi
1498 2551 1716 2606 vivendi
1770 2557 2058 2612 exordium

466 2627 828 2699 sumpsimus,
861 2630 1002 2685 nihil
1023 2632 1347 2691 haesitantes
1361 2637 1430 2692 de
1457 2640 1724 2708 minimis,
1743 2661 1865 2715 qua;
1893 2647 2059 2701 coele-

2146 1846 2247 1901 Dei
2289 1845 2649 1913 haesitaveris,
2681 1851 2839 1900 tanto
2891 1847 3077 1901 minus
3127 1847 3373 1902 invenies
3407 1863 3502 1918 pro
3529 1846 3696 1917 quibus

2145 1935 2417 1990 sollicitus
2439 1935 2696 1989 desudas.
2733 1937 2801 1990 Et
2832 1935 2896 2002 si,
2932 1935 3183 1991 bonitate
3214 1936 3314 1990 Dei
3341 1936 3502 1990 etiam
3529 1935 3696 1990 dubius

2145 2025 2424 2096 acceperis
2444 2025 2592 2095 quod
2620 2025 2855 2080 sollicite
2885 2026 3153 2096 quaesisti,
3180 2043 3294 2080 non
3313 2032 3410 2080 tua
3426 2024 3697 2079 sollicitudo

2142 2113 2196 2168 id
2227 2114 2352 2168 fecit
2386 2113 2658 2181 inefﬁcax,
2692 2115 2789 2188 sed
2821 2115 2922 2169 Dei
2953 2115 3204 2186 largitas,
3239 2115 3333 2186 qui
3363 2115 3529 2168 solem
3559 2129 3696 2168 suum

2142 2204 2276 2258 oriri
2304 2204 2438 2257 facit
2469 2220 2636 2276 super
2667 2203 2840 2258 bonos
2871 2209 2928 2258 et
2947 2205 3143 2258 malos.

2212 2293 2328 2349 Scit
2352 2296 2503 2348 enim
2523 2296 2686 2347 Pater
2710 2299 2883 2350 vester
2903 2297 3036 2362 quia
3062 2295 3148 2347 his
3187 2297 3438 2348 omn-ibus
3455 2294 3698 2360 indigetis.

2141 2383 2366 2436 Patrem
2389 2382 2562 2453 igitur
2591 2382 2661 2436 ad
2695 2381 3025 2436 memoriam
3048 2383 3296 2437 ﬁliorum
3320 2387 3548 2447 revocat,
3578 2386 3633 2434 ut
3649 2395 3700 2432 ex

2143 2490 2207 2527 eo
2237 2473 2304 2527 de
2327 2472 2477 2527 illius
2498 2471 2748 2526 bonitate
2769 2477 2939 2543 atque
2961 2473 3314 2543 providentia
3327 2472 3527 2543 absque
3544 2468 3702 2524 saeculi

2141 2579 2275 2618 cura
2305 2562 2614 2617 securiores
2646 2561 2862 2616 reddat.
2888 2561 3046 2616 Unde
3067 2561 3222 2629 alibi,
3255 2569 3316 2617 ut
3349 2561 3598 2616 certiores
3619 2574 3703 2613 nos

2139 2652 2382 2706 faceret:
2405 2650 2468 2705 Si
2495 2668 2622 2720 ergo
2659 2667 2768 2715 vos,
2792 2650 2994 2722 inquit,
3030 2667 3159 2704 cum
3189 2655 3310 2706 sitis
3339 2653 3492 2716 mali,
3533 2649 3704 2702 nostris

466 2715 575 2770 stia
596 2722 652 2770 et
672 2723 900 2786 aeterna,
927 2720 1139 2793 absque
1164 2726 1281 2780 ulla
1311 2728 1680 2800 ambiguitate
1719 2750 1963 2805 sperare,
2006 2742 2064 2790 et
2147 2743 2284 2795 bona
2318 2743 2448 2793 data
2477 2715 2611 2793 dare
2638 2742 2774 2807 ﬁliis
2804 2715 3242 2808 vestris,quanto
3264 2742 3438 2808 magis
3472 2741 3619 2794 Pater
3634 2752 3704 2790 ve-

461 2821 564 2876 per
586 2806 915 2877 patientiam
933 2819 1256 2883 exspectare
1273 2816 1658 2876 debemus.Sic
1677 2823 1826 2877 enim
1849 2825 1917 2878 de
1945 2831 2061 2879 ter-

463 2894 617 2947 renis
647 2900 704 2949 et
727 2898 950 2952 caducis
981 2899 1472 2974 rebus,promissis
1504 2909 1626 2978 ejus
1647 2926 1758 2964 non
1782 2912 2060 2968 credimus

464 2998 535 3036 ne
566 2984 787 3039 solliciti
810 2987 1002 3054 simus,
1032 2995 1087 3042 et
1117 2996 1310 3046 tamen
1339 2993 1408 3047 ab
1438 3012 1522 3060 eo,
1550 2998 1678 3052 licet
1701 2999 1926 3070 ingrati,
1952 3003 2060 3058 ista

2143 2831 2414 2883 sterdabit
2425 2832 2690 2897 spiritum
2703 2831 2904 2882 bonum
2923 2832 3236 2898 petentibus
3248 2837 3328 2884 se?
3350 2825 3631 2892 sMatt.vn,l
3646 2825 3662 2881 l
3675 2827 3704 2891 .)

2143 2919 2228 2972 Ad
2258 2919 2406 2989 quod
2445 2918 2748 2972 inﬁdelitas
2793 2918 2935 2972 forte
2973 2918 3200 2973 dictura
3237 2938 3247 2972 :
3299 2918 3436 2973 Novi
3465 2917 3587 2988 quia
3619 2913 3706 2968 scit

2143 3023 2244 3061 nos
2269 3006 2354 3060 his
2383 3023 2567 3077 egere,
2601 3008 2696 3061 sed
2727 3008 2912 3062 nescio
2939 3013 3128 3062 utrum
3163 3010 3305 3063 dare
3355 3008 3498 3062 velit.
3531 3005 3703 3068 Stulte,

462 3070 802 3141 percipimus
827 3093 838 3127 :
897 3077 1177 3145 quomodo
1221 3080 1520 3137 invisibilia
1549 3091 1605 3139 et
1635 3088 1878 3143 caelestia
1911 3097 2060 3145 recte
2074 3098 2121 3160 C
2143 3097 2366 3150 Patrem
2382 3070 2564 3161 audis,
2582 3103 2639 3150 et
2658 3097 2728 3150 de
2742 3098 3025 3151 voluntate
3041 3097 3316 3153 dubitas?
3339 3098 3470 3163 Quis
3487 3109 3706 3166 unquam

461 3161 795 3230 speramus?
825 3163 927 3216 Vel
953 3167 1232 3234 quomodo
1260 3175 1595 3228 aeternorum
1621 3178 1908 3246 promissis
1937 3179 2059 3234 abs-

462 3264 572 3319 que
623 3249 884 3321 ambiguo
933 3256 1230 3325 credimus,
1283 3262 1377 3331 qui
1418 3280 1520 3317 nec
1559 3265 1627 3320 de
1668 3267 1793 3321 istis
1819 3269 2055 3325 ﬁdentes

460 3337 698 3392 sumus?
728 3340 795 3395 Et
823 3342 948 3396 ideo
977 3345 1057 3399 sic
1085 3348 1360 3404 exclamat
1386 3351 1523 3406 tuba
1551 3355 1820 3417 veritatis,
1855 3366 2054 3429 quate-

461 3441 568 3480 nus
589 3427 659 3482 de
679 3429 766 3483 his
793 3436 846 3485 et
868 3433 1128 3488 ﬁduciam
1143 3437 1302 3492 nobis
1329 3439 1568 3512 ingerat,
1588 3450 1644 3498 et
1662 3427 2054 3504 inﬁdeli—tatem

462 3516 814 3574 condemnet.
854 3521 1184 3580 Permodica
1209 3527 1385 3598 igitur
1421 3531 1558 3586 fides
1588 3537 1690 3600 est,
1722 3535 1768 3588 si
1798 3536 1936 3590 ﬁdes
1967 3538 2057 3592 di-

461 3607 638 3660 cenda
668 3613 770 3676 est,
826 3626 947 3681 quae
977 3629 1079 3666 nec
1107 3615 1176 3669 de
1205 3617 1452 3674 minimis
1480 3620 1824 3678 immobilem
1869 3643 2053 3681 asser-

459 3694 673 3751 tionem
703 3705 950 3769 praestat.
1001 3703 1106 3758 Sed
1153 3707 1298 3776 quod
1349 3710 1507 3780 pejus
1537 3718 1622 3765 est
1663 3714 1862 3769 saltem
1909 3716 2054 3772 hanc

458 3787 624 3856 pauci
645 3787 948 3844 admodum
979 3792 1206 3862 habent,
1246 3797 1395 3860 ideo,
1443 3802 1592 3870 quod
1628 3803 1760 3857 alibi
1782 3805 2052 3861 Dominus

459 3874 714 3943 damnat,
745 3880 893 3935 curis
942 3885 1131 3938 saeculi
1180 3891 1236 3940 et
1271 3888 1738 3947 sollicitudinibus
1779 3895 2054 3950 suffocant

457 3965 690 4021 verbum
736 3969 936 4024 divinae
985 3975 1414 4045 praedicationis,
1468 3996 1570 4034 nec
1615 3982 1866 4038 referunt
1923 3985 2053 4040 ﬁdei

459 4053 724 4120 fructum,
774 4064 840 4112 ut
881 4076 1101 4115 omnem
1143 4081 1301 4134 spem
1353 4067 1476 4121 vitaz
1508 4086 1623 4125 sum
1671 4073 1922 4128 Creatori
1951 4092 2052 4130 suo

459 4145 838 4215 committant,
865 4153 923 4201 et
937 4165 1058 4219 quae
1085 4152 1334 4208 coelestia
1360 4163 1510 4226 sunt,
1538 4161 1762 4229 justitia
1784 4163 2049 4233 dictante,

457 4235 704 4302 primum
726 4243 996 4304 quaerant.

531 4322 715 4376 Nolite
734 4340 858 4392 ergo
885 4331 1110 4383 solliciti
1128 4347 1250 4399 esse,
1283 4335 1519 4389 dicentes
1542 4355 1557 4390 :
1583 4338 1728 4404 Quid
1748 4344 2049 4398 manduca-

2143 3185 2318 3240 bonus
2347 3189 2507 3256 pater
2534 3186 2736 3240 clausit
2764 3186 2977 3240 viscera
2994 3202 3096 3240 sua
3118 3188 3276 3242 ﬁdeli
3306 3187 3455 3242 ﬁlio?
3486 3187 3549 3240 Et
3566 3184 3609 3239 si
3625 3199 3707 3254 pro

2139 3274 2298 3329 nobis
2333 3275 2558 3346 proprio
2608 3275 2747 3328 Filio
2778 3291 2890 3329 non
2920 3275 3191 3346 pepercit,
3238 3277 3373 3348 quid
3403 3275 3563 3329 habet
3581 3270 3706 3344 quod

2137 3381 2344 3435 negare
2368 3363 2606 3418 debeat?
2626 3365 2853 3429 Quoties
2886 3381 3018 3435 ergo
3043 3382 3157 3420 non
3189 3366 3398 3437 accipis
3416 3363 3556 3436 quod
3579 3364 3709 3433 juste

2137 3459 2330 3520 359
2344 3453 2565 3524 quaeris;
2595 3470 2706 3507 non
2728 3454 2895 3520 illius,
2909 3454 3006 3508 sed
3027 3459 3125 3508 tua
3147 3456 3400 3526 pravitas
3428 3451 3707 3547 vel‘inﬁdeo-

2138 3543 2267 3597 litas
2295 3543 2443 3597 facit.
2481 3542 2632 3596 Nihil
2659 3542 2808 3596 enim
2838 3543 2968 3597 filiis
3000 3545 3294 3614 potentius
3317 3543 3473 3598 dedit
3501 3540 3621 3606 ﬁde,
3642 3540 3712 3593 ni-

2135 3633 2214 3686 hil
2244 3632 2441 3686 fortius
2485 3631 2779 3692 charitate,
2820 3631 2956 3685 nihil
2986 3633 3330 3704 locupletius
3371 3650 3485 3705 spe.
3521 3629 3707 3686 Idcirco

2136 3722 2453 3793 quicunque
2505 3721 2593 3774 his
2648 3720 2828 3775 tribus
2874 3721 3142 3787 abundat,
3178 3724 3377 3778 omnia
3417 3723 3474 3776 in
3515 3717 3710 3776 Christo

2134 3816 2334 3882 potest,
2369 3815 2426 3864 et
2453 3826 2555 3881 per
2575 3827 2705 3864 eum
2733 3817 2937 3866 cuncta
2965 3811 3234 3882 possidet.
3471 3823 3473 3825 '

2206 3901 2439 3966 Quwrite
2456 3901 2710 3967 primum
2737 3916 2971 3968 regnum
2995 3902 3111 3966 Dei,
3135 3906 3184 3955 et
3220 3903 3502 3967 iustitiam
3529 3901 3651 3967 ejus,
3672 3897 3711 3948 εί

2135 3991 2325 4042 omnia
2341 3988 2449 4042 haec
2469 3990 2806 4056 adjicientur
2834 3991 2997 4043 vobis.
3018 3989 3276 4044 Primum
3288 3996 3500 4054 autem,
3525 4002 3627 4040 non
3655 3981 3712 4036 ad

2137 4077 2389 4131 ordinem
2439 4077 2793 4132 referendum
2821 4084 2975 4148 puto,
3009 4084 3064 4132 et
3104 4085 3303 4149 postea
3350 4080 3462 4132 ista
3489 4087 3714 4149 querere

2135 4167 2458 4234 debeamus,
2473 4167 2568 4221 sed
2599 4167 2788 4220 omnia
2817 4167 3167 4239 haec,inquit,
3201 4168 3544 4240 adjicientur
3559 4162 3710 4218 vobis.

2134 4257 2292 4312 Unde
2321 4256 2500 4327 magis
2529 4256 2600 4310 ad
2631 4257 3002 4327 quantitatem
3032 4257 3394 4312 referendum
3427 4263 3529 4322 est,
3561 4263 3623 4309 ut
3640 4267 3715 4306 ex-

2133 4351 2224 4400 tra
2250 4347 2354 4400 hoc
2377 4346 2516 4400 nihil
2546 4346 2907 4416 quaerendum
2925 4346 3025 4413 sit;
3062 4348 3197 4418 quia
3219 4365 3356 4402 cum
3386 4365 3452 4402 eo
3481 4345 3717 4400 universa

461 4410 661 4478 bimus,
686 4417 935 4482 autquid
948 4418 1208 4486 bibemus,
1222 4427 1436 4492 autquo
1452 4429 1766 4492 operiemur
1783 4435 1806 4481 ?
1825 4431 2050 4486 Plenius
2067 4421 2116 4480 D
2134 4435 2390 4489 ﬁdelibus
2406 4410 2876 4500 condonantur,et
2894 4435 3020 4490 ideo
3035 4436 3172 4490 dicit
3187 4455 3200 4491 :
3218 4439 3459 4504 Quaerite
3481 4437 3716 4505 prunam

456 4499 632 4572 igitur
661 4501 904 4558 inculcat
934 4511 989 4559 et
1006 4509 1252 4576 revolvit,
1274 4517 1461 4578 358
1489 4515 1760 4587 quidquid
1792 4535 1826 4572 a
1851 4520 2053 4590 princi-

459 4589 552 4660 pio
574 4593 848 4648 sermonis
861 4594 1139 4663 docuit,ut
1157 4616 1348 4655 omnes
1373 4603 1676 4660 Christiani
1696 4607 1903 4680 absque
1916 4627 2053 4681 prm-

458 4679 632 4734 sentis
662 4681 786 4736 vitae
815 4684 1187 4742 sollicitudine
1219 4691 1398 4747 vitant
1435 4695 1566 4765 quia
1607 4679 1934 4753 sollicitudo
1947 4717 2050 4755 saa-

458 4769 568 4822 culi
601 4771 835 4826 suffocat
862 4774 1111 4843 verbum,
1131 4795 1200 4832 ne
1213 4780 1420 4837 Christi
1451 4785 1611 4840 miles
1639 4787 1816 4857 possit
1843 4789 2050 4844 referre

456 4857 720 4915 fructum.
756 4860 802 4916 Ο
842 4861 1143 4921 inﬁdelitas
1165 4872 1599 4939 praecordiorum
1626 4875 1637 4928 l
1669 4881 1890 4931 tantum
1920 4895 2049 4949 pre-

456 4947 564 5001 mis
593 4949 762 5004 eorda
781 4951 1166 5023 hominum,ut
1180 4959 1264 5012 vix
1279 4961 1524 5033 aliquem
1551 4964 1717 5019 liceat
1731 4967 1800 5020 ad
1823 4967 2048 5037 plenum

455 5037 731 5109 respirare
760 5041 830 5095 ad
860 5060 1110 5114 superos.
1145 5048 1261 5102 Hac
1291 5051 1493 5123 quippe
1514 5053 1888 5111 sollicitudine
1908 5074 2049 5127 pene

456 5143 650 5183 omnes
676 5139 1029 5201 premuntur,
1043 5136 1212 5192 etiam
1240 5140 1540 5211 aliquando
1563 5149 1620 5196 et
1639 5143 1743 5215 ipsi
1776 5145 1870 5215 qui
1897 5163 2047 5200 mor-

453 5217 540 5271 tui
557 5218 819 5275 videntur
838 5224 1058 5280 seculo.
1087 5225 1252 5282 Unde
1271 5246 1372 5300 pro
1393 5231 1539 5286 victu
1569 5238 1624 5286 et
1654 5234 1855 5289 vestitu
1879 5252 2047 5305 quam

453 5323 600 5378 saepe
631 5311 1098 5369 scandalizantur.
1133 5317 1327 5372 Infelix
1370 5337 1502 5390 ergo
1535 5338 1727 5378 eorum
1759 5325 2042 5395 perfectio,

453 5393 590 5450 dum
618 5414 719 5468 pro
748 5399 834 5454 his
863 5404 1086 5459 solliciti
1113 5407 1417 5476 gentilibus
1449 5393 1826 5482 coaequantur.

526 5485 866 5556 Ileeomnia,
902 5492 1100 5565 inquit,
1138 5503 1318 5564 gentes
1358 5501 1679 5569 inquirunt.
1713 5503 1792 5557 Ac
1817 5521 1918 5574 per
1942 5505 2045 5560 hoc

451 5574 584 5646 quid
615 5578 856 5651 amplius
876 5581 1043 5639 habet
1070 5587 1512 5661 agentili,cujus
1540 5590 1721 5648 adhuc
1741 5593 2044 5652 inﬁdelitas

2135 4541 2367 4592 regnum.
2387 4527 2503 4590 Dei,
2536 4540 2601 4577 ac
2631 4524 2677 4577 si
2707 4541 2988 4578 summum
3009 4524 3240 4598 bonum,
3264 4525 3418 4597 quod
3437 4541 3548 4580 non
3576 4537 3720 4594 prop-

2131 4619 2221 4666 ter
2245 4613 2418 4678 aliud,
2441 4613 2537 4666 sed
2565 4619 2792 4684 propter
2823 4613 3067 4684 seipsum
3091 4619 3318 4685 oportet
3349 4629 3615 4686 quaarere,
3638 4625 3720 4664 ne-

2135 4719 2241 4773 que
2262 4702 2331 4755 ad
2351 4701 2503 4755 aliud
2527 4702 3178 4774 referendum,quoniam
3207 4704 3558 4775 adjicientur
3585 4697 3722 4753 vobis

2133 4790 2323 4844 omnia
2372 4790 2706 4855 necessaria,
2740 4808 2850 4845 non
2911 4791 3137 4862 quidem
3177 4799 3416 4864 prepter
3443 4809 3503 4846 se
3532 4789 3722 4859 ample-

2132 4879 2350 4944 ctenda,
2374 4879 2468 4933 sed
2505 4885 2568 4933 ut
2591 4880 2872 4950 justitiam
2903 4881 3142 4951 operari,
3177 4887 3234 4936 et
3258 4883 3332 4936 ad
3365 4897 3601 4953 regnum
3621 4874 3723 4931 feli-

2131 4985 2222 5024 ces
2238 4969 2572 5040 quandoque
2594 4970 2819 5040 possitis
2844 4977 3187 5040 contingere,
3211 4971 3470 5037 interim,
3501 4971 3629 5024 dum
3651 4982 3723 5019 es-

2131 5057 2204 5111 tis
2237 5057 2294 5111 in
2324 5057 2430 5121 via,
2461 5058 2689 5124 utenda,
2724 5075 2835 5112 non
2866 5064 3096 5130 propter
3120 5076 3179 5113 se
3208 5061 3465 5130 quidem,
3490 5059 3585 5114 sed
3605 5071 3725 5128 pro-

2131 5153 2256 5218 pter
2283 5146 2440 5204 illud.
2489 5147 2648 5201 Unde
2692 5148 2779 5201 his
2810 5154 3039 5202 utamur
3069 5149 3128 5202 in
3164 5149 3272 5213 via,
3321 5159 3600 5220 quatenus
3638 5144 3724 5198 illo

2129 5236 2383 5290 fruamur
2429 5235 2484 5290 in
2532 5237 2743 5306 patria;
2801 5238 2932 5308 quia
2959 5239 3074 5292 haec
3101 5239 3292 5292 omnia
3339 5246 3574 5311 propter
3600 5231 3726 5290 illud

2127 5325 2287 5380 nobis
2316 5331 2446 5379 sunt
2482 5325 2811 5392 necessaria,
2830 5327 2967 5381 illud
2987 5333 3174 5382 autem
3201 5336 3441 5399 propter
3465 5327 3722 5398 seipsum.

2129 5415 2271 5469 llinc
2293 5431 2424 5485 ergo
2444 5414 2649 5469 dicitur
2681 5433 2690 5467 :
2729 5417 2962 5483 Quarrite
2997 5421 3253 5485 primum
3285 5434 3531 5485 regnum
3559 5417 3653 5472 Dei
3681 5416 3725 5466 et

2123 5506 2403 5572 justitiam
2423 5507 2558 5574 ejus,
2579 5509 2626 5558 et
2654 5503 2844 5559 omnia
2870 5505 3003 5571 haec,
3033 5522 3154 5577 quae
3183 5513 3425 5578 propter
3451 5523 3578 5561 eum
3605 5507 3727 5558 sunt

2125 5591 2279 5650 vobis
2326 5593 2658 5663 necessaria,
2701 5594 3234 5669 superadjicientur.
3256 5595 3726 5670 Superadduntur
