3918 6176
197 284 328 374 .813
982 285 1362 346 EXPOSITIO
1401 289 1481 345 IN
1519 290 1974 349 MA'I'I'HEUM.
2018 322 2080 336 -—
2127 292 2264 349 LIB.
2304 292 2400 360 IV,
2442 289 2598 347 CAP.
2640 290 2763 346 VII.
3394 282 3496 342 314

234 417 430 477 autem,
468 410 603 482 quia
613 411 753 467 illud
780 427 958 468 unum
987 414 1169 469 solum
1196 418 1253 469 et
1281 416 1689 486 permaximum
1716 435 1818 473 ne—
1838 423 1890 481 Α
1908 420 2077 474 minis
2104 420 2311 475 servire
2335 438 2348 487 ;
2383 418 2512 491 quia
2535 418 2705 486 longe
2732 413 2843 468 alia
2871 418 2959 468 est
2975 409 3289 469 sollicitudo
3311 408 3497 471 seculi

234 501 533 557 cessarium
562 506 668 565 est,
702 501 761 556 in
791 518 902 573 quo
953 503 1137 557 omnis
1186 503 1523 560 sufﬁcientia
1573 507 1820 561 ﬁliorum
1841 560 1854 577 ,

231 590 584 662 adimpletur.
619 590 780 655 Quod
810 607 944 646 sane
965 592 1093 657 ﬁde,
1122 608 1220 664 spe
1248 598 1306 647 et
1324 594 1598 649 charitate
1626 596 1822 651 devote

231 679 356 735 satis
384 678 680 749 quaeritur,
699 679 765 743 si,
805 680 994 734 omnia
1025 698 1370 753 quaecunque
1399 683 1650 746 facimus,
1676 702 1823 756 quae-

228 783 439 839 cunque
457 767 739 838 cupimus,
769 784 991 840 semper
1020 769 1157 824 illud
1187 771 1245 826 in
1275 777 1463 826 mente
1494 773 1816 844 quaerimus.

230 856 325 913 Ubi
371 856 512 910 ordo
551 862 924 928 praeposterus
952 858 1218 914 decenter
1260 861 1398 916 satis
1446 868 1817 933 permutatur,

228 946 455 1013 (intrito
465 948 723 1013 primum
737 961 972 1014 regnum
985 948 1099 1009 Dei,
1118 948 1320 1004 deinde
1340 950 1574 1015 addidit,
1588 955 1819 1021 ctjusti-

229 1036 357 1088 twn;
374 1031 680 1102 cjus.Ergo
695 1033 850 1105 prius
862 1036 1164 1105 quaerenda
1179 1043 1265 1092 est
1275 1038 1505 1108 justitia
1522 1041 1700 1111 regni,
1721 1058 1823 1113 per

227 1138 389 1195 quam
434 1123 763 1194 pervenitur
786 1124 856 1178 ad
907 1124 1066 1191 illud,
1105 1126 1308 1181 deinde
1338 1145 1440 1199 per
1466 1131 1722 1185 eamdem
1751 1132 1820 1186 ad

224 1212 404 1284 ipsum
426 1211 900 1283 perveniendum;
935 1215 1068 1284 quia
1086 1231 1253 1271 nemo
1272 1218 1379 1272 nisi
1398 1219 1631 1289 justitiaa
1651 1237 1823 1293 opera

223 1302 578 1373 exsequendo
594 1302 730 1357 illud
753 1303 1004 1358 invenire
1025 1307 1253 1376 poterit.
1300 1309 1409 1362 Sed
1431 1309 1675 1380 primum
1697 1327 1822 1381 pro-

223 1391 427 1463 posuit,
455 1397 521 1445 ut
532 1392 908 1463 permulceret
922 1393 1417 1459 auditum,deinde
1450 1398 1642 1453 intulit
1650 1399 1821 1470 justi-

220 1482 349 1535 tiam
376 1480 840 1551 perquirendam,
872 1498 996 1553 quae
1026 1484 1163 1539 satis
1213 1485 1489 1541 laboriose
1530 1488 1815 1559 impletur.

222 1570 306 1635 Ut,
321 1569 373 1623 si
395 1570 671 1640 placuerit
688 1571 835 1641 quod
858 1573 1188 1642 permulcet,
1220 1575 1521 1646 impleatur
1540 1577 1820 1637 laboriose

222 1658 465 1728 justitia,
495 1674 665 1729 quam
694 1658 902 1731 ubique
928 1661 1140 1732 docuit,
1175 1664 1305 1719 licet
1336 1665 1525 1720 doleat
1552 1668 1699 1737 quod
1725 1669 1821 1738 ju-

1901 509 2012 563 alia
2041 510 2356 563 sollicitudo
2386 507 2620 578 justitiae
2644 505 2745 559 Dei
2774 521 2838 558 ac
2865 502 3042 574 regni.

1976 599 2268 653 Crastinus
2298 601 2446 651 enim
2467 599 2579 650 dies
2605 597 2873 648 sollicitus
2898 598 2972 647 est
3000 596 3107 648 sibi
3125 596 3383 664 ipsi.Non
3401 596 3500 650 illa

1903 688 2169 742 nimirum
2204 686 2580 741 sollicitudine
2605 684 2898 747 virtutum,
2953 683 3047 736 sed
3101 684 3498 749 sollicitudine,

1873 793 2027 847 -qu2e
2064 792 2176 830 non
2196 776 2302 830 nisi
2324 776 2547 840 timore,
2570 772 2795 843 gaudio,
2821 775 3147 834 etmoerore,
3172 790 3273 827 nec
3300 790 3411 828 non
3442 778 3501 828 et

1903 865 2186 918 anxietate
2203 880 2464 918 curarum
2485 869 2734 916 mentem
2764 859 3075 931 perturbat.
3108 860 3295 915 Unde:
3330 863 3499 931 Sufﬁ-

1901 955 2099 1007 citdiei
2114 956 2335 1007 malitia
2358 969 2479 1006 sua.
2496 952 2557 1005 Id
2584 956 2669 1004 est
2692 948 3007 1004 sollicitudo
3035 951 3327 1019 praesentis
3348 952 3495 1019 vitae,

1901 1048 2071 1113 atque
2099 1042 2366 1108 afﬂictio;
2415 1040 2564 1112 quod
2598 1040 2740 1091 κακία
2779 1038 3010 1093 verbum
3048 1039 3303 1093 Graecum
3335 1040 3503 1095 simul

1902 1137 2085 1197 sonat,
2117 1131 2388 1185 malitiam
2417 1128 2675 1183 videlicet
2705 1133 2762 1182 et
2789 1127 3168 1182 afﬁictionem.
3198 1128 3498 1183 Verumta-

1903 1236 2033 1274 men
2064 1224 2191 1284 πει
2206 1226 2238 1284 |
2281 1219 2372 1273 hic
2391 1217 2608 1271 malitia
2627 1216 2807 1286 magis
2830 1216 3122 1270 transferri
3150 1216 3370 1272 debuit:
3397 1217 3497 1272 sed

1904 1308 2121 1362 malitia
2140 1307 2352 1379 peccati
2372 1313 2482 1371 est,
2519 1322 2642 1377 quae
2671 1304 2879 1359 laboris
2906 1311 2962 1358 et
3007 1305 3304 1360 cruciatus.
3337 1306 3499 1361 Unde

1903 1397 2127 1468 quidem
2151 1396 2358 1450 sufﬁcit
2385 1395 2495 1449 diei
2531 1394 2769 1457 malitia,
2791 1393 2951 1447 labor
2967 1409 3100 1447 suus
3129 1400 3186 1447 et
3214 1394 3497 1464 angustia,

1901 1484 2109 1539 idcirco
2167 1484 2514 1555 superﬂuum
2547 1488 2653 1545 est,
2704 1481 2774 1535 de
2805 1481 3032 1535 incertis
3087 1481 3353 1552 cogitare.
3383 1483 3500 1537 Nos

1902 1579 2093 1628 tamen
2125 1590 2236 1628 non
2265 1572 2676 1636 contendimus,
2709 1587 2810 1641 pro
2839 1575 3079 1641 utraque
3093 1570 3309 1624 malitia
3330 1570 3503 1625 simul

1903 1662 2078 1733 accipi
2108 1663 2211 1716 hoc
2236 1662 2355 1716 loco
2379 1660 2619 1722 debere;
2674 1675 2842 1730 quam
2898 1675 3031 1712 sane
3064 1658 3337 1712 malitiam
3377 1675 3503 1730 pec-

220 1747 399 1801 betur.
434 1746 704 1818 Alioquin
724 1751 841 1803 nisi
852 1751 1228 1807 abundaverit
1245 1757 1475 1822 justitia
1495 1761 1673 1809 vestra
1686 1760 1813 1824 plus
1835 1737 1882 1797 Β
1899 1752 2076 1806 cando
2096 1752 2436 1805 incurrimus
2463 1768 2474 1803 :
2507 1766 2621 1804 non
2645 1748 2790 1820 quod
2814 1748 2934 1801 dies
2956 1747 3140 1801 malus
3171 1747 3375 1818 aliquis
3400 1764 3502 1819 per

158 1828 167 1831 ’
220 1850 381 1904 quam
410 1833 747 1890 Scribarum
768 1842 817 1890 et
845 1838 1402 1907 Pharisa’orummon
1440 1843 1729 1896 intrabitis
1755 1845 1818 1897 in

220 1940 455 1992 regnum
488 1929 767 1979 calorum.
815 1927 1045 1982 Iustitia
1090 1946 1223 2001 ergo
1271 1930 1433 2002 regni
1480 1931 1667 1986 omnia
1697 1948 1819 2003 quae

220 2013 483 2068 Christus
499 2014 710 2079 docuit,
734 2032 860 2071 cum
872 2016 1054 2072 tribus
1078 2019 1379 2089 prmmissis
1398 2020 1697 2075 virtutibus
1727 2021 1822 2075 ob-

218 2119 461 2169 servare,
482 2102 688 2186 deinde
715 2121 951 2176 regnum
966 2123 1235 2178 quaerere,
1255 2109 1432 2180 ipsam
1451 2104 1820 2182 eamdemque

216 2190 500 2262 justitiam
530 2208 641 2246 non
671 2192 742 2247 ob
770 2194 921 2249 aliud
958 2196 1221 2267 operibus
1260 2197 1589 2269 adimplere,
1619 2199 1727 2253 nisi
1758 2205 1822 2254 ut

226 2280 579 2351 gloriﬁcatur
604 2280 770 2345 Deus,
805 2289 998 2350 πω
1026 2290 1085 2339 et
1112 2302 1214 2340 nos
1244 2302 1345 2358 per
1373 2287 1563 2342 omnia
1588 2287 1670 2342 illi
1700 2289 1822 2360 pla-

223 2385 466 2427 ceamus.
494 2370 705 2425 Gentes
732 2373 884 2427 enim
931 2379 1158 2429 terrena
1208 2376 1511 2431 inﬁdeliter
1540 2383 1817 2448 quaerunt,

223 2458 422 2531 quibus
452 2476 588 2531 spes
616 2461 772 2515 nulla
812 2462 882 2517 de
929 2463 1133 2518 futuris
1184 2470 1553 2531 monstratur,
1585 2483 1689 2520 nec
1717 2467 1823 2520 ad-

223 2548 365 2620 optio
397 2549 545 2602 data
567 2555 670 2614 est,
705 2566 886 2622 neque
906 2551 964 2605 in
994 2552 1311 2608 ccelestibus
1335 2570 1571 2624 regnum
1595 2555 1822 2626 aliquod

217 2638 588 2709 permittitur.
605 2638 822 2694 Fideles
836 2657 971 2695 vero
988 2642 1122 2711 quia
1145 2643 1304 2697 electi
1321 2649 1455 2697 sunt
1467 2644 1537 2698 ad
1554 2644 1817 2714 gratiam,

215 2728 333 2797 jure
363 2727 486 2782 illis
515 2727 752 2783 dicitur:
790 2730 1024 2797 Quzrite
1053 2746 1142 2785 vos
1163 2735 1420 2800 primum
1451 2748 1685 2801 regnum
1700 2734 1814 2799 Dei,

219 2820 262 2869 et
279 2817 386 2870 haec
416 2819 621 2871 omnia
648 2818 989 2886 adjicientur
1005 2821 1172 2873 vobis.
1197 2820 1342 2884 Quia
1370 2820 1475 2875 etsi
1504 2820 1683 2876 bonus
1703 2838 1820 2875 om-

220 2904 393 2969 nibus,
430 2904 796 2961 credentibus
848 2907 1058 2961 scilicet
1085 2913 1141 2962 et
1175 2925 1288 2963 non
1315 2909 1689 2977 credentibus,
1728 2910 1817 2964 in-

223 2995 656 3065 pmsentiarum
705 2996 1060 3067 praedicatur,
1094 2997 1151 3052 in
1196 2999 1387 3053 futuro
1415 3004 1604 3054 tamen
1628 3001 1818 3071 justus

221 3084 422 3157 ubique
473 3084 815 3156 praedicitur.
841 3086 1000 3140 Unde
1038 3086 1182 3141 ﬁlios
1224 3094 1549 3158 praemonet,
1584 3090 1818 3160 quaerite

217 3173 460 3244 primum
498 3190 737 3244 regnum
774 3174 836 3228 in
866 3175 1063 3229 mundi
1090 3176 1306 3246 origine
1334 3184 1731 3248 praeparatum,
1766 3184 1824 3233 et

219 3262 272 3317 in
300 3262 620 3333 Evangelio
651 3264 1051 3335 repromissum
1078 3283 1091 3330 ;
1123 3265 1326 3319 deinde
1363 3267 1644 3337 justitiam
1675 3269 1817 3337 eius,

217 3352 341 3423 quia
380 3352 445 3407 in
470 3368 539 3407 eo
558 3352 748 3407 nullus
768 3352 1039 3424 reprobus
1059 3353 1335 3418 introibit,
1361 3355 1460 3409 sed
1482 3356 1678 3410 reddet
1696 3356 1819 3411 uni:

217 3441 413 3512 cuique
447 3457 549 3495 rex
580 3440 851 3495 virtutum
882 3446 1052 3512 prout
1077 3442 1401 3513 gessit.Qua
1426 3444 1496 3498 de
1526 3461 1695 3499 causa
1714 3445 1820 3499 vir-

216 3535 359 3585 tutes
387 3529 648 3595 studere,
681 3530 924 3585 ﬁliorum
955 3536 1037 3585 est
1064 3549 1076 3597 ;
1135 3549 1259 3602 quae
1292 3532 1485 3587 mundi
1514 3538 1649 3587 sunt
1675 3550 1821 3605 qua:-

220 3633 358 3678 rere,
369 3618 660 3690 gentium,
688 3618 745 3673 id
770 3623 857 3673 est
886 3619 1220 3674 inﬁdelium.
1253 3614 1660 3676 Verumtamen
1692 3622 1825 3693 quia

223 3707 468 3763 ﬁliorum
501 3713 639 3763 sunt
691 3708 899 3774 omnia,
929 3708 1134 3763 idcirco
1154 3709 1326 3764 etiam
1347 3718 1405 3765 et
1432 3727 1544 3765 non
1573 3728 1822 3782 quaeren-

221 3795 365 3852 tibus
393 3796 743 3868 adjicientur
769 3798 885 3853 haec
913 3798 1137 3865 omnia;
1181 3797 1382 3870 quibus
1412 3816 1539 3854 cum
1568 3799 1823 3855 substra-

222 3884 456 3951 huntur,
490 3886 561 3940 ad
597 3886 982 3958 probationem
1014 3888 1193 3954 ﬁunt;
1224 3905 1353 3942 cum
1403 3905 1533 3943 vero
1574 3888 1822 3961 praeben-

222 3977 415 4044 tur,ad
441 3975 762 4048 gratiarum
784 3976 1078 4043 actionem,
1103 3978 1369 4049 quoniam
1393 3978 1489 4049 qui
1516 3980 1823 4033 secundum

222 4066 575 4137 propositum
606 4070 742 4120 sunt
777 4065 975 4135 vocati,
1006 4066 1197 4121 omnia
1223 4066 1335 4121 illis
1362 4073 1739 4139 cooperantur
1765 4067 1822 4122 in

220 4151 453 4210 bonum.

285 4245 478 4299 Nolite
498 4246 731 4299 solliciti
757 4260 863 4298 esse
899 4244 964 4298 de
996 4247 1259 4298 crastino.
1285 4244 1372 4312 Et,
1410 4245 1457 4299 si
1488 4245 1777 4317 quaesieris
1808 4268 1821 4304 :

1903 1858 1962 1895 se
2008 1841 2349 1906 inveniatur,
2379 1839 2476 1894 sed
2523 1838 2655 1910 quia
2682 1838 2739 1891 in
2787 1853 2852 1891 eo
2881 1843 3122 1906 utraque
3152 1835 3302 1889 mala
3332 1837 3496 1890 ﬁunt.

1902 1930 2080 1994 Quam
2102 1928 2351 2000 denique‘
2372 1928 2518 1981 diem
2546 1926 2687 1980 bene
2706 1925 2808 1979 Job
2828 1930 2885 1979 et
2903 1924 3174 1979 Jeremias
3190 1925 3494 1988 intuentes,

1902 2018 2275 2083 maledicunt;
2300 2017 2431 2088 quia
2451 2032 2562 2070 non
2579 2016 2677 2069 illa
2699 2020 2785 2069 est
2807 2014 2926 2067 dies
2955 2030 3124 2085 quam
3153 2013 3283 2067 fecit
3304 2014 3498 2068 Domi-

1902 2125 2027 2174 nus,
2062 2108 2158 2162 sed
2181 2124 2348 2178 quam
2378 2105 2657 2160 adinvenit
2686 2103 2961 2167 diabolus,
2995 2103 3115 2157 dies
3147 2102 3344 2173 utique
3375 2119 3497 2156 ma-

1901 2197 2035 2252 litiae
2058 2202 2115 2251 et
2144 2196 2525 2262 tenebrarum,
2547 2194 2696 2249 unde
2724 2192 2931 2247 sufﬁcit
2949 2192 2999 2245 ei
3020 2191 3234 2245 malitia
3256 2208 3498 2256 sua,ncc

1902 2292 2031 2357 eget
2061 2286 2314 2341 alterius.
2357 2285 2503 2347 Quia
2553 2284 2602 2337 si
2650 2282 3144 2355 inpraesentiarum
3176 2281 3232 2335 in
3263 2281 3386 2335 luce
3412 2281 3511 2363 vix~

1903 2374 2279 2439 subsistimus,
2316 2379 2525 2445 quanto
2555 2373 2735 2444 magis
2766 2372 2812 2427 si
2863 2370 3136 2425 malitiam
3182 2370 3501 2425 futurorum

1902 2465 1961 2518 in
1984 2463 2352 2535 praesentibus
2371 2463 2765 2534 junxerimus?
2795 2462 2935 2516 Nam
2959 2462 3108 2515 curis
3132 2459 3501 2531 praesentibus

1904 2551 1986 2605 ita
2014 2567 2176 2605 mens
2205 2550 2465 2605 obruitur
2491 2557 2556 2605 ut
2607 2551 2694 2604 vix
2744 2551 2925 2604 lucem
2977 2548 3251 2619 respicere
3290 2552 3499 2618 queat;

1905 2645 2117 2710 quanto
2138 2640 2318 2709 magis
2338 2640 2384 2693 si
2401 2640 2571 2694 fuerit
2597 2639 2813 2692 malitia
2840 2638 3016 2709 ipsius
3035 2637 3146 2691 diei
3171 2632 3459 2707 geminata
3475 2636 3500 2688 ?

1905 2729 1977 2784 Et
1993 2729 2117 2783 ideo
2140 2735 2419 2801 praecepta
2446 2730 2542 2784 dat
2571 2729 2717 2795 vitae,
2750 2744 2821 2781 ne
2849 2726 2906 2780 in
2946 2726 3049 2779 hoc
3094 2724 3288 2779 exsilio
3317 2723 3498 2796 dupli-

1899 2818 2056 2873 cibus
2085 2835 2514 2890 praegravemur.

1968 2908 2133 2980 (Cap.
2156 2908 2309 2979 VII.)
2334 2910 2510 2963 Nolite
2529 2908 2806 2977 judicare,
2838 2911 2887 2959 et
2914 2921 3025 2959 non
3066 2905 3493 2973 judicabimini.

1903 2997 1983 3051 De
2009 2997 2244 3052 occultis
2265 2997 2560 3068 dubiisque
2594 2995 2843 3067 loquitur
2867 2993 3054 3057 rebus,
3083 3009 3204 3065 quae
3233 2982 3346 3048 non
3366 3009 3497 3064 pos-

1904 3091 2037 3140 sunt
2064 3096 2255 3158 aperte
2284 3084 2641 3157 interpretari
2674 3101 2784 3156 quo
2815 3083 3003 3138 animo
3032 3084 3190 3137 ﬁant.
3236 3081 3499 3153 Alioquin

1904 3174 2036 3245 quid
2063 3181 2165 3241 est,
2196 3176 2345 3246 quod
2393 3180 2450 3229 et
2504 3173 2742 3245 apostoli
2785 3177 2842 3227 et
2885 3172 3215 3227 universalis
3254 3170 3501 3226 Ecclesia

1903 3263 1973 3317 de
2002 3264 2314 3318 manifestis
2342 3262 2670 3317 criminibus
2693 3262 2952 3333 judicant
2981 3266 3038 3315 et
3057 3259 3500 3324 decernunt,nisi

1903 3353 2036 3423 quia
2061 3354 2130 3407 de
2157 3353 2487 3417 manifestis,
2522 3368 2761 3423 quorum
2792 3359 2879 3405 est
2900 3350 3192 3422 judicandi
3229 3349 3497 3416 ofﬁcium,

1902 3441 2111 3496 debent
2136 3442 2330 3513 utique
2360 3441 2696 3496 decernere?
2720 3442 2894 3495 Porro
2920 3440 2989 3496 de
3010 3440 3098 3495 his
3128 3456 3251 3512 qua:
3280 3439 3497 3494 occulta

1904 3536 2056 3595 sunt,
2089 3531 2175 3584 vel
2226 3531 2507 3585 nescimus
2537 3547 2647 3601 quo
2676 3530 2864 3584 animo
2894 3530 3051 3593 ﬁant,
3077 3545 3244 3583 nemo
3292 3527 3501 3598 absque

1904 3620 2156 3690 periculo
2180 3619 2412 3690 judicat.
2440 3619 2546 3673 Sed
2573 3625 2705 3673 sunt
2732 3620 2987 3691 quaedam
3019 3619 3278 3673 vitiorum
3308 3617 3498 3671 crimi-

1908 3725 2000 3774 na,
2031 3724 2153 3779 quaa
2182 3724 2469 3779 nunquam
2498 3714 2734 3778 possunt
2759 3707 2904 3762 bono
2930 3707 3118 3761 animo
3137 3700 3498 3775 ﬁeri,dequi-

1907 3797 2006 3852 bus
2030 3797 2398 3869 judicandum
2430 3813 2594 3851 nemo
2624 3796 2719 3867 qui
2748 3797 3013 3867 ambigat.
3050 3797 3193 3851 Sunt
3217 3794 3356 3849 talia
3381 3792 3497 3847 fac-
3525 3870 3536 3881 .

1903 3894 2092 3942 torum
2119 3903 2307 3959 opera,
2342 3903 2464 3958 quae
2490 3892 2547 3941 et
2572 3885 2737 3951 bona,
2769 3885 2816 3939 si
2859 3885 3004 3939 bono
3035 3885 3175 3938 ﬁant
3200 3882 3409 3945 animo,
3442 3886 3499 3936 et

1904 3978 2053 4031 mala
2080 3977 2127 4030 si
2158 3976 2305 4031 malo
2333 3977 2621 4040 ﬁant,esse
2648 3974 2965 4047 queunt.De
2990 3972 3209 4045 quibus,
3234 3987 3361 4025 cum
3394 3969 3499 4025 sub

1905 4066 2088 4139 specie
2134 4065 2421 4137 religionis
2476 4071 2670 4136 agunt,
2701 4081 2810 4119 non
2844 4068 2930 4119 est
2956 4079 3084 4117 mox
3108 4060 3495 4133 judicandum,

1908 4156 2269 4228 quoadusque
2297 4154 2485 4210 veniat
2503 4154 2897 4225 Dominus,qui
2918 4150 3254 4207 illuminabit
3271 4149 3502 4205 abscon-

1906 4246 2025 4300 dita
2050 4244 2430 4311 tenebrarum,
2454 4250 2520 4299 ut
2573 4244 2874 4299 manifesta
2918 4244 3058 4297 ﬁant
3104 4240 3337 4297 consilia
3374 4256 3499 4295 cor-

219 4348 393 4403 quare
413 4333 442 4386 7
464 4332 612 4397 Quia
655 4332 774 4388 haec
789 4332 980 4387 omnia
996 4333 1516 4403 adjicienturvobis.
1544 4335 1671 4401 Ubi,
1696 4348 1825 4390 cum‘
1844 4330 2079 4392 Ddium.
2116 4336 2520 4390 Verumtamen
2551 4334 2923 4406 quorumdam
2969 4331 3323 4387 simulatione
3354 4346 3497 4386 non-

219 4419 284 4474 de
293 4421 494 4476 t‘uturo
513 4421 779 4476 sollicitos
792 4438 914 4477 esse
930 4422 1235 4493 prohibuit,
1262 4424 1460 4479 saltem
1472 4424 1542 4478 de
1562 4425 1823 4496 praesenti

221 4525 421 4566 curare
442 4511 725 4583 permisit.
764 4512 972 4566 Paulus
987 4512 1137 4566 enim
1157 4513 1248 4567 die
1266 4529 1331 4567 ac
1350 4513 1825 4569 nocte‘laborabat

225 4599 507 4665 manibus,
544 4606 603 4655 et
655 4600 726 4654 de
779 4600 1025 4655 collectis
1082 4601 1349 4656 monebat
1379 4618 1502 4673 quae
1528 4602 1738 4658 ﬁebant
1763 4605 1822 4659 in

220 4688 451 4743 sanctis.
478 4689 595 4743 Nec
617 4704 732 4743 non
761 4689 1067 4744 secundum
1088 4690 1264 4760 Agabi
1292 4692 1642 4762 prophetiam
1655 4692 1821 4746 famis

220 4790 252 4827 a
276 4777 494 4831 sanctis
517 4783 885 4849 procuratur:
918 4795 1021 4832 nec
1049 4795 1162 4833 non
1195 4784 1254 4833 et
1282 4779 1585 4835 Dominum
1610 4781 1821 4835 loculos

218 4862 487 4921 habuisse
514 4866 774 4938 legimus,
800 4867 948 4921 unde
976 4883 1089 4921 non
1115 4866 1293 4932 labor,
1318 4884 1430 4923 non
1450 4870 1816 4940 providentia,

220 4954 314 5007 sed
336 4954 662 5011 sollicitudo
681 4961 741 5010 et
758 4972 895 5011 cura
913 4962 1158 5012 mentem
1178 4958 1482 5028 praefocans
1496 4959 1814 5015 damnatur.

222 5042 520 5099 Crastinus
547 5050 739 5100 autem
770 5062 871 5117 pro
896 5045 1088 5101 futuro
1116 5047 1513 5118 ponitur.Quia
1533 5065 1645 5103 non
1671 5050 1824 5103 solli-

219 5131 413 5187 citudo
444 5139 668 5189 εἰει-ηαξ
696 5134 839 5202 vitae,
861 5135 958 5189 sed
988 5136 1307 5190 sollicitudo
1350 5136 1537 5191 saeculi
1566 5137 1824 5208 prohibe-

222 5224 334 5275 tur.
367 5222 533 5278 Unde
559 5224 738 5296 liquet
782 5225 927 5296 quod
983 5242 1084 5297 pro
1140 5225 1230 5280 his
1282 5225 1582 5280 sollicitum
1615 5243 1737 5281 esse
1762 5227 1821 5281 in

222 5311 587 5381 acquirendo,
604 5313 865 5369 timidum
887 5314 945 5369 in
966 5315 1369 5381 conservando,
1386 5314 1666 5369 dolentem
1690 5332 1821 5372 vero

222 5396 280 5453 in
307 5400 619 5470 perdendo,
635 5418 740 5458 nec
766 5419 879 5457 non
911 5409 968 5458 et
983 5404 1326 5475 gaudentem
1355 5403 1413 5458 in
1439 5403 1691 5473 fruendo,
1708 5422 1820 5461 ser-

222 5486 340 5542 vire
366 5495 463 5545 est
492 5509 504 5544 :
536 5491 773 5548 liberum
791 5509 921 5548 vero
946 5492 1016 5548 ab
1039 5493 1128 5548 his
1156 5498 1215 5549 et
1240 5492 1311 5547 ab
1339 5493 1663 5565 hujusmodi
1691 5511 1821 5568 pas-

226 5575 487 5636 tionibus
526 5598 782 5655 regnare.
813 5583 940 5641 Non
968 5584 1119 5641 enim
1144 5599 1445 5658 possumus
1472 5583 1690 5643 duobus
1719 5586 1820 5643 do-

1906 4441 2193 4497 nunquam
2225 4424 2680 4490 manifestantur,
2734 4424 2803 4478 de
2860 4422 3062 4495 quibus
3092 4421 3362 4477 Dominus
3394 4439 3405 4473 :
3448 4419 3493 4476 Α

1902 4516 2180 4583 fructibus
2217 4531 2409 4568 eorum
2443 4516 2763 4583 cognoscetis
2791 4529 2874 4567 eos
2903 4513 3117 4567 tMatth.
3147 4525 3243 4574 vn,
3280 4509 3385 4578 16).
3420 4509 3498 4564 Ex

1905 4603 2107 4674 quibus
2129 4603 2428 4658 manifesta
2472 4604 2634 4666 ﬁunt,
2663 4602 2860 4673 utique
2884 4600 3253 4672 judicandum
3282 4605 3403 4666 est;
3436 4602 3501 4653 ut

1903 4696 2216 4762 arguantur
2242 4708 2277 4744 a
2307 4692 2444 4754 luce,
2479 4691 2610 4762 quia
2638 4706 2750 4744 non
2797 4694 2932 4744 sunt
2961 4689 3019 4743 in
3048 4689 3283 4743 veritate
3327 4687 3492 4742 facta.

1974 4784 2041 4835 In
2063 4796 2169 4849 quo
2179 4783 2329 4833 enim
2341 4781 2558 4848 judicio
2564 4780 2974 4848 judicaveritis,
2983 4779 3390 4846 judicabimini
3395 4817 3406 4829 .
3430 4778 3497 4830 Et

1903 4873 1965 4923 in
1992 4885 2103 4939 qua
2129 4885 2393 4922 mensura
2422 4870 2601 4922 mensi
2622 4869 2871 4935 fueritis,
2904 4870 3225 4920 remetiatur
3239 4867 3403 4919 vobis.
3419 4866 3498 4919 Ex

1904 4975 2015 5030 quo
2038 4957 2221 5012 nescio
2238 4957 2466 5028 quidam
2482 4956 2943 5028 philosophorum
2967 4955 3226 5010 nebulam
3243 4954 3497 5026 caliginis

1903 5053 2284 5120 asperserunt,
2315 5051 2381 5100 ut
2416 5046 2653 5117 simplex
2696 5046 2901 5100 veritas
2939 5044 3314 5115 obtegeretur.
3338 5043 3396 5097 Si
3426 5043 3498 5096 ad

1902 5153 2246 5201 mensuram,
2284 5136 2566 5207 inquiunt,
2601 5136 2752 5190 Deus
2788 5133 3147 5206 peccantibus
3177 5132 3498 5187 redditurus

1904 5232 1990 5281 est
2018 5242 2261 5297 poenam,
2296 5230 2352 5279 et
2371 5224 2554 5279 omnis
2571 5240 2837 5279 mensura
2856 5228 3046 5290 που
3076 5222 3499 5294 circumscripta

1903 5321 1989 5371 est
2016 5321 2290 5385 tempore,
2317 5313 2450 5386 quid
2480 5313 2582 5368 sibi
2610 5315 2806 5368 volunt
2852 5312 3019 5367 minae
3055 5311 3263 5366 inﬁniti
3291 5312 3500 5383 suppli-

1902 5404 2019 5460 cii?
2047 5404 2132 5458 Ad
2152 5403 2297 5474 quod
2338 5402 2629 5458 fatendum
2659 5402 2806 5475 quod
2840 5418 2953 5457 non
2991 5402 3173 5457 omnis
3211 5417 3494 5467 mensura,

1902 5500 1969 5551 ut
1998 5510 2192 5549 eorum
2221 5493 2423 5565 aliquis
2454 5493 2758 5549 arbitratus
2809 5496 2915 5555 est,
2947 5489 3327 5565 praescribitur
3351 5499 3496 5545 tem-

1903 5584 2175 5657 pore.Sed
2205 5588 2429 5641 tantum
2454 5599 2526 5640 ne
2549 5584 2695 5641 hanc
2711 5582 3004 5638 videamur
3023 5581 3217 5651 fugere
3242 5578 3497 5651 questio-

3662 5666 3743 5719 ᾖ
