3918 6176
437 259 543 318 315
1197 260 1254 317 S.
1296 259 1676 315 PASCHASII
1713 256 2073 315 RADBERTI
2111 252 2417 311 ABBATIS
2452 246 2944 309 CORBEIENSIS.
3561 257 3653 314 316

439 401 590 451 nem,
623 384 927 440 verisimile
970 388 1071 439 aut
1107 384 1335 438 omnino
1360 401 1551 439 verum
1585 401 1706 438 esse
1736 383 2088 456 probatur,A
2106 384 2200 435 tur
2224 380 2519 445 delictum;
2549 376 2604 432 id
2635 381 2721 431 est
2739 374 3232 446 secundumipsius
3257 378 3564 448 qualitatem
3578 383 3654 438 vel

440 474 588 544 quod
614 475 797 529 omnis
848 491 1114 528 mensura
1159 474 1478 545 praescripta
1509 473 1601 535 sit,
1652 490 1762 528 non
1807 480 2027 528 tantum
2112 468 2507 542 quantitatem,
2538 466 2766 538 propria
2795 470 3091 519 accusante
3118 465 3462 534 conscientia,
3492 469 3656 525 infelix

439 568 711 636 tempore,
732 576 797 618 ut
810 564 901 618 hic
914 563 1177 628 somniat,
1201 563 1296 616 sed
1318 568 1376 616 et
1392 563 1639 616 locorum
1668 563 1866 633 spatiis
1886 579 2032 634 quae-
2112 558 2302 613 anima
2328 556 2610 628 punietur.
2644 557 2708 610 In
2733 554 2853 625 ipso
2879 569 3079 625 nempe
3106 553 3315 621 animo,
3346 572 3451 626 quo
3475 559 3659 629 appeti¢

441 653 569 706 dam
594 653 819 724 prOprie
840 653 1233 712 terminantur,
1257 651 1340 706 vel
1362 651 1669 722 capacitate
1692 668 2032 722 rerumque;
2112 655 2205 703 tus
2232 648 2298 702 ﬁt
2324 646 2647 710 voluntatis,
2663 644 3039 699 humanorum
3059 642 3308 699 omnium
3334 650 3416 698 est
3430 662 3662 702 mensura

441 742 510 796 ad
532 742 718 796 locum
748 742 917 795 etiam
942 742 1279 795 referuntur.
1295 740 1454 796 Unde
1483 741 1843 811 quaerendum
1861 741 1905 796 si
1928 740 2032 795 ali-
2115 737 2411 801 factorum,
2437 735 2496 789 in
2519 751 2630 806 qua
2654 734 2923 787 nimirum
2968 732 3187 803 culpam
3232 734 3474 803 sequitur
3500 751 3656 806 poma.

441 830 575 902 quid
600 831 693 893 sit,
723 831 869 901 quod
891 836 1160 884 aeternum
1194 830 1431 895 dicatur,
1464 836 1523 883 et
1547 835 1738 883 tamen
1760 829 2031 900 quodam-
2114 828 2184 881 Et
2211 827 2337 880 ideo
2364 842 2492 880 cum
2520 824 2759 881 dixisset
2789 841 2801 876 :
2834 825 2901 878 In
2928 839 3034 891 quo
3050 823 3267 891 Judicio
3281 824 3656 891 judicaveritis,

441 919 608 973 modo
638 918 1115 989 circumscriptum
1161 917 1496 989 quibusdam
1547 924 1809 972 teneatur
1832 918 2021 974 lineis.
2114 921 2342 971 secutus
2371 912 2629 985 adjunxit
2655 932 2667 966 :
2702 913 2769 966 Et
2794 914 2857 965 in
2882 927 2994 980 qua
3023 927 3283 965 mensura
3306 915 3474 965 mensi
3510 915 3662 979 fueri-

438 1009 516 1064 Ut
543 1012 680 1080 puta
707 1008 828 1079 ipse
850 1008 1034 1074 homo,
1073 1008 1168 1079 qui
1197 1008 1531 1062 auctoritate
1574 1006 1763 1061 divina
1787 1013 2031 1062 azternus
2117 1008 2188 1059 tis
2208 1024 2227 1071 ;
2265 1004 2362 1076 qui
2386 1004 2444 1057 in
2463 1003 2754 1058 voluntate
2790 1000 3018 1072 propria
3062 1000 3327 1054 metiatur
3351 999 3518 1055 bonus
3540 1000 3665 1057 bona

445 1098 670 1152 futurus
697 1098 1084 1162 conﬁrmatur,
1108 1102 1164 1151 et
1179 1102 1369 1150 tamen
1402 1097 1520 1150 loco
1531 1095 2023 1162 circumscribitur,
2115 1110 2344 1149 suorum
2374 1108 2606 1164 operum
2636 1092 2802 1153 facta,
2825 1095 2883 1145 et
2910 1090 3090 1144 malus
3109 1089 3372 1144 metiatur
3384 1090 3539 1155 mala,
3565 1107 3665 1145 rea-

447 1186 699 1258 quamvis
745 1187 857 1240 ﬁne
903 1185 1256 1240 terminetur.
1290 1185 1558 1256 Alioquin
1604 1185 1836 1238 illocalis
1864 1191 2028 1240 esset.
2113 1188 2319 1255 tusque
2340 1182 2429 1237 sui
2449 1181 2725 1236 miserias.
2752 1179 3027 1245 Quoniam
3056 1177 3134 1232 ibi
3162 1183 3250 1232 est
3266 1178 3491 1249 quisque
3516 1178 3668 1235 bonus

446 1276 588 1343 Nam
621 1292 787 1346 quem
810 1274 916 1346 ipsi
938 1274 1256 1346 philosophi
1304 1272 1478 1328 solem
1507 1280 1780 1340 aeternum
1810 1278 2026 1345 putant,
2114 1272 2211 1326 ubi
2238 1271 2388 1326 bona
2409 1271 2547 1335 vult,
2580 1276 2640 1324 et
2687 1268 2764 1323 ibi
2817 1274 2905 1323 est
2930 1268 3134 1323 malus.
3165 1266 3262 1321 ubi
3287 1268 3433 1321 mala
3454 1268 3577 1322 vult.
3603 1269 3670 1323 Ac

446 1370 504 1419 et
532 1363 602 1419 ab
624 1365 705 1419 eis
732 1363 1089 1435 geometricis
1116 1364 1310 1434 ﬁguris
1339 1364 1734 1434 comprehendi
1779 1368 2030 1434 putatur.
2116 1378 2217 1432 per
2236 1361 2342 1415 hoc
2358 1360 2707 1431 geminatum
2733 1363 2837 1425 est,
2855 1362 2920 1412 ut
2936 1358 2995 1412 in
3014 1357 3136 1429 ipso
3157 1356 3378 1421 delicto,
3392 1356 3671 1428 seuinipsa

445 1454 589 1509 Hinc
618 1453 793 1524 igitur
811 1458 868 1507 et
891 1453 1016 1507 aliis
1044 1453 1474 1524 quamplurimis
1509 1453 1689 1507 modis
1735 1454 2036 1508 monstrari
2116 1449 2290 1506 animi
2321 1449 2408 1503 sui
2429 1447 2786 1513 conscientia,
2817 1446 3206 1517 unusquisque
3234 1445 3372 1500 sciat
3398 1462 3455 1500 se
3481 1445 3665 1516 puniri;

356 1550 367 1562 '
445 1547 631 1615 potest
651 1542 799 1613 quod
820 1542 996 1613 possit
1015 1542 1224 1614 aliquid
1261 1547 1319 1597 et
1353 1547 1624 1597 aeternum
1648 1559 1788 1608 esse,
1822 1549 1880 1597 et
1915 1559 2036 1597 cer-
2118 1539 2252 1611 quia
2281 1538 2356 1593 ibi
2385 1544 2489 1604 est,
2532 1543 2632 1593 aut
2667 1537 2839 1591 miser
2874 1540 2974 1590 aut
3010 1535 3246 1591 beatus:
3279 1534 3336 1589 in
3356 1535 3473 1606 ipso
3492 1534 3673 1589 scilicet

450 1631 566 1680 tam
596 1625 684 1679 sui
706 1626 855 1679 modi
888 1625 1091 1680 habere
1121 1643 1463 1681 mensuram.
1496 1627 1618 1691 Qua
1647 1628 1887 1698 denique
1915 1643 2088 1698 sen-_
2119 1627 2422 1684 voluntatis
2449 1644 2564 1682 suae
2593 1626 2814 1690 aﬂ‘ectu,
2846 1642 2970 1697 quae
3007 1631 3093 1679 est
3141 1639 3405 1679 mensura
3431 1623 3672 1678 factorum

446 1714 625 1769 tentia
655 1721 931 1785 coguntur
954 1716 1224 1786 accipere,
1254 1716 1427 1770 velint
1454 1716 1652 1782 nolint,
1671 1695 1879 1787 aliquid
1910 1695 2100 1770 cumB
2120 1719 2580 1787 meritorumque,
2598 1732 2711 1771 non
2739 1731 2805 1769 ex
2833 1695 3153 1786 temporum
3182 1713 3375 1785 spatiis
3401 1712 3674 1767 metiuntur

449 1820 717 1858 mensura
744 1810 1014 1859 aeternum
1062 1807 1143 1859 Ac
1196 1804 1275 1859 sic
1329 1812 1539 1861 aeterna
1581 1815 1747 1860 erunt
1768 1806 2040 1877 supplicia
2121 1823 2290 1879 quam
2311 1822 2531 1861 morose
2558 1807 2717 1872 ﬁant,
2749 1805 2846 1860 sed
2875 1821 2942 1858 ex
2971 1804 3259 1858 voluntate
3279 1818 3389 1873 qua
3420 1802 3573 1879 ﬁunt.
3586 1801 3674 1855 Vo-

451 1909 575 1969 quae
600 1892 849 1947 minatus
877 1899 966 1948 est
990 1894 1266 1960 Christus,
1317 1895 1570 1966 quamvis
1612 1895 1856 1949 habeant
1877 1897 2040 1966 juxta
2121 1878 2308 1952 luntas
2337 1895 2543 1967 quippe
2572 1896 2698 1966 ipsa
2739 1894 2992 1966 punitur,
3025 1893 3141 1948 sive
3193 1892 3367 1948 animi
3416 1878 3673 1962 supplicio,

445 1981 675 2036 modum
704 1982 877 2052 culpae
907 1981 995 2036 sui
1024 1998 1365 2037 mensuram.
1389 1984 1792 2038 Verumtamen
1811 2000 1925 2038 non
1953 1983 2039 2037 di-
2122 1987 2237 2041 sive
2265 1985 2534 2057 corporis,
2565 1989 2631 2039 ut
2684 2000 2807 2054 quae
2853 1983 3166 2037 delectatur
3205 1983 3265 2036 in
3295 1979 3541 2053 peccatis,
3576 1970 3678 2050 ipsa

450 2075 605 2126 ctum
636 2076 752 2125 est:
786 2071 944 2134 Quod
970 2072 1150 2126 mensi
1178 2072 1331 2137 estis,
1375 2073 1479 2128 hoc
1504 2073 1836 2128 remetietur
1862 2072 2036 2140 vobis,
2122 2076 2391 2148 puniatur
2420 2075 2479 2128 in
2508 2073 2708 2145 poenis.
2732 2072 2894 2127 Unde
2921 2071 3125 2143 quibus
3171 2071 3282 2126 fuit
3312 2071 3556 2148 voluntas
3575 2068 3677 2122 sine

446 2160 545 2215 sed
573 2160 633 2214 in
662 2176 773 2231 qua
802 2175 1071 2215 mensura
1097 2162 1276 2215 mensi
1305 2162 1540 2216 fueritis.
1567 2163 1759 2233 Neque
1806 2160 2039 2216 dubium
2124 2167 2235 2220 ﬁne
2264 2162 2555 2236 peccandi,
2584 2161 2837 2233 quamvis
2867 2177 2994 2215 cum
3028 2162 3141 2215 ﬁne
3171 2137 3528 2232 peccaverint,
3550 2158 3678 2229 juste

451 2248 601 2319 quod
632 2248 785 2302 aliud
808 2248 884 2302 sit
912 2248 969 2302 in
1002 2265 1111 2320 quo
1142 2250 1376 2304 metitur
1402 2251 1574 2315 aliud,
1607 2257 1665 2304 et
1708 2250 1859 2304 aliud
1893 2250 2042 2320 quod
2125 2254 2245 2309 sine
2278 2255 2389 2306 ﬁne
2408 2252 2770 2306 damnantur.
2814 2250 2883 2304 Et
2911 2249 3114 2321 quibus
3145 2249 3275 2304 fuit.
3290 2247 3551 2319 judicium
3579 2246 3680 2300 sine

450 2336 789 2390 inmensura
807 2336 1226 2392 metitur.Fieri
1255 2339 1403 2393 enim
1435 2345 1638 2410 potest,
1662 2338 1720 2392 in
1745 2355 1861 2410 qua
1891 2355 2043 2392 men-
2122 2342 2531 2408 misericordia,
2564 2341 2684 2394 sine
2711 2339 3095 2393 misericordia
3133 2337 3544 2409 judicabuntur.
3574 2336 3680 2389 Haec

451 2440 586 2479 sura
612 2425 779 2480 homo
803 2426 1009 2497 aliquis
1035 2443 1264 2482 mensus
1286 2434 1370 2482 est
1395 2428 1608 2499 aliquid
1635 2428 1821 2493 alicui,
1855 2428 1913 2481 in
1946 2445 2041 2481 ea-
2124 2438 2227 2497 est,
2251 2432 2502 2502 inquam,
2537 2430 2633 2483 illa
2661 2445 2945 2491 mensura,
2977 2434 3041 2482 ut
3091 2428 3241 2499 quod
3275 2444 3385 2482 non
3433 2424 3676 2497 praestitit,

451 2513 579 2568 dem
610 2514 943 2569 remetiatur
963 2515 1033 2569 ei.
1088 2516 1255 2570 Verbi
1282 2517 1487 2589 gratia,
1521 2517 1802 2573 modicum
1846 2516 2041 2587 tritici,
2126 2537 2229 2575 nec
2244 2519 2534 2592 percipiat.
2550 2520 2734 2589 Atque
2754 2518 2880 2572 ideo
2902 2516 3051 2588 quod
3070 2516 3192 2587 ipse
3222 2516 3518 2587 judicatur,
3541 2518 3680 2568 teter-

448 2602 509 2657 in
536 2620 643 2674 qua
667 2604 938 2659 nimirum
968 2621 1249 2672 mensura,
1290 2612 1476 2677 potest
1520 2607 1602 2660 illi
1642 2607 1914 2661 hordeum
1943 2612 2043 2661 aut
2126 2627 2261 2665 num
2295 2610 2438 2676 erit;
2471 2607 2727 2679 quamvis
2768 2607 2918 2678 quod
2955 2606 3074 2677 ipse
3125 2605 3415 2677 judicavit,
3443 2609 3682 2659 aeternum

450 2708 673 2759 aurum,
701 2699 802 2747 aut
822 2694 977 2749 aliud
1007 2694 1219 2766 aliquid
1248 2696 1458 2764 metiri,
1489 2713 1588 2751 seu
1611 2702 1835 2751 centum
1866 2697 2044 2751 millia
2129 2716 2252 2754 esse
2281 2697 2612 2769 nequiverit.
2643 2698 2866 2751 Justum
2896 2695 3070 2766 igitur
3097 2700 3160 2750 ut
3192 2696 3292 2767 qui
3328 2701 3578 2751 aeternam
3603 2708 3683 2745 vo-

451 2781 511 2836 in
540 2782 738 2837 eadem
788 2800 848 2837 re
903 2784 1198 2855 assignari.
1240 2786 1326 2840 Ita
1354 2790 1419 2840 ut
1465 2786 1584 2840 sine
1626 2786 2043 2858 comparatione
2124 2789 2232 2843 luit
2251 2793 2437 2853 πω
2467 2785 2675 2841 habere
2704 2785 2915 2857 peccati
2940 2784 3294 2851 fruitionem,
3342 2789 3590 2840 aeternam
3609 2782 3683 2835 in-

450 2871 699 2949 ipsarum
740 2888 954 2934 rerum,
985 2879 1041 2928 et
1056 2891 1238 2945 genus
1266 2881 1320 2929 et
1362 2875 1649 2946 quantitas
1678 2876 1954 2940 differant,
1989 2880 2047 2929 et
2126 2877 2314 2932 veniat
2340 2876 2597 2930 vindictae
2647 2875 3031 2941 severitatem;
3073 2880 3128 2928 et
3189 2890 3426 2945 quorum
3464 2872 3685 2927 voluntas

450 2965 643 3016 tamen
669 2962 982 3017 rectissime
1010 2964 1118 3017 dici
1142 2969 1344 3034 potest,
1378 2964 1438 3017 in
1459 2980 1571 3034 qua
1597 2981 1861 3019 mensura
1882 2981 2044 3019 men-
2067 3028 2102 3036 _
2126 2982 2229 3020 nec
2247 2965 2445 3021 habuit
2474 2967 2643 3020 ﬁnem
2672 2963 2957 3036 peccandi,
3011 2979 3114 3018 nec
3163 2963 3376 3019 habeat
3400 2964 3559 3017 ﬁnem
3584 2966 3682 3015 ωτ-

453 3066 548 3104 sus
576 3056 679 3113 est,
717 3050 776 3104 in
805 3052 1002 3106 eadem
1049 3028 1161 3106 illi_
1187 3069 1382 3107 rursus
1426 3028 1686 3108 m-etitum
1732 3060 1834 3109 est.
1868 3055 2042 3109 Porro
2060 3028 2103 3088 C
2131 3055 2361 3127 quendi,
2387 3054 2644 3109 ultricem
2672 3028 2908 3125 .paanam
2928 3028 3051 3108 sine
3076 3054 3192 3106 ﬁne
3219 3052 3450 3108 ferendi.
3478 3049 3687 3115 Quidam

450 3138 602 3193 unde
622 3139 724 3193 hoc
750 3139 962 3195 dictum
993 3141 1069 3195 sit
1094 3142 1261 3212 paulo
1291 3142 1548 3213 superius
1578 3143 1761 3197 elucet
1793 3162 1804 3197 :
1840 3145 2044 3209 Nolite,
2126 3149 2319 3199 autem
2372 3150 2715 3209 nostrorum,
2746 3142 3072 3197 continuam
3126 3140 3594 3199 circumstantiam
3626 3138 3688 3191 le-

449 3227 658 3298 inquit,
676 3230 954 3298 judicare,
987 3235 1036 3283 et
1063 3247 1174 3285 non
1188 3233 1614 3300 judicabimini,
1656 3235 1719 3287 in
1749 3249 1854 3301 quo
1891 3235 2044 3287 enim
2124 3234 2326 3288 ctionis
2353 3233 2414 3287 in
2438 3233 2543 3287 hoc
2570 3233 2818 3304 capitulo
2841 3238 3147 3296 servantes,
3181 3232 3267 3287 ita
3296 3231 3538 3286 sentiunt
3561 3225 3688 3298 quod

443 3318 667 3386 judicio.
685 3319 1085 3387 judicaveritis,
1116 3326 1173 3374 et
1199 3326 1418 3374 caetera.
1444 3321 1733 3392 Numquid
1764 3322 1812 3376 si
1849 3322 2045 3393 iniquo
2126 3322 2421 3395 prohibeat
2439 3322 2683 3393 judicari
2738 3322 2809 3377 de
2855 3320 3253 3393 sponsionibus
3299 3320 3432 3376 suis.
3464 3317 3612 3384 Quia,
3635 3318 3691 3369 ut

446 3406 659 3477 judicio
675 3407 1029 3479 judicabunt,
1049 3408 1242 3480 iniquo
1256 3409 1326 3464 ab
1346 3410 1664 3481 aequissimo
1682 3411 1871 3481 judice
1887 3412 2043 3482 judi-
2120 3412 2334 3484 judicia
2358 3428 2458 3483 pro
2481 3411 2709 3466 incertis
2742 3411 2908 3466 rebus
2936 3410 3087 3466 inter
3109 3411 3372 3466 homines
3399 3411 3684 3467 sumuntur,

452 3495 771 3551 cabuntur?
798 3499 913 3552 Aut
940 3498 985 3552 si
1016 3514 1128 3553 non
1155 3498 1414 3569 judicant
1437 3499 1492 3554 in
1521 3499 1728 3554 talibus
1749 3500 1818 3555 de
1842 3500 2044 3573 quibus
2124 3501 2207 3557 ita
2223 3507 2281 3556 et
2303 3502 2409 3557 hoc
2428 3501 2705 3572 judicium
2735 3500 3001 3555 adversus
3025 3501 3210 3555 Deum
3230 3517 3298 3555 ex
3316 3496 3593 3555 sentientis
3618 3492 3688 3547 vel

452 3586 841 3658 prohibentur.
867 3588 1123 3659 nunquid
1152 3588 1220 3644 de
1268 3589 1395 3644 aliis
1425 3588 1766 3661 quibuslibet
1791 3590 1908 3646 suis
1929 3607 2044 3646 sce—
2125 3590 2407 3662 opinantis
2454 3590 2822 3661 ambiguitate
2870 3590 3157 3645 interdum
3214 3589 3523 3660 suscipitur.
3553 3580 3687 3649 Quod

448 3675 659 3732 laribus
688 3692 799 3731 non
824 3676 1266 3748 judicabantur?
1292 3678 1456 3734 Absit
1483 3685 1547 3734 ut
1578 3679 1659 3734 ita
1685 3681 1995 3736 sentiamus
2026 3682 2039 3735 ι
2124 3680 2350 3753 penitus
2373 3680 2596 3752 repellit
2614 3696 2650 3734 a
2672 3678 2852 3745 nobis,
2888 3684 2955 3735 ut
2979 3683 3246 3734 constans
3276 3678 3413 3733 ﬁdes
3431 3682 3489 3732 et
3511 3669 3689 3730 ﬁducia

451 3765 610 3823 nulla
631 3766 835 3839 quippe
862 3767 1131 3838 iniquitas
1160 3769 1308 3839 apud
1329 3769 1528 3827 Deum.
1546 3785 1726 3841 neque
1750 3776 2042 3841 peccatum
2123 3770 2184 3824 in
2209 3771 2332 3841 ejus
2360 3769 2653 3841 promissis
2680 3769 3082 3824 retinerentur.
3126 3768 3278 3833 Quia
3323 3784 3434 3822 non
3484 3765 3616 3819 sicut
3637 3760 3687 3813 in

451 3856 674 3927 aliquod
698 3856 940 3912 inultum
972 3858 1387 3928 patitur.abire.
1412 3858 1516 3913 Sed
1541 3859 1645 3915 hoc
1675 3866 1757 3914 est
1789 3860 1937 3931 quod
1965 3859 2045 3914 di-
2124 3859 2358 3927 caeteris,
2391 3867 2681 3930 peccatum
2710 3866 2813 3922 est,
2848 3862 3076 3930 prOpter
3123 3857 3494 3913 difﬁdentiam
3528 3848 3686 3908 inDei

448 3945 595 4003 citur
627 3966 642 4001 :
675 3950 742 4002 In
800 3964 905 4016 quo
949 3950 1158 4014 iudicio
1178 3950 1590 4015 judicaveritis,
1615 3951 2038 4018 judicabimini,
2124 3948 2434 4021 promissis,
2460 3948 2749 4019 quidpiam
2778 3964 3074 4020 perperam
3115 3948 3400 4019 judicasse
3422 3965 3436 4013 ;
3458 3944 3551 4000 sed
3577 3940 3686 3997 inﬁ-

452 4040 645 4122 εᾳε
670 4042 942 4107 tanquam
972 4037 1019 4091 si
1041 4037 1342 4104 diceretur,
1365 4038 1423 4093 in
1444 4054 1556 4109 qua
1584 4039 1867 4093 voluntate
1879 4038 2042 4094 bene=
2122 4038 2369 4094 delitatis
2399 4042 2484 4092 est
2511 4037 2745 4092 crimen.

450 4124 713 4191 feceritis,
729 4125 786 4179 in
816 4126 1013 4180 eadem
1042 4126 1354 4180 liberamini
1374 4147 1391 4197 ;
1414 4128 1499 4181 vel
1524 4127 1583 4182 in
1614 4144 1722 4198 qua
1753 4128 2041 4183 voluntate
2197 4129 2340 4196 Quid
2367 4132 2551 4182 autem
2573 4128 2719 4181 vides
2744 4128 3009 4195 festucam
3029 4129 3092 4180 in
3122 4130 3278 4182 oculo
3306 4128 3504 4195 fratris
3535 4124 3627 4185 tui,
3646 4122 3688 4173 et

451 4212 599 4267 male
629 4212 963 4277 feceritis,in
980 4214 1100 4285 ipsa
1122 4215 1448 4286 puniemini.
1472 4220 1550 4271 Ac
1580 4216 1626 4270 si
1651 4216 2039 4284 dicatur,dum
2128 4218 2336 4272 trabem
2366 4219 2431 4272 in
2474 4220 2628 4272 oculo
2680 4222 2772 4270 tuo
2826 4232 2940 4269 non
2993 4217 3141 4269 vides
3162 4215 3442 4271 PGrandis
3471 4215 3570 4268 hoc
3586 4212 3686 4265 loco

450 4301 731 4406 quispiam
756 4303 1079 4406 adturpem
1110 4310 1275 4403 utens
1311 4304 1486 4359 oculis
1509 4305 2036 4375 concupiscentiam,
2056 4347 2105 4406 D
2123 4305 2434 4361 moderatio
2458 4305 2657 4377 judicii
2685 4304 3034 4377 proponitur,
3060 4305 3156 4360 sed
3186 4322 3352 4360 rarus
3388 4303 3483 4376 qui
3511 4300 3576 4357 ab
3596 4300 3687 4353 hu-

450 4391 497 4445 si
515 4391 786 4464 jubeatur
834 4393 960 4447 ideo
1015 4392 1209 4447 caecari
1241 4410 1256 4447 ε
1290 4393 1347 4446 in
1379 4392 1581 4463 quibus
1627 4394 1817 4464 itaque
1865 4395 2039 4449 oculis
2056 4390 2104 4406 "
2116 4395 2370 4468 jusmodi
2387 4395 2522 4450 vitio
2538 4396 2613 4450 sit
2629 4395 2864 4459 alienus,
2889 4395 3155 4465 quoniam
3173 4394 3553 4465 unusquisque
3571 4390 3687 4444 dum

447 4482 712 4554 peccasti,
726 4482 783 4536 in
807 4482 1016 4537 eisdem
1043 4482 1306 4553 patieris;
1333 4482 1545 4552 judicio
1574 4483 1723 4537 enim
1755 4483 1930 4538 animi
1952 4485 2041 4540 sui
2122 4485 2239 4541 suis
2265 4485 2433 4550 favet,
2461 4484 2647 4540 aliena
2670 4484 2829 4539 facile
2858 4484 3241 4556 reprehendit.
3275 4484 3475 4540 Aliena
3492 4490 3687 4552 quoque

446 4570 505 4626 in
527 4587 637 4642 quo
651 4571 1093 4642 judicauinipso
1121 4578 1222 4625 aut
1234 4571 1701 4627 condemnabitur
1719 4580 1820 4627 aut
1832 4590 2040 4646 purga-
2121 4574 2349 4647 gravius
2395 4590 2564 4645 quam
2593 4589 2695 4628 sua
2722 4573 2946 4640 tolerat,
2975 4579 3034 4628 et
3079 4573 3204 4628 ideo
3234 4570 3502 4645 arguendi
3537 4564 3690 4624 sumit

446 4660 617 4716 bitur.
650 4661 810 4715 Unde
840 4677 951 4715 non
983 4661 1237 4730 iniquum
1274 4667 1377 4726 est,
1411 4667 1477 4716 ut
1537 4662 1593 4717 in
1644 4679 1752 4733 quo
1799 4663 2034 4733 judicat,
2120 4663 2531 4725 auctoritatem,
2563 4663 2684 4718 sine
2712 4663 2826 4718 ullo
2855 4679 2969 4718 suae
3000 4663 3413 4718 emendationis
3441 4656 3686 4728 exempla

446 4749 621 4805 animi
641 4751 730 4805 sui
754 4750 964 4821 judicio
983 4767 1178 4822 pmnas
1203 4751 1340 4815 luat,
1374 4768 1503 4806 cum
1526 4752 1738 4806 eisdem
1767 4753 1930 4808 malis
1949 4770 2038 4825 pa-
2123 4755 2233 4809 Per
2264 4754 2488 4807 oculum
2520 4752 2746 4824 quippe,
2780 4759 2845 4807 ut
2870 4753 3081 4808 dictum
3111 4758 3216 4817 est,
3247 4750 3453 4807 mentis
3473 4743 3688 4805 intentio

444 4840 604 4905 titur,
623 4856 747 4911 quae
776 4840 923 4894 male
938 4840 1285 4910 judicantem
1316 4840 1565 4895 animum
1596 4849 2035 4913 consequuntur.
2122 4842 2487 4914 designatur;
2520 4842 2581 4897 in
2610 4859 2721 4914 qua
2747 4842 3013 4897 nimirum
3034 4841 3426 4914 unusquisque
3438 4839 3567 4894 dum
3592 4840 3690 4887 tra-

446 4906 802 5000 Neque—enim
821 4929 889 4985 de
905 4906 1030 4984 aliis
1045 4929 1387 5000 quibuslibet
1397 4932 1637 5001 peccatis
1651 4906 2036 5003 acupiendum
2121 4906 2446 5002 bemvgerit,
2473 4906 2733 4986 videlicet
2758 4931 2990 5002 majoris
3017 4931 3193 5002 culpae
3203 4906 3440 4995 crimen,
3463 4926 3684 4995 seipsum

446 5025 551 5084 est,
575 5019 684 5074 nisi
710 5019 779 5074 de
812 5018 935 5074 istis
958 5020 1305 5090 judiciariis;
1333 5020 1468 5092 quia
1493 5020 1549 5074 in
1579 5021 1714 5093 ipsis
1745 5028 1845 5076 aut
1872 5022 2042 5076 olfen-
2122 5020 2331 5076 intueri
2361 5036 2475 5075 non
2500 5020 2666 5085 valet,
2695 5020 2829 5091 quia
2853 5020 3093 5091 caligine
3121 5036 3349 5092 pressus
3394 5012 3590 5072 delicti.
3616 5011 3688 5063 in-

445 5109 631 5164 dimus
653 5115 868 5165 temere
892 5109 1231 5180 judicantes,
1266 5116 1366 5164 aut
1393 5127 1744 5178 cxcusamur,
1772 5118 1924 5165 recto
1947 5112 2037 5182 ju-
2116 5116 2334 5166 trorsus
2360 5127 2537 5166 caecus
2552 5111 2719 5181 jacet.
2746 5110 2856 5165 Sed
2879 5109 2973 5164 ille
3001 5125 3228 5181 semper
3243 5109 3436 5163 oculus
3447 5100 3681 5161 exterior,

444 5198 589 5253 dicio
599 5215 835 5270 quaeque
854 5199 1161 5253 clementer
1181 5198 1581 5263 examinantes,
1605 5208 1706 5255 aut
1725 5217 1847 5272 qua:
1867 5200 2040 5255 dubia
2121 5201 2216 5274 qui
2245 5205 2528 5255 reseratas
2555 5200 2616 5254 in
2643 5199 2904 5271 paradiso
2931 5204 3061 5270 post
3076 5199 3300 5270 culpam
3333 5196 3456 5262 fuit,
3499 5209 3562 5247 ea
3579 5201 3685 5260 qua!

445 5293 581 5343 sunt
606 5293 663 5343 et
686 5288 927 5342 colorem
959 5287 1168 5342 habent
1198 5288 1451 5358 justitiaa,
1492 5289 1551 5343 in
1583 5289 1784 5344 bonam
1815 5297 2034 5361 partem
2120 5290 2223 5345 sibi
2243 5289 2359 5345 sint
2383 5289 2567 5356 noxia,
2591 5305 2704 5343 non
2733 5288 2938 5360 quibus
2964 5289 3240 5360 proﬁciat,
3281 5289 3506 5359 apertus
3532 5277 3682 5361 videt.

447 5376 904 5448 interpretantes,
931 5377 1036 5431 soli
1066 5377 1303 5431 Domino
1317 5377 1684 5458 discernenda
1698 5360 2031 5435 relaitamus.
2120 5378 2408 5450 Conspicit
2437 5378 2589 5433 enim
2634 5376 2965 5448 jactantiam
3013 5393 3169 5431 vanae
3214 5374 3415 5441 laudis,
3441 5372 3567 5426 dum
3593 5360 3684 5420 sibi

446 5465 574 5521 Alia
603 5481 731 5521 vero
752 5471 977 5537 peccata
1003 5483 1126 5539 qua
1140 5466 1511 5533 admittimus,
1543 5483 1654 5523 non
1681 5468 1740 5523 in
1759 5469 1869 5525 ista
1885 5486 2037 5525 men-
2117 5483 2313 5533 caecus,
2349 5466 2582 5523 alterius
2606 5474 2851 5521 mentem
2884 5466 3098 5521 mederi
3143 5469 3320 5531 curat,
3354 5478 3466 5519 non
3492 5464 3554 5515 ut
3568 5468 3685 5527 pro-

448 5572 587 5615 sum
608 5555 701 5614 V91
716 5554 957 5629 iudicio;
972 5556 1087 5614 sed.
1102 5555 1162 5617 in
1189 5571 1311 5614 sese
1340 5557 1781 5630 unumquodque
1804 5559 2037 5616 ulcisce-
2119 5559 2289 5625 ﬂerat,
2320 5556 2431 5614 sed.
2449 5561 2515 5614 ut
2538 5556 2725 5613 adhuc
2745 5572 2846 5628 per
2873 5556 3115 5613 inanem.
3137 5554 3376 5628 gloriam
3398 5542 3693 5608 evide
