3918 6176
212 279 314 337 317
971 281 1354 340 EXPOSITIO
1393 284 1474 342 IN
1509 285 1955 347 MA’ITHEUM.
1989 316 2054 328 —
2079 284 2216 342 LIB.
2258 283 2354 351 IV,
2396 282 2554 339 CAP.
2596 280 2718 339 VII.
3377 278 3481 339 318

210 407 392 465 cadat.
437 406 682 463 Diﬂicile
711 413 816 475 est,
847 408 995 480 quod
1026 408 1261 482 quisque
1302 417 1484 482 egeat,
1531 418 1596 468 ut
1640 412 1804 468 alteri
1820 412 2000 474 Arint
2047 412 2127 468 eis
2182 411 2421 482 prodita,
2474 427 2598 483 quae
2630 411 2751 466 velo
2781 410 2951 465 celari
2975 409 3249 484 jubentur
3278 408 3478 464 obum-

208 502 438 569 przestet
458 516 473 565 ;
491 497 699 552 idcirco
719 514 884 552 nemo
904 514 1079 553 caecus
1102 500 1370 555 ducatum
1399 502 1561 557 alteri
1574 502 1784 574 praebet
1889 501 2108 556 brantia
2128 509 2322 555 sancta
2356 506 2697 567 sanctorum,
2743 499 2945 572 quibus
2995 516 3107 555 non
3137 506 3222 554 est
3266 499 3481 554 licitum

207 587 590 658 Metaphorice
618 587 845 658 quidem
890 587 1176 660 loquitur;
1226 589 1353 645 ideo
1390 607 1425 644 a
1466 608 1697 663 corpore
1735 592 1807 646 ad
1887 607 2001 645 non
2028 591 2209 644 solum
2240 607 2305 644 ea
2334 589 2677 660 contingere,
2723 589 2821 644 sed
2849 606 2951 645 nec
2984 589 3191 661 videre,
3221 605 3367 653 mox,
3396 587 3479 641 in-

208 676 466 730 animum
497 676 815 747 exemplum
838 678 1066 732 trahere
1082 677 1369 745 debemus,
1390 685 1563 752 utper
1582 682 1806 745 oculum
1889 680 2027 751 quit,
2052 680 2405 751 disrumpent
2421 695 2533 745 vos,
2557 695 2668 732 non
2685 695 2778 733 eas
2792 678 3068 750 siquidem
3091 697 3104 745 ;
3134 678 3268 750 quia
3296 678 3478 732 incor-

209 765 416 821 mentis
456 765 851 828 intentionem,
884 783 986 838 per
1011 766 1284 823 festucam
1312 769 1546 825 minima
1575 787 1807 842 quaeque
1888 768 2179 840 ruptibilia
2206 775 2432 823 maneat
2450 769 2799 839 eloquiorum
2830 767 2929 821 Dei
2957 784 3197 835 arcana;
3230 768 3327 822 sed
3350 767 3481 821 sim-

208 855 435 920 delicta,
468 855 817 927 per'trabem
848 873 977 911 vero
1000 857 1258 928 graviora
1286 858 1584 914 criminum
1606 860 1810 932 probra

207 944 614 1015 intelligamus.
632 946 698 999 In
712 946 799 1016 cuj
810 962 872 1000 us
884 951 1075 1001 autem
1086 947 1289 1003 mentis
1301 947 1611 1003 intentione
1627 950 1811 1005 adhuc

209 1034 403 1089 odium
432 1034 663 1098 residet,
696 1034 766 1089 de
791 1034 876 1089 ira
901 1040 1114 1091 temere
1143 1036 1317 1091 alium
1337 1038 1593 1109 castigat,
1618 1038 1746 1093 ideo
1774 1056 1810 1093 a

206 1123 401 1195 judice
447 1123 649 1179 salutis
688 1124 1032 1197 increpatur,
1074 1132 1141 1181 ut
1179 1126 1313 1198 quid
1359 1127 1548 1182 videat
1592 1129 1812 1185 minora

212 1228 449 1285 quaeque
471 1212 533 1267 in
551 1212 743 1277 fratre,
778 1213 912 1268 dum
933 1214 992 1269 in
1009 1231 1069 1269 se
1100 1216 1318 1286 majora
1339 1232 1453 1271 non
1472 1217 1807 1273 considerat.

84 1368 103 1379 _
212 1302 298 1366 Et,
331 1301 485 1373 quod
514 1300 741 1374 gravius
769 1307 873 1370 est,
909 1304 1188 1375 quomodo
1217 1305 1467 1361 medicus
1491 1307 1811 1363 animarum

1890 860 2198 930 plicitatem
2224 858 2355 912 ﬁdei
2386 864 2594 913 vestrm.
2626 857 2773 912 Hinc
2800 857 2975 928 igitur
3003 863 3089 911 est
3118 858 3266 929 quod
3292 857 3481 911 unitas

1888 946 2257 1001 fraternitatis
2276 951 2462 1000 tantas
2492 945 2704 1017 patitur
2718 961 3028 1016 pressuras,
3061 945 3347 1017 tantisque
3372 945 3483 999 dis-

1889 1036 2205 1107 rumpimur
2241 1034 2618 1100 scissionibus,
2665 1034 2838 1089 tantis
2879 1034 3251 1089 dilaceramur
3293 1033 3519 1089 verbo-'

1890 1142 2017 1180 rum
2046 1123 2553 1191 confutationibus;
2585 1124 2717 1195 quia
2743 1140 2856 1178 non
2885 1123 3192 1196 probantur
3210 1123 3477 1195 primum,

1891 1213 2093 1286 quibus
2131 1214 2369 1286 mystica
2421 1213 2726 1267 reseranda
2786 1212 2900 1267 sint
2945 1218 3315 1278 sacramenta,
3363 1212 3477 1267 imo

1890 1303 2223 1375 quibusdam
2247 1302 2631 1357 indill‘erenter
2647 1301 2836 1356 omnia
2857 1302 3196 1373 panduntur.
3221 1302 3328 1366 Qui
3350 1318 3482 1373 pro-

209 1390 331 1445 vult
361 1390 559 1458 videri,
588 1390 685 1462 qui
710 1391 799 1446 sui
839 1409 1032 1448 curam
1054 1388 1183 1449 ’non
1216 1394 1404 1451 habet.
1447 1396 1551 1452 Cui
1597 1396 1739 1453 bene
1777 1414 1811 1453 a
1889 1390 2033 1447 fecto
2053 1392 2194 1446 tales
2223 1408 2336 1446 non
2358 1390 2770 1463 dispensatores
2817 1389 3084 1461 pecuniae,
3116 1389 3213 1444 sed
3239 1388 3479 1460 prodigi,

208 1479 451 1534 Domino
480 1496 609 1534 mox
629 1479 907 1535 infertur:
1890 1485 2058 1552 atque
2100 1480 2496 1552 exstirpatores
2543 1478 2936 1534 thesaurorum
2982 1478 3110 1549 jure
3138 1484 3480 1544 censentur;

277 1571 1679 1640 Milypocrita,ejiceprimumtrabemdeoculo
1692 1581 1801 1642 tuo,
1891 1570 2157 1643 quoniam
2184 1570 2390 1624 tollunt
2419 1585 2592 1641 panes
2619 1568 2885 1634 ﬁliorum,
2918 1572 2978 1621 et
3010 1566 3242 1620 mittunt
3272 1582 3367 1620 eos
3397 1581 3485 1620 ca-
3588 1578 3601 1593 '

211 1656 517 1730 Hypocrita
543 1658 697 1713 enim
713 1664 801 1714 est
815 1659 1068 1731 quisquis
1087 1662 1303 1733 appetit
1322 1662 1495 1719 videri
1519 1664 1669 1735 quod
1688 1664 1808 1736 ipse
1826 1730 1864 1736 _
1888 1658 2071 1714 nibus.
2105 1660 2374 1731 Ignorant
2394 1660 2541 1713 enim
2566 1658 2711 1728 quod
2732 1656 2949 1711 avidius
2961 1655 3231 1727 quaeritur
3249 1654 3484 1708 abscon-

208 1763 317 1801 non
338 1753 445 1802 est.
473 1747 684 1802 Idcirco
697 1748 769 1802 ad
784 1749 1062 1803 cautelam
1083 1750 1171 1805 sui
1196 1752 1579 1824 unusquisque
1590 1753 1810 1808 reduci-
1826 1730 1873 1791 Β
1889 1766 2035 1817 sum,
2062 1730 2433 1804 venerabilius
2444 1747 2785 1819 conspicitur
2797 1746 3061 1811 celatum,
3091 1744 3316 1800 charius
3333 1749 3486 1798 tene-

209 1841 317 1904 tur,
343 1842 411 1891 ut
426 1837 676 1908 primum
695 1838 939 1910 seipsum
950 1845 1127 1905 curet,
1144 1840 1670 1907 deinde,virtutibus
1684 1844 1810 1898 illu-
1888 1843 1985 1894 tur
2003 1839 2099 1893 diu
2121 1838 2437 1911 quaesitum,
2455 1837 2575 1891 sine
2596 1835 2818 1891 fastidio
2840 1836 2903 1889 ﬁt
2925 1851 3053 1888 cum
3078 1850 3343 1889 mensura
3360 1849 3485 1906 per-

209 1926 723 1993 stratus,fratris,in
734 1932 1007 1998 quantum
1030 1929 1555 1999 praevalet,salutem
1572 1939 1804 2002 quaerat.
1890 1934 2134 1999 ceptum,
2155 1933 2210 1982 et
2240 1928 2360 1981 sine
2378 1927 2603 1981 laesione
2632 1923 2909 1979 stomachi
2938 1923 3009 1977 ad
3035 1924 3234 1977 horam
3264 1938 3487 1994 compe-

272 2018 465 2071 Nolite
506 2017 640 2070 dare
673 2021 927 2072 sanctum
969 2020 1219 2084 canibus,
1262 2035 1430 2088 neque
1467 2025 1807 2097 margaritas
1887 2021 2075 2071 tenter
2102 2016 2478 2071 esurientibus
2506 2014 2807 2068 indultum.
2840 2012 2981 2067 Hinc
3009 2018 3096 2067 est
3115 2012 3264 2082 quod
3283 2012 3485 2066 Petrus

212 2111 417 2160 vestras
440 2107 681 2160 mittatis
708 2111 837 2160 ante
856 2122 1066 2175 porcos.
1090 2106 1523 2163 Proverbialiter
1549 2108 1659 2164 ista
1685 2127 1811 2181 pro—
1892 2105 2106 2161 Simoni
2153 2106 2397 2177 gratiam
2437 2104 2679 2176 Spiritus
2729 2102 2907 2158 sancti
2955 2106 3143 2173 negat,
3192 2106 3249 2155 et
3293 2114 3487 2155 tamen

211 2210 441 2267 ponens.
476 2199 673 2249 monet
699 2193 1116 2267 dispensatores
1145 2197 1539 2263 Ecclesiarum,
1583 2203 1642 2253 et
1673 2216 1811 2271 pur-
1892 2198 2026 2273 quia
2045 2196 2373 2268 quantispcr
2392 2195 2464 2248 ad
2483 2193 2743 2248 notitiam
2762 2190 3257 2247 tideiintromissus
3276 2189 3481 2255 fuerat,

211 2290 337 2355 gata
394 2284 609 2339 mentis
663 2285 824 2339 oculo
868 2285 941 2340 ad
988 2286 1128 2340 alios
1174 2286 1528 2358 castigandos
1558 2288 1805 2344 veniant.
1890 2288 2181 2343 credentes
2200 2285 2551 2356 disrumpere
2576 2283 2824 2337 festinat.
2859 2281 3000 2336 Hinc
3038 2285 3121 2334 est
3153 2279 3301 2350 quod
3322 2275 3486 2332 multi

214 2372 426 2427 Deinde
450 2389 526 2428 ne
554 2379 814 2428 sanctum
843 2372 1074 2428 canibus
1105 2374 1423 2445 projiciant,
1477 2376 1707 2431 verbum
1736 2377 1811 2431 vi-
1890 2377 2284 2433 hereticorum
2303 2374 2608 2430 Ecclesiam
2629 2372 2910 2437 scindunt,
2929 2377 2987 2425 et
2998 2369 3273 2424 unitatem
3297 2369 3486 2439 impu-

213 2461 410 2517 delicet
455 2462 886 2533 praedicationis.
932 2463 1075 2529 Quia
1121 2463 1269 2519 sicut
1313 2464 1687 2535 periculosum
1726 2471 1813 2521 est
1890 2474 2086 2538 gnant.
2121 2465 2262 2520 Hinc
2293 2470 2378 2519 est
2398 2463 2547 2535 quod
2574 2462 2830 2517 Julianus
2856 2459 3050 2530 refuga
3076 2458 3373 2531 tyrannica
3391 2458 3487 2512 do-

212 2552 511 2623 pecuniam
546 2552 774 2611 Domini
818 2552 1158 2609 abscondere
1190 2571 1201 2607 :
1234 2553 1317 2608 ita
1343 2569 1478 2608 sane
1514 2554 1812 2627 prodigum
1891 2555 2198 2610 minatione
2218 2552 2596 2625 blasphemias
2624 2556 2681 2605 et
2710 2566 2870 2604 arma
2896 2549 3066 2603 simul
3099 2553 3295 2602 contra
3322 2547 3487 2603 Chri-

214 2657 329 2695 eam
361 2640 607 2696 canibus
627 2641 894 2697 tribuere.
928 2642 1005 2698 Et
1031 2643 1310 2714 quomodo
1339 2643 1479 2710 vitii,
1503 2660 1697 2699 verum
1725 2662 1813 2699 oc-
1892 2650 2043 2700 stum
2071 2648 2276 2698 movet.
2310 2642 2453 2697 Hinc
2476 2641 2647 2696 etiam
2678 2644 2781 2706 est,
2802 2638 2950 2710 quod
2976 2638 3143 2692 hodie
3162 2638 3221 2691 in
3242 2637 3489 2692 Ecclesia

214 2730 419 2795 calere,
452 2730 537 2784 sic
564 2730 801 2801 periculi
847 2738 949 2798 est,
992 2749 1105 2787 non
1136 2732 1543 2788 sustinentibus
1580 2732 1812 2789 verbum
1892 2733 2244 2804 indulgentia
2258 2729 2777 2805 pcenitentiaztotics
2802 2728 3177 2793 conculcatur,
3200 2731 3257 2780 et
3271 2725 3484 2780 securi-

214 2819 330 2874 vita:
349 2836 552 2874 coram
584 2836 812 2891 ponere.
840 2822 982 2875 Nam
997 2838 1099 2892 per
1114 2838 1279 2876 canes
1308 2822 1702 2893 intelliguntur
1730 2823 1809 2891 hi,
1893 2828 1980 2878 tas
2009 2822 2376 2894 promittitur,
2396 2816 2479 2874 ita
2505 2824 2570 2874 ut
2594 2818 2780 2874 illusio
2802 2817 2985 2889 potius
3005 2815 3291 2869 interdum
3311 2831 3483 2886 quam

216 2909 305 2980 qui
327 2915 541 2964 contra
566 2909 861 2964 veritatem
910 2910 1241 2966 oblatrando
1288 2911 1658 2984 impugnant;
1712 2930 1814 2984 per
1894 2912 2173 2967 medicina
2199 2908 2651 2967 sordesccntibus
2680 2908 2809 2974 ﬁat;
2844 2906 2975 2978 quia
2996 2906 3132 2959 dum
3162 2904 3324 2959 facile
3346 2921 3482 2976 prae-

211 3013 430 3069 porcos,
465 2999 567 3071 qui
596 3001 1003 3056 contemnendo
1047 3018 1169 3073 quae
1210 3001 1526 3068 audierant,
1576 3002 1870 3074 pedibusn
1894 3008 2097 3068 statur,
2130 3000 2292 3055 vilior
2320 2998 2577 3064 habetur,
2610 3002 2667 3052 et
2697 3002 2958 3068 percepta
2986 2994 3362 3066 negligentius
3384 3010 3483 3049 cu-

211 3054 603 3155 substernunt,
660 3090 730 3144 de
787 3089 989 3161 quibus
1045 3054 1247 3149 Detrus
1275 3054 1562 3163 apostolus
1576 3054 1611 3146 Ιε
1645 3054 1872 3148 CanisC
2155 3097 2388 3161 ;atque
2429 3054 2595 3160 culpa
2620 3087 2679 3141 in
2697 3054 3008 3142 lfacto‘cum
3046 3054 3352 3156 spcvvenim
3381 3099 3484 3138 au-

210 3179 842 3233 reversusodvomitum
864 3195 1049 3245 suum,
1074 3184 1123 3233 et
1143 3196 1235 3233 sus
1252 3180 1365 3233 lota
1380 3182 1813 3235 invotutabrum
1894 3181 2118 3236 dentius
2172 3194 2579 3250 nonnunquam
2627 3176 2947 3231 reiteratur.
3010 3174 3139 3229 Hac
3196 3189 3310 3227 non
3356 3172 3481 3227 ideo

211 3268 311 3321 luti
334 3269 432 3339 (Il
457 3268 606 3321 Petr.
640 3281 703 3335 II,
749 3267 860 3338 ‘21).
903 3268 972 3324 Et
1018 3267 1144 3323 ideo
1183 3285 1285 3341 per
1331 3285 1499 3323 canes
1541 3269 1809 3335 hmretici,
1894 3270 2149 3333 dixerim,
2174 3274 2239 3323 ut
2252 3268 2535 3323 crudelem
2566 3282 2687 3320 esse
2707 3265 2992 3320 doctorem
3012 3263 3262 3329 doceam,
3296 3261 3395 3316 sed
3423 3265 3488 3316 ut

208 3371 300 3412 seu
330 3356 717 3428 abnegatores
750 3357 1021 3422 veritatis,
1053 3362 1396 3415 revertentes
1438 3358 1510 3413 ad
1539 3357 1812 3413 vomitum
1894 3359 1965 3413 ad
1994 3358 2270 3414 cautelam
2300 3357 2556 3412 incautos
2584 3355 2869 3410 reducam.
2896 3354 3057 3420 Quia,
3076 3352 3221 3408 sicut
3235 3367 3483 3423 quaeren-

209 3444 565 3501 inﬁdelitatis
581 3446 941 3502 denotantur.
968 3447 1078 3502 Per
1104 3464 1301 3517 porcos
1329 3462 1481 3513 vero,
1506 3448 1605 3519 qui
1631 3447 1690 3501 in
1709 3464 1814 3503 sua
1894 3448 2047 3503 tibus
2073 3465 2201 3503 cum
2223 3447 2331 3503 ﬁde
2361 3446 2677 3502 dilectionis
2695 3462 2808 3500 non
2830 3450 2916 3500 est
2934 3443 3211 3515 neganda,
3233 3442 3315 3495 ita
3333 3441 3487 3495 delu-

207 3534 578 3591 immunditia
593 3536 966 3607 perdurantes
994 3536 1371 3607 cognitionem
1402 3537 1505 3592 Dei
1534 3541 1686 3591 recte
1714 3554 1812 3592 ru-
1893 3537 2113 3592 soribus
2158 3544 2217 3592 et
2239 3537 2428 3592 inﬁdis
2457 3552 2571 3591 non
2600 3542 2686 3591 est
2713 3534 2976 3589 continuo
3016 3531 3375 3604 praestanda;
3414 3546 3485 3585 ne

206 3624 431 3680 minare
452 3625 733 3690 nesciunt,
746 3624 948 3697 quibus
966 3642 1078 3680 non
1090 3631 1176 3681 est
1193 3626 1590 3698 allegoriarum
1604 3625 1809 3681 veritas
1892 3626 2035 3681 forte
2065 3626 2403 3696 margaritas
2450 3626 2569 3697 spei
2614 3630 2839 3690 nostrae,
2897 3639 3007 3677 non
3036 3622 3219 3676 solum
3246 3618 3483 3691 pedibus

204 3715 514 3771 reseranda
540 3731 609 3769 eo
641 3715 791 3786 quod
820 3715 973 3770 omni
1002 3715 1262 3770 vitiorum
1297 3716 1658 3772 immunditia
1686 3717 1808 3789 pol-
1892 3716 2195 3780 conculcet,
2218 3732 2410 3769 verum
2422 3715 2590 3770 etiam
2623 3730 2693 3768 ne
2715 3713 2860 3778 aliis,
2886 3711 3053 3765 toties
3066 3712 3200 3764 dum
3225 3707 3484 3763 sordibus

204 3804 462 3873 luuntur,
498 3806 598 3860 sed
624 3805 909 3877 apertiora
953 3822 1189 3878 quaeque
1221 3806 1331 3860 illis
1376 3806 1691 3877 pandenda,
1724 3805 1812 3860 vel
1892 3804 2225 3860 criminosus
2252 3803 2568 3875 intingitur,
2601 3800 2867 3875 peccandi
2895 3799 3155 3853 ﬁduciam
3197 3798 3344 3851 male
3372 3797 3485 3868 pel-

209 3893 468 3950 siviliora
486 3894 600 3950 dici
620 3902 874 3966 possunt.
894 3896 1172 3951 Caeterum
1195 3894 1432 3967 mystica
1460 3896 1811 3968 eloquiorum
1894 3898 2073 3952 lectus
2114 3895 2376 3967 prebeat.
2413 3894 2548 3949 Inde
2577 3898 2663 3948 est
2697 3890 2844 3963 quod
2892 3888 3036 3942 sacri
3063 3903 3305 3941 canones
3334 3886 3486 3941 mul-

208 3980 552 4039 documenta
587 3983 662 4037 ad
686 3988 911 4056 tempus
929 3985 1212 4039 reticenda
1227 3991 1378 4051 sunt,
1402 3984 1579 4039 donec
1607 4001 1676 4040 ea
1704 3984 1814 4041 sin-
1894 3987 2063 4041 toties
2091 3986 2163 4040 ad
2185 3984 2572 4056 paenitentiam
2600 3982 2931 4037 reiterantes
2959 3994 3072 4032 non
3100 3976 3259 4030 facile
3286 3975 3488 4030 admit-

216 4072 331 4140 guli
355 4074 515 4128 ferre
543 4072 779 4144 possint,
812 4080 871 4129 et
890 4074 1063 4129 tritici
1101 4090 1367 4129 mensura
1394 4073 1653 4129 omnibus
1676 4091 1814 4146 prm-
1893 4081 2044 4131 tunt.
2076 4075 2225 4139 Quos
2253 4090 2390 4128 sane
2437 4078 2620 4139 ωε
2654 4077 2925 4126 terminos
2984 4084 3085 4123 nec
3134 4082 3236 4121 nos
3266 4070 3489 4137 oportet

216 4160 435 4227 bentur,
467 4171 539 4219 ut
564 4180 749 4236 neque
778 4163 873 4219 isti
899 4169 1162 4235 percepta
1191 4162 1483 4231 dilanient,
1517 4179 1700 4235 neque
1730 4161 1813 4218 illi
1894 4165 2280 4221 indifferenter
2297 4163 2631 4234 transgredi,
2652 4162 2751 4217 sed
2780 4159 2973 4216 omnia
2991 4175 3125 4219 cum
3147 4157 3484 4214 discretione

216 4250 404 4307 oblata
430 4253 783 4309 conculcent.
829 4252 938 4307 Sed
971 4257 1163 4307 tamen
1219 4267 1443 4323 quoquo
1476 4251 1641 4306 modo
1669 4249 1814 4322 peri-
1894 4271 2152 4327 pensare.

213 4337 464 4394 cnlosius
509 4342 598 4393 est
629 4343 824 4393 sancta
849 4336 1137 4409 porrigere
1169 4333 1461 4408 perversis,
1492 4351 1662 4408 quam
1691 4351 1811 4406 pre-

1962 4347 2130 4399 Petite
2149 4348 2198 4398 et
2227 4344 2456 4398 dabitur
2478 4344 2640 4397 vobis.
2671 4342 2904 4409 Quzrite
2933 4345 2980 4395 et
3004 4340 3294 4394 invenietis
3317 4357 3334 4392 :
3360 4340 3484 4407 put-

159 4451 165 4457 ι
214 4427 358 4483 tiosa
394 4427 670 4500 impuris.
707 4426 869 4491 Quod
900 4426 1041 4482 bene
1071 4442 1182 4482 uno
1211 4424 1523 4481 dubitantis
1550 4424 1873 4479 adverbio”
1895 4439 2009 4487 sate
2031 4440 2077 4487 et
2106 4436 2396 4502 aperietur
2427 4433 2592 4485 vobis.
2643 4429 2856 4495 Quibus
2899 4429 3146 4501 profecto
3193 4426 3480 4499 gradibus,

214 4516 572 4589 mpem'it-
1894 4522 2004 4590 via,
2034 4522 2241 4577 veritas
2270 4528 2328 4577 et
2350 4522 2479 4585 vita,
2510 4519 2758 4591 legitime
2785 4518 3135 4573 certantibus
3164 4521 3480 4588 praestatur.

278 4606 355 4661 Ne
388 4608 543 4674 forte
576 4607 888 4660 conculcent
916 4607 1047 4660 illas
1070 4606 1298 4673 pedibus
1326 4606 1461 4671 suis,
1493 4609 1541 4658 et
1572 4605 1817 4658 disrum-

208 4700 343 4762 punt
365 4711 484 4750 vos.
509 4694 656 4759 Quia
675 4693 796 4749 ﬁeri
821 4698 1008 4766 potest
1028 4699 1094 4749 ut
1112 4694 1442 4766 resipiscent
1465 4692 1535 4747 ab
1565 4692 1815 4748 immun-

212 4783 361 4839 ditiis
416 4784 563 4849 suis,
627 4790 688 4839 et
742 4783 811 4838 de
864 4800 1161 4854 porcorum
1202 4800 1374 4855 grege
1409 4788 1701 4838 transeant
1742 4782 1813 4837 ad

210 4874 564 4930 consortium
593 4873 799 4928 ovium.
831 4873 1232 4929 Verumtamen
1260 4890 1373 4927 non
1401 4872 1527 4927 ideo
1556 4872 1697 4928 illud
1726 4888 1812 4926 ca-

208 4962 390 5028 nibus,
424 4968 632 5018 contra
669 4968 1011 5035 praeceptum
1044 4962 1264 5017 Domini
1312 4968 1528 5017 temere
1562 4963 1812 5018 tribuen-

210 5049 360 5119 dum,
413 5068 607 5124 neque
647 5052 771 5107 ista;
798 5069 989 5107 coram
1019 5050 1253 5121 pedibus
1296 5068 1592 5123 porcorum
1641 5051 1811 5123 proji-

212 5141 443 5210 ciende,
500 5158 574 5197 ne
624 5141 769 5196 forte
815 5147 873 5196 et
913 5142 1039 5197 illas
1079 5141 1423 5206 conculcent,
1476 5146 1535 5196 et
1578 5158 1674 5196 vos
1700 5140 1809 5195 dis-

212 5237 514 5304 mmpant.
578 5231 919 5287 Conculcant
952 5238 1160 5288 autem
1203 5236 1618 5302 contemptores
1662 5230 1808 5285 veri-

1895 4612 1971 4666 Ut
1995 4612 2243 4683 primum
2273 4611 2333 4666 in
2360 4610 2467 4676 via,
2500 4626 2622 4680 quae
2653 4608 2911 4663 Christus
2957 4612 3060 4673 est,
3107 4605 3480 4673 ambulantes,

1897 4701 2191 4755 veritatem
2229 4699 2533 4764 inveniant,
2569 4699 2751 4770 ipsum
2801 4702 3115 4768 quaerentes
3141 4694 3288 4768 apud
3314 4710 3485 4766 quem

1896 4795 1981 4844 est
2008 4791 2132 4844 fons
2173 4790 2317 4844 vitae.
2367 4787 2472 4844 Ubi
2509 4787 2798 4859 pulsantes
2843 4787 2915 4841 ad
2944 4786 3172 4849 ostium,
3220 4785 3354 4839 licet
3385 4799 3487 4855 per

1894 4884 2191 4948 angustam
2213 4876 2629 4949 portam,vitam
2651 4875 3043 4946 ingrediantur
3058 4874 3479 4946 sempiternam.

1892 4968 2039 5022 Nam
2069 4968 2273 5023 ostium
2304 4966 2558 5021 Christus
2587 4971 2695 5033 est,
2726 4965 2872 5020 sicut
2899 4964 3017 5036 ipse
3046 4964 3128 5018 ait
3156 4983 3168 5018 :
3200 4964 3309 5031 Ego
3352 4979 3481 5017 sum

1892 5059 2113 5111 ostium.
2135 5059 2235 5111 Per
2250 5059 2394 5110 mesi
2410 5058 2531 5125 quis
2561 5057 2865 5120 introierit,
2887 5055 3197 5108 salvabitur
3218 5055 3395 5108 (Joan.
3427 5067 3481 5117 x,

1892 5145 1968 5212 9).
2002 5147 2071 5201 Et
2106 5145 2228 5200 ideo
2250 5161 2362 5200 non
2390 5144 2542 5199 aliud
2588 5143 2891 5216 petendum
2940 5159 3109 5214 quam
3150 5141 3297 5213 quod
3328 5157 3481 5212 quaa-

1890 5235 2129 5289 rendum
2154 5239 2256 5299 est,
2284 5250 2464 5305 neque
2495 5233 2647 5289 aliud
2680 5233 3045 5305 quaerendum
3088 5231 3196 5286 nisi
3237 5231 3309 5285 ad
3334 5230 3484 5303 quod

213 5320 341 5375 tatis
367 5320 609 5392 eloquia
631 5320 732 5376 Dei
753 5321 1175 5393 pretiosissima,
1192 5322 1329 5377 dum
1349 5319 1668 5393 despiciunt
1684 5337 1811 5393 par—
1887 5324 2119 5395 jugiter,
2143 5329 2209 5377 ut
2229 5323 2598 5394 ingrediatur,
2614 5322 2951 5395 pulsandum
2973 5328 3076 5377 est.
3101 5321 3203 5376 Hic
3221 5326 3309 5375 est
3333 5319 3485 5377 enim

214 5409 583 5481 vipendentes
610 5410 1084 5482 pulchritudinem
1113 5411 1539 5483 promissorum,
1562 5416 1621 5466 et
1640 5411 1811 5467 veluti
1891 5413 2053 5485 panis
2082 5413 2236 5468 vivus
2267 5413 2364 5485 qui
2393 5413 2463 5468 de
2486 5413 2625 5468 coelo
2650 5412 2956 5475 descendit,
3000 5411 3244 5467 ﬁliorum
3286 5412 3484 5485 utique

216 5514 337 5555 sues
362 5499 439 5554 ad
471 5499 895 5556 immunditiam
915 5505 1109 5569 κο
1126 5502 1505 5557 revolvuntur.
1530 5501 1811 5557 Cmterum
1891 5501 2064 5557 cibus.
2089 5503 2207 5558 Hoc
2235 5509 2323 5558 est
2347 5520 2605 5576 regnum,
2629 5509 2687 5558 et
2708 5501 2932 5575 justitia
2958 5501 3119 5574 regni
3138 5517 3251 5573 qua
3270 5501 3479 5573 justiﬁ—

216 5585 289 5644 illi
304 5589 407 5663 qui
422 5589 945 5657 OMNBWIR
959 5584 1243 5651 oblimare
1262 5591 1593 5662 moliuntur,
1611 5590 1661 5651 si
1683 5591 1811 5649 fue-
1890 5608 2086 5649 camur
2115 5609 2329 5651 omnes.
2361 5593 2572 5651 Idcirco
2599 5610 2726 5653 eam
2751 5590 3000 5666 primum
3026 5606 3143 5649 non
3164 5590 3353 5675 minus
3380 5604 3491 5661 per-
