3918 6176
463 294 570 353 319

1218 299 1274 354 S.
1318 299 1695 356 PASCHASII
1733 300 2094 356 RADBERTI
2131 296 2435 353 ABBATIS
2474 294 2974 353 CORBEIENSIS.

3578 298 3666 354 3%

465 423 586 475 tere
619 437 784 492 quam
818 426 876 476 et
902 437 1169 493 quaerere.
1203 439 1397 477 verum
1436 424 1605 478 etiam
1640 426 1931 496 quaesitam
1959 426 2121 487 in~A
2213 423 2343 490 Quis
2371 439 2435 476 ea:
2462 423 2607 481 vobis
2643 423 2819 486 homo,
2856 438 3016 491 quem
3043 424 3094 474 si
3131 424 3346 490 petierit
3379 425 3515 489 ﬁlius
3556 440 3669 478 suus

466 509 690 577 venire;
746 510 1029 565 inventam
1077 518 1263 565 autem
1324 513 1391 565 ad
1436 513 1617 585 ipsam
1672 515 2055 569 indesinenter

464 598 691 668 pulsare
705 600 958 669 januam,
984 599 1159 653 donec
1187 600 1472 670 pulsantes
1500 603 1569 655 ad
1591 619 1721 656 eum
1743 620 1843 674 per
1870 603 2054 675 ipsum

465 686 867 757 ingrediamur.
894 690 941 741 A
971 688 1240 759 principio
1261 706 1392 760 ergo
1416 691 1582 760 hujus
1612 693 1884 746 sermonis
1915 692 2055 746 nihil

466 777 617 830 aliud
640 795 807 848 quam
824 777 1124 847 justitiam,
1151 779 1305 848 regni
1329 780 1470 834 ﬁlios
1491 788 1549 834 et
1570 781 1817 835 haeredes
1841 781 2050 847 docuit;

465 865 591 920 ideo
609 867 825 921 animos
853 884 1044 920 eorum
1067 866 1136 920 ab
1165 868 1319 921 omni
1349 870 1723 925 sollicitudine
1752 871 1937 933 seaculi
1963 888 2053 925 se-

467 955 658 1020 crevit,
674 961 737 1009 ut
754 956 906 1009 illam
927 956 1284 1012 intenderent
1296 959 1596 1029 justitiam,
1623 968 1680 1014 et
1702 962 2054 1016 solummodo

454 1036 699 1114 regnum
731 1044 954 1098 caeleste
982 1045 1168 1100 devoti
1186 1054 1517 1117 quaererent.
1537 1050 1799 1121 Alioquin
1820 1067 2057 1121 regnare

464 1132 524 1186 in
553 1148 618 1187 eo
640 1134 957 1204 nequimus,
981 1134 1088 1189 nisi
1116 1136 1357 1206 primum
1389 1138 1539 1208 leges
1556 1140 1678 1209 ejus
1690 1141 2051 1209 etjustitiam,

464 1236 577 1275 non
604 1221 726 1275 dico
754 1222 984 1287 discere,
1019 1241 1209 1279 verum
1234 1233 1291 1279 et
1318 1226 1549 1296 implere
1575 1245 1910 1299 quaeramus.
1936 1230 2053 1283 Hoc

464 1310 657 1381 itaque
688 1317 772 1366 est
795 1329 1030 1383 regnum
1061 1314 1304 1384 primum
1329 1332 1596 1386 quaerere,
1621 1324 1751 1371 ante
1780 1318 1969 1372 omnia
1998 1329 2054 1372 et

465 1417 637 1472 super
663 1402 850 1455 omnia
877 1402 1054 1456 Deum
1078 1409 1266 1458 mente
1295 1405 1548 1476 diligere,
1583 1406 1785 1460 deinde
1810 1407 2055 1461 dilectio-

467 1489 557 1545 nis
570 1506 741 1560 opera
759 1492 1045 1561 perﬁcere.
1067 1492 1172 1546 Sed
1197 1509 1266 1547 ne
1285 1495 1374 1548 cui
1392 1494 1732 1565 impossibile
1753 1496 2054 1563 videretur,

467 1579 782 1649 composuit
808 1596 1019 1650 preces,
1068 1581 1258 1637 docuit
1310 1584 1444 1653 quid
1495 1591 1770 1655 petamus,
1810 1589 1866 1638 et
1894 1584 2058 1639 modo

466 1666 678 1738 praebet
704 1668 1119 1731 conﬁdentiam.
1142 1677 1206 1725 ut
1225 1671 1366 1726 nihil
1395 1672 1718 1727 haesitantes
1744 1690 2055 1744 poscamus.

2130 529 2352 583 panem,
2388 512 2647 581 nunquid
2674 512 2910 579 lapidem
2939 513 3184 579 porriget
3213 513 3263 564 ei
3275 516 3296 563 ?
3338 510 3519 582 Incipit
3554 512 3678 585 luci:

2135 601 2261 656 dius
2290 601 2609 673 explanare,
2643 599 2777 670 quid
2809 599 3109 670 petendum
3149 598 3239 657 sit.
3272 604 3328 652 et
3352 616 3413 652 ex
3448 599 3556 670 ipsa
3583 601 3670 654 hu-

2137 702 2305 744 mana
2324 692 2470 744 circa
2491 689 2635 743 ﬁlios
2657 687 3060 751 benevolentia,
3084 687 3428 741 commendat
3451 694 3676 758 prazstan-

2135 779 2336 833 tiorem
2368 784 2425 832 et
2464 775 2960 848 incomparabilem
2994 776 3177 830 Patris
3208 776 3533 846 diligentiam
3556 777 3676 830 circa

2136 885 2255 922 nos.
2316 866 2423 921 Ubi
2470 866 2766 936 cogitanda
2814 870 2901 919 est
2946 864 3269 918 excellentia
3315 864 3598 934 dignitatis.
3631 870 3678 919 et

2137 955 2547 1010 corroboranda
2580 955 2783 1009 ﬁducia
2820 953 3043 1007 mentis.
3078 954 3221 1018 Quia
3263 952 3309 1006 si
3352 958 3524 1023 patres
3555 952 3679 1006 bona

2137 1045 2270 1099 data
2295 1045 2554 1099 tribuunt
2581 1044 2733 1110 ﬁliis,
2779 1044 2958 1097 multo
2986 1042 3167 1113 magis
3200 1043 3362 1096 Pater
3384 1047 3572 1106 noster,
3601 1043 3679 1113 qui

2137 1133 2653 1206 incomparabiliter
2698 1133 2877 1187 bonus
2930 1139 3033 1198 est,
3070 1133 3301 1185 daturus
3327 1136 3409 1185 est
3434 1130 3567 1184 bona
3597 1148 3681 1184 sua

2135 1223 2460 1297 petentibus
2489 1240 2549 1276 se
2581 1222 2728 1276 ﬁliis.
2756 1223 3064 1295 .Comparat
3090 1238 3222 1291 ergo
3250 1237 3444 1291 panem
3456 1220 3682 1290 lapidi.ut

2134 1330 2237 1385 per
2264 1329 2468 1384 panem
2506 1311 2857 1381 intelligatur
2884 1311 3139 1365 Christus
3170 1310 3300 1376 vita,
3345 1309 3437 1379 qui
3477 1309 3538 1362 de
3569 1309 3682 1363 coelo

2139 1402 2427 1458 descendit
2457 1427 2467 1464 ;
2494 1418 2659 1473 quem
2690 1401 2734 1455 si
2766 1401 3008 1472 petimus
3035 1406 3187 1453 recta
3210 1399 3335 1464 tide,
3362 1397 3591 1468 nunquid
3609 1398 3686 1451 da-

2138 1498 2302 1547 turus
2313 1498 2398 1547 est
2417 1491 2658 1562 lapidem
2673 1490 3032 1555 ίιιυωεεειυ
3047 1486 3683 1552 oﬁensionis,etduritiam

2141 1580 2370 1636 cordis?
2412 1580 2573 1635 Absit
2600 1584 2665 1633 ut
2694 1580 2798 1633 hoc
2841 1579 2911 1632 de
2954 1594 3176 1632 summo
3207 1582 3266 1631 et
3292 1572 3686 1629 incommutabili

2141 1670 2287 1725 bono
2310 1670 2638 1734 sentiamus,
2663 1667 2811 1739 quod
2835 1684 2936 1721 nec
2954 1667 3024 1721 de
3055 1665 3281 1720 homine
3311 1663 3523 1718 mortali
3550 1672 3599 1716 et
3616 1662 3686 1715 in-

465 1756 687 1810 Veritas
715 1773 957 1828 namque
978 1758 1031 1812 id
1052 1760 1347 1831 promittit,
1365 1767 1421 1815 et
1438 1761 1563 1815 ideo
1576 1763 1837 1817 haesitare
1854 1762 1911 1815 in
1937 1779 2060 1833 pre-
2078 1746 2125 1807 Β
2143 1758 2527 1815 commutabili
2558 1757 2768 1812 sentire
2796 1756 2879 1810 fas
2908 1757 3022 1810 est!

463 1844 620 1900 cibus
650 1863 762 1901 non
789 1846 1075 1915 debemus,
1100 1854 1319 1904 tantum
1348 1856 1412 1904 ut
1430 1867 1497 1904 ea
1526 1857 1584 1904 et
1604 1850 1682 1905 sic
1704 1856 1979 1923 petamus,
1996 1857 2060 1907 ut

2212 1848 2325 1904 Aut
2339 1851 2389 1901 si
2409 1850 2629 1917 petierit
2648 1850 2868 1915 piscem,
2890 1845 3151 1913 nunquid
3169 1848 3461 1913 serpentem
3473 1843 3690 1896 dabitei?

462 1933 643 2003 jubet.
672 1935 787 1989 Nec
812 1952 923 1990 non
955 1943 1012 1991 et
1049 1942 1182 1992 tunc
1207 1944 1263 1993 et
1291 1938 1367 1992 ibi
1396 1955 1730 2010 quaeramus,
1763 1939 1856 1994 ubi
1874 1939 2055 2010 jubet.
2142 1938 2360 1992 Piscem
2392 1936 2588 2007 utique
2613 1936 2773 1989 illum
2794 1951 2960 2005 quem
2991 1934 3194 1987 Petrus
3208 1932 3444 2003 primum
3464 1929 3688 2002 piscando

463 2022 540 2077 Ex
554 2040 663 2094 quo
680 2025 977 2095 Propheta:
1005 2028 1232 2080 [κειρίαν
1247 2032 1716 2097 eorqua'rentium
1732 2031 2054 2095 Dominum,
2142 2026 2307 2098 cepit,
2340 2027 2610 2080 latentem
2634 2024 2784 2078 inter
2811 2040 2987 2095 aquas
3013 2023 3447 2093 Scripturarum,
3478 2020 3529 2074 in
3556 2019 3689 2088 cujus

464 2116 691 2182 quan-ite
720 2115 1023 2167 Dominum
1052 2120 1099 2168 et
1136 2119 1576 2184 conﬁrmamini,
1606 2122 1830 2187 quaerite
1860 2121 2059 2186 faciem
2141 2116 2408 2171 nimirum
2439 2131 2535 2169 ore
2560 2119 2828 2168 staterem
2858 2111 3090 2177 invenit,
3122 2128 3289 2182 quem
3320 2127 3418 2182 pro
3456 2126 3511 2164 se
3535 2109 3686 2162 daret.

466 2204 582 2270 ejus
610 2218 820 2270 semper
846 2205 1018 2270 (Psal.
1049 2218 1160 2269 Civ,
1195 2203 1242 2271 3)
1310 2205 1433 2269 Ubi,
1469 2207 1515 2260 si
1541 2206 1683 2261 bene
1709 2206 2055 2277 inspicimus,
2144 2206 2201 2260 Si
2235 2205 2361 2276 quis
2381 2204 2624 2258 ﬁliorum
2646 2204 2793 2257 hunc
2814 2201 3146 2273 poposcerit,
3176 2200 3427 2271 nunquid
3452 2198 3688 2268 benignus

464 2306 577 2344 non
608 2290 757 2344 aliud
789 2307 956 2361 quam
989 2293 1210 2346 Patrem
1240 2299 1297 2348 et
1335 2294 1535 2349 Filium
1586 2302 1755 2366 atque
1786 2295 2058 2366 Spiritum
2142 2299 2302 2366 pater
2333 2299 2650 2364 serpentem
2680 2292 2858 2354 illum,
2893 2290 2988 2361 qui
3040 2291 3212 2344 Evam
3262 2305 3468 2344 veneno
3497 2286 3690 2342 fallaciae

465 2384 721 2433 sanctum
766 2381 1131 2450 quaerendum
1171 2399 1293 2437 esse
1338 2383 1545 2449 docuit,
1580 2389 1636 2439 et
1679 2401 1901 2456 semper
1928 2402 2057 2439 eum
2141 2401 2255 2439 suae
2273 2383 2531 2454 peremit,
2553 2381 2711 2435 dabit
2738 2381 2821 2434 illi
2851 2385 2916 2434 ut
2941 2379 3219 2433 moriatur
3234 2379 3359 2433 dolo
3376 2377 3539 2449 patris
3555 2376 3690 2429 dece-

466 2484 715 2539 qnaerere
740 2470 1028 2523 mandavit
1056 2471 1181 2525 laeto
1212 2478 1267 2526 et
1314 2475 1476 2527 ﬁrmo
1525 2474 1708 2527 corde.
1760 2475 1892 2528 Non.
1927 2474 2061 2545 quia
2139 2472 2314 2545 ptus?
2343 2471 2556 2535 Quibus
2574 2470 2790 2524 duabus
2816 2468 3112 2524 sententiis
3130 2469 3536 2531 conﬁrmamur,
3568 2462 3690 2535 quod

466 2563 551 2611 est
578 2558 688 2611 nisi
719 2573 881 2624 unus,
913 2559 1011 2613 sed
1041 2560 1172 2630 quia
1202 2561 1320 2631 ipse
1349 2561 1610 2632 idemque
1639 2561 1947 2617 immensus
1975 2568 2061 2617 est
2141 2577 2429 2632 nunquam
2447 2577 2481 2614 a
2505 2561 2620 2614 Deo
2649 2560 2815 2613 Patre
2845 2558 2953 2612 nisi
2974 2557 3120 2612 bona
3147 2552 3693 2629 percipimus.qualia-

464 2651 521 2700 et
544 2647 936 2718 sempiternus.
966 2649 1215 2704 Petimus
1230 2656 1418 2705 autem
1444 2651 1573 2717 ﬁde,
1597 2668 1697 2723 per
1718 2668 1841 2705 eam
1870 2658 2058 2717 368
2143 2667 2361 2721 cunque
2388 2648 2549 2703 nobis
2572 2648 2884 2702 videantur.
2905 2646 3050 2711 Quia
3068 2647 3157 2699 his
3171 2646 3268 2717 qui
3291 2644 3577 2700 secundum
3596 2657 3695 2713 pro-

462 2735 710 2807 profecto
758 2737 827 2791 ad
871 2737 1156 2792 Christum
1204 2740 1559 2809 gradientes;
1616 2741 1918 2811 quaerimus
1960 2759 2057 2812 spe
2140 2740 2386 2812 positum
2418 2738 2596 2792 vocati
2629 2743 2758 2792 sunt
2784 2736 2983 2802 sancti,
3003 2735 3198 2790 omnia
3226 2735 3337 2789 illis
3363 2736 3695 2805 cooperantur

370 2882 381 2889 _
460 2825 763 2889 tutissima,
798 2826 952 2892 dum,
987 2843 1088 2898 per
1132 2827 1313 2898 ipsam
1357 2835 1739 2899 penetrantes.
1768 2830 2053 2884 interdum

464 2914 793 2983 attingimus
838 2932 1017 2986 usque
1056 2919 1126 2970 ad
1174 2916 1446 2971 interiora
1474 2918 1765 2972 velaminis
1796 2918 2001 2973 Christi
2037 2937 2047 2971 :

2137 2830 2197 2884 in
2226 2829 2455 2883 bonum.

2208 2918 2272 2973 Si
2291 2934 2416 2985 ergo
2445 2933 2535 2970 vos
2562 2934 2689 2970 cum
2718 2919 2840 2970 sitis
2871 2920 3029 2983 mali,
3071 2920 3243 2971 nostis
3276 2918 3411 2971 bona
3442 2915 3561 2968 data
3586 2912 3695 2965 dare

462 3019 630 3073 quam
658 3003 899 3074 denique
924 3005 1068 3059 sicut
1094 3005 1396 3060 anchoram
1424 3012 1626 3069 tutam,
1660 3007 1718 3060 in
1763 3007 1901 3060 caelo
1936 3008 2057 3077 jam
2088 3076 2097 3077 ί
2139 3011 2272 3076 ﬁliis
2300 3010 2511 3072 vestris,
2545 3012 2752 3075 quanto
2782 3010 2960 3074 magis
2985 3008 3148 3060 Pater
3178 3011 3350 3060 uester
3378 3006 3474 3073 qui
3500 3006 3555 3055 in
3577 3001 3696 3054 eatis

460 3091 628 3143 ﬁxam
657 3090 929 3145 habemus
953 3110 966 3159 ;
998 3093 1288 3163 pulsamus
1312 3094 1605 3158 charitate,
1629 3094 1761 3149 dum
1793 3076 2114 3165 infatiga-C
2138 3100 2211 3149 est
2241 3097 2391 3150 dabit
2421 3097 2559 3149 bona
2600 3097 2905 3164 petentibus
2935 3101 3024 3148 se?
3068 3094 3248 3148 Malos
3276 3096 3460 3148 autem
3485 3086 3697 3161 appellat

460 3176 647 3232 biliter
684 3178 755 3232 ad
783 3180 1009 3247 ostium,
1044 3181 1189 3251 quod
1222 3183 1477 3237 Christus
1509 3192 1612 3249 est,
1641 3183 1857 3254 jugiter
1880 3184 2051 3237 susti-

460 3274 658 3323 nentes
680 3267 963 3323 laboribus
990 3269 1329 3326 desudamus
1352 3292 1367 3341 ;
1399 3278 1675 3342 quatenus
1705 3289 1882 3326 unum
1905 3273 2053 3343 quod

462 3357 708 3429 petimus
725 3364 783 3412 et
802 3359 950 3430 quod
976 3359 1276 3429 quaerimus
1287 3361 1622 3432 quandoque
1644 3361 1873 3416 devictis
1894 3362 2055 3417 malis

460 3447 856 3518 adipiscamur.
893 3448 961 3503 Et
987 3453 1053 3502 ut
1080 3450 1352 3519 majorem
1380 3450 1655 3521 praeberet
1678 3451 2054 3505 constantiam

459 3537 871 3607 perseverandi,
900 3537 1248 3608 diligentiam
1271 3540 1575 3610 quaerendi,
1596 3540 1856 3594 ﬁduciam
1874 3541 2054 3612 impe-

459 3626 666 3691 trandi,
696 3625 932 3694 addidit,
963 3627 1045 3682 ita
1074 3627 1302 3682 dicens:

531 3716 724 3771 Omnis
752 3719 902 3770 enim
931 3719 1031 3786 qui
1045 3719 1444 3786 petit,aceipit;
1471 3724 1521 3772 et
1546 3722 1647 3787 qui
1665 3721 1882 3788 quarit,
1902 3722 2050 3774 inve-

460 3808 574 3869 nit;
591 3811 641 3859 et
655 3808 911 3874 pulsanti
926 3810 1226 3876 aperietur.
1244 3807 1401 3862 Unde
1426 3806 1738 3880 cuicunque
1757 3825 1868 3862 non
1883 3808 2051 3862 datur

458 3894 603 3965 quod
640 3895 799 3966 petit,
831 3895 1041 3966 absque
1090 3895 1260 3950 dubio
1308 3913 1420 3951 non
1463 3903 1613 3952 recte
1665 3898 1823 3969 petit,
1868 3915 2049 3968 neque

460 3983 679 4054 quaerit,
710 4001 894 4055 neque
946 3989 1099 4038 recte
1146 3986 1333 4055 pulsat
1360 3991 1491 4040 ante
1534 3988 1767 4056 januam
1800 3987 2044 4058 pietatis.

457 4072 663 4126 Omnia
690 4073 839 4126 enim
870 4088 1215 4145 quaecunque
1244 4074 1488 4144 petimus
1517 4082 1615 4129 aut
1639 4075 1958 4146 quaerimus,
1994 4080 2050 4130 et

394 4166 413 4185 ‘
457 4161 527 4214 ad
556 4161 703 4231 quod
733 4161 1042 4237 pulsamus,
1088 4162 1233 4216 sicut
1270 4163 1403 4225 dixi,
1437 4180 1547 4217 non
1594 4164 1700 4218 nisi
1755 4181 1950 4232 unum,
1993 4170 2051 4220 et

457 4253 687 4319 propter
712 4264 888 4303 unum
918 4266 1039 4304 esse
1063 4250 1245 4315 debet,
1289 4252 1422 4322 quia
1449 4268 1561 4307 non
1606 4253 1715 4307 nisi
1753 4270 1928 4308 unum
1964 4259 2051 4308 est

456 4336 857 4392 necessarium.
901 4338 1043 4393 Hinc
1084 4356 1305 4411 quoque
1336 4340 1509 4395 David
1539 4341 1656 4395 ait:
1691 4343 1865 4396 Unam
1915 4346 2050 4412 petii

2136 3189 2235 3238 aut
2253 3184 2659 3254 apostolos,aut
2679 3199 2872 3238 omnes
2882 3183 3227 3254 generaliter
3245 3183 3304 3237 in
3319 3177 3695 3251 comparatione

2135 3272 2461 3327 divinitatis.
2495 3274 2645 3326 Bona
2672 3289 2801 3326 vero
2829 3271 3014 3326 saeculi
3030 3271 3186 3337 dicit.
3201 3272 3286 3326 vel
3317 3269 3476 3325 sicuti
3496 3284 3528 3322 a
3553 3280 3695 3320 saecu-

2136 3361 2346 3416 laribus
2374 3361 2746 3427 aastimantur,
2778 3361 2864 3414 vel
2897 3361 3029 3432 quia
3059 3361 3255 3415 omnia
3281 3376 3380 3432 per
3407 3363 3645 3413 naturam
3670 3368 3697 3405 a

2136 3449 2282 3505 bono
2311 3451 2446 3515 Deo,
2464 3452 2594 3521 jure
2615 3451 2760 3504 bona
2787 3450 3065 3505 dicuntur.
3088 3450 3223 3514 Quae
3240 3456 3429 3505 tamen
3457 3447 3586 3501 bona
3604 3456 3698 3497 non

2136 3539 2244 3594 nisi
2272 3540 2342 3593 ab
2374 3540 2493 3611 ipso
2521 3540 2810 3593 habemus.
2847 3539 2955 3593 Sed
2983 3539 3095 3593 alia
3123 3538 3280 3593 bona
3307 3542 3437 3593 sunt
3456 3537 3608 3605 longe
3632 3531 3699 3585 in-

2133 3630 2604 3703 comparabiliter,
2634 3646 2755 3700 quae
2786 3635 2976 3701 petere
3005 3645 3070 3683 ac
3101 3645 3376 3699 quaerere,
3424 3631 3478 3680 et
3500 3629 3560 3679 ut
3582 3619 3699 3676 acci-

2133 3722 2374 3792 piamus,
2406 3724 2830 3791 perseveranter
2859 3718 3083 3789 pulsare
3101 3716 3536 3779 debemus.Quae
3560 3707 3698 3766 nimi-

2132 3827 2257 3865 rum
2279 3809 2426 3862 bona
2442 3824 2555 3862 non
2577 3808 2685 3861 nisi
2707 3807 2838 3861 ﬁliis
2854 3812 3209 3879 praestantur,
3233 3812 3295 3862 et
3312 3806 3417 3860 ista
3436 3807 3562 3857 sunt
3578 3813 3697 3854 sem-

2131 3915 2233 3971 per
2257 3914 2356 3969 pro
2380 3896 2582 3967 quibus
2610 3896 2902 3966 invigilare
2932 3896 3201 3950 debemus
3219 3901 3282 3949 et
3304 3898 3532 3958 certare,
3552 3894 3696 3959 atque

2132 3985 2355 4042 solliciti
2377 4002 2524 4052 esse;
2549 3984 2813 4055 quoniam
2844 4002 2967 4055 quae
2997 3984 3183 4039 saeculi
3209 3982 3357 4038 bona
3378 3987 3507 4037 sunt
3525 3990 3696 4049 super-

2132 4076 2487 4148 adjicientur.
2503 4074 2612 4129 ista
2649 4091 2774 4128 vero
2796 4074 2928 4145 quia
2952 4080 3163 4128 aeterna
3191 4079 3326 4129 sunt
3349 4078 3405 4127 et
3431 4064 3694 4143 spiritalia,

2131 4165 2513 4220 indesinenter
2524 4170 2733 4236 petere,
2755 4170 3176 4235 perseveranter
3191 4179 3461 4234 quaerere,
3482 4166 3537 4214 et
3560 4156 3619 4211 ad
3640 4167 3696 4207 ea

2128 4255 2551 4327 infatigabiliter
2564 4255 2806 4327 pulsare,
2833 4255 3097 4326 quoniam
3118 4270 3187 4308 ea
3204 4270 3319 4308 non
3346 4252 3449 4306 nisi
3468 4250 3693 4322 petentes

2129 4346 2425 4417 accipiunt,
2451 4361 2631 4416 neque
2650 4344 2758 4399 nisi
2781 4350 3096 4415 quaerentes
3126 4342 3436 4404 inveniunt,
3470 4343 3524 4392 et
3551 4334 3614 4389 ad
3639 4346 3693 4385 ea

457 4443 492 4481 a
510 4427 671 4481 Domi
675 4443 763 4490 no,
787 4428 929 4482 hanc
950 4432 1255 4497 requiram,
1282 4435 1340 4482 ut
1363 4430 1666 4484 inhabitem
1688 4433 1749 4484 in
1770 4433 1927 4485 domo
1948 4433 2048 4485 Do-
2064 4421 2112 4479 D
2130 4450 2239 4489 non
2258 4435 2366 4488 nisi
2389 4438 2811 4506 perseverantes
2830 4433 3138 4487 introeunt.
3158 4433 3409 4493 Primum
3429 4432 3511 4484 est
3524 4433 3691 4480 tamen

457 4518 607 4570 mini
633 4518 890 4572 omnibus
918 4518 1105 4571 diebus
1126 4521 1247 4572 vita:
1274 4535 1402 4572 mea
1425 4520 1585 4585 (Psat.
1614 4533 1764 4585 XXVI,
1788 4518 1863 4589 4).
1896 4520 2043 4574 Alio-

456 4606 591 4677 quin
626 4606 903 4677 quomodo
943 4605 1173 4678 negabit
1200 4606 1518 4679 petentibus
1549 4625 1628 4674 se,
1677 4608 1773 4681 qui
1800 4609 2043 4680 primum

455 4711 514 4750 se
544 4711 656 4749 non
694 4695 1014 4765 petentibus
1063 4704 1261 4768 sponte
1311 4696 1552 4753 obtulit?
1606 4701 1719 4753 Aut
1765 4700 2043 4771 quomodo

454 4791 766 4855 quaerentes
786 4801 914 4839 eum
932 4801 1045 4839 non
1061 4786 1472 4858 invenient,qui
1487 4788 1656 4842 etiam
1674 4805 1785 4843 non
1799 4806 2047 4859 quaeren-

452 4871 603 4927 tibus
623 4890 683 4927 se
712 4880 777 4928 ut
813 4874 1128 4929 invenirent
1156 4878 1457 4947 praestitit?
1486 4878 1586 4932 Vel
1620 4879 1899 4949 quomodo
1926 4879 2045 4950 pul-

452 4960 706 5016 santibus
750 4978 863 5017 non
918 4964 1133 5034 aperiet
1168 4966 1239 5019 ad
1285 4982 1363 5031 se,
1400 4984 1495 5037 qui
1542 4967 1791 5038 quotidie
1839 4968 2046 5023 clamat

452 5049 613 5105 nobis
645 5069 656 5105 :
686 5053 815 5106 Ecce
846 5057 924 5106 sto
951 5054 1026 5106 ad
1070 5058 1272 5108 ostium
1302 5060 1351 5108 et
1388 5061 1547 5124 pulso
1570 5055 1756 5125 (Apoc.
1794 5071 1878 5122 III,
1914 5055 2038 5125 20);

451 5140 644 5212 utique
687 5142 755 5196 de
812 5142 953 5196 ostio
1002 5144 1181 5197 nostri
1231 5145 1471 5215 pectoris
1525 5146 1713 5201 dicens
1754 5174 1764 5200 λ
1811 5146 1875 5201 Si
1918 5151 2042 5216 quis

451 5234 999 5299 aperuerit,introibo
1012 5233 1085 5285 ad
1104 5249 1248 5299 eum,
1271 5239 1319 5287 et
1336 5238 1550 5290 camabo
1566 5253 1693 5290 cum
1714 5240 1811 5291 illo
1834 5243 1857 5290 Ρ
1879 5236 2044 5293 Patet

446 5318 621 5389 igitur
649 5320 869 5390 quoties
899 5337 1007 5375 non
1041 5322 1346 5393 accipimus
1386 5325 1534 5396 quod
1566 5342 1675 5379 non
1718 5331 1868 5381 recte
1898 5327 2040 5399 peti-

446 5422 593 5472 mus,
627 5412 685 5461 et
710 5424 837 5462 cum
863 5425 973 5464 non
1003 5409 1317 5465 invenimus
1347 5412 1493 5483 quod
1524 5429 1634 5467 non
1665 5413 1804 5469 bene
1846 5416 2042 5487 quaesi-

446 5493 648 5560 vimus,
686 5501 740 5549 et
768 5496 899 5550 dum
925 5498 1282 5569 pulsantibus
1311 5517 1425 5556 non
1452 5501 1705 5573 aperitur
1732 5522 1743 5557 :
1776 5503 1908 5575 quia
1926 5520 2039 5558 non

445 5590 596 5642 recte
622 5586 937 5659 pulsamus.
974 5588 1241 5661 Sequitur
1270 5604 1282 5638 :

2126 4529 2335 4595 petere,
2370 4530 2432 4578 ut
2463 4523 2669 4577 habeas
2700 4540 2824 4593 quae
2862 4538 3114 4593 quaeras;
3173 4521 3377 4575 deinde
3421 4511 3692 4590 quaerendo

2126 4612 2362 4667 festinus
2386 4613 2468 4667 ire
2489 4618 2554 4667 ut
2569 4612 2851 4679 invenias;
2882 4612 3112 4665 inventa
3131 4610 3427 4665 observare
3455 4614 3514 4662 ut
3536 4606 3695 4674 ingre-

2128 4700 2299 4755 diaris
2318 4701 2389 4754 ad
2405 4717 2489 4767 ea,
2516 4706 2575 4755 et
2592 4701 2711 4755 sine
2733 4701 2844 4755 ﬁne
2865 4700 3092 4755 fruaris.
3108 4700 3323 4754 Decens
3351 4699 3536 4769 itaque
3554 4691 3690 4752 ordo,
3792 4742 3795 4751 .

2129 4795 2186 4843 et
2215 4789 2521 4843 secundum
2557 4790 2764 4844 Lucam
2813 4789 2955 4844 bene
2994 4788 3174 4844 tribus
3202 4786 3520 4844 alternatim
3549 4781 3694 4838 rebus

2125 4882 2485 4949 comparatur
2507 4880 2654 4946 (Luc.
2684 4894 2744 4943 II,
2781 4878 2864 4943 ll)
2893 4898 2903 4933 :
2939 4884 3005 4934 ut
3032 4895 3133 4950 per
3146 4895 3371 4951 panem,
3396 4878 3451 4931 in
3472 4890 3575 4946 quo
3593 4873 3695 4925 tota

2124 4968 2382 5039 signatur
2402 4967 2532 5034 vita,
2556 4968 2798 5023 Charitas
2820 4968 3167 5039 intelligatur
3184 4986 3196 5035 ;
3213 4985 3315 5038 per
3325 4967 3526 5039 piscem
3552 4960 3689 5021 ﬁdes,

2127 5074 2249 5128 quae
2268 5057 2371 5112 sub
2392 5057 2618 5112 ﬂuentis
2640 5057 2883 5128 Spiritus
2911 5058 3090 5111 sancti
3110 5057 3396 5120 nutritur;
3425 5070 3522 5126 per
3549 5063 3694 5106 ovum

2123 5164 2273 5212 vero,
2306 5147 2376 5202 de
2406 5163 2516 5218 quo
2546 5146 2732 5217 pullus
2759 5147 2941 5201 adhuc
2969 5151 3244 5217 speratur,
3292 5161 3420 5217 spes
3457 5145 3602 5196 certa
3625 5141 3695 5190 te-

2124 5243 2327 5292 neatur
2350 5255 2362 5305 ;
2396 5235 2599 5307 quibus
2629 5235 2875 5306 profecto
2904 5235 3202 5290 virtutibus
3225 5234 3485 5289 universa
3507 5226 3695 5285 charis-

2124 5331 2339 5380 matum
2372 5326 2518 5379 dona
2547 5329 2987 5396 consequuntur.
3022 5329 3214 5390 3:0
3265 5323 3422 5378 Unde
3452 5319 3693 5393 praefatus

2123 5414 2481 5486 evangelista,
2510 5430 2623 5468 non
2649 5414 2976 5485 simpliciter
2996 5413 3144 5468 bona
3178 5413 3335 5479 dixit,
3376 5411 3471 5466 sed
3503 5410 3691 5481 quanto

2120 5504 2301 5576 magis
2312 5505 2481 5559 Pater
2500 5510 2683 5559 vester
2699 5503 2855 5558 dabit
2882 5504 3144 5576 spiritum
3168 5503 3375 5579 bonum
3396 5496 3691 5573 petentibus

2119 5610 2180 5651 se
2199 5593 2227 5649 ?
2277 5593 2483 5667 Utique
2514 5594 2776 5667 quia'per
2799 5610 2929 5650 eum
2953 5594 3214 5666 spiritum
3244 5607 3439 5648 omnes
3459 5580 3689 5644 thesauri
