3918 6176
210 236 299 294 321

970 236 1347 293 EXPOSITIO
1386 237 1465 293 IN
1501 235 1946 294 MA'I'I‘HEUM.
1991 270 2054 280 —
2096 240 2231 296 LIB.
2273 241 2368 309 IV,
2411 243 2567 298 CAP.
2611 243 2730 299 VII.

3374 252 3479 312 322

211 360 497 433 sapientia
524 367 581 418 et
611 362 872 429 scientia,
896 363 991 434 qui
1013 363 1071 417 in
1093 363 1315 417 Christo
1326 367 1476 426 sunt,
1498 362 1802 433 acquirun-
1814 360 1869 422 A
1885 380 2053 434 quam
2082 366 2379 437 repleverit
2394 385 2495 439 per
2509 369 2686 423 ardua
2705 373 2763 423 et
2789 374 3031 440 angusta
3049 371 3180 428 hinc
3197 374 3474 433 abducere

213 458 317 516 tur,
331 453 456 505 sine
486 468 600 522 quo
620 452 757 506 nihil
775 452 1080 523 pretiosum
1102 452 1393 523 accipitur.
1409 452 1553 516 Quia
1580 452 1674 523 qui
1696 451 1805 523 spi-

214 540 377 593 ritum
400 540 617 594 Christi
638 557 751 595 non
767 540 953 603 habet,
968 542 1058 594 hic
1083 557 1194 596 non
1215 547 1301 594 est
1321 542 1460 610 ejus.
1478 540 1635 594 Unde
1654 540 1803 593 idem

214 628 440 701 spiritus
468 629 742 687 catholice
771 616 978 684 donum
1010 631 1343 702 appellatur.
1363 630 1503 683 Hinc
1531 628 1803 699 quidquid

216 725 293 772 est
307 719 456 789 quod
479 735 730 785 oramus,
752 720 998 791 primum
1015 729 1072 774 et
1096 719 1500 791 permaximum
1522 734 1633 772 non
1653 717 1805 771 aliud

215 824 323 861 esse
371 808 561 875 debet,
604 826 771 882 quam
824 809 992 864 Pater
1039 815 1097 864 et
1140 810 1315 864 Filius
1359 814 1529 880 atque
1562 806 1805 878 Spiritus

212 904 434 951 sanctus
462 899 614 969 quod
648 904 734 952 est
762 904 1033 953 aternum
1065 899 1512 953 Christianorum
1544 912 1801 966 regnum,

212 987 439 1057 ejusque
463 988 708 1058 justitia,
732 993 796 1042 ut
819 988 1010 1043 omnia
1038 987 1331 1043 charitatis
1359 986 1461 1040 Dei
1486 990 1544 1040 et
1566 984 1803 1056 proximi

211 1093 390 1147 opera,
426 1076 574 1132 sicut
598 1084 878 1150 pracepta
903 1084 1053 1145 sunt,
1104 1078 1464 1149 impleamus.
1511 1075 1670 1130 Unde
1722 1090 1806 1128 se-

211 1166 395 1236 quitur
427 1185 439 1219 :

273 1257 479 1311 Omnia
509 1272 637 1325 ergo
665 1274 996 1327 quacunque
1018 1259 1186 1312 vultis
1210 1262 1271 1310 ut
1298 1257 1514 1324 faciant
1542 1256 1687 1309 vobis
1713 1254 1804 1307 ho-

212 1347 397 1409 mines,
423 1353 475 1399 et
504 1363 594 1400 vos
624 1348 789 1414 facile
814 1349 907 1401 eis.
934 1348 1052 1401 Hac
1076 1351 1150 1400 est
1173 1349 1323 1399 enim
1345 1350 1430 1399 lea:
1450 1350 1498 1399 et
1513 1343 1798 1413 propheta.

209 1434 263 1487 In
290 1434 634 1504 quibusdam
663 1451 909 1506 namque
936 1434 1219 1489 codicibus
1243 1452 1253 1487 :
1291 1434 1492 1489 Omnia
1510 1449 1636 1500 ergo
1662 1448 1803 1501 qua-

207 1539 416 1591 cunque
428 1527 600 1578 vultis
613 1524 1037 1589 bona,habetur;
1053 1523 1185 1594 quia
1197 1522 1441 1594 profecto
1453 1538 1565 1576 non
1575 1521 1801 1575 aliunde

1886 452 2131 512 festinat.
2147 455 2325 519 Quam
2349 456 2614 512 nimirum
2636 462 2854 529 portam
2870 475 3034 514 nemo
3049 460 3371 519 sublimium
3388 484 3478 522 su-

1886 542 2080 613 perbia
2092 549 2317 599 tumens
2337 545 2549 600 intrare
2570 552 2783 617 potest;
2808 565 2972 603 nemo
2987 548 3237 619 abjectus
3261 562 3317 607 et
3331 554 3477 610 imus

1891 631 2020 701 (non
2044 650 2209 703 quem
2241 635 2528 689 humilitas
2545 652 2674 690 vera
2703 637 2953 701 inclinat,
2976 639 3074 693 sed
3104 657 3271 711 quem
3291 642 3480 698 diabo-

1885 719 1973 773 lus
2003 722 2307 791 prosternit
2324 723 2379 777 in
2410 724 2713 794 pulverem,
2738 732 2797 779 et
2815 728 3121 796 conculcat)
3149 748 3161 796 ;
3196 747 3361 786 nemo
3383 732 3480 787 ho-

1887 816 2118 864 noratus
2149 811 2333 866 saculi
2367 812 2551 877 rebus,
2572 814 2706 884 quia
2732 814 2946 870 facilius
2972 823 3059 871 est
3086 820 3360 875 camelum
3379 837 3480 893 per

1886 897 2138 953 foramen
2153 916 2286 954 acus
2302 902 2740 973 transire,quam
2752 904 2980 959 divitem
2997 923 3096 976 per
3106 913 3223 962 tam
3238 916 3480 980 angusta

1885 986 2122 1045 intrare.
2151 988 2298 1042 Satis
2320 989 2512 1061 itaque
2530 992 2745 1045 excelsa
2762 998 2866 1057 est,
2886 993 3017 1048 dum
3036 1012 3212 1067 usque
3238 997 3307 1051 ad
3324 1015 3479 1054 amo-

1884 1093 2004 1130 rem
2034 1075 2134 1131 Dei
2165 1078 2435 1148 erigitur;
2465 1079 2602 1133 satis
2630 1094 2762 1135 vero
2780 1082 3042 1138 deorsum
3065 1091 3323 1155 angusta,
3348 1104 3477 1143 cum

1885 1164 2055 1219 etiam
2087 1183 2188 1237 pro
2217 1182 2407 1220 amore
2436 1168 2673 1238 proximi
2703 1186 2805 1223 nos
2826 1172 2968 1225 mori
2996 1174 3156 1240 velle,
3178 1180 3348 1247 atque
3366 1176 3478 1232 ini-

1884 1254 2090 1309 micum
2134 1256 2365 1326 diligere
2406 1256 2588 1327 jubet.
2622 1258 2780 1313 Unde
2811 1261 3064 1330 quamvis
3095 1262 3337 1318 charitas
3365 1266 3481 1321 lata

1884 1343 2121 1405 dicatur,
2146 1351 2389 1415 angusta
2414 1351 2608 1401 tamen
2633 1351 2747 1414 est;
2783 1364 2952 1418 quam
2975 1352 3134 1420 pauci
3163 1351 3472 1410 inveniunt.

1885 1440 1960 1498 et,
2000 1434 2047 1488 si
2076 1434 2409 1499 invenerint,
2441 1435 2730 1506 pauciores
2760 1438 3108 1493 contendunt
3136 1440 3348 1496 intrare
3378 1460 3478 1514 per

1883 1524 2437 1578 eam.Verumtamen
2460 1524 2554 1578 ubi
2582 1531 2745 1595 porta
2758 1526 3005 1592 auditur,
3025 1528 3219 1583 civitas
3229 1531 3479 1586 conside-

208 1628 361 1682 quam
396 1629 470 1666 ex
499 1611 662 1666 bonis
691 1612 844 1666 dicit.
877 1613 985 1671 Sed
1017 1612 1167 1683 quod
1194 1612 1254 1665 in
1273 1612 1396 1681 ipsa
1417 1610 1691 1667 Hebraica
1716 1626 1801 1663 ve-
1819 1681 1858 1688 _
1882 1613 2059 1666 randa
2087 1619 2191 1678 est,
2215 1630 2337 1684 qua
2364 1619 2421 1667 et
2447 1614 2629 1684 qualis
2655 1614 2747 1670 sit.
2772 1632 2895 1686 qua
2913 1621 3028 1670 tam
3042 1623 3345 1688 angustum
3375 1621 3478 1676 ha-

204 1707 360 1756 ritate
391 1719 510 1757 non
549 1702 849 1770 invenitur,
881 1703 1229 1774 superﬂuum
1277 1706 1401 1767 est;
1458 1700 1514 1753 id
1544 1700 1798 1770 quamvis
1819 1681 1863 1740 Β
1883 1700 2303 1772 betingressum
2326 1718 2493 1772 quem
2514 1703 2676 1773 pauci
2693 1703 3068 1770 inveniunt,et
3081 1705 3127 1759 si
3140 1706 3473 1775 invenerint,

205 1791 446 1861 quidam,
472 1796 537 1846 ut
561 1791 783 1862 planius
803 1797 1046 1855 sonaret,
1079 1790 1285 1844 addere
1305 1789 1598 1844 voluerint.
1620 1788 1729 1843 Sed
1748 1789 1797 1843 si

203 1880 599 1950 proprietatem
652 1880 951 1935 verborum
992 1879 1354 1946 attendimus,
1386 1879 1642 1933 voluntas
1684 1894 1797 1932 non

203 1969 295 2023 nisi
322 1969 385 2023 in
418 1969 588 2030 bono,
636 1969 821 2035 sicuti,
853 1987 883 2024 e
923 1969 1222 2037 contrario,
1253 1968 1529 2039 cupiditas
1558 1967 1617 2022 in
1651 1967 1796 2021 malo

200 2064 333 2113 recte
363 2059 943 2132 accipitur.Quamvis
976 2058 1167 2112 multis
1186 2058 1243 2112 in
1269 2057 1424 2120 locis,
1457 2063 1514 2111 et
1542 2056 1799 2110 voluntas

200 2147 252 2202 in
277 2149 451 2208 malo,
470 2158 530 2202 et
553 2147 833 2219 cupiditas
855 2148 913 2201 in
938 2147 1085 2201 bono
1115 2146 1419 2217 improprie
1444 2146 1683 2201 dicatur.
1696 2146 1799 2200 Ta-

202 2253 318 2291 men
345 2237 465 2291 isto
495 2238 555 2291 in
579 2237 722 2297 loco,
747 2254 859 2292 non
879 2235 986 2291 nisi
1015 2237 1084 2291 de
1116 2236 1280 2297 bono,
1301 2241 1360 2289 et
1382 2236 1441 2289 in
1471 2234 1680 2289 bonum
1707 2235 1795 2288 di-

203 2327 346 2381 citur.
374 2326 675 2389 Videlicet,
709 2325 857 2380 bona
882 2342 1004 2397 qua
1034 2324 1198 2379 vultis
1225 2324 1477 2396 accipere
1510 2323 1580 2377 ab
1608 2324 1709 2389 eis,
1742 2328 1799 2378 et

202 2431 284 2469 vos
308 2415 518 2469 eadem
542 2414 708 2468 facite
738 2414 868 2479 illis,
902 2420 965 2468 ut
991 2414 1235 2468 charitas
1264 2412 1502 2484 proximi
1524 2413 1797 2483 complea-

204 2509 302 2559 tur.
323 2506 518 2569 Quam
552 2520 687 2558 sane
699 2503 1028 2558 charitatem
1050 2502 1171 2557 sine
1190 2503 1486 2557 dilectione
1515 2501 1612 2555 Dei
1632 2517 1796 2555 nemo

206 2599 339 2648 recte
364 2594 619 2665 perficit,
644 2598 701 2647 et
731 2594 855 2647 ideo
884 2592 1101 2647 addidit
1140 2610 1152 2647 :
1205 2593 1325 2646 Haec
1359 2596 1435 2645 est
1473 2595 1559 2645 lea:
1589 2596 1639 2644 ct
1662 2606 1796 2659 pro-

198 2684 372 2751 pheta.
402 2683 653 2753 Propter
673 2682 822 2753 quod
851 2681 1004 2746 alibi,
1028 2697 1141 2736 non
1171 2681 1228 2735 in
1256 2696 1368 2735 una
1393 2696 1588 2734 earum
1617 2685 1796 2750 parte,

203 2772 289 2825 sed
312 2772 367 2825 in
398 2772 631 2826 duabus
660 2771 803 2836 istis,
827 2770 1123 2825 dilectione
1150 2769 1407 2823 videlicet
1426 2769 1525 2823 Dei
1541 2774 1599 2822 et
1612 2768 1800 2839 proxi-

200 2860 288 2921 mi,
310 2867 434 2915 tota
481 2861 570 2914 lex
599 2860 825 2931 pendet,
850 2859 1052 2930 inquit,
1085 2864 1144 2913 et
1171 2859 1475 2930 propheta.
1508 2857 1627 2912 Nisi
1658 2858 1800 2911 forte

198 2947 251 3001 in
273 2949 584 3003 dilectione
596 2947 836 3019 proximi
856 2947 1189 3019 simpliciter
1207 2948 1419 3001 dictum
1434 2947 1795 3018 accipiamus,

1878 1790 2167 1860 pauciores
2182 1791 2277 1861 qui
2294 1791 2638 1845 contendant
2662 1792 2874 1847 intrare
2896 1811 3130 1864 peream
3153 1818 3165 1863 ;
3189 1795 3285 1850 ubi
3310 1814 3476 1853 nemo

1878 1879 1985 1932 nisi
2015 1878 2224 1950 absque
2256 1880 2464 1949 peccati
2494 1897 2664 1934 onere
2706 1881 3044 1951 ingreditur,
3072 1900 3238 1939 nemo
3266 1885 3478 1957 absque

1878 1967 2069 2021 labore
2098 1974 2155 2021 et
2179 1967 2389 2039 absque
2417 1968 2591 2022 animi
2621 1970 2886 2040 puritate.
2911 1972 3187 2035 Quoniam
3217 1975 3354 2029 satis
3382 1992 3479 2030 an-

1879 2063 2108 2126 gustum
2132 2064 2216 2110 est
2237 2057 2430 2113 omnia
2446 2059 2892 2128 pratermittere,
2908 2065 2965 2113 et
2993 2077 3166 2115 unum
3187 2062 3369 2117 solum
3390 2064 3476 2118 di-

1878 2145 2073 2215 ligere,
2107 2163 2281 2200 unum
2301 2147 2614 2213 intendere,
2636 2164 2813 2202 unum
2835 2166 3105 2220 quarerc,
3123 2156 3180 2204 et
3198 2151 3269 2206 ad
3299 2168 3476 2208 unum

1879 2234 2127 2305 quotidie
2158 2236 2413 2306 pulsare;
2448 2252 2629 2307 neque
2654 2237 2721 2290 ad
2753 2237 3024 2301 dextram,
3042 2255 3223 2311 neque
3247 2241 3318 2295 ad
3347 2242 3480 2296 sini-

1879 2329 2053 2378 stram
2068 2324 2365 2379 deﬂectere
2386 2344 2398 2391 ;
2434 2324 2491 2378 id
2512 2331 2615 2391 est,
2645 2342 2827 2397 neque
2847 2343 3114 2399 prospera
3134 2329 3486 2391 ambire,ne-

1881 2429 1989 2483 que
2013 2412 2247 2468 adversa
2275 2413 2607 2481 formidare;
2639 2431 2762 2486 qua
2788 2432 2900 2470 non
2926 2417 3189 2472 videntur
3203 2434 3475 2489 quarere,

1881 2518 2003 2572 qua
2021 2509 2210 2556 autem
2229 2503 2490 2557 videntur
2506 2520 2797 2574 respuere.
2832 2510 3021 2576 sicque
3042 2507 3230 2562 omnia
3249 2514 3480 2580 propter
3545 2549 3551 2555 η

1876 2591 1985 2645 iter
2012 2598 2314 2662 angustum
2344 2591 2474 2646 hinc
2507 2593 2637 2647 inde
2668 2593 2738 2648 ab
2766 2594 2953 2650 animo
2982 2598 3320 2668 propellere.

1953 2682 2096 2748 Quia
2120 2685 2234 2735 lata
2254 2686 2416 2750 porta
2444 2687 2493 2735 et
2520 2685 2757 2750 spatiosa
2779 2686 2872 2739 via
2892 2701 3011 2753 qua
3029 2686 3183 2739 ducit
3204 2689 3278 2740 ad
3293 2689 3479 2756 pcrdi-

1883 2770 2269 2824 tionem.Hanc
2284 2769 2475 2838 igitur,
2490 2770 2620 2824 licet
2637 2787 2803 2825 nemo
2822 2777 3011 2839 ειη
3031 2780 3263 2844 quarat,
3281 2791 3475 2830 omnes

1881 2858 2191 2921 inveniunt,
2223 2858 2357 2929 quia
2395 2859 2453 2913 in
2486 2876 2552 2913 ea
2589 2860 2707 2914 nati
2738 2860 2841 2914 etsi
2872 2878 2933 2915 se
2961 2860 3091 2916 inde
3120 2862 3474 2933 abstulerint,

1883 2948 2141 3002 ultronea
2155 2964 2215 3001 se
2237 2948 2585 3003 oll‘ert.Unde
2606 2965 2767 3003 rarus
2790 2950 2885 3021 qui
2905 2951 2975 3004 ad
2995 2950 3229 3006 virtutes
3247 2969 3477 3008 manum

198 3038 331 3107 quod
371 3038 439 3092 in
475 3052 542 3091 ea
569 2996 813 3108 ptmdeat
836 3037 919 3091 lex
952 2996 1011 3090 ert
1039 3030 1358 3108 propheta;
1396 3038 1455 3090 in
1484 2996 1584 3091 Deri
1607 2996 1795 3091 autem
1818 2996 1862 3058 Ο
1884 3037 2092 3101 mittat,
2108 3038 2362 3108 voluptas
2378 3054 2508 3092 vero
2534 3054 2747 3101 omnes,
2771 2996 2930 3109 qjuasi
2955 3038 3280 3110 importuna
3302 2996 3480 3098 mere:

199 3126 437 3182 simulet
467 3125 709 3197 proximi
736 3131 856 3180 tota
875 3126 1120 3197 pendeat
1148 3128 1232 3180 lex
1270 3131 1328 3179 et.
1353 3125 1536 3180 omnis
1564 3126 1798 3197 prOphe-
1882 3126 2144 3193 trix,suis
2163 3126 2586 3182 oblectamentis
2607 3128 2824 3182 invitat.
2842 3129 2911 3182 Et
2928 3128 3053 3183 ideo
3068 3133 3236 3184 multi
3252 3134 3475 3187 intrant

195 3215 282 3268 tia.
329 3216 449 3271 Sed
498 3216 696 3269 melius
734 3215 793 3269 in
822 3221 1061 3286 utraque
1088 3214 1256 3268 simul
1285 3231 1351 3268 ea
1388 3214 1630 3285 pendere
1659 3215 1800 3269 dici-
1875 3232 1979 3284 per
2006 3232 2147 3280 eam.
2175 3215 2451 3269 Caterum
2483 3232 2648 3286 quam
2671 3198 2911 3287 angusta
2940 3222 3028 3271 est
3057 3224 3219 3289 porta
3238 3225 3297 3274 et
3324 3225 3479 3275 arcta

194 3320 342 3372 mus;
376 3304 527 3376 quia
556 3321 659 3359 nec
677 3304 922 3359 charitas
947 3304 1047 3358 Dei
1068 3304 1188 3358 sine
1210 3303 1468 3375 proximi,
1491 3320 1594 3358 nec
1613 3304 1800 3374 proxi-
1879 3305 1971 3358 via
2015 3321 2139 3375 qua
2167 3304 2323 3358 ducit
2357 3304 2429 3358 ad
2482 3305 2686 3359 vitam!
2732 3306 2887 3360 Unde
2916 3323 3153 3378 sponsus
3185 3313 3243 3362 et
3270 3326 3477 3380 sponsa

193 3394 262 3447 mi
289 3394 412 3449 sine
452 3394 560 3448 Dei
579 3396 710 3464 jure
740 3400 1013 3449 servatur.
1047 3392 1204 3448 Unde
1236 3393 1506 3447 Dominus
1538 3411 1549 3445 :
1581 3392 1645 3447 Si
1671 3394 1799 3447 dilz-
1884 3392 2125 3447 miratur
2150 3393 2209 3447 in
2240 3393 2486 3448 Canticis
2519 3411 2531 3445 :
2568 3394 2693 3460 Qua
2719 3400 2793 3448 est
2828 3398 2935 3450 ista
2962 3413 3081 3465 qua
3113 3399 3358 3452 ascendit
3380 3414 3482 3467 per

192 3487 313 3550 gitis
338 3502 457 3551 me,
503 3485 774 3538 mndata
816 3501 935 3538 mea
972 3488 1180 3537 servate
1212 3485 1397 3551 (Joan.
1448 3496 1559 3547 xlv,
1594 3481 1702 3549 l5).
1736 3482 1806 3535 Et
1880 3483 2595 3550 desertum,quasirirgula
2614 3485 2765 3551 fumi
2784 3488 3217 3540 eaaromatibus
3237 3488 3482 3555 myrrha

191 3572 499 3644 Apostolus
529 3591 542 3625 :
580 3573 687 3639 Qui
714 3574 900 3641 diligit
928 3576 1120 3638 Deum,
1146 3573 1346 3639 diligat
1371 3576 1421 3625 et
1452 3573 1797 3639 proximum.
1879 3575 1928 3624 et
1958 3571 2178 3624 thuris?
2212 3572 2392 3631 (Cant.
2423 3585 2504 3635 Ill,
2539 3570 2696 3640 6).Ac
2721 3573 2766 3626 si
2796 3573 3053 3629 dicatur:
3085 3575 3219 3638 Qua
3247 3581 3337 3630 est
3370 3576 3482 3631 ista

193 3662 446 3733 Alioquin
475 3661 578 3717 :Si
597 3665 722 3731 quis
750 3663 973 3725 dixem,
991 3664 1125 3731 quia
1144 3663 1316 3729 diligo
1340 3661 1529 3725 Deum,
1550 3663 1598 3713 et
1614 3661 1799 3729 proxi-
1884 3674 2006 3729 qua
2032 3658 2286 3712 ascendit
2305 3659 2448 3712 viam
2482 3675 2649 3728 quam
2683 3659 2843 3730 pauci
2876 3661 3186 3726 inveniunt,
3208 3663 3312 3717 etsi
3331 3664 3482 3719 inve-

197 3766 342 3805 mum
358 3755 571 3818 oderit,
596 3754 949 3805 convincitur
969 3754 1103 3818 quia
1124 3753 1362 3804 mendas:
1382 3754 1457 3803 est
1482 3750 1703 3810 (lJoan.
1725 3762 1797 3815 IV,
1883 3747 2090 3800 nerint.
2111 3747 2401 3810 Quomodo
2432 3763 2566 3816 ergo
2587 3747 2664 3800 sic
2693 3748 2958 3819 dirigitur
2976 3757 3033 3803 et
3062 3755 3390 3805 attenuatur
3413 3758 3480 3806 ut

195 3837 298 3903 20).
332 3842 560 3896 Idcirco
588 3840 857 3910 diligatur
892 3839 1179 3911 proximus
1227 3844 1457 3910 propter
1507 3839 1707 3904 Deum,
1746 3842 1803 3892 et
1883 3836 2025 3890 fumi
2057 3835 2281 3906 virgula
2310 3836 2701 3907 comparetur?
2723 3836 2792 3889 Et
2816 3853 2928 3890 non
2956 3838 3348 3909 qualicunque,
3380 3840 3480 3896 sed

197 3927 335 3983 Deus
358 3937 608 4003 propter
649 3929 917 4000 seipsum,
948 3930 1030 3983 ita
1057 3934 1122 3982 ut
1148 3929 1415 3982 mandata
1453 3929 1575 3998 ejus
1614 3932 1802 3981 custo-
1886 3940 1951 3978 ex
1967 3925 2313 3979 aromatibus
2335 3925 2577 3996 myrrha
2591 3930 2651 3978 et
2669 3925 2882 3979 thuris?
2912 3926 3046 3989 Qua
3071 3926 3338 3981 nimirum
3359 3944 3483 3983 aro-

195 4016 435 4074 diantur.
466 4022 555 4074 Ac
584 4035 686 4089 per
721 4023 840 4084 θα
862 4027 895 4083 Ι
940 4018 1062 4081 hoc,
1095 4018 1317 4072 dilectio
1344 4016 1580 4088 proximi
1602 4016 1709 4071 erit
1736 4016 1797 4070 in
1876 4020 2030 4069 mata
2058 4014 2316 4069 Christus
2336 4030 2507 4086 supra
2526 4014 2732 4079 docuit,
2754 4020 2820 4069 ut
2839 4015 3329 4071 mortiﬁcationem
3351 4018 3474 4088 ejus

196 4103 493 4164 dilectione
537 4108 663 4171 Dei,
700 4107 846 4161 sicut
875 4112 933 4161 et
962 4106 1065 4161 Dei
1109 4107 1167 4160 in
1197 4106 1493 4161 dilectione
1524 4106 1763 4178 proximi
1788 4123 1802 4173 ;
1886 4103 1946 4157 in
1974 4120 2205 4175 corpore
2233 4110 2426 4158 nostro
2446 4103 3274 4171 circumferentes,sacriﬁcium
3297 4106 3480 4162 thuris

193 4197 334 4252 unde
362 4199 424 4252 in
456 4213 584 4253 una
613 4214 829 4261 earum,
860 4196 993 4267 quia
1038 4196 1207 4250 simul
1247 4212 1471 4267 semper
1497 4200 1648 4259 sunt,
1677 4196 1805 4265 jure
1886 4193 2003 4246 Deo
2031 4193 2227 4258 simus,
2251 4192 2331 4248 ita
2358 4193 2662 4257 extenuati,
2687 4199 2750 4247 ut
2768 4193 2964 4264 vigula
2984 4194 3481 4249 odoramentorum

142 4348 149 4355 ο
193 4289 304 4339 tota
334 4288 421 4341 lex
455 4286 676 4342 dicitur
699 4286 961 4358 pendere,
986 4291 1042 4340 et
1061 4286 1364 4357 propheta.
1386 4284 1491 4340 Ubi
1512 4284 1867 4385 manifesteD
1882 4283 2011 4352 jure
2041 4299 2451 4354 comparemur.
2490 4284 2645 4337 Hanc
2674 4283 2880 4354 quippe
2905 4283 3114 4337 deserti
3137 4283 3283 4338 viam
3318 4284 3481 4355 pauci

190 4373 435 4431 insinuat
461 4377 620 4431 unde
640 4376 860 4430 dicatur
878 4383 943 4430 ut
963 4392 1029 4429 ea
1048 4375 1319 4429 faciamus
1342 4373 1660 4428 hominibus
1681 4389 1803 4444 qua
1822 4372 1865 4385 “’
1886 4372 2194 4443 reperiunt,
2218 4372 2313 4427 sed
2342 4389 2468 4427 eam
2497 4372 2554 4426 in
2585 4372 2788 4443 quibus
2818 4372 3132 4443 frequentia
3152 4379 3239 4426 est
3266 4374 3477 4445 populi,

193 4464 446 4519 volumus
474 4472 540 4520 et
570 4465 675 4536 ipsi
704 4464 915 4519 faciant
937 4463 1097 4519 nobis
1137 4464 1279 4528 Quia
1308 4480 1421 4517 non
1450 4464 1518 4517 de
1552 4462 1802 4534 qualibet
1885 4462 2074 4532 plures
2098 4461 2407 4516 ambulant.
2444 4462 2660 4516 Deserti
2690 4468 2880 4514 autem
2909 4460 3074 4525 viam,
3100 4460 3158 4514 in
3185 4478 3294 4532 quo
3324 4462 3483 4516 Chri-

190 4554 479 4609 voluntate
510 4554 742 4617 dicitur,
759 4555 856 4608 sed
875 4554 944 4607 de
973 4553 1071 4607 illa
1095 4569 1218 4624 qua
1233 4552 1304 4607 ad
1328 4552 1681 4607 dilectionem
1698 4551 1800 4606 Dei

194 4648 247 4694 et
278 4642 534 4714 proximi
566 4643 815 4714 pertinet
858 4661 869 4696 :
914 4648 981 4696 ut
1010 4642 1147 4696 talia
1176 4659 1298 4713 qua
1339 4642 1597 4696 volumus
1637 4640 1799 4695 nobis

193 4731 325 4799 ﬁeri,
354 4735 492 4789 aliis
526 4738 588 4787 et
612 4733 719 4804 ipsi
750 4737 979 4804 propter
1007 4732 1186 4787 Deum
1214 4731 1508 4790 faciamus.
1536 4730 1800 4805 Alioquin

192 4819 234 4872 si
262 4821 386 4892 quis
434 4821 705 4876 ebriosus
742 4821 862 4875 vult
887 4820 956 4875 ab
986 4820 1095 4875 alio
1134 4819 1416 4885 inebriari,
1450 4819 1702 4891 nunquid
1745 4825 1801 4875 et

190 4910 322 4967 alios
347 4912 477 4985 ipse
506 4913 645 4983 jure
673 4910 952 4966 inebriat?
980 4912 1093 4965 Aut
1121 4910 1167 4964 si
1196 4911 1393 4965 luxum
1423 4908 1672 4964 libidinis
1692 4907 1799 4963 sibi

190 5002 451 5057 assentiri
481 5002 626 5066 vult,
646 5001 903 5072 nunquid
926 5002 1055 5071 jure
1084 5016 1210 5055 cum
1231 5016 1299 5053 ea
1324 5016 1447 5070 qua
1474 5015 1536 5053 se
1562 4998 1803 5053 voluerit

190 5090 513 5157 admisceri,
532 5108 665 5145 mox
686 5090 1076 5145 fornicabitur?
1101 5089 1255 5144 Absit
1274 5095 1337 5144 ut
1356 5089 1438 5143 ita
1457 5088 1797 5144 sentiamus!

189 5177 287 5234 Sed
315 5180 611 5254 quidquid
640 5180 884 5236 charitas
905 5179 1114 5234 Christi
1145 5178 1319 5232 dictat
1346 5177 1405 5232 in
1432 5178 1668 5232 invicem
1700 5177 1800 5231 im-

191 5272 424 5338 pendam
433 5290 505 5327 us
516 5313 528 5325 .

254 5360 472 5417 Intrate
487 5377 601 5431 per
615 5366 912 5430 angustam
932 5365 1169 5429 portam.
1187 5359 1333 5424 Quia
1353 5357 1606 5429 quamvis
1621 5356 1799 5412 chari-

195 5446 273 5503 tas
298 5466 411 5506 non
445 5450 568 5505 nisi
602 5451 832 5506 dilatato
857 5450 1023 5504 corde
1043 5450 1408 5521 compleatur,
1432 5453 1489 5502 et
1515 5448 1629 5501 lata
1649 5463 1797 5519 sape

198 5535 249 5593 in
272 5539 599 5617 Scripturis
624 5557 744 5598 esse
772 5545 1140 5613 monstretur,
1165 5538 1304 5596 satis
1329 5544 1521 5596 tamen
1549 5541 1798 5594 mentem

1881 4555 2003 4604 stus
2033 4558 2303 4621 pugnant,
2338 4549 2498 4621 pauci
2531 4549 2939 4619 aggrediuntur
2988 4548 3160 4602 Pauci
3187 4554 3377 4603 autem
3404 4550 3478 4605 ad

1881 4640 2359 4710 comparationem
2390 4655 2584 4694 eorum
2615 4638 2899 4704 dicuntur,
2920 4637 3016 4709 qui
3047 4655 3147 4709 per
3173 4638 3345 4693 latam
3362 4655 3478 4694 am-

1881 4727 2095 4783 bulant.
2127 4729 2198 4783 Et
2223 4728 2347 4784 ideo
2376 4728 2513 4783 satis
2544 4735 2783 4800 angusta
2807 4733 2893 4784 est
2929 4733 3111 4799 porta,
3143 4732 3202 4783 et
3232 4727 3319 4783 via
3353 4745 3476 4801 qua

1881 4832 1995 4871 non
2031 4816 2139 4872 nisi
2167 4834 2375 4889 paucos
2404 4817 2629 4888 recipit.

1952 4908 2226 4962 Attendite
2248 4924 2283 4961 a
2311 4908 2469 4975 falsis
2508 4905 2784 4974 prophetis
2812 4908 2912 4973 qui
2939 4909 3171 4961 veniunt
3198 4908 3273 4961 ad
3300 4922 3388 4961 vos
3415 4908 3491 4962 in.

1882 4999 2217 5051 vestimentis
2244 4999 2449 5051 ovium.
2469 4994 2555 5049 Ab
2575 4994 2661 5048 his
2682 4994 2874 5065 itaque
2893 4994 3046 5057 dicit,
3068 4995 3165 5067 qui
3186 4993 3481 5051 ambulant

1882 5085 1941 5141 in
1956 5086 2293 5151 humilitate,
2309 5090 2365 5139 et
2383 5084 2650 5154 religione
2677 5084 2836 5149 falsa,
2852 5101 2991 5155 quos
3008 5084 3297 5155 Scriptura
3316 5101 3479 5156 pseu-

1882 5176 2257 5247 dOprophetas
2272 5174 2541 5245 appellat.
2555 5172 2700 5237 Quia
2715 5173 2783 5226 de
2805 5174 2971 5227 corde
2988 5190 3089 5228 suo
3109 5173 3168 5227 in
3191 5173 3476 5245 hypocrisi

1878 5264 2019 5318 falsa
2047 5265 2357 5335 loquentes,
2390 5280 2513 5334 qua
2541 5278 2644 5316 sua
2663 5267 2795 5316 sunt
2815 5268 3074 5333 quarunt
3106 5262 3265 5316 Unde
3286 5262 3478 5319 Domi-

1879 5371 1986 5410 nus
2016 5355 2203 5408 volens
2245 5370 2375 5408 suos
2422 5353 2481 5406 in
2523 5351 2785 5406 omnibus
2832 5352 3075 5416 erudire,
3101 5351 3233 5422 quia
3261 5353 3478 5409 dixerat

1879 5451 2092 5500 arctam
2121 5451 2178 5498 et
2194 5450 2488 5515 angustam
2513 5442 2659 5496 viam
2683 5458 2889 5514 paucos
2918 5441 3189 5509 invenire,
3212 5460 3283 5497 ne
3313 5443 3474 5511 forte,

1879 5551 2009 5591 cum
2028 5533 2302 5592 vidissent
2327 5533 2600 5606 plurimos
2636 5549 2739 5605 per
2770 5547 2897 5613 eam
2926 5533 3110 5606 magis
3138 5532 3286 5601 ficte,
3309 5547 3478 5606 quam
