3918 6176
498 287 601 348 323

1257 280 1313 334 S.
1356 275 1734 334 PASCHASII
1772 271 2133 331 RADBERTI
2171 271 2475 329 ABBATIS
2519 269 3008 329 CORBEIENSIS.

3613 275 3696 334 324

494 413 853 484 simplicitate
897 407 1080 463 cordis
1108 404 1368 469 transire,
1400 402 1623 456 illorum
1666 400 2089 470 implicarentur
2106 399 2150 457 A
2173 413 2339 450 carne
2367 401 2425 451 et
2450 396 2507 450 in
2535 397 2742 462 animo,
2773 395 2906 466 quia
2930 400 3086 449 terra
3115 399 3261 457 sunt,
3292 397 3589 464 nutrientes,
3616 399 3698 454 bo-

499 503 803 565 erroribus,
829 499 1092 554 continuo
1115 494 1319 566 adjecit
1343 492 1531 544 dicens
1556 510 1566 543 :
1601 490 1894 547 Attendite.
1919 488 1972 542 id
2005 495 2091 542 est

501 593 777 648 custodite
797 607 913 652 vos,
932 606 965 642 α
985 589 1143 656 falsis
1163 583 1450 653 prophetis,
1471 597 1539 634 ne
1562 580 1788 632 illorum
1805 578 2088 632 erroribus

2171 490 2287 540 tros
2334 485 2479 540 ferre
2525 491 2814 556 nequeunt
2849 485 3043 552 vineae,
3076 485 3145 538 de
3185 499 3293 556 qua
3318 485 3473 540 Pater
3496 489 3704 558 agricola

2171 580 2273 639 est,
2295 579 2352 628 et
2368 592 2560 628 omnes
2582 575 2838 646 palmites
2857 582 3256 645 propagentur.
3271 575 3452 645 Neque
3473 577 3535 630 de
3555 577 3703 632 tribu-

497 680 845 754 polluamini.
884 677 995 748 Ipsi
1038 674 1189 729 enim
1216 671 1435 725 venturi
1465 674 1596 723 sunt
1624 669 1692 721 ad
1725 685 1818 720 vos
1849 674 1912 721 ut
1936 667 2086 721 deci-
2167 663 2239 718 lis
2258 665 2393 719 ficus
2412 669 2772 734 generantur,
2799 669 2992 754 3847
3007 681 3146 734 quos
3165 663 3337 718 mittit
3351 663 3567 719 ﬁculnea
3581 683 3705 737 gros-

497 773 677 844 piant,
710 771 767 823 in
800 767 990 822 habitu
1021 764 1226 825 ovium,
1261 760 1394 831 quia
1423 776 1518 813 vos
1539 775 1668 812 vere
1693 775 1820 812 oves
1846 757 2000 823 estis,
2033 763 2092 810 et

501 862 626 916 ideo
647 865 886 913 vestram
917 856 1157 908 ferentes
1178 851 1459 904 schemam
1492 849 1547 902 in
1579 846 1770 902 habitu
1798 852 1854 900 et
1877 847 1936 900 in
1958 863 2090 900 con-

500 950 814 1005 versatione
845 945 1172 1006 forinsecus,
1195 946 1261 995 ut
1288 938 1700 1009 simplicitatem
1730 941 1968 990 vestram
2000 936 2092 990 de-

501 1039 699 1093 ludant
723 1044 912 1090 tamen
934 1035 1269 1087 intrinsecus
1285 1035 1450 1082 erunt
1473 1031 1592 1095 lupi
1612 1043 1852 1095 rapaces.
1872 1024 2094 1080 Scilicet

494 1126 774 1183 immundi
802 1123 1054 1195 spiritus,
1091 1120 1185 1191 qui
1214 1135 1308 1172 eos
1338 1122 1719 1188 pervaserunt.
1758 1115 1969 1170 Idcirco
1998 1130 2092 1168 ca-

494 1223 619 1271 vete
659 1215 728 1268 ab
757 1215 863 1275 his,
899 1229 969 1266 ne
1010 1227 1106 1264 vos
1135 1208 1408 1262 dilanient
1450 1205 1744 1259 verborum
1794 1203 2090 1271 morsibus,

497 1305 748 1361 ciborum
778 1300 1088 1363 blanditiis,
1117 1297 1516 1369 compositione
1543 1294 1936 1349 simulationis.

569 1397 609 1450 A
635 1395 929 1461 fructibus,
953 1388 1154 1459 inquit,
1171 1403 1361 1440 eorum
1387 1386 1707 1452 cognoscetis
1729 1401 1829 1437 eos.
1849 1383 2097 1454 Quapro-

497 1490 624 1556 pter
653 1499 765 1536 non
790 1481 939 1533 dicat
961 1476 1190 1548 quilibet
1218 1475 1484 1529 falsorum
1514 1492 1524 1527 :
1556 1492 1581 1524 (ί
1606 1473 1764 1527 Unde
1794 1489 1884 1525 me
1913 1461 2094 1526 nosti?

500 1589 600 1627 cur
629 1572 818 1641 itaque
845 1585 932 1622 me
959 1565 1210 1637 judicas?
1248 1584 1269 1614 »
1290 1564 1374 1617 vel
1404 1584 1426 1614 ι
1449 1563 1562 1617 Cur
1586 1579 1800 1615 mecum
1831 1579 1942 1615 non
1970 1578 2096 1632 par-

497 1660 734 1732 ticipas?
780 1662 893 1712 Aut
934 1673 1108 1727 quare
1142 1672 1230 1708 me
1260 1652 1476 1725 spernis
1509 1668 1674 1723 quem
1700 1651 1952 1721 judicare
1984 1667 2096 1704 non

2171 754 2364 819 siores,
2395 753 2490 807 sed
2523 771 2586 807 ex
2616 771 2718 808 sua
2762 753 3105 824 propagine;
3157 770 3277 824 quaa
3303 755 3476 809 carnis
3502 760 3615 809 sunt
3656 773 3709 811 ex

2171 842 2348 896 Adam
2380 843 2648 908 sentiunt,
2682 847 2739 897 et
2765 859 2832 896 ea
2860 842 3209 896 solummodo
3245 846 3528 898 sectantur.

2245 932 2336 986 Sic
2359 936 2539 986 omnis
2567 933 2736 985 arbor
2774 933 2913 986 bona
2942 933 3159 998 fructus
3203 933 3358 985 bonos
3384 934 3544 1000 facit;
3588 937 3713 988 mata

2175 1026 2359 1074 autem
2406 1023 2573 1074 arbor
2608 1023 2829 1088 fructus
2860 1024 3033 1075 malos
3068 1023 3222 1088 facit.
3266 1021 3353 1075 Sic
3381 1021 3559 1092 utique
3583 1028 3637 1076 ut
3659 1021 3713 1076 de

2175 1109 2349 1181 spinis
2390 1126 2515 1164 uvae
2545 1127 2655 1164 non
2703 1116 2936 1180 possunt
2973 1110 3127 1166 oriri.
3161 1115 3218 1164 et
3261 1109 3330 1164 de
3357 1109 3560 1165 tribulis
3583 1111 3711 1175 ficus,

2175 1200 2272 1254 sed
2310 1217 2344 1253 a
2381 1200 2567 1253 radice
2597 1205 2788 1253 manet
2814 1199 3027 1253 fructus
3071 1199 3534 1270 uniuscujusque;
3573 1200 3639 1254 sic
3662 1201 3715 1254 de

2175 1288 2325 1344 bona
2353 1289 2436 1342 vel
2468 1289 2616 1342 mala
2643 1289 2840 1343 arbore
2861 1305 2969 1343 non
2992 1293 3177 1360 potest
3200 1289 3405 1343 fructus
3432 1291 3712 1361 permutari,

2179 1379 2274 1433 sed
2296 1379 2733 1450 unumquodque
2755 1395 2789 1432 a
2807 1395 2907 1432 sua
2928 1377 3114 1432 radice
3134 1379 3382 1450 pullulat.
3406 1379 3583 1448 Neque
3596 1379 3717 1432 enim

2178 1467 2315 1522 dixit
2364 1485 2375 1521 :
2430 1469 2554 1522 Non
2583 1473 2764 1538 potest
2794 1467 2960 1521 arbor
2987 1467 3132 1521 bona
3167 1468 3313 1520 mala
3340 1467 3477 1525 ﬁeri.
3497 1467 3716 1538 Alioquin

2177 1558 2203 1612 J
2212 1557 2349 1611 udas
2386 1574 2498 1611 non
2528 1563 2717 1628 posset
2743 1557 2810 1610 de
2839 1556 3106 1626 Apostolo
3137 1557 3274 1610 verti
3313 1556 3378 1609 ad
3404 1557 3714 1628 apostasiam,

2178 1652 2242 1700 ut
2268 1646 2528 1717 proderet
2557 1647 2901 1701 Salvatorem
2928 1665 2940 1712 ;
2975 1663 3157 1717 neque
3186 1646 3390 1700 Paulus
3419 1663 3480 1700 ex
3507 1661 3723 1716 persecu-

499 1750 710 1805 debes?
739 1767 766 1799 ιι
797 1751 985 1812 313
1005 1744 1279 1808 Profecto,
1295 1742 1429 1813 quia
1456 1747 1664 1795 vestem
1697 1741 1940 1795 exterius
1961 1757 2096 1811 prae-
2110 1749 2157 1810 Β
2179 1742 2300 1790 tore
2321 1737 2481 1790 ﬁeret
2509 1753 2606 1790 vas
2634 1735 2940 1800 electionis,
2967 1735 3015 1789 si
3040 1752 3152 1789 non
3174 1741 3361 1806 posset
3379 1741 3434 1790 et
3454 1735 3587 1788 mala
3604 1735 3721 1788 bona

498 1839 703 1904 tendis,
740 1842 796 1890 et
819 1833 1104 1904 religionis
1132 1831 1385 1886 habitum
1416 1837 1847 1902 praemonstras;
1891 1830 2094 1883 intrin-

499 1946 659 1984 secus
689 1931 876 1981 autem
906 1925 1098 1995 lupum
1121 1921 1472 1993 pertimesco,
1502 1937 1566 1974 eo
1593 1919 1740 1990 quod
1763 1919 2004 1973 fructum
2035 1918 2095 1972 in

497 2024 555 2071 te
585 2015 736 2087 pacis
763 2020 818 2068 et
859 2011 1149 2066 charitatis
1177 2009 1406 2074 Christi,
1439 2016 1877 2079 caeterarumque
1919 2009 2093 2062 virtu-

496 2109 619 2159 tum
649 2119 760 2158 non
805 2101 1046 2156 invenio.
1081 2099 1347 2153 Habitum
1385 2097 1558 2168 igitur
1601 2113 1954 2166 recognosco,
1996 2096 2093 2150 sed

499 2194 646 2265 quod
697 2193 849 2247 intus
892 2191 1031 2244 latet
1075 2189 1264 2242 timeo.
1315 2187 1422 2250 Qui
1460 2187 1589 2240 licet
1631 2185 1845 2240 occulta
1873 2186 2090 2249 doceas,

497 2283 658 2353 quasi
688 2282 746 2335 in
769 2279 1034 2352 mysterio
1062 2277 1328 2348 loquaris,
1354 2275 1507 2328 aliud
1527 2275 1751 2345 requiro
1777 2273 1925 2345 quod
1954 2274 2013 2328 in
2040 2280 2096 2328 te

495 2387 607 2425 non
631 2371 816 2426 video.
855 2369 1015 2423 Unde
1044 2366 1364 2435 intelligant
1396 2381 1504 2435 quo
1549 2363 1810 2418 censendi
1851 2363 1964 2417 sint
1993 2380 2094 2418 no-

496 2459 666 2524 mine,
689 2458 784 2528 qui
812 2473 914 2511 nec
943 2455 1138 2509 habitu
1167 2460 1438 2524 teguntur
1465 2452 1822 2517 humilitatis,
1847 2469 1948 2506 nec
1976 2452 2094 2506 fru-

497 2553 649 2602 ctum
680 2545 943 2601 exhibent
972 2544 1215 2616 pietatis.
1251 2543 1310 2598 Si
1341 2541 1488 2596 enim
1535 2541 1605 2594 ab
1634 2542 1756 2595 istis
1787 2541 2094 2596 cavendum

497 2642 600 2697 est,
633 2636 728 2707 qui
759 2640 815 2689 et
842 2633 1192 2706 pr0phetiam
1216 2631 1625 2703 prmdicationis
1654 2630 2006 2701 impendunt,
2039 2635 2097 2684 et

496 2726 749 2780 habitum
779 2730 986 2778 sanctae
1023 2721 1311 2791 religionis
1358 2727 1581 2791 gerunt,
1619 2718 1751 2790 quid
1793 2721 1987 2791 utique
2025 2720 2094 2773 ab

497 2814 584 2868 his
633 2813 725 2884 qui
771 2810 1097 2866 cultioribus
1144 2809 1329 2863 saeculi
1374 2825 1434 2862 se
1483 2814 1687 2862 ornant
1735 2809 1996 2876 vestibus,
2039 2815 2096 2863 et

499 2903 696 2957 mundi
732 2907 1019 2956 sectantur
1046 2899 1304 2970 gloriam,
1333 2901 1390 2951 et
1418 2897 1475 2950 in
1502 2898 1655 2951 omni
1686 2897 1980 2952 verborum
2010 2899 2093 2952 af-

495 2992 635 3055 fatu,
667 2997 837 3060 atque
866 2987 1302 3042 conversationis
1333 3002 1555 3057 pompa,
1581 3002 1681 3039 nec
1713 3002 1823 3040 non
1853 2987 1911 3040 in
1935 2986 2090 3055 cibis,

2177 1826 2316 1881 fieri.
2349 1828 2463 1880 Nos
2493 1842 2626 1896 ergo
2646 1841 2759 1879 non
2784 1825 2923 1878 duas
2952 1841 3017 1878 ex
3048 1825 3152 1878 hoc
3188 1825 3307 1879 loco
3334 1830 3565 1888 naturas,
3584 1825 3717 1894 juxta

2177 1915 2531 1979 Manichaeos,
2564 1914 2696 1968 boni
2725 1918 2782 1967 et
2818 1913 2952 1967 mali
2995 1913 3361 1985 praedicamus
3393 1932 3405 1980 ;
3445 1930 3625 1984 neque,
3653 1929 3722 1966 se-

2176 2005 2420 2058 cundum
2444 2003 2818 2066 Iovinianum,
2841 2002 3079 2056 dicimus
3104 2003 3255 2073 quod
3278 2008 3335 2057 et
3357 2002 3481 2056 mali
3510 2018 3607 2056 non
3627 2017 3725 2072 pos-

2176 2095 2290 2149 sint
2311 2092 2618 2164 permutari
2639 2097 2703 2147 ut
2722 2091 2853 2146 boni
2883 2093 3040 2158 fiant,
3065 2098 3120 2146 et
3141 2091 3274 2146 boni
3306 2108 3491 2146 rursus
3509 2091 3572 2145 ad
3599 2090 3725 2144 mali-

2176 2185 2314 2238 tiam
2338 2199 2616 2247 corruere,
2649 2182 2697 2236 si
2726 2198 2838 2236 non
2882 2181 3067 2252 gratia
3105 2182 3208 2235 Dei
3238 2182 3528 2235 salventur.
3558 2181 3720 2251 Igitur,

2181 2273 2311 2344 quia
2341 2289 2506 2326 nemo
2535 2277 2740 2325 natura
2769 2271 2970 2336 malus,
3008 2271 3106 2324 sed
3135 2271 3273 2325 vitio
3307 2276 3647 2342 permutatur,
3673 2284 3723 2322 eo

2180 2361 2327 2432 quod
2356 2367 2510 2416 terra
2541 2379 2663 2432 quae
2701 2359 3187 2414 maledictionibus
3225 2361 3470 2432 subjacet
3497 2359 3660 2431 spinas
3682 2361 3726 2422 et

2177 2451 2411 2505 tribulos
2441 2451 2620 2505 affert.
2649 2451 2729 2504 De
2773 2449 2976 2520 quibus
3023 2466 3125 2504 nec
3179 2467 3298 2505 uva
3347 2467 3445 2504 nec
3487 2451 3609 2503 licus
3639 2463 3725 2501 un-

2178 2557 2346 2610 quam
2367 2541 2725 2611 colliguntur.
2749 2540 2912 2604 Nam,
2939 2538 3044 2592 etsi
3070 2539 3320 2610 aliquam
3350 2539 3588 2593 videatur
3604 2534 3725 2592 utili-

2175 2635 2352 2684 tatem
2396 2629 2539 2684 ferre
2575 2629 2859 2683 interdum
2897 2628 3174 2695 scelerati,
3219 2629 3306 2684 vel
3333 2629 3459 2683 mali
3489 2629 3721 2691 doctores,

2177 2719 2311 2774 dum
2357 2719 2498 2773 bene
2544 2717 2848 2789 pradicant
2897 2717 3042 2772 male
3080 2717 3364 2784 viventes;
3421 2735 3524 2772 non
3565 2731 3725 2771 eorum

2176 2808 2369 2879 utique
2398 2808 2612 2862 fructus
2667 2811 2769 2872 est,
2803 2807 2898 2861 sed
2926 2805 3072 2873 vitis,
3107 2824 3233 2878 qua
3270 2807 3560 2879 aliquando
3588 2820 3727 2876 super

2175 2913 2364 2967 sepem
2412 2896 2700 2967 spinarum
2757 2895 3041 2950 exuberat.
3077 2895 3257 2963 Unde,
3305 2897 3446 2952 sicut
3480 2896 3597 2960 dixi,
3627 2909 3724 2948 car-

2174 2986 2390 3057 pendus
2418 2992 2503 3040 est
2531 2985 2745 3051 botrus,
2774 2991 2831 3039 et
2859 2985 3103 3040 cavenda
3132 2987 3316 3057 spina,
3352 3003 3470 3058 quae
3495 2985 3626 3040 male
3652 3001 3727 3038 na-

497 3096 800 3149 rerumque
852 3076 1220 3147 dignitatibus
1275 3075 1414 3128 lucis
1469 3075 1638 3145 hujus
1687 3075 1831 3129 ﬁlios
1878 3093 1997 3130 esse
2035 3065 2154 3131 sec
2176 3075 2349 3129 scitur
2375 3075 2434 3129 in
2462 3091 2633 3128 manu
2663 3075 2977 3142 temulenti,
3009 3091 3079 3129 ne
3121 3077 3430 3147 conﬁgatur
3488 3079 3727 3129 incautus.

496 3171 948 3239 praemonstrant,
983 3171 1037 3218 et
1094 3169 1283 3218 tamen
1333 3164 1724 3232 magisterium
1773 3164 1921 3218 inter
1962 3181 2090 3220 oves

497 3255 708 3310 Christi
739 3270 908 3324 quam
930 3269 1076 3323 saepe
1105 3252 1209 3306 sibi
1240 3251 1560 3306 vindicant?
1588 3253 1752 3320 Nam,
1795 3253 1964 3307 velint
1993 3271 2090 3308 no-

494 3345 617 3409 lint,
666 3343 924 3415 proprius
953 3341 1138 3396 ovium
1185 3345 1271 3394 est
1317 3341 1574 3405 habitus;
1628 3357 1736 3412 quo
1780 3342 1912 3396 licet
1954 3342 2086 3397 mali

493 3438 944 3499 utantur,tamen
955 3447 1066 3484 non
1079 3430 1203 3483 ideo
1215 3429 1423 3484 Christi
1438 3429 1554 3482 ovis
1567 3431 1713 3499 quod
1732 3430 1779 3483 ei
1798 3431 2087 3501 proprium

494 3528 580 3577 est
609 3521 775 3576 debet
802 3521 1095 3574 deserere:
1128 3519 1242 3572 imo
1272 3519 1396 3572 illos
1418 3535 1745 3589 praecavere,
1767 3519 1861 3590 qui
1881 3520 2088 3575 talibus

493 3629 554 3666 se
600 3611 1007 3666 transformant
1050 3608 1396 3662 indumentis
1424 3614 1489 3661 ut
1533 3608 1834 3679 decipiant,
1869 3614 1925 3663 et
1953 3611 2088 3664 istos

492 3717 604 3755 non
635 3700 844 3754 imitari
875 3699 969 3770 qui
999 3714 1220 3753 crucem
1251 3696 1460 3752 Christi
1493 3714 1550 3751 se
1575 3698 1791 3767 jactant
1815 3699 1964 3752 inter
1992 3717 2088 3753 sae-

491 3790 600 3846 culi
631 3789 858 3844 delicias
903 3793 1155 3860 portare;
1205 3786 1514 3858 praesertim
1545 3803 1671 3840 cum
1703 3787 2088 3843 mortiﬁcatio-

489 3897 619 3936 nem
641 3879 826 3935 carnis
848 3877 1069 3942 habeat,
1096 3882 1152 3932 et
1172 3882 1555 3948 contemptum
1583 3877 1779 3930 mundi
1803 3877 2079 3948 praedicet.

565 3971 835 4039 Nunquid
861 3971 1128 4036 colligunt
1153 3969 1215 4020 de
1244 3970 1420 4035 spinis
1452 3983 1605 4032 uvas,
1629 3972 1727 4019 aut
1757 3968 1820 4020 de
1863 3969 2086 4021 tribulis

487 4062 663 4128 ﬁcus?
697 4059 870 4129 Spina
911 4072 1153 4126 namque
1185 4055 1438 4124 quamvis
1469 4070 1503 4107 a
1548 4054 1820 4125 principio
1854 4054 2084 4109 ﬂoribus

489 4149 742 4212 candent,
805 4161 917 4198 non
974 4145 1098 4197 ideo
1157 4159 1290 4196 uvas
1345 4144 1524 4209 atl‘ert,
1553 4143 1685 4214 quia
1731 4160 1844 4198 non
1893 4149 2084 4198 manet

488 4235 546 4288 in
576 4236 704 4299 vite,
755 4233 860 4287 etsi
906 4232 1202 4285 videantur
1250 4248 1366 4285 uvae
1414 4232 1656 4301 pendere
1707 4249 1877 4302 super
1924 4249 2074 4290 eam.

2174 3164 2313 3217 Hinc
2342 3164 2560 3236 Moyses
2585 3164 2777 3218 Jethro
2810 3180 3063 3218 socerum
3094 3181 3263 3219 suum
3294 3165 3521 3220 audiens
3541 3162 3729 3233 collegit

2170 3269 2358 3319 uvam,
2390 3269 2492 3307 nec
2520 3259 2710 3307 tamen
2739 3253 3072 3323 gentilitatis
3100 3253 3240 3309 vitio
3287 3255 3608 3310 sordidatur.
3636 3253 3730 3306 Nec

2172 3358 2468 3412 possumus
2491 3343 2675 3396 dicere
2693 3342 2836 3413 quod
2861 3342 2929 3396 de
2956 3343 3116 3413 spina
3135 3359 3274 3398 uvas
3294 3345 3594 3414 collegerit;
3621 3340 3730 3411 quia

2171 3432 2319 3503 quod
2346 3432 2417 3485 ad
2443 3432 2638 3485 horam
2664 3431 2720 3485 in
2749 3431 2842 3485 illo
2872 3433 3078 3502 paruit,
3104 3449 3221 3487 non
3250 3450 3315 3487 ex
3343 3449 3426 3499 eo,
3457 3433 3547 3488 sed
3567 3431 3628 3484 ab
3653 3428 3729 3482 illo

2169 3521 2259 3574 cui
2297 3521 2676 3575 famulabatur
2701 3524 2931 3591 Moyses,
2955 3521 3079 3574 fuit.
3096 3521 3263 3577 Unde
3292 3523 3517 3577 devotus
3544 3522 3663 3585 Deo,
3686 3517 3732 3571 in

2170 3611 2373 3681 populo
2402 3611 2489 3665 cui
2515 3611 2920 3680 jamChristus
2961 3616 3217 3680 praeerat,
3250 3613 3328 3667 sic
3364 3611 3544 3666 omnia
3564 3614 3622 3664 ut
3641 3607 3733 3660 Ve-

2168 3698 2306 3752 ritas
2327 3697 2517 3752 docuit
2544 3697 2996 3752 ordinavit.Nam
3029 3703 3084 3752 et
3114 3698 3194 3751 illi
3225 3699 3328 3770 qui
3350 3699 3570 3754 veniunt
3595 3697 3646 3750 in
3662 3709 3733 3747 ve-

2171 3787 2447 3841 stimentis
2476 3787 2679 3852 ovium,
2719 3787 2978 3840 videntur
3003 3786 3210 3841 habere
3253 3793 3621 3860 contemptum
3649 3801 3732 3838 sze-

2169 3877 2300 3943 culi,
2327 3876 2566 3946 jejunia.
2610 3876 3097 3946 eleemosynarum
3137 3878 3487 3942 effusionem,
3517 3875 3732 3949 publicas

2169 3965 2451 4019 orationes
2506 3965 2564 4019 in
2619 3965 2738 4018 foro
2787 3969 2843 4018 et
2907 3965 2964 4018 in
3011 3966 3234 4036 angulis
3287 3969 3606 4039 platearum,
3653 3961 3732 4016 sed

2168 4055 2393 4108 omnino
2424 4071 2536 4108 non
2575 4060 2707 4108 sunt
2736 4071 2929 4109 eorum
2973 4054 3202 4120 fructus,
3236 4058 3373 4128 quia
3411 4057 3458 4111 ei
3505 4072 3598 4128 pro
3624 4051 3731 4105 vitio

2166 4150 2533 4216 reputantur;
2575 4144 2789 4198 fructus
2821 4150 3012 4198 autem
3043 4145 3148 4199 iste
3179 4145 3519 4218 imprOprius
3547 4148 3624 4199 est
3647 4140 3729 4203 eis,

2169 4241 2225 4288 et
2273 4234 2398 4289 ideo
2447 4235 2750 4307 hypocrita:
2800 4234 3180 4300 nominantur,
3229 4237 3497 4307 quoniam
3549 4233 3731 4288 alienas

486 4323 630 4377 Vitis
659 4328 849 4376 autem
894 4320 1154 4375 Christus
1203 4325 1305 4386 est,
1339 4326 1396 4373 et
1439 4321 1627 4372 omnia
1672 4321 1927 4375 membra
1963 4324 2085 4392 ejus
2168 4329 2356 4394 partes
2385 4325 2511 4378 ficte
2541 4331 2734 4394 agunt.
2764 4324 2974 4378 Idcirco
2997 4323 3220 4378 illorum
3252 4326 3433 4396 magis
3454 4319 3731 4379 censendus

485 4411 763 4483 palmites.
793 4409 1002 4465 Idcirco
1024 4408 1374 4462 solummodo
1417 4424 1612 4461 eorum
1643 4416 1725 4462 est
1750 4426 1881 4463 uvas
1915 4410 2079 4477 ferre,
2100 4405 2253 4467 Dest
2301 4415 2532 4480 fructus,
2568 4430 2805 4485 quorum
2849 4414 3109 4484 proprius
3153 4429 3277 4468 esse
3322 4411 3727 4485 recognoscitur.

485 4518 657 4573 opera
687 4500 944 4555 videlicet
973 4497 1216 4569 Spiritus
1247 4497 1443 4564 sancti,
1466 4514 1587 4567 quae
1611 4498 1893 4552 inebriant
1921 4517 2080 4554 men-
2165 4503 2338 4557 Porro
2358 4504 2633 4557 malarum
2655 4502 2918 4556 arborum
2946 4502 3178 4569 fructus,
3198 4520 3371 4574 opera
3392 4504 3569 4557 carnis
3591 4505 3727 4554 sunt:

483 4597 619 4649 tem.
651 4590 801 4654 Quas
830 4588 1074 4661 profecto
1109 4603 1236 4642 cum
1265 4585 1467 4641 videris
1493 4587 1640 4641 inter
1668 4588 1873 4658 spinas,
1908 4606 2077 4644 nove-
2162 4591 2420 4647 videlicet
2444 4591 2754 4658 fornicatio,
2790 4591 3034 4659 luxuria,
3068 4591 3451 4659 immunditia,
3483 4591 3731 4646 idolorum

483 4681 562 4735 ris
592 4696 703 4734 non
744 4697 809 4734 ex
839 4678 919 4733 eis
949 4695 1104 4732 esse:
1139 4682 1195 4731 et
1223 4676 1346 4730 ideo
1374 4677 1452 4731 sic
1481 4693 1646 4731 uvam
1676 4695 1841 4750 carpe
1871 4685 1935 4735 ut
1963 4681 2079 4752 spi-
2163 4682 2419 4749 servitus,
2455 4687 2512 4735 et
2553 4687 2752 4735 cetera
2799 4681 3125 4752 hujusmodi
3177 4681 3326 4737 facta
3364 4681 3726 4737 tenebrarum.

483 4785 616 4825 nam
647 4785 859 4823 caveas.
907 4768 1208 4839 Spinarum
1239 4772 1429 4821 autem
1475 4771 1578 4834 est,
1614 4768 1921 4824 dilacerare
1949 4776 2078 4824 tan-
2160 4771 2396 4825 Fructus
2429 4786 2555 4824 vero
2595 4769 2754 4825 bonae
2784 4770 3020 4836 arboris,
3051 4771 3342 4842 gaudium,
3383 4788 3506 4844 pax,
3537 4768 3731 4842 patien-

480 4864 708 4929 gentem
738 4876 797 4913 se
826 4861 882 4912 et
908 4857 1258 4927 disrumpere
1282 4875 1295 4924 ;
1347 4857 1479 4928 quia
1508 4857 1752 4912 heretici
1784 4859 2075 4914 verborum
2159 4860 2256 4925 tia,
2284 4859 2702 4930 longanimitas,
2729 4859 3338 4931 395benignitas,et
3360 4862 3470 4916 alia
3485 4861 3730 4914 virtutum

481 4948 688 5003 aculeis
716 4948 1004 5003 universos
1023 4946 1296 5000 dilaniant
1319 4952 1375 5000 et
1400 4947 1656 5018 affigunt.
1683 4949 1855 5002 Porro
1882 4949 2074 5004 tribuli
2156 4947 2398 5019 insignia
2424 4948 2633 5002 caelesti
2663 4965 2790 5003 rore
2837 4948 3075 5003 interius
3102 4949 3426 5008 fecundata.
3462 4950 3604 5014 Quos
3631 4941 3728 4998 uti-

478 5037 688 5092 nullam
721 5035 1069 5092 dulcedinem
1101 5036 1238 5090 ficus
1280 5035 1499 5104 ferunt;
1536 5037 1665 5108 quia
1706 5037 1988 5092 fornicarii
2018 5043 2075 5093 et
2158 5054 2266 5110 que
2308 5037 2522 5093 fructus
2565 5054 2852 5109 nunquam
2884 5037 2992 5092 nisi
3021 5037 3170 5093 bona
3202 5039 3460 5094 voluntas
3487 5031 3726 5110 parturit.

475 5125 748 5182 scelerum
779 5133 1056 5180 amatores
1096 5125 1216 5179 sine
1256 5124 1439 5179 fructu
1484 5126 1550 5179 ad
1584 5132 1806 5197 tempus
1837 5129 2062 5186 ﬂorent.
2156 5126 2301 5181 sicut
2329 5143 2358 5181 e
2385 5126 2666 5182 contrario
2683 5127 2862 5180 malos
2889 5126 3071 5181 cordis
3096 5127 3334 5182 intentio
3361 5127 3508 5182 mala
3531 5133 3730 5192 semper

475 5217 688 5280 Quibus
713 5217 929 5271 duobus
958 5215 1099 5270 bene
1129 5231 1342 5279 omnes,
1369 5215 1463 5285 qui
1488 5215 1556 5269 de
1587 5232 1773 5270 massa
1802 5217 2071 5288 perditio-
2156 5217 2381 5271 enutrit.
2412 5217 2713 5287 Nunquam
2744 5215 2920 5286 igitur
2947 5214 3093 5270 bona
3111 5217 3367 5272 voluntas
3397 5216 3603 5270 fructus
3630 5223 3730 5263 ma-

473 5307 560 5361 n‘is
589 5313 738 5372 sunt,
770 5307 874 5360 etsi
905 5306 980 5360 ad
1017 5321 1116 5359 nos
1158 5304 1400 5368 veniant,
1436 5311 1592 5358 extra
1621 5322 1720 5360 nos
1764 5307 1833 5360 ad
1881 5307 2068 5377 ignem
2153 5307 2236 5360 los
2264 5307 2412 5372 facit,
2429 5307 2572 5360 sicut
2597 5323 2697 5359 nec
2716 5307 2864 5359 mala
2895 5305 3104 5375 bonos;
3135 5313 3192 5362 et
3220 5308 3346 5362 ideo
3368 5323 3469 5378 per
3491 5303 3727 5358 arborem

475 5395 596 5450 sine
639 5396 824 5450 fructu
874 5395 1048 5449 futuri
1088 5395 1422 5464 ﬁgurantur.
1461 5394 1618 5448 Unde
1647 5396 1827 5465 primo
1857 5396 2071 5450 homini
2156 5402 2305 5450 recte
2325 5397 2580 5451 voluntas
2597 5394 3036 5467 uniuscujusque
3057 5397 3410 5468 designatur;
3441 5390 3729 5466 quia.sicut

480 5484 714 5539 dicitur:
747 5486 882 5539 Cum
902 5490 1155 5553 operatus
1179 5485 1356 5551 fueris
1376 5488 1605 5547 terram,
1624 5488 1812 5552 spinas
1831 5491 1879 5538 et
1901 5488 2074 5539 tribu—
2156 5485 2323 5539 arbor
2350 5486 2635 5540 radicatur
2658 5485 2715 5538 in
2740 5490 2908 5551 terra,
2937 5485 3016 5540 ita
3045 5487 3304 5542 voluntas
3323 5496 3662 5556 quorumque
3680 5477 3729 5530 in

484 5577 559 5631 los
591 5576 932 5643 germinabit
961 5574 1061 5628 tibi
1075 5572 1232 5647 (Gen.
1265 5584 1347 5640 III,
1384 5570 1487 5642 18).
1519 5572 1667 5637 Quas
1686 5572 1781 5628 isti
1799 5574 1990 5629 miseri
2015 5574 2073 5630 in
2157 5574 2364 5631 anima.
2385 5575 2503 5631 Etsi
2529 5574 2690 5631 male
2721 5579 2937 5630 naturae
2966 5574 3134 5632 arbor
3159 5576 3220 5632 in
3246 5581 3402 5632 terra
3427 5573 3570 5629 bona
3591 5569 3731 5642 plan-
