3918 6176
239 220 335 278 3'25

967 219 1346 276 EXPOSITIO
1384 221 1462 276 IN
1500 221 1944 280 MATTHIEUM.
1991 257 2054 268 -
2094 225 2229 281 LIB.
2274 228 2368 293 IV,
2411 227 2567 282 CAP.
2611 228 2731 283 VII.

3391 232 3496 290 326

237 353 399 412 tetur,
421 363 535 401 non
564 345 691 401 ideo
721 362 848 401 mox
867 362 931 399 ex
943 362 1010 400 ea
1031 345 1245 400 fructus
1265 345 1442 399 bonus
1461 345 1886 409 nascitur:si-A
1906 352 2002 401 tur
2031 365 2066 402 a
2115 348 2275 402 nobis
2305 350 2581 405 honorare
2618 352 2894 416 videntur,
2937 369 3034 406 cor
3070 359 3259 408 autem
3298 372 3494 411 eorum

237 437 346 490 mili
379 437 548 490 modo
577 437 684 490 etsi
707 436 899 489 anima
944 435 1086 489 bona
1117 435 1385 506 probatur
1413 451 1514 505 per
1543 440 1824 502 naturam,

237 542 341 580 non
361 526 490 579 ideo
512 526 768 579 voluntas
782 526 928 578 mala
960 525 1126 578 insita
1153 525 1211 579 in
1232 525 1325 579 illa
1343 541 1593 595 unquam
1612 525 1828 580 fructus

235 615 406 669 bonos
436 615 584 668 valet
627 615 807 669 facere
832 633 844 680 ;
879 615 1023 668 sicut
1067 615 1399 679 econtrario,
1423 631 1524 668 nec
1549 615 1694 668 bona
1714 631 1829 668 ma-

237 705 332 758 los.
365 705 675 774 Propterea
721 703 926 758 rectius
955 703 1274 773 accipimus,
1305 703 1536 773 tropice,
1569 704 1826 757 volunta-

236 785 345 846 tem
392 792 841 862 uniuscujusque
889 791 1091 846 bonam
1136 792 1220 846 vel
1267 792 1479 846 malam
1529 791 1823 857 arborem;

235 881 481 935 animam
511 897 662 946 vero,
686 886 889 935 natura
918 885 1179 934 manente
1205 879 1443 948 integra,
1477 878 1726 949 quotidie
1738 893 1830 930 vo-

235 970 467 1025 luntatis
496 969 788 1024 affectione
817 968 1122 1040 corrumpi,
1155 969 1240 1022 vel
1270 967 1604 1022 commutari
1629 968 1688 1020 in
1717 983 1830 1020 me-

234 1061 359 1115 lius.
394 1059 520 1114 Nisi
568 1059 710 1113 forte
755 1059 854 1112 illa
883 1057 1269 1111 haereticorum
1299 1056 1580 1110 calumnia
1608 1056 1665 1109 id
1699 1071 1827 1126 pro-

235 1149 443 1212 hibeat,
498 1149 662 1220 quasi
698 1150 828 1219 jure
869 1163 982 1201 non
1027 1146 1267 1218 possint,
1298 1145 1696 1216 metaphorice,
1744 1161 1829 1198 re-

235 1239 334 1293 bus
366 1255 493 1309 qua:
521 1237 850 1292 substantiae
879 1253 989 1291 non
1021 1244 1152 1290 sunt
1178 1235 1247 1290 de
1277 1234 1608 1289 substantiis
1639 1233 1832 1288 simili-

236 1328 462 1382 tudines
490 1327 766 1381 adhiberi.
801 1326 1113 1380 Praesertim
1155 1341 1282 1379 cum
1320 1324 1516 1378 eadem
1549 1322 1830 1377 saecularis

235 1417 549 1488 disciplina,
585 1423 776 1487 tropos
807 1423 924 1470 tam
963 1415 1034 1468 ab
1073 1415 1262 1469 animo
1306 1414 1377 1468 ad
1409 1429 1628 1483 corpus,
1657 1428 1826 1484 quam

235 1507 584 1562 extrinsecus
607 1524 643 1561 a
660 1522 890 1577 corpore
919 1505 990 1559 ad
1021 1504 1271 1558 animum
1287 1503 1484 1557 doceat
1506 1503 1629 1556 ﬁeri
1647 1519 1829 1573 posse.

1909 439 2072 508 longe
2100 443 2187 491 est
2214 456 2248 492 a
2287 455 2374 492 me
2430 440 2497 492 Et
2530 440 2650 494 ideo
2681 457 2791 494 non
2824 443 3006 496 omnis
3039 443 3133 512 qui
3163 444 3296 498 dicit
3334 445 3492 501 mihi.

1909 527 2164 590 Domine,
2210 527 2476 592 Domine,
2525 528 2758 583 intrabit
2813 531 2868 584 in
2928 548 3162 601 regnum
3208 533 3494 590 caelorum.

1911 616 2072 679 Quia,
2115 616 2220 668 etsi
2281 618 2554 670 latronem
2597 635 2695 686 pro
2726 619 2840 672 sola
2882 620 3228 675 invocatione
3256 623 3500 680 nominis

1907 705 2130 758 videtur
2169 707 2225 759 in
2272 706 2592 776 paradisum
2653 707 3046 773 introduxisse,
3096 718 3315 766 constat
3370 730 3499 769 eum

1909 795 2074 847 corde
2108 795 2235 847 ﬁdei
2284 795 2436 849 intus
2464 796 2898 866 approximasse,
2922 805 2978 851 et
3005 799 3318 856 dilectionis
3347 803 3503 858 obse-

1911 883 2104 952 quium
2133 883 2466 937 exhibuisse.
2503 885 2696 955 Neque
2734 902 2799 939 ex
2833 887 2936 940 hoc
2973 889 3258 958 prohibuit
3288 908 3347 946 se
3373 909 3500 949 voce

1911 972 2186 1037 invocare,
2210 972 2305 1026 sed
2329 973 2574 1026 ostendit
2588 976 2736 1044 quod
2755 992 2867 1030 non
2887 978 3069 1032 omnis
3093 979 3188 1049 qui
3220 997 3347 1035 eum
3370 999 3506 1038 voce

1911 1061 2241 1131 ingeminat,
2275 1061 2441 1115 corde
2473 1063 2669 1128 credit,
2717 1071 2816 1118 aut
2853 1067 3113 1136 operibus
3159 1069 3360 1140 diligit.
3397 1071 3502 1126 Ubi

1911 1150 2578 1221 quaerendum,quomodo
2602 1169 2794 1206 verum
2817 1155 2925 1208 erit
2949 1157 3092 1225 quod
3119 1157 3324 1212 Paulus
3345 1175 3506 1231 apos-

1910 1240 2058 1294 tolus
2086 1245 2346 1303 testatur,
2381 1240 2516 1310 quia
2560 1257 2724 1295 nemo
2753 1243 2930 1312 possit
2975 1243 3158 1299 dicere
3199 1247 3501 1304 Dominum

1911 1331 2100 1385 Jesum
2123 1330 2300 1383 nisiin
2324 1331 2539 1400 Spiritu
2569 1337 2762 1386 sancto
2791 1336 2835 1386 ll
2865 1334 2984 1386 Cor.
3026 1349 3124 1398 κη,
3159 1334 3287 1404 l3)?
3313 1338 3370 1392 Si
3400 1355 3502 1394 au-

1912 1426 2025 1473 tem
2055 1419 2112 1472 in
2138 1419 2348 1488 Spiritu
2371 1425 2564 1473 sancto
2584 1419 2818 1474 dicimus
2846 1421 2915 1474 ad
2947 1438 3096 1482 eum.
3121 1423 3374 1488 Domine,
3401 1427 3507 1482 Do-

1913 1509 2083 1572 mine,
2108 1509 2362 1578 nunquid
2382 1525 2491 1562 non
2511 1510 2704 1564 audiet
2724 1526 2826 1563 nos
2848 1512 3134 1580 pulsantes
3164 1513 3232 1566 ad
3265 1531 3414 1578 eum,
3444 1522 3508 1570 ut

235 1597 390 1651 Unde
421 1598 639 1667 passim
671 1597 968 1650 innumera
989 1612 1177 1649 rerum
1197 1595 1450 1664 exempla
1470 1599 1828 1660 concurrunt,
1915 1597 2532 1667 ingrediamur7Audiet
2543 1598 3158 1670 utique.Pr0pterquod
3172 1605 3504 1672 quaerendus

235 1694 288 1742 et
337 1688 408 1742 de
471 1687 561 1740 his
609 1686 776 1741 rebus
835 1703 956 1756 quae
1003 1684 1330 1740 substantiae
1392 1701 1504 1738 non
1553 1689 1704 1749 sunt,
1765 1683 1834 1735 ad
1857 1675 2209 1740 Bestsensus
2227 1687 3506 1757 Scripturarum,etnonestaudiendastultitia

236 1793 325 1831 eas
367 1793 495 1847 qua
551 1775 878 1830 substantiae
922 1780 1080 1840 sunt;
1126 1780 1183 1828 et
1229 1790 1425 1828 rursus
1464 1773 1533 1826 de
1578 1773 1664 1826 his
1711 1788 1833 1842 quae

237 1872 383 1931 sunt,
417 1866 494 1920 ad
526 1882 626 1920 eas
668 1882 789 1935 qua).
836 1881 946 1918 non
988 1869 1136 1926 sunt,
1179 1862 1578 1916 similitudines
1607 1861 1832 1915 trahere

239 1961 586 2021 cernuntur;
645 1955 792 2026 quod
845 1954 980 2007 satis
1034 1952 1320 2007 evidenter
1374 1967 1618 2022 praesens
1680 1951 1833 2005 locus

240 2061 430 2099 verum
461 2060 588 2098 esse
623 2044 935 2098 conﬁrmat.
979 2041 1102 2106 Ubi,
1133 2041 1263 2095 licet
1301 2041 1435 2111 ipsae
1463 2039 1691 2094 arbores
1736 2039 1834 2092 bo-

241 2151 321 2189 nae
360 2135 617 2199 malaeve,
650 2132 905 2186 homines
941 2131 1290 2202 simpliciter,
1339 2135 1397 2184 et
1435 2145 1547 2184 non
1578 2130 1837 2183 voluntas

245 2241 436 2278 eorum
467 2222 796 2292 accipiatur,
819 2221 1032 2274 fructus
1061 2226 1271 2283 tamen,
1305 2220 1479 2273 velint
1502 2219 1700 2283 nolint,
1733 2218 1838 2272 vir-

245 2317 428 2368 tutum
463 2311 796 2366 vitiorumve
822 2327 992 2381 opera
1021 2316 1206 2374 erunt,
1249 2326 1371 2379 quae
1399 2325 1564 2362 nemo
1591 2308 1700 2362 nisi
1730 2308 1837 2361 im-

245 2402 457 2472 peritus
487 2399 833 2455 substantias
862 2397 1178 2453 aestimabit.
1207 2400 1285 2451 Ac
1315 2414 1416 2469 per
1442 2398 1564 2463 hoc,
1593 2398 1721 2468 jure
1743 2413 1837 2450 vo-

243 2492 426 2546 luntas
465 2489 714 2544 hominis
743 2489 912 2543 arbor
940 2505 1062 2544 esse
1109 2488 1348 2553 dicitur;
1383 2487 1532 2557 quia,
1575 2487 1720 2540 sicut
1740 2487 1838 2540 illa

243 2582 531 2635 radicatur
558 2581 616 2634 in
645 2585 816 2644 terra,
851 2579 929 2632 sic
958 2585 1014 2633 et
1042 2579 1297 2633 voluntas
1327 2577 1755 2648 cogitationibus
1779 2578 1836 2632 in

240 2676 449 2724 mente.
485 2669 647 2724 Unde
666 2669 937 2724 Dominus
941 2669 1062 2738 jam
1081 2667 1321 2722 securim
1344 2667 1414 2721 ad
1445 2666 1660 2720 radices
1681 2667 1841 2720 arbo-

239 2775 360 2812 rum
403 2758 651 2829 positam
681 2775 803 2812 esse
831 2757 984 2822 dicit,
1016 2757 1150 2812 dum
1191 2756 1556 2827 cogitationes
1598 2756 1842 2826 singulo-

236 2865 388 2914 rum,
416 2847 624 2918 quibus
655 2847 941 2902 radicatur
963 2846 1109 2900 mala
1137 2846 1412 2911 voluntas,
1444 2844 1613 2900 verbo
1639 2844 1842 2898 divini-

236 2937 372 2992 tatis
403 2954 520 2991 suze
552 2942 717 3006 parat
747 2936 1062 3006 praecidere,
1095 2939 1152 2988 et
1181 2951 1248 2989 ex
1276 2934 1363 2988 his
1391 2935 1682 2988 universos
1697 2934 1840 3004 diju-

1915 1777 2323 1830 hzereticorum.
2371 1774 2510 1829 Ecce
2549 1776 2698 1829 inter
2742 1777 2847 1830 hoc
2902 1783 2959 1831 et
3002 1778 3139 1832 illud
3171 1779 3352 1835 dicere
3383 1798 3504 1836 ma-

1914 1882 2081 1935 gnam
2111 1865 2435 1918 distantiam
2467 1881 2589 1918 esse
2612 1881 2775 1918 nemo
2799 1867 2893 1936 qui
2919 1866 3184 1937 ambigat.
3212 1870 3355 1924 Nam
3375 1887 3506 1926 voce

1917 1961 2139 2008 tantum
2171 1954 2294 2024 quis
2321 1953 2495 2007 idiota
2513 1970 2624 2007 non
2648 1955 2794 2008 valet
2825 1955 3008 2009 dicere
3031 1955 3302 2012 Dominus
3318 1960 3509 2014 Jesus?

1921 2045 1983 2098 In
2014 2044 2211 2114 spiritu
2237 2048 2426 2096 autem
2450 2059 2612 2096 rarus
2640 2049 2695 2097 et
2734 2060 2846 2097 non
2877 2044 2982 2098 nisi
3008 2047 3438 2116 praedestinatus
3461 2050 3510 2103 si

1919 2139 2261 2204 permaneat.
2300 2132 2584 2202 Siquidem
2620 2148 2746 2186 voce
2793 2134 2957 2187 multi
2997 2135 3210 2200 dicunt,
3252 2138 3510 2210 Domine,

1921 2223 2178 2278 Domine.
2197 2221 2291 2291 qui
2311 2221 2369 2274 in
2399 2221 2699 2274 novissimo
2722 2222 2961 2276 adventu
2985 2223 3122 2278 fatui
3145 2226 3510 2296 repelluntur.

1923 2311 2149 2366 Ornatis
2179 2327 2306 2365 vero
2336 2309 2686 2381 lampadibus
2715 2311 2835 2365 oleo
2864 2313 3041 2366 sancti
3073 2314 3331 2384 Spiritus,
3351 2310 3526 2386 pauci.

1917 2403 2149 2471 januam
2178 2400 2648 2466 introducuntur;
2687 2405 2745 2454 et
2789 2400 2914 2454 ideo
2954 2401 3058 2455 hoc
3101 2408 3185 2456 est
3232 2404 3418 2459 dicere
3453 2406 3512 2460 in

1921 2490 2134 2560 Spiritu
2179 2494 2370 2542 sancto
2409 2489 2709 2542 Dominum
2751 2489 2961 2555 Jesum,
3007 2493 3153 2561 quod
3186 2498 3271 2546 est
3311 2509 3512 2548 ornare

1919 2577 2223 2646 lampades,
2249 2577 2304 2629 id
2323 2581 2426 2639 est,
2451 2592 2551 2646 per
2570 2577 2841 2646 Spiritum
2873 2584 3126 2632 sanctum
3156 2585 3275 2645 εις
3289 2587 3337 2645 ι’
3357 2582 3514 2636 Chri-

1921 2672 2069 2720 stum
2103 2665 2401 2718 Dominum
2435 2665 2601 2718 corde
2647 2665 2814 2719 simul
2861 2672 2918 2720 et
2959 2684 3072 2731 ore,
3116 2673 3285 2738 atque
3327 2670 3513 2740 dignis

1921 2755 2180 2826 operibus
2209 2753 2480 2807 conﬁteri.
2506 2753 2702 2808 Dicere
2723 2755 3022 2810 Dominum
3045 2757 3074 2810 J
3079 2773 3236 2810 esum
3260 2759 3513 2814 conﬁteri

1923 2851 2025 2899 est.
2059 2844 2205 2898 Dicit
2260 2849 2448 2897 autem
2495 2860 2623 2897 eum
2671 2843 2766 2914 qui
2818 2844 2983 2899 corde
3026 2846 3204 2900 credit
3243 2847 3312 2900 ad
3351 2848 3515 2917 justi-

1920 2934 2081 2998 tiam,
2116 2939 2172 2987 et
2200 2950 2294 2988 ore
2325 2933 2481 2986 illum
2527 2934 2845 2987 comﬁtetur
2897 2933 2966 2987 ad
3012 2935 3271 3002 salutem,
3313 2937 3515 2990 deinde

231 3025 446 3081 dicare.
484 2995 632 3100 Quae~
671 2995 937 3079 nimirum
967 2995 1224 3079 voluntas
1278 3024 1325 3077 si
1367 3023 1515 3077 bona
1563 2995 2180 3094 fuerit,'etCoperibus
2210 3039 2376 3093 quem
2423 3021 2657 3076 credidit
2712 3023 3063 3077 testiﬁcatur.
3089 2995 3352 3095 Alioquin
3381 3041 3513 3096 pro-

230 3122 385 3170 recta
413 3114 682 3177 intentio,
733 3114 945 3168 fructus
1003 3114 1179 3167 malos
1216 3129 1328 3167 non
1377 3113 1524 3177 facit,
1565 3111 1709 3166 sicut
1737 3128 1838 3165 nec

228 3205 381 3258 mala
427 3204 610 3257 bonos
639 3203 822 3257 facere
852 3207 1052 3273 potest.
1088 3201 1234 3265 Quia
1263 3202 1454 3255 omnia
1487 3217 1678 3272 opera,
1710 3200 1840 3254 licet

229 3292 376 3347 bona
398 3292 807 3346 videanturvel
828 3291 1204 3357 mala,radicis
1223 3307 1337 3344 sure
1371 3306 1618 3354 succum,
1665 3306 1730 3344 ac
1758 3306 1841 3344 se-

227 3383 400 3437 minis
429 3383 683 3436 virorem
725 3381 976 3436 trahunt.
1012 3381 1087 3434 Ex
1118 3397 1230 3451 qua
1272 3380 1513 3450 denique
1559 3381 1841 3434 sententia

227 3489 429 3526 omnes
443 3471 794 3542 hypocritas,
824 3486 1018 3524 omnes
1039 3470 1552 3540 pseudoprophetas
1572 3469 1834 3535 damnat;

226 3566 281 3615 et
308 3561 520 3616 omnia
547 3576 672 3631 quae
701 3575 872 3630 supra
897 3559 1086 3613 docuit
1123 3559 1191 3612 de
1221 3559 1403 3612 cordis
1433 3557 1840 3623 munditia,hoc

226 3668 339 3706 uno
369 3650 649 3720 exemplo
679 3648 1050 3703 irreﬂexibilis
1097 3653 1312 3702 naturae
1341 3648 1656 3712 conﬁrmat,
1692 3646 1840 3716 quod

225 3757 395 3796 nemo
426 3741 510 3794 de
540 3739 690 3792 mala
711 3738 994 3792 voluntate
1025 3736 1266 3791 fructum
1287 3741 1478 3801 3&6
1495 3735 1704 3789 bonum
1721 3750 1843 3805 per-

1919 3113 2079 3165 desse
2108 3111 2248 3165 nihil
2274 3116 2474 3181 potest,
2497 3111 2543 3164 si
2561 3109 2821 3180 operibus
2849 3128 2976 3165 eum
3006 3117 3250 3182 negant;
3284 3113 3408 3167 ideo
3424 3129 3519 3168 ve-

1919 3218 1980 3255 re
2009 3201 2192 3254 dicere
2241 3201 2540 3254 Dominum
2597 3201 2788 3254 Jesum
2827 3202 3082 3255 conﬁteri
3129 3208 3216 3257 est
3243 3204 3426 3268 corde,
3461 3209 3518 3258 et

1922 3307 2017 3344 ore
2030 3297 2196 3360 atque
2209 3290 2367 3344 bonis
2385 3291 2535 3361 operi
2545 3289 2646 3344 bus
2658 3290 2980 3360 praedicare.
3006 3292 3151 3345 Nam
3179 3308 3352 3346 unum
3393 3293 3516 3348 sine

1921 3380 2118 3439 altero,
2144 3395 2349 3448 negare
2388 3385 2490 3432 est.
2537 3380 2759 3449 Integre
2791 3396 2918 3433 vero
2947 3380 3107 3435 illum
3133 3384 3431 3436 conﬁtetur
3459 3388 3516 3437 et

1921 3469 2074 3532 dicit,
2102 3469 2197 3539 qui
2228 3469 2336 3522 ﬁde
2367 3476 2422 3522 et
2451 3469 2735 3522 intellectu
2766 3469 2990 3523 dicibile
3015 3470 3167 3525 intus
3195 3471 3427 3526 verbum
3458 3473 3518 3526 in

1922 3559 2086 3612 corde
2115 3558 2279 3628 gerit,
2325 3565 2382 3612 et
2411 3559 2630 3628 quoties
2661 3559 2883 3628 expedit
2911 3559 3092 3629 ipsum
3122 3561 3269 3630 quod
3295 3561 3517 3616 dicibile

1923 3647 2075 3700 intus
2104 3647 2290 3708 habet,
2332 3663 2427 3700 ore
2459 3648 2684 3717 profert,
2719 3649 2774 3700 et
2803 3647 2940 3701 dicit
2972 3665 2982 3700 :
3026 3649 3226 3702 deinde
3266 3649 3432 3703 rebus
3462 3655 3518 3704 et

1925 3735 2184 3806 operibus
2215 3752 2406 3789 verum
2439 3752 2559 3789 esse
2581 3736 2639 3789 in
2670 3752 2729 3789 se
2754 3736 3226 3807 conﬁtetur,quod
3248 3737 3305 3790 in
3328 3738 3518 3792 animo

3638 807 3663 826 Δ

222 3827 869 3901 cipiat,nequedebona
890 3826 1200 3881 intentione
1231 3842 1302 3880 ne
1330 3825 1533 3896 aliquis
1555 3825 1662 3879 nisi
1693 3823 1842 3895 quod
1925 3824 2146 3878 dicibile
2185 3824 2512 3895 permansit.
2565 3825 2879 3878 Secundum
2931 3841 3099 3894 quam
3133 3825 3517 3896 integritatem

224 3926 442 3974 bonum
475 3923 572 3972 est
610 3922 802 3971 metet.
860 3917 1016 3970 Bona
1059 3922 1248 3970 autem
1277 3915 1533 3969 voluntas
1578 3914 1838 3980 hominis,
1925 3912 2162 3978 dicendi,
2184 3913 2484 3983 Apostolus
2513 3912 2719 3966 clamat
2745 3913 2892 3983 quod
2936 3929 3100 3966 nemo
3137 3913 3312 3984 possit
3331 3915 3518 3969 dicere

219 4009 395 4062 arbor
427 4005 703 4062 videlicet
743 4004 890 4058 bona
926 4021 1045 4058 esse
1078 4020 1189 4058 non
1236 4009 1440 4074 potest,
1485 4003 1594 4056 nisi
1640 4002 1846 4057 habeat
1926 4003 2225 4057 Dominum
2248 4004 2436 4057 Jesum
2460 4002 2566 4056 nisi
2585 4002 2641 4055 in
2665 4002 2877 4073 Spiritu
2898 4002 3398 4066 sancto.Quiasine
3421 4004 3516 4059 illo

220 4097 657 4167 plantationem
688 4101 744 4148 et
770 4094 1009 4148 virorem
1039 4093 1338 4148 voluntatis
1367 4093 1488 4154 Dei,
1521 4097 1586 4146 ut
1611 4093 1731 4161 ejus
1759 4110 1844 4146 sa-
1926 4109 2053 4146 enm
2086 4092 2398 4161 intelligere
2433 4108 2542 4144 non
2571 4090 2906 4154 valet.Quod
2930 4098 3122 4161 aperte
3153 4091 3351 4146 Petrus
3378 4092 3516 4147 insi-

217 4203 422 4257 porem
449 4183 825 4257 gustantibus
844 4201 902 4237 se
932 4184 1147 4237 fructus
1166 4183 1380 4236 afferat.
1413 4181 1555 4245 Quia
1576 4181 1843 4253 quidquid
1925 4186 2065 4235 nuat
2122 4181 2217 4251 qui
2247 4181 2378 4234 dum
2411 4180 2552 4234 mori
2589 4179 2800 4245 timuit,
2844 4180 3011 4233 vitam
3044 4181 3238 4250 utique
3268 4183 3516 4252 negavit.

216 4276 286 4328 ab
315 4293 389 4330 ea
422 4276 770 4345 degenerat,
801 4272 934 4326 vitio
980 4271 1374 4343 corrumpitur,
1408 4276 1464 4325 et
1489 4271 1639 4324 inter
1667 4271 2204 4345 malaanaeterum
2255 4287 2424 4340 opera
2469 4270 2760 4330 virtutum,
2810 4270 2862 4323 id
2915 4275 3000 4324 est
3055 4270 3295 4341 Spiritus
3339 4272 3518 4326 sancti

210 4363 648 4436 dignosrentiae
679 4368 867 4432 partes
893 4368 1348 4415 connumeratur.
1373 4361 1442 4414 Et
1469 4361 1584 4415 haec
1620 4365 1723 4426 est,
1756 4359 1845 4413 in-
1863 4359 1908 4376 "
1927 4362 2091 4421 dona,
2127 4359 2252 4430 quis
2281 4367 2430 4413 recte
2459 4360 2578 4413 sine
2612 4359 2732 4430 ipso
2771 4359 3084 4430 percipiet?
3112 4361 3291 4414 Nemo
3344 4360 3519 4430 igitur

210 4470 416 4524 quam,
448 4457 712 4522 angusta
730 4450 837 4514 via,
871 4466 994 4520 quae
1014 4455 1129 4503 tam
1162 4449 1505 4503 irreﬂexibili
1534 4449 1762 4503 tramite
1789 4455 1846 4503 et
1927 4450 2045 4504 sine
2069 4451 2190 4520 ipso
2212 4449 2512 4503 Dominum
2542 4450 2733 4502 Jesum
2756 4454 2938 4519 potest
2965 4447 3166 4515 dicere,
3192 4449 3323 4519 quia
3351 4465 3516 4504 nemo

207 4560 422 4599 norma
447 4539 704 4613 justitize
725 4539 1032 4610 regulatur.
1065 4539 1205 4592 Lata
1234 4554 1378 4603 vero,
1405 4539 1608 4604 saeculi,
1636 4528 1767 4609 quia
1786 4537 1846 4592 in
1926 4540 1985 4594 in
2012 4538 2280 4594 membris
2308 4538 2515 4593 Christi
2553 4538 2673 4591 sine
2703 4537 2913 4608 Spiritu
2939 4542 3130 4591 sancto
3158 4542 3341 4608 potest
3371 4554 3510 4592 esse.

207 4633 432 4688 dextris
461 4630 646 4686 istius
675 4645 710 4682 a
731 4627 974 4682 sinistris
1004 4627 1063 4682 in
1083 4627 1359 4682 immenso
1392 4628 1752 4698 dispergitur,
1790 4632 1848 4681 et
1925 4629 2085 4684 Unde
2116 4629 2210 4682 isti
2241 4627 2756 4699 pseudoprophetae,
2790 4626 2876 4680 vel
2912 4627 3235 4697 hypocritae,
3264 4643 3360 4681 seu
3392 4626 3518 4681 falsi

137 4764 174 4814 θ
207 4740 311 4795 per
344 4721 574 4778 omnia
607 4717 872 4772 vitiorum
899 4716 1158 4786 gramina
1189 4717 1297 4771 huc
1324 4715 1568 4788 illucque
1596 4718 1714 4772 lata
1744 4716 1844 4771 dif-
1930 4718 2388 4783 Christiani,licet
2409 4717 2572 4772 verbo
2593 4723 2757 4771 tenus
2786 4715 3514 4783 dicant,Domine,Domine,

131 4805 167 4814 ’⁷
207 4812 510 4868 tunditur.
554 4807 706 4862 Hinc
734 4806 1008 4878 sequitur:
1929 4809 2062 4864 dum
2083 4825 2185 4863 nec
2216 4808 2382 4863 corde
2411 4807 2569 4861 illum
2600 4806 2859 4877 diligunt,
2892 4822 2998 4860 nec
3025 4821 3121 4859 ore
3143 4811 3290 4860 recte
3313 4805 3515 4876 praedi-

273 4901 413 4956 Non
449 4899 658 4955 omnis
687 4899 787 4964 qm‘
814 4897 948 4949 dicit
972 4896 1132 4961 mihi,
1148 4895 1396 4962 Domine,
1414 4897 1850 4963 Domim,intra-
1929 4905 2184 4964 cant,nec
2203 4897 2464 4970 operibus
2487 4897 3189 4954 conﬁrmant,voluntatem
3206 4896 3390 4950 Patris
3406 4911 3519 4951 non

208 4991 285 5044 bit
314 4994 388 5046 in
411 5003 682 5058 regnum
694 4988 983 5048 calorum,
1011 4987 1100 5038 sed
1119 4987 1220 5053 qui
1235 4987 1370 5053 facit
1394 4989 1731 5040 voluntatem
1749 4989 1851 5041 Pa-
1929 4989 2158 5052 faciunt,
2205 4995 2262 5042 et
2304 4987 2427 5041 ideo
2457 4993 2704 5041 extorres
2742 5003 2776 5039 a
2804 5003 2976 5056 regno
3010 4985 3353 5056 rejiciuntur.
3382 4985 3519 5040 Ecce

209 5086 312 5138 tris
326 5077 890 5145 mei,etc.Voluntas
911 5076 1114 5147 quippe
1143 5077 1244 5130 Dei
1267 5083 1329 5130 ut
1359 5078 1455 5131 ﬁat
1481 5077 1540 5130 in
1567 5077 1728 5131 nobis
1758 5096 1846 5132 re-
1929 5095 2122 5132 omnes
2152 5093 2281 5131 voce
2327 5077 2588 5136 clamant,
2634 5076 2727 5130 sed
2775 5092 2885 5129 non
2926 5091 3119 5129 omnes
3150 5075 3517 5146 recipiuntur.

206 5172 637 5239 quiritur,non
657 5167 951 5220 verborum
963 5165 1394 5220 eﬁ‘usioncirco
1406 5166 1680 5219 attendite
1699 5183 1734 5219 a
1751 5165 1848 5218 fal-
1931 5167 2294 5237 Recipiuntur
2306 5173 2491 5219 autem
2508 5166 2585 5218 illi
2602 5166 2695 5236 qui
2720 5165 2774 5218 in
2797 5165 3007 5235 Spiritu
3022 5164 3520 5218 sanctoDominum

207 5259 280 5314 sis
311 5255 668 5332 praphetis,
697 5261 753 5309 et
789 5271 854 5309 ex
902 5254 1174 5308 fructibus
1226 5255 1449 5308 illorum
1493 5255 1618 5308 illos
1647 5271 1822 5324 cogno
1929 5255 2204 5319 invocant,
2257 5261 2314 5308 et
2345 5255 2658 5308 unctionem
2711 5254 2918 5308 habent
2964 5254 3032 5308 ab
3084 5254 3202 5325 ipso
3238 5271 3248 5306 :
3293 5259 3520 5326 propter

208 5351 365 5404 scite.
397 5348 575 5414 Quia
617 5362 729 5399 non
755 5349 939 5415 potest
965 5361 1159 5399 eorum
1191 5361 1360 5415 prava
1388 5345 1645 5398 voluntas
1674 5343 1846 5398 bonos
1928 5345 2074 5412 quod
2095 5344 2285 5397 docuit
2311 5351 2373 5397 ut
2401 5343 2468 5396 de
2501 5344 2680 5397 fructu
2711 5361 2903 5398 omnes
2932 5344 3341 5413 intelligantur.
3375 5345 3521 5408 Quia

207 5437 412 5497 facere.
452 5438 646 5495 Licet
687 5435 859 5505 igitur
896 5434 1102 5498 dicant,
1155 5433 1410 5499 Domine,
1443 5434 1696 5498 Domine,
1731 5449 1843 5488 non
1927 5449 2039 5486 non
2061 5434 2242 5487 solum
2271 5433 2350 5486 illi
2373 5434 2468 5504 qui
2490 5433 2607 5486 solo
2631 5434 2853 5488 nomine
2878 5433 3178 5488 Dominum
3204 5435 3516 5500 nominant,

209 5530 488 5587 continuo
522 5523 810 5583 credendi
829 5528 978 5580 sunt.
999 5523 1147 5580 Nam
1165 5523 1328 5580 labiis
1348 5539 1459 5592 me,
1485 5528 1550 5578 ut
1571 5523 1844 5594 recipian-
1924 5537 2038 5578 non
2064 5521 2435 5593 recipiuntur;
2467 5539 2662 5579 verum
2689 5539 2792 5580 nec
2822 5522 2878 5578 hi
2905 5523 3001 5594 qui
3022 5523 3363 5596 prophetarit
3392 5521 3514 5576 sine
