3918 6176
498 250 602 309 327

1277 243 1334 296 S.
1377 238 1755 297 PASCHASII
1792 229 2155 292 RADBERTI
2194 229 2498 289 ABBATIS
2537 232 3028 295 CORBEIENSIS.

3610 249 3694 308 πε

498 372 777 447 operibus,
812 376 870 426 et
911 368 1186 426 daemonia
1214 368 1465 438 ejiciunt,
1504 366 1591 420 vel
1619 365 1855 419 virtutes
1883 357 2089 413 multas
2107 355 2158 415 A
2247 358 2315 412 Et
2347 363 2482 413 tunc
2522 363 2813 428 conﬁtebor
2840 364 2958 417 ίιίίδ
3001 366 3134 433 quia
3162 381 3435 436 "unquam
3459 374 3572 424 ηουί
3590 388 3663 427 υοε
3679 393 3692 438 ;

497 463 735 519 faciunt.
777 461 920 516 Hinc
939 475 1159 531 quoque
1185 457 1441 527 sequitur
1469 475 1481 509 :

570 554 737 607 Multi
765 553 944 605 dicent
989 550 1131 602 mihi
1176 550 1240 600 in.
1268 550 1371 601 illa
1391 548 1478 600 die
1508 561 1523 601 :
1557 546 1807 605 Domine,
1839 540 2089 602 Domine,

498 636 659 713 aperi
688 642 860 695 nobis.
885 640 1081 693 Nonne
1110 639 1173 690 in
1196 638 1418 689 nomine
1441 641 1534 688 tuo
1558 631 2025 702 prophetavimus,
2046 630 2096 679 et

497 737 563 788 in
588 733 811 786 nomine
838 734 929 782 tuo
962 727 1232 781 daemonia
1262 726 1541 792 ejecimus,
1574 728 1623 776 et
1656 724 1720 774 in
1758 720 1981 772 nomine
2003 722 2094 769 tuo

496 824 730 875 virtutes
751 822 957 871 multas
970 817 1199 881 fecimus
1216 819 1240 866 ν
1262 812 1556 866 Vultenim
1572 810 1703 865 hinc
1714 807 1843 862 inde
1862 806 2096 860 circum-

501 913 720 981 spectos
759 922 862 960 nos
909 919 1048 964 esse.
1092 918 1162 956 ne
1193 901 1546 956 seducamur.
1578 899 1730 962 Ideo,
1764 896 1909 950 sicut
1935 910 2095 965 supe—

498 1000 618 1056 rius
640 1004 705 1051 ut
722 1012 766 1063 ,a
784 994 940 1049 falsis
969 991 1255 1063 pr0phetis
1292 1007 1484 1045 cavere
1509 1005 1612 1043 nos
1633 984 1985 1059 praemonuit,
2017 982 2098 1036 ita

503 1088 675 1144 etiam
704 1085 774 1139 ab
803 1084 889 1137 his
927 1082 1024 1154 qui
1070 1079 1346 1135 daemonia
1386 1078 1637 1149 ejiciunt.
1670 1081 1728 1130 et
1752 1074 1988 1128 virtutes
2012 1071 2095 1125 fa-

500 1180 657 1234 ciunt
706 1174 931 1235 multas,
983 1175 1177 1224 cautos
1218 1185 1341 1223 esse
1391 1167 1592 1221 debere
1640 1164 1907 1219 insinuat.
1953 1160 2095 1225 Quia

500 1265 805 1339 praedicare
823 1261 1242 1331 Scripturarum
1264 1256 1501 1322 occulta,
1529 1261 1587 1310 et
1607 1253 1740 1308 mali
1768 1255 2001 1324 possunt
2028 1266 2094 1304 ex

498 1354 685 1411 studio
714 1348 965 1406 discendi
999 1368 1013 1402 :
1043 1347 1176 1417 quia
1219 1351 1278 1400 et
1308 1345 1514 1399 mentis
1559 1341 1807 1397 efﬁcacia
1842 1340 2093 1394 videmus

498 1460 669 1516 quam
689 1444 835 1511 saepe
864 1436 1172 1507 flagitiosus
1203 1449 1452 1505 quosque
1470 1438 1657 1499 ατε
1678 1430 1906 1502 pollere,
1930 1433 1987 1483 et
2011 1427 2091 1481 di-

496 1532 643 1586 vinis
674 1527 877 1582 litteris
923 1523 1153 1580 erudiri.
1189 1524 1462 1577 Caeterum
1507 1520 1684 1574 malus
1732 1518 2092 1589 prophetasse

495 1620 839 1690 frequenter,
867 1620 924 1669 et
951 1614 1135 1668 adhuc
1176 1627 1369 1665 eorum
1401 1609 1699 1680 complices
1727 1607 1946 1662 futuros
1971 1621 2092 1660 esse

2175 448 2428 502 discedite
2441 464 2476 501 a
2501 466 2585 504 me
2604 467 2788 505 omnes
2812 454 2912 520 qui
2924 456 3234 521 operamini
3242 457 3418 525 iniqui
3421 460 3697 516 tatem.Con-

2176 535 2377 590 ﬁtebor
2403 543 2613 603 autem,
2637 540 2785 611 quod
2805 540 2886 594 illi
2904 545 3094 606 309
3109 542 3399 599 noluerunt
3413 547 3630 602 conﬁteri
3646 556 3696 605 ut

2175 625 2428 681 redirent
2455 628 2526 681 ad
2555 645 2678 683 me:
2713 628 3022 684 conﬁtebor
3041 631 3188 702 quod
3217 632 3311 686 diu
3338 634 3584 704 patienter
3599 638 3698 692 tuli.

2177 714 2498 777 Conﬁtebor
2525 733 2659 771 sane
2685 736 2697 771 :
2728 718 2855 772 Non
2885 719 3013 773 novi
3039 736 3153 774 vos.
3186 720 3327 792 Ergo
3355 723 3442 793 qui
3465 724 3702 780 ﬁnxitsin-

2172 803 2412 874 gillatim
2441 806 2609 860 corda
2638 806 2950 871 hominum,
2993 813 3051 862 et
3093 809 3350 881 intelligit
3374 812 3544 866 omnia
3566 829 3703 885 opera

2176 895 2678 965 eorum,quomodo
2708 901 2857 950 recte
2886 896 3022 951 dicit
3043 913 3156 952 non
3184 914 3342 954 nosse
3362 916 3490 971 quos
3513 902 3702 957 creavit?

2177 982 2444 1053 Nunquid
2472 999 2584 1038 non
2613 985 2796 1039 vultus
2821 985 3046 1040 Domini
3066 1004 3288 1059 semper
3303 1005 3465 1059 super
3487 989 3704 1045 facientes

2177 1071 2346 1137 mala,
2366 1076 2429 1126 ut
2448 1073 2648 1143 perdat
2664 1074 2734 1128 de
2754 1080 2908 1129 terra
2926 1076 3254 1131 memoriam
3280 1094 3461 1132 eorum
3478 1079 3500 1132 7
3515 1079 3707 1151 Propter

2178 1160 2329 1230 quod
2355 1161 2551 1233 utique
2575 1179 2689 1217 non
2710 1179 2859 1218 nosse
2879 1164 2981 1219 Dei
3010 1167 3188 1236 magis
3211 1167 3440 1238 ﬁgurate
3466 1168 3702 1240 accipitur:

2176 1249 2311 1319 quia
2336 1250 2491 1305 novit
2518 1267 2661 1322 quos
2676 1253 2952 1324 approbat
2970 1259 3028 1308 et
3048 1255 3256 1310 salvat:
3274 1272 3382 1310 non
3408 1257 3544 1311 novit
3555 1263 3707 1312 autem

2176 1353 2271 1392 eos
2300 1355 2439 1410 quos
2483 1341 2714 1411 perimit
2759 1347 2817 1396 et
2854 1343 3103 1398 damnat.
3146 1345 3389 1400 Dicimus
3416 1347 3580 1400 enim:
3609 1347 3705 1401 Non

2174 1427 2329 1481 novit
2357 1428 2450 1483 lux
2482 1430 2761 1497 tenebras,
2796 1431 2853 1485 id
2884 1438 2969 1487 est
2996 1449 3109 1488 non
3138 1422 3501 1506 aspicit;quia
3523 1435 3564 1489 si
3587 1436 3708 1506 aspi-

2174 1517 2596 1584 ceret,tenebree
2605 1520 2724 1589 jam
2740 1537 2850 1575 non
2864 1522 3295 1577 essent.Idcirco
3315 1540 3422 1577 non
3435 1524 3707 1594 inspexisse,

2170 1605 2505 1676 reprobasse
2537 1607 2660 1662 fuit.
2681 1609 2840 1663 Unde
2861 1610 3106 1665 orandus
3117 1617 3203 1665 est
3209 1612 3419 1683 jugiter
3440 1618 3501 1667 ut
3515 1613 3712 1667 illustret

498 1709 624 1780 quis
645 1704 900 1777 ignorat?
930 1704 1075 1757 Nam
1107 1706 1163 1755 et
1192 1701 1423 1755 Balaam
1454 1698 1722 1762 hariolus,
1754 1701 1812 1750 et
1840 1695 1975 1750 Saul
2003 1711 2093 1748 re-
2114 1694 2158 1757 Β
2182 1696 2458 1751 czecitates
2483 1702 2705 1751 nostras
2755 1718 2768 1766 ;
2818 1699 2970 1769 quia,
3000 1700 3110 1754 nisi
3141 1701 3416 1772 respiciat,
3444 1701 3569 1756 nihil
3591 1701 3712 1755 aliud

499 1795 726 1869 probus,
751 1801 923 1864 atque
945 1790 1186 1861 Caiphas
1206 1788 1432 1859 iniquus
1458 1788 1879 1858 prophetavere,
1911 1789 1969 1838 et
1994 1783 2091 1837 alii

499 1885 861 1958 quamplures
890 1896 1031 1951 quos
1043 1878 1333 1950 Scriptura
1346 1894 1461 1932 non
1488 1876 1761 1931 nominat.
1790 1874 1964 1928 Porro
1983 1872 2093 1927 dte-

498 1973 888 2044 moniaplures
911 1969 1162 2040 ejiciunt,
1183 1984 1297 2021 non
1317 1982 1512 2021 eorum
1544 1964 1781 2031 meritis,
1816 1963 1913 2018 sed
1942 1963 2094 2016 invo-

496 2064 717 2119 catione
746 2060 991 2116 nominis
1020 2056 1246 2123 Christi,
1277 2056 1423 2110 sicut
1449 2056 1506 2109 in
1536 2054 1775 2108 Actibus
1811 2052 2094 2123 apostolo-

498 2170 625 2209 rum
657 2152 800 2205 ﬁlios
831 2151 1015 2205 Sceva:
1042 2146 1334 2217 cujusdam
1375 2144 1679 2199 sacerdotis
1730 2142 1924 2195 fecisse
1952 2140 2092 2210 legi-

496 2259 623 2297 mus
655 2241 798 2312 (Act.
831 2252 947 2301 xux,
978 2235 1079 2303 14).
1112 2235 1359 2288 Virtutes
1385 2248 1517 2286 vero
1545 2230 1716 2284 simili
1754 2229 1919 2283 modo
1951 2229 2095 2283 ﬁunt

494 2349 529 2387 a
573 2328 849 2402 reprobis,
890 2324 1231 2380 exuberante
1279 2321 1467 2375 divina
1511 2319 1713 2390 gratia,
1760 2333 1861 2389 pro
1913 2316 2094 2371 tribus

496 2418 681 2475 causis
714 2431 726 2466 :
758 2421 824 2471 ut
851 2417 1264 2482 contemptores
1302 2426 1497 2463 eorum
1526 2407 1880 2479 decipiantur
1901 2422 2090 2461 errore

496 2506 807 2581 pravitatis,
848 2503 943 2575 qui
972 2483 1172 2555 nolunt
1208 2498 1437 2553 credere
1467 2514 1534 2552 ea
1564 2513 1686 2568 quae
1711 2497 1830 2566 jam
1859 2495 2092 2566 impleta

497 2602 632 2653 sunt
660 2601 718 2651 et
752 2592 1022 2664 magister
1049 2588 1238 2643 docuit
1268 2586 1536 2651 veritatis,
1563 2590 1620 2640 et
1648 2590 1711 2639 ut
1740 2584 1836 2639 alii
1875 2601 1977 2656 per
1994 2600 2091 2639 eos

497 2690 787 2746 sanentur,
810 2681 1013 2753 quibus
1042 2677 1316 2734 Dominus
1350 2674 1659 2730 decreverit
1685 2673 2003 2735 subvenire,
2034 2676 2092 2727 et

498 2775 730 2832 credant
758 2780 874 2828 tam
898 2769 1004 2842 ipsi
1032 2785 1198 2840 quam
1222 2773 1281 2821 et
1307 2766 1423 2831 alii,
1448 2764 1733 2819 miraculis
1757 2761 2012 2829 excitati;
2035 2766 2094 2816 et

496 2866 616 2920 haec
634 2864 758 2918 ideo
779 2878 879 2933 per
912 2876 1025 2924 eos,
1057 2858 1188 2911 licet
1213 2854 1435 2927 reprobi
1450 2853 1580 2918 sint,
1600 2856 1875 2924 potestate
1906 2850 2094 2905 divina

496 2956 660 3019 ﬁunt,
686 2958 751 3007 ut
766 2951 985 3005 discant
1015 2944 1208 3000 ﬁdeles
1237 2943 1445 2998 Christi
1475 2942 1708 2996 virtutes
1739 2940 1958 3011 operari
1979 2956 2092 2994 non

2173 1802 2343 1856 quam
2365 1785 2609 1842 tenebrae
2637 1804 2851 1842 sumus.
2879 1789 3024 1843 Nam
3055 1806 3206 1844 nosse
3236 1790 3713 1862 Dei,approbareest

2174 1882 2232 1930 et
2259 1892 2361 1948 per
2385 1876 2626 1947 gratiam
2659 1878 2885 1948 eligere.
2920 1877 3063 1933 Hinc
3093 1896 3315 1951 quoque
3339 1881 3586 1953 scriptum
3608 1880 3721 1950 legi:

2174 1982 2329 2021 mus:
2357 1966 2630 2032 Quoniam
2647 1970 2798 2041 novit
2817 1969 3087 2023 Dominus
3113 1972 3262 2023 riam
3272 1973 3559 2038 justorum,
3573 1974 3615 2023 et
3630 1971 3713 2022 iter

2174 2057 2480 2123 impiorum
2492 2056 2695 2124 peribit
2723 2056 2891 2127 (Psal.
2910 2060 3010 2125 v1).
3028 2057 3099 2112 Et
3126 2058 3266 2113 illud
3287 2061 3471 2114 :Novit
3492 2060 3713 2113 Dominus

2174 2146 2274 2212 qui
2299 2149 2433 2197 sunt
2460 2147 2595 2213 ejus.
2653 2145 2724 2199 Et
2769 2145 2839 2199 ad
2902 2146 3173 2218 Moysen:
3208 2148 3346 2203 Novi
3373 2154 3418 2202 te
3452 2164 3512 2202 ea:
3533 2149 3714 2202 nomine

2180 2233 2369 2300 (Exod.
2399 2247 2596 2300 xxxm,
2633 2233 2742 2302 l2).
2776 2235 2947 2289 Novit
2969 2235 3146 2307 igitur
3171 2244 3549 2308 cognoscentes
3574 2253 3640 2302 se,
3672 2240 3715 2289 et

2177 2321 2451 2393 approbat
2472 2339 2568 2377 eos
2588 2323 2685 2394 qui
2711 2323 2768 2378 in
2786 2324 3148 2396 simplicitate
3167 2328 3350 2383 cordis
3369 2326 3609 2382 mandata
3621 2327 3716 2396 ejus

2175 2411 2517 2466 custodiunt.
2552 2412 2712 2467 Unde
2734 2413 3022 2486 sequitur:

2245 2501 2435 2555 Omnis
2475 2504 2576 2570 qui
2616 2504 2775 2556 audit
2803 2505 2968 2561 verba
3004 2520 3125 2559 mea
3176 2510 3225 2560 et
3250 2508 3385 2575 facit
3402 2523 3478 2572 ea,
3506 2503 3717 2560 simitabo

2171 2605 2297 2644 eum
2325 2593 2446 2644 viro
2474 2593 2729 2659 sapienti,
2757 2595 2856 2661 qui
2881 2594 3175 2661 aediﬁcavit
3194 2597 3417 2651 domum
3430 2611 3577 2650 suam
3588 2607 3719 2663 super

2168 2684 2409 2748 petram.
2462 2680 2757 2735 Conclusio
2803 2682 2979 2737 totius
3043 2700 3325 2740 sermoms
3352 2684 3577 2740 mirabili
3610 2679 3716 2736 ﬁdei

2173 2768 2429 2839 exemplo
2468 2762 2745 2837 ﬁrmatur,
2780 2770 3081 2828 excludens
3119 2790 3318 2830 omnes
3346 2775 3440 2847 qui
3462 2780 3549 2829 aut
3575 2773 3719 2844 hypo-

2173 2855 2302 2910 crisi
2331 2856 2621 2923 falluntur,
2675 2864 2775 2914 aut
2815 2860 3005 2932 aliqua
3057 2862 3291 2933 ignavia
3336 2860 3652 2917 inﬁdelitatis
3675 2858 3719 2912 in

2175 2944 2362 3015 aliquo
2393 2951 2748 3016 premuntur,
2780 2953 2838 3002 et
2863 2965 2959 3003 eos
2986 2954 3213 3005 tantum
3266 2951 3337 3006 ad
3365 2965 3622 3007 summum
3647 2962 3719 3001 sa-

495 3055 837 3113 magnopere
874 3036 1120 3093 studere,
1157 3032 1255 3087 sed
1284 3031 1571 3086 Christum
1599 3030 1657 3084 in
1682 3028 1940 3083 omnibus
1968 3028 2093 3083 imi-
2113 3053 2158 3114 ο
2175 3032 2401 3104 pientis;
2423 3022 2663 3105 gradum
2687 3043 3142 3110 comparat,quos
3167 3057 3339 3113 supra
3367 3046 3567 3112 petram
3588 3042 3720 3092 recte

494 3131 628 3195 tari,
647 3128 743 3199 qui
773 3126 1155 3180 dixitzDiscite
1180 3139 1214 3174 a
1246 3137 1329 3173 me
1361 3122 1494 3188 quia
1514 3122 1667 3172 mitis
1686 3134 1811 3171 sum
1829 3123 1879 3172 et
1909 3119 2092 3171 humi-

494 3223 565 3276 lis
588 3219 773 3277 corde(
782 3215 972 3269 Matth.
999 3226 1058 3278 II,
1089 3209 1199 3276 29),
1218 3209 1661 3278 charitatemque
1674 3207 1895 3261 sectari.
1913 3208 2091 3261 Nemo

492 3307 666 3379 igitur
695 3302 932 3369 dubitet,
972 3300 1030 3354 in
1064 3298 1289 3353 nomine
1338 3296 1544 3351 Christi
1592 3296 1806 3366 priores
1856 3295 2092 3349 virtutes

495 3395 702 3451 multas
730 3392 942 3456 fecisse,
964 3395 1133 3459 atque
1153 3386 1429 3441 daemonia
1453 3386 1699 3456 ejecisse.
1726 3384 1887 3449 Quod
1915 3385 1963 3438 si
1984 3384 2088 3438 ali-

494 3485 622 3557 quis
665 3481 904 3537 voluerit
956 3479 1220 3542 abnuere,
1277 3477 1429 3545 legat
1481 3475 1614 3545 quid
1659 3474 1777 3545 ipse
1817 3474 2088 3528 Dominus

493 3575 663 3630 etiam
689 3572 759 3626 de
788 3570 979 3625 futuro
1025 3567 1174 3621 dicat
1209 3585 1225 3620 :
1276 3566 1444 3630 Tunc,
1479 3563 1683 3635 inquit,
1715 3566 1764 3617 si
1792 3565 1916 3631 quis
1941 3564 2087 3617 vobis

493 3665 733 3718 dimerit:
767 3661 893 3714 Ecce
934 3660 1024 3712 hic
1071 3656 1341 3721 Christus,
1374 3656 1542 3708 nolite
1573 3654 1807 3707 credere.
1848 3652 2089 3720 Surgent

494 3755 647 3808 enim
666 3749 1070 3821 pseudochristi
1086 3752 1135 3801 et
1145 3744 1690 3815 pseudoprophetae,et
1710 3743 2092 3809 dabuntsigna

492 3857 721 3911 magna,
743 3843 824 3894 ita
844 3843 909 3892 ut
939 3840 1003 3891 in
1021 3851 1265 3890 errorem
1296 3834 1644 3887 inducantur
1664 3834 1829 3885 etiam
1849 3833 2018 3893 electi,
2041 3833 2091 3884 si
2138 3828 2143 3835 ’

490 3934 616 4001 ﬁeri
628 3929 955 4000 potest.Ecce
982 3926 1227 3995 praedixi
1258 3925 1400 3977 vobis
1420 3923 1574 3989 (Mat.
1608 3935 1758 3987 XXIV,
1790 3918 1895 3976 25).
1930 3918 2090 3973 Unde

491 4019 819 4092 purgandus
848 4021 932 4070 est
957 4014 1149 4090 oculus
1192 4011 1415 4076 mentis,
1447 4008 1747 4080 quaerenda
1786 4007 2082 4079 sapientia,

492 4107 773 4162 ﬁrmanda
800 4104 958 4167 ﬁdes,
991 4100 1305 4156 constantia
1333 4099 1463 4153 ﬁdei
1489 4097 1822 4164 roboranda,
1846 4096 2088 4152 intertot

487 4209 881 4267 perversorum
923 4190 1214 4243 hominum
1246 4188 1414 4253 mala,
1458 4188 1609 4241 inter
1641 4193 1727 4241 tot
1755 4188 2086 4258 laqueorum

489 4283 755 4339 scandala
788 4285 854 4334 ut
896 4278 1129 4333 evadere
1159 4277 1457 4348 possimus,
1489 4282 1545 4330 et
1580 4292 1615 4329 a
1641 4275 1848 4330 talibus
1876 4294 2084 4347 praeca-

497 4372 634 4427 veri.
667 4368 974 4435 Qumrenda
1005 4373 1091 4421 est
1111 4366 1286 4436 igitur
1309 4381 1531 4434 semper
1558 4380 1698 4418 sana
1723 4364 1996 4431 doctrina,
2029 4370 2087 4420 et

488 4462 604 4517 vita
636 4461 881 4532 perfecta
909 4455 1198 4511 imitanda.
1233 4452 1507 4518 Quoniam
1534 4453 1767 4507 virtutes
1796 4454 1937 4518 ﬁeri,
1958 4453 2084 4525 Spi-

488 4551 633 4606 ritus
649 4549 827 4605 sancti
852 4552 938 4601 est
961 4544 1240 4618 operatio;
1282 4542 1425 4598 bene
1470 4548 1657 4597 autem
1675 4543 1857 4597 vivere
1876 4542 2083 4598 Christi

486 4640 749 4696 imitatio.
795 4638 954 4693 Unde
1005 4635 1259 4690 dicturus
1306 4638 1394 4688 est
1420 4632 1580 4688 istis:
1610 4634 1734 4688 Non
1787 4635 1916 4687 novi
1952 4649 2041 4687 vos
2061 4652 2079 4700 ,-

487 4727 853 4802 operantibus
898 4730 1128 4780 autem:
1172 4725 1367 4791 Venite,
1418 4724 1682 4778 benedicti
1717 4725 1902 4778 Patris
1951 4725 2081 4790 mei,

479 4821 744 4889 percipite
772 4832 1026 4885 regnum,
1050 4815 1192 4885 quod
1211 4813 1357 4868 vobis
1384 4818 1653 4883 paratum
1674 4817 1748 4866 est
1768 4814 1837 4867 ab
1868 4815 2084 4881 origine

487 4908 691 4961 mundi
706 4910 721 4976 (
740 4906 943 4960 Matth.
969 4920 1095 4969 xxv,
1127 4901 1236 4961 34).
1276 4902 1513 4973 Propter
1549 4900 1697 4973 quod
1724 4906 1782 4954 et
1810 4900 2082 4955 Dominus

485 4993 1083 5068 prohibuitdiscipulos
1101 4991 1367 5064 gaudere,
1393 4991 1526 5063 quia
1539 4989 1933 5045 daemoniaillis
1954 4988 2082 5044 sub-

480 5087 635 5158 jecta
658 5085 880 5140 fuerant
907 5097 919 5133 :
953 5084 1206 5147 Gaudete,
1245 5080 1448 5152 inquit,
1481 5083 1615 5150 quia
1640 5081 1872 5134 nomina
1901 5084 2082 5134 vestra

482 5179 691 5245 scripta
710 5178 841 5229 sunt
864 5176 926 5226 in
941 5175 1064 5228 caelo
1086 5172 1230 5237 (Luc.
1252 5185 1307 5237 x,
1339 5167 1445 5237 20).
1472 5169 1631 5224 Unde
1656 5173 1712 5223 et
1741 5168 1947 5223 Paulus
1968 5185 2081 5225 non

482 5265 716 5318 virtutes
742 5264 1085 5333 linguarum,
1118 5276 1231 5315 non
1269 5259 1538 5331 mysteria
1575 5264 1914 5313 secretorum
1944 5276 2076 5315 nos-

481 5370 559 5419 se,
586 5369 698 5407 non
725 5352 1065 5423 prephetias.
1090 5366 1203 5405 non
1232 5349 1397 5403 ﬁdem
1431 5364 1541 5419 qua
1558 5354 1776 5404 montes
1799 5350 2077 5420 prodigio-

479 5460 539 5499 se
566 5442 1000 5501 transferantur,
1040 5440 1139 5495 sed
1185 5440 1361 5494 solam
1413 5438 1743 5493 charitatem
1797 5456 2076 5494 commen-

480 5532 597 5606 dat,
631 5548 802 5605 quam
828 5530 1085 5589 Christus
1113 5529 1305 5593 docuit
1325 5530 1377 5602 (Ι
1400 5528 1525 5585 Cor.
1550 5542 1672 5598 xm,
1708 5527 1756 5597 1,
1789 5531 1863 5599 2).

2175 3123 2307 3177 ﬁdei
2336 3123 2573 3178 interius
2600 3126 2794 3180 ﬁrmos
2825 3143 2946 3181 esse
2975 3128 3228 3185 veritatis
3256 3130 3398 3185 actio
3415 3125 3722 3202 probat.0m-

2172 3211 2280 3278 nis,
2322 3212 2527 3283 inquit,
2566 3213 2663 3284 qui
2692 3215 2852 3270 audit
2878 3216 3047 3271 verba
3097 3234 3230 3273 mea
3268 3226 3327 3275 et
3360 3220 3488 3275 facit
3515 3235 3589 3273 ea.
3617 3216 3719 3270 Non

2174 3299 2316 3353 dixit
2344 3301 2439 3371 qui
2464 3301 2624 3356 audit
2641 3308 2885 3369 tantum,
2916 3305 3015 3360 sed
3043 3307 3139 3377 qui
3169 3308 3330 3364 audit
3356 3309 3523 3381 prius,
3553 3301 3720 3360 deinde

2169 3388 2302 3443 facit
2321 3406 2405 3444 ea.
2438 3391 2582 3455 Quia
2602 3408 2766 3447 nemo
2788 3384 2944 3448 recte
2966 3394 3143 3461 audit,
3179 3398 3289 3452 nisi
3319 3398 3481 3452 faciat
3507 3412 3584 3451 ea.
3606 3392 3721 3448 Hinc

2170 3495 2340 3549 quam
2373 3497 2520 3553 saepe
2551 3481 2788 3537 dicitur:
2823 3485 2930 3551 Qui
2955 3485 3114 3539 habet
3156 3502 3323 3542 aures
3350 3487 3617 3550 audiendi,
3643 3498 3723 3536 au»

2171 3568 2520 3627 diatUllatth.
2551 3585 2628 3639 x1,
2658 3571 2721 3625 15
2746 3591 2759 3638 ;
2792 3574 2919 3626 Luc.
2953 3587 3072 3641 vm,
3102 3570 3183 3643 8).
3237 3576 3407 3632 Aliud
3450 3574 3633 3647 quippe
3655 3574 3724 3625 est

2172 3657 2369 3712 audire
2397 3659 2594 3714 auditu
2624 3661 2890 3731 corporis,
2932 3662 3086 3717 aliud
3116 3680 3250 3719 vero
3279 3665 3471 3720 auditu
3498 3659 3677 3717 mentis
3706 3672 3718 3713 :

2171 3747 2384 3801 Audita
2412 3748 2601 3819 itaque
2631 3750 2836 3804 mentis
2862 3750 3182 3823 quicunque
3212 3755 3391 3819 audit,
3419 3750 3723 3822 intelligit,et

2171 3835 2457 3890 intellecta
2482 3837 2625 3892 votis
2669 3838 2904 3910 implere
2950 3841 3179 3911 satagit.
3213 3844 3487 3899 Caeterum
3515 3839 3601 3913 qui
3621 3852 3722 3892 ver-

2171 3922 2306 3977 bum
2332 3924 2577 3979 exterius
2621 3926 2682 3980 in
2709 3943 2845 3981 sono
2885 3928 3140 4000 percipit,
3174 3931 3285 3986 nisi
3313 3947 3432 3986 rem
3467 3928 3605 3984 verbi
3628 3925 3721 3980 cla-

2166 4018 2417 4067 mantem
2447 4012 2723 4069 introrsus
2773 4016 2977 4087 capiat,
3011 4017 3216 4073 surdus
3243 4020 3408 4074 redit.
3441 4017 3594 4085 Quia,
3617 4027 3721 4068 cum

2166 4120 2270 4157 vox
2296 4103 2533 4167 siluerit,
2566 4103 2709 4158 nihil
2738 4104 2790 4159 ei
2821 4105 3095 4161 remansit
3123 4109 3275 4179 quod
3321 4108 3513 4164 audire
3556 4101 3719 4177 possit.

2167 4193 2236 4247 Et
2264 4192 2389 4247 ideo
2419 4193 2515 4264 qui
2544 4193 2721 4260 audit,
2760 4194 2930 4249 verba
2960 4212 3088 4251 mea
3115 4196 3271 4265 dicit,
3307 4203 3364 4252 et
3410 4212 3519 4252 non
3552 4204 3722 4261 sonum

2166 4281 2468 4353 loquentis.
2511 4283 2657 4337 Nam
2701 4283 2848 4354 quod
2875 4285 3118 4339 exterius
3165 4287 3250 4353 ﬁt,
3279 4286 3507 4341 verbum
3534 4277 3722 4338 lectoris

2167 4375 2267 4424 aut
2302 4370 2545 4425 doctoris
2566 4375 2687 4438 est;
2711 4372 2861 4443 quod
2886 4388 3014 4427 vero
3033 4372 3186 4428 intus
3214 4375 3458 4430 sentitur
3479 4378 3534 4427 et
3552 4365 3723 4425 intelli-

2162 4459 2335 4530 gitur,
2383 4460 2590 4515 Christi
2625 4459 2856 4516 verbum
2897 4467 2999 4516 est.
3052 4462 3212 4518 Unde
3269 4463 3475 4519 David:
3514 4459 3722 4517 Audiam

2165 4550 2300 4617 quid
2341 4553 2603 4618 loquatur
2656 4552 2721 4605 in
2768 4566 2853 4604 me
2888 4551 3029 4605 Deus
3053 4550 3218 4623 (Psat.
3246 4567 3461 4617 Lxxxlv,
3492 4550 3553 4609 9i.
3593 4547 3723 4602 Tunc

2165 4638 2315 4692 enim
2344 4642 2496 4692 recte
2524 4638 2583 4692 in
2607 4638 2767 4694 nobis
2788 4640 3059 4711 loquitur,
3089 4658 3238 4708 cum,
3275 4642 3516 4698 exterius
3540 4647 3722 4708 organo

2165 4726 2315 4781 vocis
2339 4732 2592 4793 sonante,
2623 4727 2862 4784 interius
2886 4729 2958 4784 ad
2986 4746 3176 4785 vocem
3192 4729 3402 4787 Christi
3428 4729 3720 4787 excitamur:

2165 4814 2432 4870 divinitus
2478 4816 2905 4888 colloquentem.
2952 4819 3308 4892 Quapropter
3334 4821 3535 4876 clamat
3560 4815 3725 4882 380

2160 4905 2496 4975 Apostolus:
2552 4906 2617 4962 Si
2666 4910 2791 4976 quis
2835 4911 3103 4977 loquitur,
3144 4913 3307 4979 quasi
3344 4921 3604 4964 sermones
3643 4899 3725 4957 Dei

2166 4995 2213 5060 (Ι
2234 4995 2376 5048 Petr.
2403 5008 2474 5061 1v,
2514 4992 2618 5062 10).
2651 4995 2811 5061 Quod
2842 4996 2889 5051 si
2919 5013 3207 5055 sermones
3224 4999 3326 5054 Dei
3348 4999 3454 5055 iste
3481 4992 3721 5068 loquitur,

2162 5082 2256 5138 ille
2294 5082 2531 5140 interius
2572 5085 2706 5158 quid
2748 5086 2898 5142 aliud
2932 5087 3130 5143 audire
3175 5087 3359 5156 debet,
3392 5087 3497 5144 nisi
3525 5081 3723 5140 eosdem

2162 5175 2490 5230 sermones?
2533 5175 2660 5230 Non
2697 5176 2867 5242 enim,
2912 5176 3010 5241 ait,
3057 5178 3241 5233 omnis
3280 5177 3377 5250 qui
3400 5177 3556 5231 docet
3578 5167 3722 5225 verba

2159 5280 2302 5329 mea,
2350 5264 2449 5319 sed
2496 5264 2591 5335 qui
2635 5265 2811 5319 audit.
2852 5265 3051 5321 Tutius
3081 5283 3212 5338 ergo
3247 5272 3335 5323 est
3359 5266 3547 5322 audire
3574 5270 3721 5332 quam

2157 5353 2356 5407 docere
2386 5372 2399 5420 ;
2432 5354 2529 5408 sed
2557 5359 2747 5409 tamen
2777 5359 2835 5409 et
2863 5355 2957 5410 ille
2983 5355 3079 5427 qui
3103 5356 3281 5420 docet,
3314 5355 3361 5411 si
3390 5359 3535 5410 recte
3559 5351 3718 5408 docet,

2156 5442 2351 5513 utique
2370 5443 2524 5514 prior
2551 5443 2610 5497 in
2639 5443 2803 5498 corde
2832 5444 2993 5499 audit
3017 5446 3165 5517 quod
3196 5447 3374 5500 docet.
3407 5445 3496 5500 Ac.
3512 5456 3605 5514 per
3631 5437 3718 5491 hoc

2157 5533 2417 5589 Christus
2444 5538 2532 5589 est
2555 5535 2651 5606 qui
2675 5533 2837 5592 docet
2863 5552 3058 5593 omnes
3082 5554 3096 5605 ;
3127 5541 3186 5593 et
3202 5551 3341 5612 quos
3365 5536 3541 5603 docet,
3574 5523 3717 5585 audi-
