3918 6176
238 295 337 353 329

879 375 885 380 '
986 300 1364 357 EXPOSITIO
1403 303 1481 358 IN
1520 301 1829 358 ΜΑΤΤΗΔΞ

1915 301 1969 355 νε.
2015 330 2080 342 -
2120 301 2255 357 LIB.
2298 303 2391 369 IV,
2435 304 2592 360 CAP.
2636 307 2755 363 VII.

3356 306 3365 313 ’
3400 317 3509 378 330

230 428 377 477 tores
406 423 604 495 utique
632 425 929 479 verborum
969 423 1071 480 Dei
1108 431 1259 489 sunt,
1310 426 1511 481 deinde
1560 426 1815 491 factores,
1834 422 1890 483 A
1910 423 2113 480 domus
2132 429 2190 480 et
2207 424 2572 485 fundamento
2598 430 2808 487 Christi
2826 433 3236 495 corroboratur.
3268 439 3508 497 Omnem

232 512 633 568 Verumtamen
650 514 756 568 etsi
777 515 1072 586 perfectius
1092 516 1166 569 sit
1203 515 1386 570 facere
1406 533 1575 586 quam
1596 516 1826 581 discere,

229 601 383 673 prius
413 608 610 657 tamen
633 610 854 675 oportet
868 604 1065 658 audire
1092 610 1156 658 ut
1176 604 1349 658 facias
1374 605 1724 676 disciplinam
1742 607 1833 676 ju-

230 690 431 757 bentis,
465 691 671 746 deinde
704 692 1017 747 doctrinam
1056 710 1225 765 quam
1256 693 1537 761 didiceris,
1572 694 1831 766 operibus

231 797 544 852 exzequare.
573 782 641 835 Et
661 781 709 836 si
732 782 874 836 forte
896 783 1071 837 semel
1098 783 1325 850 audisti,
1353 782 1520 838 debes
1540 784 1827 851 delectari,

226 869 611 924 indesinenter
643 876 704 924 ut
731 871 927 925 audias
957 871 1152 926 tubam
1193 872 1489 939 salutaris;
1526 874 1655 944 quia
1685 890 1831 929 nun-

230 975 395 1030 quam
441 958 649 1014 desunt
692 960 895 1024 hostes,
932 970 1126 1016 contra
1157 979 1295 1033 quos
1325 963 1692 1034 prteliandum
1723 970 1826 1019 est.

229 1047 425 1118 Neque
443 1049 602 1103 cibus
622 1049 790 1104 unius
810 1050 921 1103 diei
945 1050 1154 1104 sufﬁcit
1179 1051 1248 1104 ad
1270 1067 1492 1105 omnem
1506 1052 1677 1106 vitam
1694 1071 1832 1125 prm-

230 1136 403 1190 sentis
422 1138 618 1192 saeculi
641 1157 654 1204 ;
679 1143 734 1193 et
766 1138 891 1192 ideo
916 1138 1130 1209 jugiter
1159 1139 1485 1193 meditanda
1507 1147 1637 1194 sunt
1665 1139 1832 1194 verba

232 1224 674 1297 Scripturarum,
709 1233 987 1298 quatenus
1008 1244 1073 1281 ex
1101 1224 1191 1282 his
1220 1229 1388 1282 vitam
1415 1229 1822 1295 habeamus,et,

230 1315 376 1369 unde
408 1316 667 1382 vivimus,
703 1316 1099 1371 exercitatione
1132 1318 1316 1389 operis
1344 1334 1659 1389 pascamur.
1683 1317 1831 1372 Alio-

231 1404 363 1475 quin
396 1421 503 1459 nec
532 1410 682 1459 recte
739 1406 1047 1460 audiuntur
1071 1406 1238 1461 verba
1266 1407 1386 1460 sine
1410 1407 1592 1461 fructu
1623 1407 1825 1477 operis,

230 1510 328 1547 nec
358 1501 514 1548 recte
535 1500 804 1566 operatur
831 1495 950 1549 sine
970 1495 1092 1549 cibo
1117 1501 1288 1549 tanta
1313 1495 1640 1551 dulcedinis.
1671 1495 1833 1559 Quod

233 1583 323 1653 qui
353 1590 666 1654 utrumque
698 1584 889 1649 simul,
922 1585 1019 1649 ait,
1077 1590 1135 1639 et
1186 1592 1336 1639 recte
1366 1584 1621 1639 videlicet
1651 1586 1826 1651 audit,

231 1671 433 1727 deinde
462 1672 597 1727 facit
622 1671 794 1727 verba
820 1691 941 1745 qum
962 1674 1138 1739 audit,
1152 1674 1411 1729 videlicet
1440 1691 1506 1728 ea
1532 1676 1685 1730 intus
1710 1692 1831 1747 quae

1913 513 2090 584 igitur
2138 520 2503 584 structuram,
2552 518 2609 573 id
2647 526 2733 575 est
2762 538 2927 578 omne
2963 541 3103 596 opus
3132 526 3279 597 quod
3308 527 3366 582 in
3395 529 3506 584 ﬁdo

1913 602 2121 659 Christi
2152 621 2216 659 eo
2245 605 2303 659 in
2339 606 2578 663 sublime
2608 613 2930 678 excreverit,
2963 614 3173 669 moveri
3200 632 3312 671 non
3342 634 3506 689 posse

1913 693 2043 747 ullis
2081 694 2511 767 impulsionibus
2559 700 2854 757 manifeste
2895 701 3074 760 docet.
3117 705 3260 760 Hinc
3285 723 3509 780 quoque

1914 783 1994 840 ait
2017 802 2029 837 :

1983 876 2266 930 Descendit
2282 879 2770 945 pluvia,renerunt
2787 885 3053 953 ﬂumina,
3071 887 3347 954 ﬂaverant
3361 891 3511 943 venti

1913 968 1962 1017 et
1983 965 2282 1018 irruerunt
2309 968 2373 1019 in
2396 968 2617 1022 domum
2646 972 2823 1037 illam,
2845 977 2894 1026 et
2916 989 3025 1026 non
3038 974 3363 1029 cecidit.Per
3381 968 3508 1047 plu-

1911 1051 2031 1105 vias
2061 1068 2213 1122 ergo,
2245 1052 2479 1110 blandas
2509 1055 2854 1129 voluptatum
2887 1060 3195 1129 illecebras,
3221 1070 3278 1117 et
3300 1063 3507 1120 sensim

1912 1139 2264 1197 illabentium
2315 1144 2895 1216 concupiscentiarum
2932 1150 3140 1205 imbres
3205 1152 3505 1222 signiﬁcat.

1912 1228 2129 1295 Quibus
2154 1231 2398 1303 primum
2426 1232 2583 1297 fides,
2614 1234 2773 1289 rimis
2803 1238 3121 1307 patentibus
3146 1240 3509 1311 negligentia-

1911 1320 2351 1385 rum,madescit,
2377 1326 2434 1376 et
2461 1321 2783 1378 dissolvitur
2805 1326 2958 1396 rigor
2984 1327 3131 1391 ﬁdei,
3158 1334 3216 1381 et
3240 1328 3508 1384 fortitudo

1911 1409 2062 1463 chari
2070 1408 2200 1463 tatis
2214 1411 2776 1482 corrumpitur.Unde
2796 1414 3050 1469 Iacobus:
3066 1416 3510 1473 Tentaturunus-

1912 1500 2141 1567 quisque
2169 1514 2204 1551 a
2245 1503 2683 1569 concupiscentia
2726 1518 2829 1556 sua
2878 1506 3091 1557 illectus
3124 1509 3172 1558 et
3201 1506 3509 1559 abstractus

1919 1587 2049 1653 (Jac.
2082 1601 2121 1651 ι,
2160 1585 2263 1657 14).
2307 1588 2447 1643 Cum
2479 1589 2629 1644 enim
2661 1606 2819 1645 mens
2848 1592 3031 1647 carnis
3060 1593 3508 1664 concupiscentia

1913 1674 2243 1743 inebriatur,
2276 1677 2434 1748 quasi
2453 1678 2657 1750 pluviis
2686 1697 2719 1733 a
2739 1679 2923 1750 rigore
2952 1681 3039 1736 sui
3055 1686 3236 1736 status
3254 1681 3510 1738 dissolvi-

230 1759 394 1814 verba
420 1761 587 1815 audit
622 1779 632 1814 :
682 1763 950 1818 Similabo
992 1780 1137 1829 ciunt,
1172 1762 1373 1834 inquit,
1424 1766 1545 1817 viro
1574 1742 1894 1833 sapienti,B
1916 1769 2028 1821 tur.
2064 1765 2143 1819 De
2183 1766 2385 1837 quibus
2410 1767 2656 1839 profecto
2688 1769 2907 1839 pluviis,
2942 1769 3001 1825 in
3045 1788 3285 1842 persona
3313 1788 3510 1827 eorum

233 1854 325 1918 qui
356 1852 657 1919 zdiﬁcavit
706 1853 930 1906 domum
979 1869 1139 1906 suam
1186 1869 1358 1922 supra
1394 1859 1628 1922 petram.
1669 1854 1833 1918 Quaa-

233 1938 471 1993 rendum
502 1939 698 2010 igitur,
735 1941 860 2012 quis
887 1942 960 1995 sit
986 1941 1093 1995 iste
1135 1942 1491 2007 architectus,
1534 1943 1628 2014 qui
1657 1943 1832 1997 aediﬁ-

234 2029 374 2083 cavit
400 2029 637 2083 domum
686 2046 847 2084 suam
893 2047 1065 2102 supra
1107 2036 1344 2102 petram,
1390 2031 1478 2086 cui
1534 2031 1833 2086 assimilari

232 2117 431 2172 debeat
464 2117 513 2171 is
561 2118 656 2189 qui
688 2119 849 2173 audit
879 2126 935 2173 et
972 2120 1104 2173 facit
1130 2119 1300 2174 verba
1327 2121 1672 2175 Salvatoris?
1702 2122 1829 2175 Non

230 2207 373 2261 enim
405 2208 742 2279 simpliciter
767 2209 836 2262 de
857 2208 1104 2280 quolibet
1123 2210 1338 2263 artiﬁce
1367 2209 1660 2264 domorum
1690 2210 1829 2264 acci-

229 2296 499 2367 piendum
559 2304 714 2368 puto,
776 2314 897 2369 qua:
942 2315 1086 2369 saepe
1132 2315 1302 2370 supra
1330 2305 1518 2370 petras
1546 2299 1829 2354 aediﬁcata:

229 2386 475 2458 impulsu
510 2392 803 2441 ventorum
837 2387 1448 2459 praecipitanterruunt,
1480 2388 1576 2442 sed
1605 2389 1746 2443 forte
1761 2389 1830 2444 de

226 2475 315 2529 illo
347 2476 448 2546 qui
491 2476 574 2530 ait
608 2494 619 2528 :
672 2478 734 2531 Ut
770 2480 987 2545 sapiens
1024 2479 1354 2531 architectus
1398 2479 1831 2544 fundamentum

221 2569 380 2632 posui
409 2567 468 2627 (Ι
496 2566 618 2619 Cor.
650 2579 734 2630 In,
766 2563 872 2632 10).
900 2566 1156 2637 Magnum
1186 2566 1377 2639 itaque
1408 2572 1491 2621 est
1510 2567 1831 2639 quempiam

223 2653 396 2707 Paulo
412 2654 746 2707 assimilari.
772 2656 896 2725 Ipse
925 2655 1074 2709 enim
1109 2655 1214 2709 hoc
1226 2656 1341 2724 ait;
1368 2656 1465 2711 sed
1495 2657 1543 2711 si
1561 2656 1833 2711 veraciter

220 2742 578 2814 inspicimus,
596 2744 774 2813 magis
802 2743 984 2798 adhuc
1002 2751 1088 2799 est
1107 2745 1255 2816 quod
1288 2746 1654 2817 promittitur.
1688 2745 1832 2809 Quia

1917 1855 2012 1926 qui
2040 1854 2430 1927 reprobantur,
2472 1856 2648 1911 David
2678 1858 2930 1912 minatur
2969 1858 3159 1914 dicens
3191 1878 3203 1914 :
3240 1863 3391 1916 Plui!
3419 1878 3511 1915 su-

1910 1958 2012 2013 per
2032 1951 2332 2013 peceatores
2364 1949 2583 2014 laqueos
2615 1949 2778 2014 (Psal.
2815 1961 2869 2013 Χ,
2904 1947 2977 2011 6).
3008 1948 3262 2020 Laqueos
3287 1950 3503 2021 utique,

1917 2033 2051 2106 quia
2068 2033 2454 2105 unusquisque
2475 2051 2508 2088 a
2536 2051 2640 2089 sua
2665 2036 3133 2108 concupiscentia,
3161 2038 3208 2092 si
3236 2033 3508 2110 relinqui-

1913 2127 2011 2177 tur
2033 2122 2243 2177 auxilio
2273 2122 2754 2197 Dei,illaqueatur.
2772 2126 2931 2190 Quod
2958 2126 3004 2181 si
3025 2127 3232 2181 talibus
3251 2144 3362 2182 non
3383 2127 3506 2183 fue-

1909 2212 1987 2266 rit
1998 2216 2284 2281 permotus
2296 2213 2510 2282 majora
2521 2219 2996 2269 tentamentorum
3014 2215 3249 2270 ﬁumina
3263 2216 3512 2272 relaxan-

1910 2307 2025 2367 tur,
2069 2307 2135 2355 ut
2179 2301 2461 2371 graviores
2490 2303 2810 2373 experiatur
2864 2303 3140 2359 undarum
3191 2310 3394 2372 motus,
3454 2311 3512 2361 et

1914 2390 2072 2462 quasi
2100 2395 2285 2445 tractu
2316 2391 2637 2455 ﬂuminum,
2670 2392 3055 2448 vehementius
3080 2392 3353 2449 obruatur
3382 2411 3511 2450 con-

1912 2480 2381 2551 cupiscentiarum
2410 2479 2853 2536 ﬂuctibus.Nihil
2883 2482 3162 2537 inﬁrmius
3187 2482 3247 2539 in
3275 2483 3389 2540 vita
3402 2484 3511 2539 hu-

1913 2580 2101 2627 mana,
2134 2581 2302 2635 quam
2324 2565 2419 2635 qui
2449 2581 2553 2619 sua
2578 2566 3026 2637 concupiscentia
3057 2568 3324 2624 vincitur:
3368 2570 3510 2624 nihil

1912 2651 2151 2707 validius
2177 2668 2344 2723 quam
2362 2652 2457 2723 qui
2478 2669 2581 2707 nec
2595 2669 2629 2707 a
2654 2653 2874 2708 diabolo
2891 2657 3325 2726 superatur.Sed
3346 2658 3511 2712 aliter

1911 2745 2167 2797 tentatur
2193 2757 2322 2795 vere
2352 2757 2521 2813 supra
2548 2748 2767 2814 petram
2808 2741 3091 2811 fundatus,
3134 2751 3192 2800 et
3218 2746 3384 2800 aliter
3412 2746 3508 2817 qui

221 2831 325 2885 nisi
358 2832 648 2886 Dominus
687 2832 1044 2887 aediﬁcaverit
1072 2833 1323 2901 domum,
1356 2834 1414 2887 in
1446 2851 1648 2889 vanum
1678 2834 1832 2888 labo-
1912 2846 2080 2902 super
2106 2846 2337 2886 arenam
2367 2831 2623 2886 aediﬁcat.
2660 2832 2772 2887 Iste
2815 2832 3042 2903 quidem
3079 2839 3144 2889 ut
3182 2835 3364 2901 cadat,
3414 2836 3510 2891 ille

219 2926 346 2974 rant
368 2937 578 2975 omnes
605 2920 700 2991 qui
733 2921 1011 2976 aediﬁcant
1039 2940 1182 2977 eam.
1216 2924 1429 2978 Idcirco
1471 2923 1604 2978 licet
1630 2924 1829 2977 Petrus
1911 2936 2040 2975 vero
2069 2926 2133 2975 ut
2156 2926 2454 2976 coronetur
2483 2926 2540 2975 et
2568 2926 2754 2987 382
2775 2921 2978 2976 vincat.
3001 2923 3087 2977 Ad
3117 2929 3386 2995 utrosque
3419 2930 3509 2979 ta-

213 3010 480 3075 ediﬁcet,
525 3010 655 3063 licet
704 3010 929 3077 Paulus,
971 3010 1101 3066 licet
1128 3012 1363 3083 quilibet
1388 3019 1707 3067 sanctorum
1731 3029 1829 3066 seu
1859 3076 1891 3083 ᾧ
1913 3025 2041 3064 men
2062 3010 2260 3081 pluviae
2279 3009 2812 3065 oblectamentorum
2835 3010 3513 3077 descendunt,etﬂumina

213 3097 545 3163 doctorum,
566 3099 795 3154 Chistus
816 3107 901 3155 est
921 3076 1007 3154 ivir
1024 3076 1246 3171 sapiens
1276 3101 1371 3172 qui
1393 3102 1630 3156 aediﬁcat
1663 3121 1675 3170 ;
1718 3118 1828 3156 non
1849 3076 1895 3140 θ
1912 3076 2135 3170 prolis—tae
2162 3099 2492 3155 tentationis
2518 3100 2861 3154 inundanter
2887 3101 3136 3155 veniunt.
3164 3076 3273 3157 Sed
3302 3103 3358 3156 hi
3386 3119 3509 3158 cor-

213 3201 596 3259 quascunque
623 3189 839 3254 domos,
874 3189 971 3243 sed
1015 3206 1185 3244 unam
1227 3191 1508 3245 cmlestem
1552 3191 1610 3246 in
1655 3191 1826 3258 cmlis,
1912 3193 2103 3255 ruunt;
2129 3188 2187 3243 hi
2214 3205 2365 3256 vero,
2395 3188 2452 3243 in
2495 3189 2698 3261 quibus
2729 3189 2984 3244 Christus
3015 3207 3078 3244 ex
3104 3207 3225 3245 sese
3249 3192 3505 3259 aediﬁcat,

209 3293 380 3349 supra
436 3295 529 3343 se,
573 3278 668 3349 qui
716 3284 864 3332 recte
896 3284 1055 3349 petra
1106 3285 1192 3333 est
1239 3280 1571 3351 appellatus,
1628 3280 1834 3335 funda-
1913 3277 2142 3332 stabiles
2164 3284 2515 3349 permanent,
2551 3284 2607 3333 et
2629 3295 2769 3350 opus
2797 3295 2992 3333 eorum
3021 3278 3081 3333 in
3108 3280 3260 3334 caelis
3289 3297 3511 3353 semper

208 3373 403 3421 mento
438 3367 582 3421 fidei
632 3368 977 3424 collocatam.
1017 3368 1177 3423 Unde
1207 3368 1265 3423 in
1295 3370 1399 3424 hoc
1428 3370 1624 3424 eodem
1658 3370 1831 3425 Evan-
1911 3366 2318 3422 constabilitur.
2350 3367 2508 3423 Unde
2549 3368 2853 3439 propheta:
2882 3369 3149 3423 Dominus
3173 3373 3233 3423 in
3266 3373 3510 3441 turbine,

203 3456 352 3523 gelio
383 3457 575 3511 Petro
610 3455 853 3510 dicitur:
903 3458 982 3511 Tu
1015 3474 1068 3511 es
1112 3461 1326 3525 Petrus,
1378 3464 1430 3512 et
1480 3474 1648 3528 super
1690 3460 1832 3513 hanc
1912 3460 1961 3510 et
1992 3459 2053 3509 in
2084 3461 2388 3525 tempestate
2410 3456 2934 3525 v2‘m‘llius(!\’ahum
2955 3473 2989 3521 ι,
3023 3455 3247 3527 3).Quia
3262 3458 3509 3530 profecto

195 3550 429 3612 petram
460 3546 748 3611 aediﬁcabo
778 3546 1073 3600 Ecclesium
1106 3564 1285 3600 meam
1312 3547 1523 3619 (illatth.
1571 3560 1681 3614 va,
1725 3546 1827 3616 18),
1914 3549 2107 3599 contra
2156 3561 2250 3599 eos
2299 3544 2395 3616 qui
2437 3544 2495 3597 in
2526 3543 2749 3599 Christo
2777 3545 3195 3600 coaediﬁcantur
3222 3548 3418 3602 saevior
3445 3564 3511 3603 ac

200 3631 253 3686 id
283 3642 376 3689 est
403 3654 419 3688 :
460 3636 525 3689 A
561 3651 671 3704 qua
702 3639 763 3688 tu
796 3635 995 3690 Petrus
1023 3637 1243 3690 sortiris
1270 3652 1496 3702 nomen,
1520 3651 1621 3708 pro
1651 3636 1830 3690 ﬁrmi-
1910 3633 2212 3688 vehemens
2238 3633 2481 3705 procella
2507 3632 2679 3687 saevit.
2714 3632 2818 3687 Ubi
2860 3634 2990 3687 licet
3018 3634 3236 3688 minora
3264 3635 3509 3690 oblecta-

199 3726 316 3775 tate
354 3722 535 3787 ﬁdei,
568 3739 740 3793 supra
769 3723 945 3794 ipsam
978 3724 1345 3795 eamdemque
1388 3731 1604 3796 petram
1654 3723 1830 3777 aediﬁ-
1914 3728 2107 3777 menta
2131 3722 2393 3776 vitiorum
2425 3722 2664 3792 pulsent,
2702 3721 2936 3776 ﬁumina
2966 3722 3273 3777 elationum
3305 3724 3390 3777 vel
3418 3740 3510 3779 su-

200 3812 338 3865 cabo
370 3811 768 3866 fundamento
820 3812 949 3867 ﬁdei
980 3813 1300 3878 Eoclesiam,
1348 3830 1469 3885 quas
1517 3820 1604 3867 est
1632 3813 1831 3867 domus
1913 3810 2118 3883 perbiae
2148 3811 2347 3877 fluant,
2380 3810 2583 3864 deinde
2610 3809 2865 3864 diabolus
2893 3826 3089 3864 omnes
3110 3816 3303 3865 ventos
3334 3817 3514 3867 tenta-

200 3898 296 3953 Dei
336 3901 458 3955 vivi
549 3906 871 3955 constructa
900 3902 957 3956 in
987 3902 1303 3957 caelestibus
1336 3903 1613 3973 lapidibus
1643 3908 1817 3971 39'
1913 3901 2131 3956 tionum
2164 3899 2523 3954 circumcirca
2552 3898 2752 3952 fortius
2784 3904 2985 3964 movet,
3014 3904 3089 3963 et,
3118 3898 3163 3952 si
3195 3898 3510 3956 inconcussi

194 3991 496 4058 pretiosis.
548 3990 652 4045 Ubi
694 3990 882 4044 nullus
924 3992 1312 4046 haereticorum
1345 3992 1604 4057 aediﬁcat,
1645 3992 1833 4047 nullus
1916 3991 2099 4045 adhuc
2125 3986 2792 4055 stamus,satistimendus
2815 3992 2900 4041 est
2919 3987 3189 4041 Dominus
3207 3987 3263 4042 in
3285 3989 3510 4045 turbine

198 4077 539 4148 hypocrita,
572 4079 764 4133 nullus
792 4085 1144 4135 terrenarum
1172 4081 1832 4145 thesaurizatorum,nul-
1914 4085 2208 4134 ventorum
2240 4084 2299 4133 et
2324 4079 2382 4131 in
2406 4081 2760 4148 tempestate,
2790 4091 2860 4130 ne
2890 4076 3030 4130 forte
3058 4092 3160 4130 nos
3189 4076 3513 4133 imbecillio-

194 4166 281 4222 lus
330 4170 631 4223 vitiorum
675 4175 936 4236 sectator,
980 4170 1078 4226 sed
1123 4172 1226 4224 soli
1267 4170 1361 4242 qui
1410 4170 1648 4226 audiunt
1684 4168 1830 4241 quod
1916 4184 2007 4225 res
2036 4168 2303 4223 inveniat.
2336 4166 2737 4221 Verumtamen
2760 4165 2902 4219 ﬁxos
2923 4182 3044 4219 esse
3064 4172 3511 4238 oportet,quam-

192 4255 409 4325 docuit,
470 4264 542 4312 et
584 4256 798 4313 faciunt
849 4264 913 4313 ut
978 4259 1186 4318 docuit.
1232 4260 1301 4313 Hi
1347 4259 1616 4314 nimirum
1662 4259 1832 4314 aediﬁ-
1912 4258 1994 4312 vis
2021 4257 2202 4312 tribus
2229 4256 2351 4311 istis
2377 4256 2678 4326 generibus
2706 4260 2902 4309 contra
2930 4270 3031 4308 nos
3060 4256 3269 4321 saeviat,
3295 4262 3353 4310 et
3382 4273 3508 4312 om-

188 4354 323 4402 cant
354 4349 590 4402 domos
641 4364 772 4403 suas
793 4365 964 4420 supra
993 4355 1230 4420 petram.
1263 4349 1423 4415 Quia,
1460 4350 1588 4405 licet
1615 4366 1729 4404 una
1759 4348 2009 4420 sitnnia
2037 4352 2513 4402 tentamentorum
2542 4360 2751 4415 genera
2806 4343 2864 4398 in
2905 4343 2990 4397 his
3019 4345 3315 4416 expendat,
3361 4345 3511 4417 quod

188 4435 400 4491 domus
431 4453 629 4509 quam
668 4437 730 4492 in
768 4454 827 4491 se
856 4437 1111 4493 Christus
1140 4438 1394 4505 aediﬁcat,
1425 4438 1631 4509 singuli
1661 4426 1898 4510 supra”
1915 4436 2055 4492 nihil
2084 4436 2260 4508 possit
2285 4441 2481 4491 contra
2506 4433 2740 4497 nos,nisi
2769 4448 2939 4504 super
2968 4449 3199 4487 arenam
3225 4434 3508 4489 nosaadiﬁ~

184 4523 664 4581 fundamentum
687 4526 796 4580 ﬁde
813 4526 1160 4582 coa‘diﬁcant
1185 4544 1416 4583 suorum
1445 4527 1832 4583 merita.Unde
1914 4544 2068 4582 casse
2096 4525 2362 4580 inveniat.
2397 4524 2613 4595 Quippe
2633 4521 2813 4576 tribus
2837 4521 3310 4577 hostisarmorum
3338 4540 3505 4594 gene-

186 4615 360 4670 alibi:
411 4619 495 4672 In
566 4616 729 4669 domo
757 4618 940 4670 Patris
972 4619 1082 4671 mei
1126 4620 1439 4671 mansiones
1487 4622 1674 4671 multa
1700 4621 1832 4670 sunt
1913 4615 2068 4670 ribus
2097 4630 2320 4685 semper
2354 4611 2608 4666 diabolus
2631 4615 2879 4682 pugnat;
2907 4610 3091 4664 carnis
3106 4611 3363 4666 videlicet
3381 4629 3510 4667 cons

185 4703 370 4779 (lacn.
418 4719 560 4769 xxv,
596 4702 688 4771 ‘2);
737 4721 876 4775 quas
915 4705 1011 4778 qui
1057 4705 1354 4771 aediﬁcant,
1398 4705 1829 4760 coaediﬁcatores
1913 4704 2271 4776 cupiscentiis
2298 4708 2397 4756 aut
2434 4699 2800 4755 exterioribus
2844 4699 3042 4754 mundi
3082 4699 3508 4757 oblectamentis

185 4793 404 4851 Christi
460 4798 643 4858 sunt,
699 4793 795 4864 qui
823 4811 950 4848 cum
979 4795 1079 4856 eis,
1110 4795 1259 4866 ipsas
1290 4795 1565 4862 aediﬁcat;
1602 4801 1659 4849 et
1705 4795 1829 4849 ideo
1912 4799 2082 4865 atque
2106 4790 2512 4847 favoribus.aut
2539 4805 2640 4861 per
2662 4788 3061 4860 seipsum,cum
3083 4789 3368 4844 universos
3383 4789 3509 4845 hinc

179 4882 310 4953 jure
340 4885 432 4940 illi
458 4883 896 4939 assimilantur.
926 4883 1070 4948 Quia
1099 4883 1192 4937 ubi
1218 4884 1328 4950 ille,
1361 4890 1418 4938 et
1446 4884 1563 4951 illi;
1597 4890 1654 4938 et
1682 4884 1833 4955 quod
1915 4883 2046 4938 inde
2078 4886 2268 4936 ventos
2311 4878 2714 4951 impulsionum
2758 4877 3045 4943 laxaverit,
3066 4893 3264 4961 eorum
3298 4878 3367 4932 ad
3399 4879 3512 4933 rui-

184 4972 297 5040 ille,
354 4975 479 5029 hoc
527 4978 604 5027 et
645 4971 753 5043 ipsi
785 4972 1048 5044 operibus
1078 4973 1312 5044 erigere,
1346 4978 1404 5027 et
1432 4973 1661 5028 domum
1706 4989 1833 5028 con-
1915 4988 2045 5027 nam
2077 4987 2215 5043 quos
2244 4985 2414 5040 super
2442 4983 2671 5022 arenam
2724 4965 3029 5021 aediﬁcasse
3071 4966 3348 5022 invenerit
3399 4968 3508 5023 Sed

185 5067 411 5120 struere
455 5067 773 5131 satagunt.
808 5063 925 5116 Hoc
952 5063 1154 5135 quippe
1180 5068 1267 5117 est
1288 5061 1457 5117 verba
1484 5063 1606 5133 ejus
1636 5062 1831 5117 audire
1913 5067 2103 5118 tamen
2135 5076 2235 5114 cur
2257 5059 2363 5113 iste
2393 5056 2628 5128 quilibet
2656 5054 2740 5109 vir
2767 5071 2880 5109 non
2903 5054 3183 5135 ceciderit,
3218 5056 3510 5112 manifeste

186 5160 241 5206 et
268 5172 336 5208 ea
367 5155 619 5217 facere,
653 5151 879 5206 domum
910 5152 1061 5207 illam
1100 5152 1159 5207 in
1188 5151 1504 5207 coelestibus
1532 5151 1823 5207 fabricare.
1912 5149 2159 5205 ostendit
2180 5148 2402 5203 dicens:
2430 5147 2714 5200 Fundatus
2734 5147 2887 5198 enim
2918 5149 3037 5198 erat
3065 5161 3237 5214 supra
3260 5151 3503 5214 petram.

188 5241 361 5315 Cujus
393 5242 709 5299 nimirum
751 5240 1176 5296 fundamentum
1208 5241 1345 5295 ﬁdes
1374 5241 1581 5295 Christi
1614 5247 1716 5306 est,
1734 5257 1828 5294 ca-
1910 5239 2175 5310 Alioquin
2206 5237 2315 5292 nisi
2340 5251 2509 5307 super
2536 5251 2660 5289 eam
2684 5232 2949 5288 fundatus
2973 5240 3137 5299 esset,
3155 5235 3379 5305 penitus
3416 5252 3507 5290 ce-

190 5348 389 5389 cumen
421 5348 607 5395 vero,
629 5346 756 5400 spes
775 5337 929 5385 certa
952 5331 1284 5397 sustollitur,
1317 5347 1585 5402 compago
1607 5347 1828 5402 quoque
1911 5326 2333 5387 cidisset.Unde
2361 5325 2529 5379 datur
2553 5321 2810 5393 intelligi,
2834 5322 3152 5394 quicunque
3170 5330 3345 5379 ruunt
3359 5325 3509 5396 quod

185 5421 623 5492 iuncturarum
653 5417 893 5473 Charitas
916 5420 1830 5492 coaptatur,columnaeveroipsius
1916 5434 2032 5474 non
2080 5417 2139 5471 in
2178 5415 2400 5471 Christo
2430 5413 2813 5469 aediﬁcantur:
2867 5411 3184 5484 quicunque
3223 5429 3352 5468 vero
3384 5420 3507 5484 per-

194 5512 333 5568 dono
358 5507 611 5569 ~Eiancti
673 5507 899 5579 spiritus
933 5510 1247 5580 eriguntur.
1311 5509 1524 5574 Quibus
1565 5510 1835 5564 nimirum
1917 5506 2365 5571 manserint,non
2396 5504 2508 5559 illis
2536 5502 2633 5557 sed
2652 5501 2782 5556 ﬁdei
2810 5500 3068 5555 ﬁrmitati
3100 5509 3418 5572 pnas-tatur,
3450 5506 3508 5559 et

196 5609 415 5676 septem
465 5602 784 5659 donorum
825 5599 1118 5669 columnis,
1166 5605 1289 5656 tota
1315 5599 1516 5656 domus
1552 5599 1832 5668 innititur,
1916 5597 2050 5655 ﬁdei
2092 5595 2272 5651 virtus
2298 5592 2357 5649 in
2400 5593 2482 5649 eis
2522 5607 2557 5646 a
2592 5590 2815 5647 Christo
2842 5588 3240 5646 consolidatur.
3273 5590 3509 5664 EXpleta

483 5701 783 5760 Panos"
814 5694 992 5760 CXX.
3194 5687 3268 5750 u
