3918 6176
476 274 574 333 331

1261 274 1318 330 S.
1362 275 1740 333 PASCHASII
1782 276 2146 334 RADBERTI
2184 278 2487 334 ABBATIS
2527 274 3025 333 CORBEIENSIS.

3579 274 3663 333 332

474 400 649 473 igitur
669 399 1077 455 adhortationis
1091 398 1416 471 paradigma
1430 402 1947 471 deterrentiszouod
1966 406 2141 465 om-A
2159 408 2451 459 moveatur
2478 408 2755 474 quatenus
2786 400 3016 472 incipiat
3044 398 3278 466 credere,
3324 404 3375 454 et
3409 399 3468 453 de
3492 398 3570 453 illo
3598 401 3668 454 cui

476 493 564 545 nis
582 493 682 559 qui
700 492 929 557 wdz‘ﬁcat
950 505 1112 558 super
1130 506 1381 554 arenam,
1416 507 1572 544 versa
1602 492 1904 555 vice,stulto
1928 511 2070 548 com-

468 581 774 651 parabitur
785 578 1274 647 architecto,cujus
1294 582 1576 633 structura
1586 581 1795 636 nullius
1809 582 2074 637 innititur

476 669 833 723 firmamento
861 667 1101 721 virtutis.
1155 668 1299 720 Nam
1324 667 1457 721 vitia
1478 686 1700 741 semper
1728 670 1903 726 ﬂuida
1932 679 2076 728 sunt

477 763 536 813 et
565 759 717 814 velut
751 774 923 812 arena
944 755 1315 810 collabuntur.
1346 757 1533 812 Arena
1563 758 1766 831 quippe
1781 777 2071 832 nunquam

476 848 703 903 solidari
751 852 851 900 aut
891 846 1154 915 conjungi
1185 845 1255 899 ad
1300 844 1538 902 invicem
1568 853 1786 920 potest;
1849 867 2071 923 semper

475 933 669 990 bibens
694 950 885 1005 aquas,
919 939 976 986 et
999 949 1289 1003 nunquam
1319 933 1388 988 ab
1432 935 1695 991 ariditate
1735 938 2069 1009 quantisper

476 1025 824 1079 mollescens.
859 1022 950 1077 Sic
979 1021 1058 1075 sic
1084 1022 1277 1093 itaque
1308 1022 1650 1079 desiderium
1682 1030 1737 1079 et
1784 1028 2072 1099 concupis-

473 1112 659 1167 centia
674 1112 940 1166 vitiorum
964 1127 1255 1182 nunquam
1293 1112 1548 1184 expletur
1578 1114 1730 1169 fluxu
1752 1117 2073 1188 voluptatis,

474 1206 732 1256 ettamen
760 1216 982 1272 semper
1010 1200 1273 1254 ariditate
1302 1201 1437 1255 mali
1467 1202 1684 1258 ardoris
1714 1203 1833 1259 sine
1853 1207 2079 1261 satieta.

472 1296 529 1346 te
568 1290 912 1345 conduratur
936 1309 949 1356 ;
970 1305 1154 1359 neque
1180 1290 1633 1359 conjunctionem
1665 1294 1866 1365 recipit
1888 1295 2079 1350 chari-

472 1380 624 1447 tatis,
666 1384 731 1434 ut
760 1378 1102 1434 soliditatem
1140 1378 1319 1449 possit
1340 1378 1546 1435 habere
1576 1398 1702 1436 cum
1732 1384 1949 1438 venerit
1971 1402 2074 1440 aes-

468 1475 584 1537 tus,
620 1468 719 1523 sed
748 1473 1017 1538 tanquam
1049 1467 1247 1538 pulvis,
1282 1484 1446 1539 quem
1465 1471 1690 1541 projicit
1715 1478 1911 1527 ventus
1939 1490 1974 1528 a
1992 1474 2076 1529 fa-

473 1559 557 1614 cie
585 1563 769 1624 terrm,
794 1559 902 1612 huc
936 1557 1179 1627 illucque
1192 1555 1624 1628 impulsionibus
1651 1566 1925 1632 raptatur:
1951 1581 2076 1635 pro-

475 1647 620 1703 fecto
650 1646 783 1718 quia
813 1644 1175 1737 nonspiritu,
1218 1644 1315 1699 sed
1356 1645 1416 1700 in
1458 1663 1624 1702 carne
1652 1656 2137 1737 propagantur.B

472 1736 619 1792 Hinc
640 1753 773 1807 ergo
795 1736 866 1790 ad
885 1734 1170 1789 Abraham
1193 1733 1448 1789 remissio
1466 1737 1693 1807 generis
1717 1737 2035 1809 duplicatur
2058 1759 2068 1794 :

472 1829 664 1894 383
686 1826 830 1890 Erit,
855 1824 1058 1896 inquit,
1078 1841 1265 1881 semen
1294 1831 1455 1882 tuum
1482 1830 1626 1881 sicut
1662 1831 1829 1882 stella:
1858 1832 1993 1891 caeli,
2022 1834 2074 1883 et

468 1920 612 1970 sicut
623 1930 800 1969 arena
810 1918 1014 1984 quaeest
1031 1916 1094 1968 in
1109 1917 1297 1969 littore
1312 1918 1489 1970 maris
1504 1916 1613 1970 Per
1626 1932 1856 1971 arenam
1869 1918 2074 1989 quippe

469 2004 711 2059 camelis
740 2020 987 2076 propago
1016 2002 1722 2074 designatur,infidelitatis
1742 2006 1874 2060 vitio
1890 2012 1947 2061 et
1966 2007 2074 2061 ari-

467 2094 644 2148 ditate
669 2093 910 2149 carnalis
936 2092 1201 2148 desiderii
1228 2110 1263 2147 a
1293 2094 1515 2149 Christo
1546 2094 1879 2163 dissociata;
1904 2113 2073 2167 super

468 2197 591 2253 quae
621 2181 717 2254 qui
744 2181 1002 2244 aedificat,
1036 2180 1447 2253 qualiacunque
1468 2182 1583 2235 sint
1614 2200 1735 2253 qua:
1777 2185 1912 2254 agit,
1958 2202 2072 2240 non

465 2269 688 2326 culmen
719 2269 1140 2337 erectionis,sed
1170 2270 1393 2324 ruinam
1415 2270 1742 2341 dejectionis
1763 2279 2065 2344 exspectat.

464 2359 571 2416 Ubi
601 2360 770 2414 simul
781 2358 1011 2429 gentilis
1038 2359 1219 2412 adhuc
1238 2358 1296 2412 in
1313 2376 1498 2425 carne,
1517 2377 1734 2415 necnon
1754 2367 1812 2416 et
1834 2363 2063 2419 Judzeus

2157 493 2297 548 nihil
2318 491 2680 564 impossibile,
2707 495 2810 555 est,
2836 490 2892 543 in
2911 490 3064 544 nullo
3084 488 3345 543 dubitare.
3372 489 3673 542 Consumma-

2156 583 2234 638 tio
2266 583 2439 653 igitur
2465 580 2740 636 sermonis
2764 579 3055 651 plenitudo
3082 584 3137 631 et
3152 577 3422 648 integritas
3450 576 3673 648 intelliga-

2156 678 2251 727 tur
2288 671 2693 735 doctrinarum,
2745 669 2879 740 quia
2914 668 3056 722 nihil
3107 665 3509 739 imperfectionis
3541 664 3677 719 habet

2156 778 2340 817 sermo
2364 760 2595 816 Christi.
2624 758 2784 814 Unde
2812 764 2901 812 et:

2232 852 2421 906 Turba
2452 849 2910 916 adnu’rabantur,
2954 863 3010 901 eo
3054 847 3195 916 quod
3222 850 3341 899 esset
3362 846 3528 900 docens
3551 844 3678 914 quasi

2148 944 2461 1010 potestatem
2474 939 2747 1001 habens,et
2772 953 2881 991 non
2906 938 3050 990 sicut
3070 937 3253 989 scribae
3274 938 3320 987 et
3329 935 3577 1003 pharisaei.
3592 930 3677 985 Po-

2156 1034 2331 1084 testas
2360 1044 2492 1099 ergo
2523 1043 2633 1082 non
2663 1026 2720 1079 in
2758 1024 3141 1080 dominatione
3181 1022 3479 1086 exactionis,
3505 1019 3588 1076 sed
3634 1019 3681 1074 in

2158 1118 2413 1173 doctrina
2432 1120 2768 1182 (πείθεις
2789 1113 3090 1169 ostendens
3100 1129 3159 1168 se
3178 1112 3459 1167 Dominum
3477 1108 3594 1179 legis
3608 1107 3683 1178 qui

2160 1212 2217 1262 et
2244 1224 2310 1263 ea
2340 1223 2463 1278 quae
2509 1205 2744 1259 deerant
2783 1202 3115 1275 potestative
3146 1201 3226 1256 illi
3252 1200 3321 1255 ad
3347 1198 3682 1272 perfectionem

2160 1295 2420 1362 addebat,
2451 1300 2509 1349 et
2536 1310 2659 1365 quae
2684 1292 2897 1348 umbra:
2914 1292 3156 1358 fuerant,
3187 1290 3306 1344 luce
3331 1287 3556 1343 veritatis
3571 1301 3687 1339 rese-

2156 1390 2299 1449 rata,
2321 1380 2920 1438 submovebat.Deinde
2936 1381 3182 1435 indidem
3203 1384 3572 1451 praeceptorum
3589 1391 3685 1446 qua:

2156 1474 2226 1528 ad
2255 1472 2485 1544 agendae
2511 1471 2637 1527 vita:
2666 1471 3062 1543 perfectionem
3077 1470 3276 1536 fuerat,
3297 1467 3449 1523 verbo
3472 1471 3523 1519 et
3543 1479 3688 1519 exem-

2155 1564 2263 1635 plis
2290 1560 2752 1617 confirmabat.ln
2780 1559 3040 1615 omnibus
3058 1577 3119 1614 se
3136 1558 3426 1614 Dominum
3449 1552 3686 1617 exhibens,

2156 1669 2286 1718 non,
2320 1651 2465 1706 sicut
2487 1650 2747 1723 pharisaei
2776 1667 2841 1704 ac
2867 1648 3082 1716 scribae,
3112 1646 3484 1720 superstitiosa
3507 1644 3689 1705 docens,

2156 1742 2253 1797 sed
2274 1757 2396 1813 quae
2426 1740 2622 1795 salutis
2643 1744 2807 1794 erant
2834 1744 3288 1811 praemonstrans.
3320 1735 3402 1791 Illi
3432 1731 3689 1805 quidemea

2156 1847 2280 1901 quae
2307 1829 2489 1884 verbis
2525 1828 2816 1895 docebant,
2842 1827 3104 1900 operibus
3133 1823 3487 1898 impossibilia
3502 1821 3692 1875 demon-

2155 1920 2447 1986 strabant;
2490 1919 2598 1974 iste
2633 1935 2783 1985 vero,
2817 1917 3152 1990 perfectiora
3179 1916 3394 1980 docens,
3427 1909 3593 1968 omnia
3612 1905 3693 1961 vir-

2156 2014 2277 2064 tute
2309 2015 2365 2064 et
2399 2007 2662 2080 operibus
2690 2007 2969 2062 ﬁrmabat.
2996 2008 3173 2078 Cujus
3201 2005 3459 2060 nimirum
3484 1997 3693 2055 doctrina

2154 2098 2539 2153 testimonium
2572 2096 2783 2152 habens
2812 2114 2845 2151 a
2873 2097 2995 2167 lege
3024 2102 3081 2151 et
3110 2093 3411 2168 prophetis,
3453 2090 3694 2161 signorum

2155 2189 2325 2243 etiam
2355 2187 2654 2242 virtutibus
2682 2185 3203 2241 commendabatur.
3218 2185 3342 2239 Non
3366 2181 3505 2237 enim
3525 2174 3694 2233 doctri-

2150 2294 2282 2332 nam
2310 2276 2449 2346 legis
2483 2293 2651 2348 quam
2683 2275 3022 2348 praedicabat
3056 2275 3115 2329 in
3146 2271 3458 2347 synagogis,
3485 2286 3517 2323 a
3539 2262 3697 2321 scribis

2150 2373 2207 2422 et
2235 2366 2576 2438 legisperitis
2628 2366 2921 2430 didicerat,
2965 2365 3062 2420 sed
3087 2362 3462 2419 famulabatur
3486 2357 3549 2423 ei,
3578 2370 3633 2409 ac
3660 2350 3697 2406 si

464 2449 704 2504 aedificat
731 2448 852 2503 sine
882 2447 1104 2503 Christo
1131 2466 1142 2501 :
1188 2448 1485 2504 haereticus
1515 2450 1573 2503 in
1604 2450 1712 2505 fide
1739 2451 2059 2520 damnatus,
2147 2457 2351 2511 ancilla
2367 2456 2490 2527 ipsa
2508 2454 2828 2525 eloquentia
2845 2453 3143 2509 verborum
3161 2459 3219 2508 et
3237 2466 3423 2507 rerum
3444 2442 3699 2503 sententia-

462 2538 757 2611 hypocrita
784 2553 1006 2609 quoque
1026 2537 1385 2593 simulatione
1413 2539 1698 2610 deceptus,
1718 2540 1891 2596 falsus
1908 2543 2064 2597 Chri-
2149 2563 2277 2600 rum
2309 2544 2618 2601 affluentia.
2656 2545 2742 2599 Ita
2773 2550 2838 2598 ut
2874 2542 3171 2598 manifeste
3199 2542 3330 2596 hinc
3356 2538 3479 2593 inde
3508 2535 3698 2589 daretur

463 2627 681 2684 stianus
708 2626 970 2682 vitiorum
1000 2626 1217 2697 laqueis
1246 2627 1548 2695 involutus,
1591 2646 1785 2684 omnes
1816 2630 1912 2684 isti
1949 2648 2063 2687 non
2146 2634 2385 2705 intelligi
2416 2634 2564 2705 quod
2595 2633 2714 2705 ipse
2743 2632 2887 2687 foret
2913 2633 3102 2703 legum
3124 2632 3291 2696 lator,
3314 2628 3467 2699 cujus
3492 2625 3699 2697 potestas

462 2735 635 2791 supra
660 2723 879 2791 petram
911 2717 1009 2772 sed
1041 2735 1211 2789 super
1256 2734 1486 2773 arenam
1515 2719 1812 2783 aedificant,
1837 2726 1894 2773 et
1934 2720 2061 2774 ideo
2147 2729 2203 2778 et
2246 2723 2422 2778 virtus
2469 2724 2529 2777 in
2577 2721 2836 2777 omnibus
2874 2722 3217 2793 patescebat.
3260 2720 3457 2774 Fertur
3493 2723 3700 2780 namque

461 2807 866 2880 disperguntur
886 2822 919 2861 a
948 2806 1191 2861 Christo.
1225 2807 1474 2871 Quorum
1498 2807 1661 2862 ruina
1676 2813 1833 2862 tanto
1854 2809 1916 2861 fit
1946 2825 2063 2863 ma—
2145 2813 2293 2883 quod
2324 2812 2495 2866 etiam
2527 2812 2586 2866 in
2620 2813 2777 2866 vultu
2803 2812 2924 2882 ejus
2946 2811 3131 2882 gratia
3162 2800 3703 2883 quantociusresplen-

457 2899 786 2969 jor,quanto
814 2895 984 2949 altius
1000 2911 1169 2966 super
1189 2911 1417 2949 arenam
1443 2896 1746 2951 aedificasse
1768 2897 2064 2951 inveniun-
2145 2899 2425 2967 descebat,
2462 2901 2541 2954 ita
2570 2906 2633 2954 ut
2660 2900 2791 2955 hinc
2820 2899 2948 2955 inde
2977 2905 3198 2954 mentes
3228 2898 3472 2953 afficeret
3509 2888 3701 2946 audito-

458 2991 573 3039 tur.
605 2984 858 3038 Profecto
904 2982 1037 3054 quia
1072 2983 1140 3037 de
1188 2983 1275 3037 his
1304 2982 1440 3037 dicit
1470 2984 1565 3054 qui
1597 2984 1836 3040 audiunt
1892 2985 2059 3040 verba
2079 3010 2122 3071 ρ
2145 2990 2405 3044 rum.Sed
2429 2989 2560 3042 hinc
2588 2989 2768 3060 magis
2786 2994 3015 3061 pr0pter
3032 2989 3348 3044 doctrinam
3371 2974 3703 3040 dicunturad-

458 3074 597 3139 haec,
625 3077 682 3127 et
707 3089 819 3126 non
845 3072 1059 3125 faciunt
1093 3088 1178 3126 ea.
1229 3071 1482 3126 Audiunt
1516 3072 1741 3143 quidem
1769 3090 1905 3128 aure
1948 3092 2065 3129 car-
2092 3068 2121 3071 ⁷⁷
2145 3078 2334 3133 mirati
2361 3099 2373 3142 ;
2408 3095 2578 3149 quam
2613 3094 2747 3132 sane
2777 3078 3087 3132 doctrinam
3131 3078 3348 3150 jugiter
3393 3068 3703 3128 intendentes

458 3162 567 3228 nis,
592 3167 649 3216 et
677 3178 788 3215 non
812 3177 949 3215 aure
970 3160 1193 3215 mentis.
1237 3160 1492 3215 Audiunt
1521 3161 1710 3233 itaque
1732 3168 1797 3217 ut
1824 3179 2055 3219 excusa-
2143 3182 2258 3221 non
2289 3166 2633 3222 admiremur
2662 3183 2790 3221 cum
2815 3165 3016 3231 turbis,
3041 3167 3139 3220 sed
3159 3179 3455 3238 operemur
3473 3168 3706 3226 cumapo-

458 3252 675 3308 tionem
704 3266 818 3305 non
847 3248 1115 3319 habeant,
1138 3254 1194 3304 et
1218 3265 1331 3303 non
1352 3255 1417 3303 ut
1443 3267 1582 3322 opus
1596 3251 1724 3306 fidei
1746 3253 2059 3323 perficiant;
2145 3255 2324 3323 stolis,
2360 3261 2638 3327 quatenus
2677 3261 2803 3327 post
2878 3256 3049 3310 ﬁnem
3098 3255 3232 3310 vitae
3259 3263 3578 3310 coronemur
3601 3258 3705 3299 cum

457 3339 683 3408 idcirco,
710 3346 776 3395 ut
803 3339 862 3394 in
893 3339 1005 3393 fine
1033 3338 1404 3405 concluditur,
1430 3340 1495 3394 fit
1524 3340 1690 3395 ruina
1711 3358 1908 3396 eorum
1939 3359 2060 3396 ma¢
2142 3345 2413 3417 ipsis.Sed
2434 3362 2604 3417 quam
2645 3344 2892 3400 infelices
2923 3350 3057 3399 sunt
3082 3344 3343 3400 carnales
3379 3341 3551 3397 adhuc
3569 3331 3708 3390 hodie

456 3446 589 3502 gna,
623 3428 720 3502 qui
743 3429 881 3484 talia
908 3428 1118 3484 Christi
1147 3429 1425 3484 salutaria
1452 3430 1669 3485 monita
1699 3438 2054 3505 contempse-
2140 3434 2202 3490 in
2236 3435 2496 3501 Ecclesia,
2524 3435 2617 3508 qui
2651 3451 2753 3489 nec
2782 3434 3140 3489 admirantur
3160 3451 3287 3490 cum
3323 3430 3461 3497 istis,
3490 3444 3551 3483 eo
3585 3418 3709 3497 quod

456 3526 612 3576 runt.

526 3610 596 3665 Et
621 3610 832 3678 factum
851 3612 927 3664 est
950 3624 1073 3664 cum
1104 3612 1530 3663 consummasset
1546 3611 1700 3664 Jesus
1727 3613 1890 3665 verba
1921 3612 2050 3676 haec,

456 3699 894 3755 admirabantur
924 3699 1098 3753 turbae
1120 3713 1285 3767 super
1310 3698 1625 3753 doctrinam
1645 3699 2057 3768 ejus.Quzenam

455 3787 637 3845 turba:
682 3789 899 3843 miratae
937 3787 1222 3854 dicuntur,
1255 3803 1384 3842 cum
1410 3788 1667 3861 superius
1695 3789 1766 3843 ad
1796 3806 1927 3845 eum
1952 3790 2056 3844 soli

456 3878 719 3951 discipuli
737 3878 999 3949 legantur
1017 3877 1412 3933 accessisse?N
1416 3877 1484 3932 isi
1503 3878 1637 3950 quia
1655 3884 1755 3933 aut
1773 3877 1940 3934 turba
1966 3878 2056 3933 di-

459 3970 822 4042 scipulorum,
875 3986 941 4024 ex
969 3968 1172 4041 quibus
1211 3968 1505 4024 duodecim
1552 3970 1819 4040 elegerat,
1853 3969 2061 4024 dicitur

459 4059 756 4127 admirata,
809 4075 966 4130 quos,
1008 4063 1346 4129 pernoctans
1390 4058 1450 4113 in
1479 4060 1755 4127 oratione,
1785 4075 1913 4113 cum
1938 4058 2058 4114 dies

460 4148 642 4205 factus
682 4154 831 4204 esset
858 4148 1225 4215 accersierat;
1278 4153 1377 4201 aut
1404 4153 1554 4202 certe
1584 4165 1711 4204 cum
1743 4148 2058 4203 descendis-

459 4243 565 4306 set,
598 4238 907 4294 secundum
921 4237 1149 4301 Lucam,
1174 4241 1232 4290 et
1245 4235 1492 4291 stetisset
1514 4236 1573 4291 in
1592 4237 1711 4291 loco
1737 4237 2059 4310 campestri,

2137 3540 2251 3579 non
2274 3530 2477 3580 curant
2501 3524 2815 3594 intelligere
2846 3540 2969 3595 quae
3018 3523 3320 3584 dicuntur;
3371 3535 3473 3576 nec
3509 3512 3710 3571 credunt

2138 3629 2265 3668 cum
2294 3613 2573 3681 fidelibus,
2605 3618 2669 3667 ut
2698 3612 3012 3667 adhibeant
3049 3611 3479 3668 meditationem
3507 3601 3668 3676 operis
3696 3614 3707 3663 ;

2138 3718 2241 3756 nec
2268 3708 2442 3773 agunt
2472 3719 2598 3757 cum
2629 3701 2992 3773 apostolis,ut
3016 3701 3239 3772 possint
3266 3696 3486 3770 assequi
3507 3701 3712 3764 regnum

2140 3791 2287 3861 quod
2316 3789 2656 3861 promissum
2686 3795 2773 3844 est
2810 3795 2965 3845 recte
2995 3787 3420 3861 quaerentibus?
3446 3783 3550 3841 Sed
3584 3776 3708 3850 quia.

2138 3879 2452 3950 remigante
2486 3878 2697 3933 Christi
2729 3879 2935 3950 gratia,
2982 3878 3265 3935 immensa
3296 3875 3533 3950 Spiritus
3562 3864 3715 3927 sancti

2140 3969 2375 4023 flumina
2402 3969 2863 4041 transegimus,et
2886 3968 3181 4024 cacumina
3205 3967 3416 4023 montis
3437 3964 3710 4019 Olivarum.

2139 4058 2200 4113 in
2229 4074 2339 4130 quo
2368 4058 2484 4114 haec
2511 4059 2662 4114 dicta
2688 4059 3012 4126 creduntur,
3043 4063 3239 4113 mente
3266 4053 3634 4114 lustravimus,
3655 4041 3713 4098 ad

2143 4152 2365 4203 nosmet
2410 4148 2761 4203 redeundum
2803 4154 2908 4214 est,
2950 4152 3234 4220 quatenus
3298 4146 3372 4201 ad
3419 4144 3715 4199 descensum

2144 4237 2353 4293 montis
2382 4255 2510 4293 cum
2538 4238 2758 4310 leproso
2797 4238 3031 4292 vulnera
3055 4241 3255 4291 nostra
3285 4234 3501 4290 medico
3531 4225 3716 4302 pandas

462 4327 560 4384 ubi
584 4333 642 4383 et
670 4325 974 4381 multitudo
1003 4324 1179 4397 plebis
1207 4323 1379 4379 fuisse
1411 4324 1636 4396 legitur.
1676 4326 1832 4381 Tunc
1864 4327 2057 4397 utique
2074 4333 2263 4392 Dmus
2286 4346 2298 4382 :
2331 4333 2388 4383 et
2415 4328 2548 4400 quia
2570 4328 2687 4383 haec
2715 4344 2838 4399 quae
2868 4327 3129 4393 diximus,
3164 4326 3357 4381 adhuc
3386 4320 3609 4378 minime
3637 4315 3721 4369 ἰω-

461 4433 592 4473 cum
622 4416 838 4471 finisset
864 4415 1126 4471 eumdem
1146 4430 1465 4468 sermonem
1495 4430 1660 4485 quem
1672 4415 1792 4483 jam
1821 4415 2057 4470 forsitan

463 4522 636 4579 supra
662 4505 956 4571 habuerat,
982 4504 1201 4559 miratae
1226 4504 1491 4558 dicuntur
1515 4503 1710 4571 turbae,
1752 4509 1809 4558 et
1830 4520 1942 4559 non
1971 4505 2057 4558 dl-

462 4596 682 4669 scipuli.
724 4595 870 4661 Quia
895 4594 1184 4667 discipulis
1214 4594 1352 4649 fides
1379 4594 1567 4666 potius
1607 4599 1664 4649 et
1681 4594 1905 4649 dilectio
1933 4611 2060 4649 con-

458 4685 702 4760 gruebat
721 4702 888 4758 quam
905 4684 1222 4739 admiratio.
1247 4683 1559 4738 Admiratio
1580 4700 1716 4754 ergo
1733 4685 1957 4755 signum
1975 4689 2062 4739 est

461 4775 830 4842 infidelitatis,
864 4775 998 4846 quia
1023 4774 1262 4829 necdum
1285 4789 1444 4828 mens
1471 4772 1609 4827 bene
1624 4773 1693 4827 de
1711 4773 1917 4830 virtute
1950 4774 2054 4828 Dei

462 4870 729 4931 sentiens,
752 4869 941 4937 stupet
957 4863 1027 4917 ad
1048 4879 1115 4917 ea
1134 4878 1255 4933 quae
1276 4861 1432 4933 prius
1463 4863 1702 4917 necdum
1715 4863 2053 4917 crediderat.

462 4957 700 5011 Prorsus
730 4959 788 5009 et
813 4952 941 5008 ideo
970 4954 1116 5007 fiunt
1141 4950 1431 5015 miracula,
1452 4956 1518 5007 ut
1542 4967 1700 5006 mens
1724 4951 1795 5006 ad
1820 4967 1889 5006 ea
1907 4966 2059 5007 com-

2139 4417 2431 4488 plevimus,
2468 4417 2669 4471 saltem
2723 4422 2788 4472 ut
2810 4416 3075 4471 deorsum
3120 4415 3447 4480 adorantes,
3484 4416 3537 4465 et
3560 4402 3718 4480 proci-

2140 4505 2355 4579 dentes‘
2383 4512 2513 4561 ante
2546 4506 2745 4561 faciem
2791 4505 2989 4578 ipsius,
3022 4505 3081 4560 in
3128 4503 3484 4560 confessione
3526 4495 3720 4553 veniam

2139 4611 2568 4667 consequamur.
2601 4596 2839 4668 Propter
2865 4595 3021 4678 quod
3036 4596 3209 4649 finem
3239 4593 3373 4648 libri
3397 4598 3456 4648 et
3486 4598 3719 4678 consum-

2140 4685 2449 4740 mationem
2477 4685 2755 4740 sermonis
2786 4685 2956 4740 simul
2978 4674 3486 4751 claudamus,ut.in
3516 4674 3722 4734 alterius

2138 4772 2472 4845 principio,a
2504 4774 2664 4844 lepra
2694 4790 2806 4845 qua
2837 4771 3543 4846 coinquinamur,Domino
3569 4774 3722 4820 manu

2136 4867 2423 4934 tangente,
2449 4862 2671 4934 plenius
2698 4879 3021 4936 purgamur.

1911 5097 3692 5131 W

1588 5215 2001 5285 PROLOGUS
2047 5217 2261 5286 LIBRI
2309 5218 2604 5297 QUINTI.

531 5410 1101 5485 aSESanctissimis
1112 5410 1169 5466 in
1188 5410 1409 5467 Christo
1423 5409 1709 5481 fratribus,
1718 5429 1857 5486 quos
1867 5414 2055 5469 divina

456 5506 737 5582 sapientia
754 5504 891 5561 satis
909 5501 1132 5558 abunde
1151 5502 1267 5558 suis
1281 5501 1528 5557 illustrat
1547 5503 1933 5572 virtutibus,et
1948 5519 2054 5559 coe-

2133 5412 2419 5486 proposito
2438 5412 2759 5468 monasticae
2787 5412 3095 5486 disciplinae
3120 5414 3365 5471 Centulo
3385 5404 3725 5484 degentibus:

2132 5504 2466 5560 Pascassws
2489 5503 2848 5571 ΒΑυΒΕιτυε,
2880 5505 3290 5561 monachorum
3319 5502 3576 5561 omnium
3597 5491 3728 5569 peri-

455 5599 614 5659 lestis
659 5595 847 5670 gratia
879 5592 1040 5651 miris
1069 5597 1307 5651 exornat
1331 5592 1685 5662 muneribus,
1715 5592 1819 5651 sub
1856 5597 2051 5652 sancto
2130 5608 2344 5666 psema,
2381 5598 2440 5650 et
2458 5592 2781 5653 Levitarum
2808 5592 3064 5653 ultimus.
