3918 6176
275 202 378 261 333

998 203 1376 262 EXPOSITIO
1416 207 1493 262 IN
1532 205 1877 263 MATTHXEI

1968 246 1979 257 .
2017 234 2080 244 -—
2121 203 2257 258 LIB.
2300 203 2365 269 V,
2410 203 2810 261 PROLOGUS.

3440 209 3546 268 334

346 329 677 401 Expositum
709 330 768 383 in
787 329 1068 395 Matthaeo,
1087 330 1420 397 charissimi,
1449 332 1595 403 quod
1628 332 1759 387 olim
1782 332 1871 386 in-
1887 329 1939 392 Α
1954 333 2274 403 rumtamen
2290 344 2401 383 non
2412 329 2551 384 adeo
2570 330 2802 401 ignarus
2816 334 2882 386 ut
2898 332 3143 388 nesciam
3165 336 3310 407 quod
3330 352 3548 407 nequeo

275 421 632 488 choaveram,
662 424 726 473 ut
757 435 822 473 eo
851 419 907 473 in
937 420 1120 474 ofﬁcio
1150 420 1414 474 fratribus
1444 438 1677 492 pensum
1706 421 1876 475 servi-

271 510 413 565 tutis
440 526 580 564 meaz
628 526 729 579 pro
778 514 904 562 voto
946 509 1341 580 persolverem,
1391 511 1585 564 multis
1623 510 1871 574 demum,

275 605 536 671 suscepto
566 598 859 669 regiminis
890 598 1031 665 loco,
1064 599 1401 670 praapeditus
1437 599 1875 654 sollicitudinum

273 689 446 755 curis,
468 695 525 743 et
553 705 852 743 causarum
868 688 1221 743 smcularium
1243 689 1411 743 variis
1439 688 1756 760 implicatus
1775 706 1876 744 ne-

273 778 463 849 gotiis,
486 784 711 833 tantum
735 795 769 832 a
797 795 887 832 me
915 779 1078 848 longe
1097 777 1389 842 abductus,
1406 784 1679 849 quantum
1709 796 1743 831 a
1761 784 1877 832 stu-

273 868 369 922 dio
390 868 712 922 litterarum
732 873 1001 935 remotus,
1018 884 1130 922 non
1145 867 1323 922 solum
1338 868 1475 922 illud
1488 868 1877 938 imperfectum

272 958 482 1029 reliqui
512 957 661 1028 quod
695 973 993 1028 cceperam,
1040 973 1235 1011 verum
1278 956 1470 1021 etiam,
1503 957 1877 1028 praetermisso

272 1047 486 1118 quietis
515 1046 691 1115 bono,
725 1047 1138 1118 memetipsum,
1166 1062 1308 1117 pene
1327 1047 1589 1118 plurimis
1609 1063 1878 1101 aurarum

273 1135 941 1207 allisusimpulsionibus,
966 1136 1024 1190 in
1047 1135 1398 1206 naufragium
1422 1134 1570 1189 dedi.
1605 1136 1714 1190 Sed
1743 1136 1876 1207 quia

275 1225 429 1280 Deus
478 1224 658 1291 nobis,
703 1230 766 1279 ut
805 1225 898 1279 ille
937 1231 1089 1279 vates
1121 1224 1220 1291 ait,
1249 1241 1352 1279 sua
1381 1225 1730 1297 providentia
1758 1226 1877 1279 haec

270 1314 393 1369 otio
414 1314 566 1379 fecit,
582 1314 803 1379 fratres,
824 1314 922 1385 qui
956 1330 989 1367 a
1018 1314 1171 1368 vobis
1191 1314 1261 1368 ad
1293 1330 1394 1368 nos
1406 1314 1563 1369 missi
1583 1320 1873 1381 venerunt,

267 1404 474 1458 crebro
501 1421 591 1458 me
619 1404 811 1458 solerti
842 1403 1090 1474 aggressi
1119 1408 1253 1458 sunt
1282 1404 1529 1468 hortatu,
1580 1410 1644 1457 ut
1687 1405 1875 1474 exple-

266 1509 397 1547 rem
412 1509 554 1563 opus
565 1493 1134 1564 quodinchoaveram,
1159 1497 1455 1563 vestroque
1491 1509 1875 1548 consecrarem

268 1582 493 1635 nomini
523 1601 535 1635 :
573 1598 642 1635 ne
672 1582 957 1643 illuderer,
970 1583 1137 1653 juxta
1154 1582 1292 1636 illud
1318 1599 1384 1636 ex
1414 1581 1875 1654 Evangelio,quia

1956 420 2124 489 digne
2145 424 2387 489 quatuor
2401 419 2886 489 Evangelistarum
2905 422 3235 494 quadrigam
3258 442 3425 480 sensu
3455 442 3552 497 pe-

1955 514 2181 564 netrare
2208 508 2425 578 exiguo,
2462 524 2643 578 neque
2672 509 2744 564 ad
2769 510 3044 581 liquidum
3062 528 3241 568 unum
3262 530 3456 569 eorum
3468 516 3550 570 in-

1955 598 2209 667 telligere
2232 617 2245 660 ;
2270 613 2384 651 non
2403 596 2585 651 dicam
2611 615 2714 669 ego
2741 600 3014 668 tantillus,
3049 604 3419 659 verumetiam
3452 622 3549 661 ne-

1958 686 2071 741 scio
2102 692 2160 740 et
2185 685 2233 739 si
2261 686 2410 740 ullus
2437 702 2632 741 eorum
2659 688 2754 758 qui
2784 706 3018 760 magnos
3048 708 3170 747 sese
3197 693 3412 748 faciunt
3438 695 3552 749 vir-

1958 776 2192 831 tutibus.
2223 775 2497 839 Quoniam
2518 777 2634 831 haec
2655 777 2930 849 quadriga
2958 796 3155 835 currus
3176 781 3276 836 Dei
3307 787 3393 837 est
3411 783 3552 838 mul-

1956 865 2151 936 tiplex,
2181 864 2240 919 in
2286 882 2397 936 qua
2440 866 2696 921 Christus
2752 868 2991 922 caelestis
3044 870 3244 940 auriga
3284 878 3551 944 peragrat

1959 954 2104 1026 quad
2112 958 2297 1007 ratum
2317 954 2509 1009 orbem
2525 956 2691 1009 modo
2704 957 3044 1013 universum:
3062 975 3209 1014 nunc
3228 960 3286 1014 in
3297 966 3408 1015 tem
3416 977 3551 1032 pore

1956 1044 2150 1097 volans
2178 1059 2280 1114 per
2310 1043 2532 1112 omnia;
2554 1061 2703 1098 nunc
2732 1054 2889 1100 extra
2908 1052 3130 1120 tempus
3149 1065 3320 1120 super
3338 1050 3547 1118 omnia,

1960 1139 2017 1188 et
2045 1134 2195 1188 ultra
2224 1134 2492 1187 caelorum
2522 1134 2755 1200 excelsa,
2788 1152 3011 1207 semper
3034 1155 3160 1192 cum
3209 1140 3373 1195 Patre
3400 1140 3552 1195 idem

1957 1223 2017 1277 in
2041 1239 2154 1278 una
2181 1223 2494 1277 aeternitate
2513 1223 2663 1277 Deus
2692 1239 2953 1292 manens;
2975 1243 3123 1282 nunc
3153 1226 3299 1282 infra
3325 1234 3551 1302 tempus

1958 1312 2107 1366 Deus
2134 1311 2301 1365 homo
2325 1311 2630 1382 perlustrat
2658 1311 2944 1379 universa;
2965 1314 3130 1368 modo
3157 1330 3193 1368 a
3210 1332 3430 1372 summo
3447 1332 3554 1373 cte-

1958 1400 2141 1454 lorum
2172 1400 2487 1469 egrediens,
2507 1400 2751 1454 excurrit
2770 1416 2949 1471 usque
2961 1401 3031 1455 ad
3046 1402 3273 1471 inferos;
3297 1406 3462 1462 modo
3482 1405 3553 1461 ab

1959 1489 2152 1544 inferis
2198 1488 2518 1560 regreditur
2546 1506 2726 1561 usque
2770 1490 2841 1544 ad
2873 1507 3126 1563 superos.
3160 1492 3230 1547 Et
3264 1492 3390 1549 ideo
3433 1495 3551 1551 haec

1960 1578 2246 1644 animalia,
2285 1596 2407 1650 quae
2450 1579 2593 1633 hanc
2619 1579 2950 1651 quadrigam
2973 1597 3078 1652 per
3108 1581 3300 1637 orbem
3328 1584 3554 1641 trahere

266 1670 418 1741 coepi
443 1686 509 1725 ac
536 1670 584 1723 si
614 1670 815 1724 turrim
847 1670 1141 1735 aedificare,
1172 1687 1276 1724 nec
1305 1671 1582 1742 potuerim
1612 1688 1874 1726 consum-
1892 1689 1938 1747 Β
1956 1668 2216 1723 videntur
2235 1667 2441 1738 ubique
2458 1669 2720 1735 volantia,
2740 1669 2912 1723 etiam
2924 1674 3083 1742 terga
3094 1677 3336 1743 pennata
3349 1672 3556 1730 habere

267 1775 450 1814 mare.
486 1759 647 1814 Unde
687 1759 896 1830 itaque,
941 1775 1134 1813 eorum
1164 1760 1547 1815 exhortatione
1569 1767 1876 1832 permotus,

267 1866 337 1903 ac
364 1849 413 1902 si
448 1849 646 1903 divino
677 1854 863 1903 tactus
888 1848 1079 1914 allatu,
1115 1850 1332 1905 decrevi
1373 1855 1602 1921 rogatus
1632 1850 1833 1905 offerre
1853 1860 1878 1890 ι

267 1938 591 1993 devotionis
612 1937 898 2009 obsequio,
922 1944 1041 1992 tam
1067 1938 1328 1993 charitati
1361 1945 1562 1994 vestrae
1606 1956 1775 2011 quam
1823 1944 1882 1994 et

269 2029 524 2082 fratrum
550 2044 824 2093 meorum,
849 2027 945 2099 qui
964 2044 1054 2081 me
1081 2034 1139 2081 et
1157 2028 1263 2099 ipsi
1292 2029 1382 2083 sui
1410 2029 1618 2082 amoris
1632 2028 1795 2083 xenio
1807 2028 1877 2083 ad

266 2118 329 2172 id
354 2118 711 2189 impulerunt
754 2122 818 2171 ut
852 2116 1114 2171 facerem.
1161 2117 1319 2172 Unde
1346 2118 1610 2172 continuo
1638 2124 1881 2189 quatuor

267 2207 557 2262 librorum
580 2207 848 2279 opuscula
876 2206 934 2260 in
965 2206 1162 2261 eodem
1197 2207 1478 2273 Matthzeo,
1512 2225 1634 2279 quae
1664 2209 1877 2262 dudum

266 2299 387 2352 illis
417 2298 785 2352 condideram
816 2313 915 2368 pro
937 2302 1086 2356 voto,
1103 2297 1275 2352 statui
1295 2303 1546 2352 retexere
1566 2314 1630 2352 ac
1648 2297 1693 2351 si
1724 2298 1879 2368 prin-

267 2388 484 2459 cipium
518 2388 691 2458 hujus
706 2386 909 2458 operis,
925 2386 972 2440 si
997 2386 1141 2440 forte
1172 2403 1342 2457 super
1360 2388 1531 2459 ipsos,
1558 2403 1622 2441 ac
1642 2387 1689 2440 si
1712 2403 1881 2457 super

263 2478 734 2541 fundamentum,
760 2492 982 2547 possem
1005 2481 1122 2529 tam
1144 2474 1298 2529 vobis
1311 2492 1411 2547 pro
1432 2492 1685 2541 munere,
1710 2491 1877 2546 quam

268 2574 328 2622 et
362 2567 482 2620 illis
504 2582 606 2637 pro
638 2582 810 2619 censu
841 2565 1144 2631 servitutis,
1176 2565 1397 2619 culmen
1426 2565 1599 2619 totius
1641 2569 1883 2619 structu—

266 2673 343 2711 ra:
368 2656 628 2726 erigere;
661 2661 724 2709 ut
766 2671 1006 2725 quorum
1039 2670 1151 2708 una
1182 2654 1515 2708 inviolabilis
1543 2660 1600 2707 et
1627 2654 1881 2708 inconta-

268 2746 496 2800 minata
522 2749 719 2799 manet
737 2744 1000 2809 Charitas,
1035 2760 1148 2798 una
1177 2743 1416 2810 devotio,
1440 2760 1729 2814 unumqne
1751 2759 1881 2814 pro-

1961 1758 2227 1811 dicuntur
2250 1776 2261 1825 ;
2292 1773 2529 1828 quorum
2553 1774 2787 1829 corpora
2806 1759 2973 1830 plena
2993 1767 3128 1815 sunt
3143 1762 3318 1816 oculis
3335 1768 3467 1818 ante
3489 1781 3555 1820 ac

1961 1846 2347 1911 retro,deinde
2376 1847 2598 1901 intuset
2625 1847 2790 1915 foris;
2833 1864 2899 1902 ex
2919 1848 3121 1919 quibus
3153 1850 3397 1906 emicant
3414 1853 3556 1908 scin-

1960 1936 2095 1991 tillae
2124 1952 2189 1990 ac
2215 1936 2261 1990 si
2287 1936 2433 1990 aeris
2465 1936 2774 2003 candentis,
2799 1941 2857 1991 et
2875 1941 3071 2003 388,
3091 1938 3415 1996 discurrunt
3441 1941 3553 2000 ful-

1958 2043 2120 2097 gura.
2154 2025 2377 2080 Habent
2400 2025 2591 2096 itaque
2620 2025 2828 2097 singuli
2856 2027 3028 2098 pedes
3047 2034 3230 2084 rectos
3257 2034 3314 2084 et
3333 2047 3557 2104 semper

1961 2115 2019 2169 in
2050 2114 2291 2169 sublime
2320 2115 2636 2169 tendentes.
2676 2115 2836 2170 Unde
2886 2131 2998 2171 non
3030 2116 3324 2174 immerito
3354 2124 3410 2175 ot
3447 2120 3556 2192 ipsi

1962 2202 2261 2258 Cherubim
2285 2209 2573 2270 vocantur,
2597 2220 2662 2258 eo
2684 2204 2833 2275 quod
2861 2204 3109 2261 habeant
3126 2206 3185 2261 in
3206 2224 3267 2262 se
3296 2209 3555 2265 multitu-

1963 2293 2151 2347 dinem
2195 2293 2442 2347 scientiae
2473 2293 2592 2347 Dei.
2625 2293 2807 2359 Quam
2837 2292 2979 2349 bene
3015 2295 3191 2366 igitur
3229 2296 3441 2353 dictum
3471 2306 3557 2355 est

1961 2399 2063 2453 per
2085 2382 2428 2437 Ezechielem
2447 2399 2458 2434 :
2482 2382 2625 2447 Quia
2639 2399 2751 2437 non
2765 2386 3177 2439 revertebantur
3200 2403 3325 2441 cum
3342 2391 3558 2443 incede-

1961 2477 2107 2535 rent,
2130 2473 2221 2525 sed
2236 2473 2665 2541 unumquodque
2684 2488 2874 2526 eorum
2900 2478 3029 2527 ante
3045 2476 3245 2542 faciem
3255 2493 3417 2532 suam
3431 2494 3560 2546 gra-

1963 2561 2220 2614 dz‘ebatur
2252 2561 2519 2631 (Ezech.1,
2549 2558 2625 2630 9),
2652 2561 2784 2632 quia
2811 2561 2881 2615 ad
2906 2566 3117 2618 aeterna
3146 2565 3405 2620 tendunt.
3421 2556 3556 2631 Quae

1964 2649 2234 2704 nimirum
2281 2648 2549 2703 animalia
2578 2650 2771 2703 multis
2797 2649 2856 2704 in
2896 2651 3031 2705 locis
3058 2653 3434 2724 praefigurata,
3478 2661 3552 2725 et,

1965 2739 2112 2809 quod
2143 2739 2351 2793 mirum
2382 2744 2485 2804 est,
2510 2743 2641 2793 ante
2670 2744 2803 2793 sunt
2825 2739 2883 2793 in
2913 2741 3066 2794 caelis
3095 2741 3223 2796 huic
3268 2744 3557 2816 prophetae

268 2834 549 2905 positum,
583 2834 746 2887 fieret
768 2833 883 2888 haec
911 2833 1075 2887 lectio
1122 2848 1237 2886 una
1264 2832 1517 2887 soliditas
1545 2831 1876 2896 dilectionis,
1963 2828 2023 2882 in
2063 2828 2264 2899 spiritu
2290 2828 2391 2883 Dei
2435 2834 2678 2893 ostensa,
2714 2844 2883 2898 quam
2904 2836 3090 2885 essent
3118 2832 3175 2885 in
3203 2833 3370 2887 terris
3399 2839 3555 2890 nata.

275 2940 547 2994 unusque
584 2922 866 2977 funiculus
892 2922 1095 2992 triplex
1126 2922 1275 2984 ﬁdei,
1314 2922 1432 2993 spei
1476 2928 1532 2976 et
1565 2921 1877 2987 charitatiS,
1963 2917 2174 2971 Idcirco
2203 2933 2316 2972 non
2341 2922 2527 2989 potest
2552 2932 2665 2972 non
2688 2934 2810 2972 esse
2840 2918 3334 2994 inetfabile,neque
3349 2922 3559 2979 incom-

264 3017 366 3084 qui
398 3029 697 3083 nunquam
718 3012 1018 3082 rumpitur,
1050 3028 1275 3082 unaque
1290 3012 1499 3065 fabrica
1524 3010 1878 3082 perfectionis
1899 3005 1942 3066 C
1965 3006 2343 3078 prebensibile
2399 3007 2548 3079 (ιυοά
2587 3007 2857 3062 sentiunt.
2906 3007 2976 3062 Et
3017 3013 3227 3078 tamen,
3259 3028 3326 3066 ex
3363 3029 3559 3068 eorum

265 3120 396 3174 quae
416 3118 707 3173 nusquam
737 3102 996 3156 violatur.
1030 3101 1267 3155 Beatum
1284 3117 1416 3171 ergo
1446 3118 1535 3154 me
1555 3100 1880 3156 existimans
1963 3096 2126 3150 dictis
2162 3101 2249 3151 est
2268 3100 2326 3150 et
2344 3096 2528 3150 verbis
2556 3096 2829 3168 quidquid
2849 3102 2935 3152 est
2957 3099 3106 3170 quod
3129 3106 3277 3156 recte
3306 3102 3557 3174 sapimus

261 3192 406 3257 fore,
434 3192 484 3245 si
510 3190 801 3262 quidpiam
822 3195 1010 3256 εδδ
1030 3190 1167 3244 meis
1184 3190 1332 3261 quod
1352 3195 1576 3261 gratum
1600 3195 1762 3256 esset,
1781 3207 1881 3262 pro
1965 3185 2050 3239 vel
2068 3184 2437 3256 intelligimus
2462 3203 2474 3251 ;
2497 3185 2629 3256 quia
2652 3201 2846 3239 eorum
2875 3185 3063 3253 verba,
3082 3187 3251 3243 verba
3279 3197 3413 3246 sunt
3431 3191 3554 3247 Dei.

264 3298 446 3335 censu
479 3281 847 3345 exsolverem,
881 3284 938 3333 et
961 3280 1220 3333 offerrem
1249 3279 1403 3333 vobis
1448 3280 1577 3334 licet
1619 3280 1881 3349 exiguum
1964 3273 2028 3328 In
2046 3273 2248 3345 quibus
2275 3273 2521 3345 profecto
2541 3273 2719 3328 verbis
2745 3290 2857 3328 non
2882 3275 3131 3331 humana
3148 3279 3443 3350 sapientia,
3457 3282 3558 3337 sed

259 3388 369 3442 pro
399 3385 643 3424 munere
668 3385 783 3422 non
807 3368 995 3438 ignavi
1031 3369 1293 3439 ponderis
1330 3368 1608 3423 talentum
1638 3369 1882 3440 locuple-
1963 3362 2192 3435 spiritus
2223 3368 2279 3417 et
2306 3363 2420 3417 vita
2446 3363 2615 3417 lucet.
2642 3363 2708 3417 Et
2731 3363 2857 3419 ideo
2886 3364 3012 3436 ipsa
3039 3366 3205 3422 verba
3227 3368 3358 3438 jure
3387 3370 3558 3426 verba

258 3460 381 3514 tius
396 3459 554 3531 quod
576 3459 840 3530 placeret.
865 3458 1139 3521 Quoniam
1158 3463 1222 3512 ut
1241 3459 1605 3529 praesenti,ex
1619 3457 1878 3512 omnibus
1963 3455 2088 3509 vita:
2117 3454 2397 3519 dicuntur,
2429 3453 2562 3525 quia
2580 3470 2692 3508 non
2714 3454 2773 3508 in
2802 3454 2889 3509 his
2917 3456 3020 3511 ﬂos
3049 3458 3382 3529 eloquentia
3398 3459 3557 3517 redo-

264 3555 328 3603 et
371 3549 431 3603 in
461 3547 728 3603 omnibus
756 3546 1081 3617 gratissima
1119 3564 1209 3602 me
1244 3547 1539 3601 dilectione
1568 3549 1624 3601 in
1656 3547 1877 3601 Christo
1959 3544 2039 3598 let
2066 3544 2366 3609 saecularis,
2399 3543 2497 3597 sed
2517 3542 2729 3597 fructus
2753 3543 2895 3598 vitae.
2938 3545 3312 3618 Quapropter,
3351 3550 3455 3604 etsi
3481 3550 3554 3605 ad

257 3638 562 3709 suscipere
590 3636 808 3707 dignati
838 3637 992 3701 estis,
1038 3641 1095 3690 et
1136 3635 1382 3691 refovere
1406 3636 1533 3692 sinu
1563 3636 1873 3701 charitatis,
1959 3634 2188 3704 plenum
2204 3649 2368 3686 nemo
2380 3632 2449 3686 de
2469 3630 2675 3685 talibus
2687 3632 2841 3702 loqui
2861 3639 3063 3704 potest,
3087 3651 3199 3689 non
3219 3637 3342 3691 ideo
3361 3643 3552 3694 tamen

256 3728 503 3799 Deoque
527 3726 884 3781 committere
898 3726 1421 3797 preribus,maxime
1436 3742 1501 3781 eo
1522 3727 1581 3780 in
1600 3731 1874 3797 tempore,
1960 3739 2025 3776 ex
2054 3728 2174 3776 toto
2203 3723 2369 3776 homo
2400 3720 2644 3792 quilibet
2661 3721 2826 3774 silere
2853 3721 3053 3793 debet;
3073 3724 3204 3778 licet
3232 3724 3291 3779 in
3325 3727 3553 3783 elimato

252 3816 426 3884 juxta
450 3816 594 3870 illud
624 3816 919 3886 antiquum
952 3814 1327 3887 proverbium,
1354 3816 1578 3887 quando
1590 3816 1804 3870 amicus
1824 3821 1881 3872 et
1959 3812 2222 3883 loquendi
2240 3828 2466 3881 genere,
2492 3827 2562 3865 ne
2585 3811 2849 3880 loquatur
2870 3829 2937 3866 ea
2960 3812 3224 3868 divinitus
3245 3815 3553 3887 inspiratus

256 3906 528 3961 medicus
564 3905 624 3959 in
669 3905 1000 3959 necessitate
1029 3905 1357 3976 probantur.
1392 3906 1534 3959 Hinc
1557 3911 1643 3960 est
1670 3905 1880 3960 charis—
1962 3919 2084 3974 quae
2105 3901 2292 3956 sentit.
2318 3902 2459 3966 Quia
2484 3902 2858 3973 intelligentia
2885 3903 3167 3973 Evangelii
3200 3921 3309 3960 non
3338 3906 3393 3961 in
3423 3923 3547 3977 per-

267 3994 409 4049 siini
445 3994 600 4065 quod
636 3999 795 4048 tanto
843 3994 1028 4049 studio
1076 4011 1246 4048 causa
1294 3993 1627 4049 visitationis
1680 3995 1750 4049 ad
1784 4012 1879 4048 vos
1961 3991 2318 4046 suasibilibus
2336 3992 2598 4045 humana:
2615 3992 3099 4063 sapientiaeverbis
3117 3999 3353 4061 constat,
3373 3996 3470 4051 sed
3491 3997 3552 4053 in

264 4100 455 4156 quam
485 4101 635 4155 saepe
680 4083 870 4138 venire
896 4083 1136 4151 decrevi,
1175 4083 1500 4138 desiderans
1526 4101 1624 4137 vos
1667 4084 1875 4151 videre,
1960 4080 2238 4153 sapientia
2257 4081 2466 4136 Christi
2499 4098 2510 4134 :
2545 4097 2713 4153 quam
2741 4082 2950 4137 Paulus
2976 4082 3078 4136 etsi
3105 4082 3400 4154 imperitus
3430 4103 3551 4141 ser-

261 4179 327 4228 et
354 4173 651 4244 corrigere
670 4172 729 4225 in
759 4188 849 4227 me
874 4172 1021 4243 quod
1051 4172 1148 4226 diu
1168 4172 1542 4244 negligentius
1558 4172 1876 4227 omiseram:
1963 4187 2148 4237 mone,
2178 4176 2241 4225 ut
2269 4170 2385 4242 ipse
2413 4170 2511 4237 ait,
2528 4187 2641 4225 non
2656 4176 2847 4225 tamen
2861 4171 3096 4225 scientia
3114 4172 3265 4227 inter
3281 4174 3552 4245 perfectos

258 4263 375 4334 qui
411 4278 507 4316 me
532 4261 847 4316 dilectionis
865 4263 1066 4319 alfectu
1088 4267 1281 4317 contra
1310 4262 1498 4316 omnia
1526 4262 1878 4317 adversantia
1898 4329 1935 4334 Α
1962 4260 2115 4332 loqui
2137 4277 2197 4314 se
2212 4260 2421 4330 gaudet
2436 4261 2518 4330 (ΙΙ
2532 4261 2652 4314 Cor.
2674 4274 2734 4328 II,
2760 4259 2835 4330 6).
2852 4262 3076 4316 Interea
3092 4262 3197 4316 etsi
3216 4263 3409 4318 senilis
3423 4281 3551 4319 ora-

256 4351 557 4407 consolati
578 4352 715 4406 estis
740 4351 799 4405 in
825 4351 1172 4405 orationibus
1198 4352 1416 4417 vestris,
1448 4351 1528 4406 ita
1556 4361 1620 4407 ut
1647 4351 1704 4406 in
1734 4368 1877 4423 prae-
1898 4329 2043 4404 Dtio
2075 4365 2175 4420 per
2201 4365 2260 4403 se
2309 4354 2531 4420 compta
2558 4367 2679 4404 esse
2716 4349 2919 4404 debeat
2942 4367 3007 4405 ac
3052 4351 3254 4405 decora
3298 4353 3555 4409 sensibus

254 4441 597 4498 sentiarum
644 4440 784 4495 nihil
812 4440 950 4494 mihi
998 4440 1193 4494 deesse
1223 4447 1498 4512 putarem,
1542 4457 1669 4496 cum
1726 4446 1883 4495 tanta
1966 4438 2131 4492 debet
2148 4444 2339 4493 tamen
2371 4455 2492 4493 esse
2522 4444 2579 4493 et
2598 4439 2767 4505 mitis,
2787 4439 3026 4494 maxime
3048 4440 3106 4494 in
3129 4440 3355 4497 talibus.
3377 4444 3554 4514 Cujus

252 4528 557 4585 beneﬁcia
582 4534 769 4584 vestra
788 4529 1045 4600 perfecta:
1074 4529 1364 4583 charitatis
1384 4529 1532 4583 circa
1559 4545 1648 4583 me
1674 4529 1882 4599 ﬂagra-
1964 4527 2209 4600 profecto
2247 4544 2433 4581 sermo
2463 4527 2566 4582 etsi
2586 4528 2821 4583 decorus
2861 4529 2953 4595 sit,
2992 4530 3138 4600 quod
3162 4546 3275 4584 non
3304 4531 3550 4602 requiro,

252 4626 431 4685 rent,
466 4620 730 4689 quoniam
763 4618 1044 4674 debitores
1087 4618 1220 4674 facti
1271 4618 1408 4673 estis
1464 4618 1739 4684 omnibus,
1785 4617 1881 4689 qui
1964 4622 2028 4671 ut
2055 4616 2281 4687 quidam
2311 4616 2408 4682 ait,
2430 4617 2655 4688 quietus
2673 4635 2793 4672 esse
2813 4617 2979 4673 debet
3006 4635 3071 4674 ac
3098 4618 3555 4687 remissus.Quod

250 4709 422 4764 nihil
453 4708 603 4762 aliud
629 4708 729 4762 ulli
748 4708 962 4763 debetis
987 4709 1136 4780 (quia
1165 4708 1411 4763 radicem
1449 4708 1631 4762 cordis
1654 4707 1712 4762 in
1738 4708 1880 4763 coelo
1963 4705 2012 4760 si
2031 4706 2089 4760 in
2116 4706 2475 4760 saecularibus
2492 4707 2697 4761 studiis
2728 4707 2855 4762 talis
2879 4707 3045 4762 debet
3060 4726 3181 4763 esse
3210 4710 3549 4781 eloquentia,

250 4796 588 4871 posuistis),
628 4796 740 4851 nisi
786 4797 1141 4861 charitatem,
1175 4814 1347 4869 quam
1377 4814 1599 4868 semper
1627 4796 1881 4852 debendo
1964 4812 2086 4866 quae
2113 4812 2339 4850 succum
2381 4795 2587 4850 habeat
2620 4796 2940 4864 modestiae;
2991 4805 3202 4869 quanto
3240 4800 3419 4871 magis
3450 4818 3552 4872 ego

247 4884 611 4952 exsolvistis,
637 4892 695 4942 et
709 4886 1037 4941 exsolvendo
1068 4887 1247 4957 magis
1280 4886 1572 4957 magisque
1602 4885 1884 4941 debitores
1964 4884 2112 4939 inter
2137 4886 2253 4939 haec
2282 4884 2632 4939 ﬂammantia
2650 4884 2923 4939 virtutum
2951 4886 3286 4942 documenta
3306 4891 3555 4960 proferre

250 4975 413 5029 facti
448 4974 599 5028 estis.
624 4975 733 5030 Sed
765 4974 1226 5046 quialiberalitas
1253 4982 1439 5030 vestra
1465 4974 1705 5030 multum
1738 4990 1880 5029 exu-
1962 4990 2074 5028 non
2103 4972 2290 5039 debui,
2321 4978 2378 5027 et
2408 4974 2453 5028 si
2484 4990 2725 5044 possem,
2755 4974 2995 5028 nitorem
3040 4978 3321 5031 saecularis
3360 4978 3556 5034 facun-

248 5065 449 5119 berat
477 5063 534 5117 in
560 5064 765 5131 dando,
786 5065 952 5119 credo
979 5065 1124 5137 quod
1158 5071 1215 5120 et
1240 5065 1299 5119 in
1321 5064 1642 5134 accipiendo
1672 5062 1878 5117 libera-
1962 5063 2087 5129 diae,
2110 5079 2232 5134 quae
2256 5079 2443 5117 secum
2464 5063 2818 5134 splendorem
2839 5063 2983 5118 ferat
3000 5065 3425 5126 verborum,sed
3449 5086 3556 5140 pu-

252 5155 410 5218 lius,
450 5158 643 5208 sancta
661 5152 1052 5209 benevolentia
1077 5160 1263 5209 vestra
1290 5154 1469 5225 magis
1488 5151 1758 5223 gaudebit
1778 5168 1878 5224 pro
1961 5151 2186 5206 ritatem
2212 5168 2409 5207 sensus
2428 5169 2677 5223 quaerere
2705 5158 2763 5206 et
2799 5152 3229 5229 intelligentiam
3265 5156 3557 5214 veritatis?

252 5257 523 5298 munere
547 5242 716 5308 verbi,
738 5260 905 5317 quam
936 5261 1036 5316 pro
1063 5244 1233 5298 ullius
1262 5260 1432 5299 censu
1452 5242 1737 5296 dati.llinc
1754 5258 1881 5313 gra-
1964 5241 2241 5305 Quoniam
2270 5242 2387 5296 haec
2413 5242 2686 5313 sapientia
2706 5242 2927 5296 ‘Christi
2956 5242 3012 5297 in
3034 5244 3302 5316 mysterio
3331 5248 3561 5305 abscon-

251 5339 401 5388 tum
434 5331 553 5386 fore
583 5333 774 5405 putavi
806 5333 1078 5405 quidquid
1109 5334 1340 5388 devotus
1369 5332 1643 5391 obtulero,
1678 5331 1881 5403 quibus
1963 5330 2081 5385 dita
2106 5337 2192 5384 est
2215 5330 2275 5385 in
2306 5331 2442 5401 ipso,
2458 5331 2514 5384 in
2543 5347 2651 5401 quo
2685 5335 2819 5384 sunt
2840 5347 3033 5385 omnes
3063 5333 3314 5388 thesauri
3342 5337 3559 5407 sapien-

250 5421 538 5496 profecto
565 5421 742 5477 debeo
771 5422 1043 5496 quidquid
1069 5436 1297 5495 possum
1328 5427 1385 5478 et
1422 5422 1569 5493 quod
1600 5437 1746 5476 sum.
1782 5421 1885 5475 Ve-
1963 5419 2054 5475 tiae
2068 5425 2237 5491 atque
2260 5420 2506 5476 scientiae
2523 5419 2623 5475 Dei
2645 5420 2938 5476 reconditi.
2959 5421 3029 5475 Et
3054 5422 3179 5477 ideo
3208 5423 3278 5475 ab
3307 5424 3430 5495 ipso
3449 5426 3557 5479 im-

345 5557 379 5591 ι
433 5541 694 5604 Subaudi
732 5561 845 5618 me,
868 5548 951 5605 vel
980 5553 1234 5618 conatus,
1267 5553 1367 5604 aut
1397 5545 1618 5605 labores
1636 5562 1812 5604 meos.
