3918 6176
434 280 536 338 335

1201 284 1259 338 S.
1301 283 1675 341 PASCHASII
1715 281 2074 338 RADBERTI
2114 281 2418 337 ABBATIS
2462 279 2953 338 CORBEIENSIS.

3557 278 3641 336 336

428 410 766 482 petrandum
782 415 868 466 est
881 415 944 464 ut
966 410 1147 464 oratio
1168 415 1360 465 nostra
1379 410 1759 466 emolumentu
1769 425 1821 461 m
1840 407 2017 478 magis
2041 411 2087 468 Α
2112 408 2188 462 cit
2211 427 2223 474 ;
2269 414 2325 463 et
2373 409 2577 464 vitulus
2607 405 2990 480 quoque,quia
3006 402 3319 457 immolatus
3337 408 3417 456 est
3440 402 3492 457 in
3505 404 3646 458 sacri-

430 498 640 554 habeat
676 501 937 571 perfecta
958 499 1365 570 intelligentiae,
1394 516 1563 571 quam
1596 498 2027 551 incitamentum

429 589 715 643 vanitatis.
750 588 1019 660 Sed,quia
1050 590 1164 644 haec
1194 594 1436 660 quatuor
1467 587 1737 642 animalia
1766 586 1917 640 varie
1936 585 2029 640 de-

432 676 771 744 scribuntur,
782 678 1141 750 quaerendum
1161 678 1388 732 omnino
1419 676 1551 747 quid
1584 681 1671 731 est
1694 676 1840 748 quod
1863 676 2028 731 Joan-

430 781 533 821 nes
551 766 795 839 primum
814 766 1020 822 animal
1049 766 1231 821 simile
1255 765 1402 821 leoni
1423 765 1627 820 dixerit
1651 766 1825 834 (Apoc.
1846 779 1923 830 Iv,
1947 765 2023 830 7),

431 860 621 922 383
637 872 764 911 cum
783 856 1029 911 Ezechiel
1046 856 1457 927 propheta.non
1468 855 1647 910 leonis
1659 854 2026 926 speciem,sed

430 944 676 1000 hominis
699 946 881 1017 primo
898 946 1129 1000 animali
1161 945 1345 1000 inesse
1367 944 1739 1017 perhibuerit.
1764 943 1854 1000 Sic
1875 944 2027 999 enim

426 1031 681 1089 ordinem
701 1049 897 1090 eorum
925 1034 1219 1089 describit:
1247 1032 1594 1099 Similitudo,
1616 1032 1819 1105 inquit,
1842 1036 2027 1087 vultus

426 1137 618 1178 eorum
644 1124 811 1191 facies
848 1124 1092 1178 hominis
1131 1128 1180 1178 et
1209 1124 1377 1192 facies
1422 1126 1612 1189 leonis,
1645 1139 1681 1177 a
1707 1124 1915 1177 dextris
1946 1138 2027 1177 co-

424 1227 557 1267 rum
586 1218 846 1281 quatuor,
876 1219 925 1267 et
941 1214 1110 1281 facies
1128 1215 1272 1267 bovis
1292 1229 1327 1267 a
1353 1215 1601 1266 sinistris
1620 1215 1869 1281 ipsorum
1885 1226 2025 1282 qua-

426 1306 573 1368 tuor,
605 1307 655 1356 et
672 1303 841 1370 facies
860 1305 1063 1372 aquila
1090 1303 1319 1371 desuper
1337 1304 1574 1355 volantis
1606 1304 1854 1369 ipsorum
1884 1317 2024 1371 qua-

426 1394 555 1444 tuor
588 1390 796 1459 (Ezech.
831 1404 871 1458 Ι,
928 1389 1031 1459 10).
1068 1391 1274 1446 Mirum
1302 1390 1508 1462 quippe
1546 1389 1705 1445 valde
1745 1395 1832 1444 est
1874 1390 2025 1462 quod

425 1479 673 1535 Joannes
696 1478 905 1534 animal
931 1478 1177 1550 primum
1203 1479 1386 1534 simile
1405 1478 1569 1543 leoni,
1604 1479 1875 1551 propheta
1894 1495 2024 1535 cvro

425 1568 676 1642 primum
688 1567 906 1622 homini
922 1567 1105 1623 simile
1125 1568 1372 1640 ponit.ln
1388 1585 1500 1640 qua
1514 1569 1784 1624 nimirum
1805 1574 2027 1624 senten-

422 1657 506 1715 tia
537 1672 744 1729 magna
766 1656 927 1713 nobis
949 1656 1129 1711 oritur
1153 1657 1403 1731 quaestio.
1427 1658 1693 1723 Quamvis
1716 1658 1867 1712 enim
1899 1658 2026 1712 Eze-

2111 497 2296 552 licium
2328 498 2443 553 Deo
2478 498 2650 561 Patri,
2686 499 2832 552 sicut
2855 495 2962 567 ipsi
2992 498 3231 565 quatuor
3256 493 3647 560 testantur;sed

2110 590 2165 641 et
2209 588 2399 658 aquila
2445 588 2720 658 ﬁguratus
2751 592 2854 649 est,
2893 584 3024 655 quia
3052 600 3177 637 mox
3212 588 3274 636 ut
3309 581 3543 636 occubuit
3566 600 3651 653 per

2107 682 2347 731 mortem
2398 676 2661 730 innovata
2688 682 2774 730 est
2811 676 3076 746 juventus
3104 674 3243 742 ejus,
3276 676 3329 725 et
3364 672 3647 737 resurrexit,

2109 772 2279 838 atque
2328 766 2617 821 descendit
2659 765 2827 819 altior
2860 762 3116 818 omnibus
3145 760 3311 815 etiam
3341 760 3535 830 angelis
3572 775 3656 816 suo

2108 856 2546 926 volatu,quando
2571 854 2741 910 rediit
2760 853 2855 908 ubi
2870 858 2994 907 erat
3014 852 3071 905 in
3098 849 3365 922 principio
3385 849 3520 904 Deus
3533 849 3659 921 apud

2110 945 2314 1000 Deum.
2348 944 2425 1002 Et
2444 944 2568 999 ideo
2597 961 2708 998 non
2737 942 3019 997 immerito
3060 941 3230 994 facies
3256 938 3486 993 hominis
3511 946 3562 992 et
3588 938 3658 993 fa-

2110 1032 2221 1087 cies
2266 1033 2445 1087 leonis
2495 1050 2529 1087 a
2587 1033 2801 1087 dextris
2848 1032 3099 1102 ipsorum
3141 1033 3393 1100 quatuor,
3425 1033 3478 1081 et
3515 1026 3658 1081 facies

2109 1121 2265 1176 vituli
2284 1139 2319 1176 a
2346 1122 2589 1177 sinistris
2617 1122 2869 1193 ipsorum
2897 1127 3153 1191 quatuor,
3190 1123 3248 1171 et
3292 1116 3454 1171 facies
3487 1116 3658 1187 aquilae

2107 1211 2348 1283 desuper
2372 1212 2623 1283 ipsorum
2638 1217 2906 1283 quatuor;
2941 1209 3073 1282 quia
3092 1206 3338 1263 omnium
3356 1222 3537 1260 eorum
3562 1220 3658 1259 una

2107 1300 2274 1354 facies
2299 1306 2401 1366 est,
2434 1305 2491 1355 et
2514 1300 2766 1372 propria:
2802 1300 2881 1354 ita
2908 1305 2972 1353 ut
2992 1304 3048 1352 et
3075 1296 3385 1369 proprietas
3422 1294 3656 1366 praedica-

2108 1388 2275 1445 tionis
2305 1390 2637 1445 mirabiliter
2662 1389 3018 1461 resplendeat
3046 1387 3099 1441 in
3150 1385 3398 1456 singulis,
3428 1397 3480 1438 et
3497 1383 3658 1439 unitas

2108 1480 2532 1534 commendetur
2559 1480 2617 1533 in
2657 1477 2933 1533 omnibus.
2970 1476 3116 1541 Quia
3143 1476 3274 1530 licet
3299 1473 3497 1545 singuli
3522 1489 3659 1528 suam

2107 1568 2351 1623 habeant
2365 1569 2765 1641 proprietatem
2781 1566 3070 1630 narrandi,
3093 1582 3207 1619 non
3221 1570 3406 1619 tamen
3416 1563 3569 1617 aliam
3590 1562 3659 1616 in-

2106 1658 2293 1712 venies
2321 1658 2520 1713 faciem
2549 1658 2605 1712 in
2634 1658 2761 1721 alio,
2808 1673 2974 1728 quam
3026 1655 3172 1709 alius
3210 1671 3322 1709 non
3351 1652 3577 1708 habeat:
3611 1657 3657 1706 et

423 1746 569 1803 chiel
588 1746 737 1802 dicat
756 1747 826 1802 de
850 1746 985 1819 ipsis
1014 1746 1370 1810 animalibus,
1397 1747 1544 1818 quod
1567 1752 1754 1802 essent
1783 1752 2026 1818 quatuor
2037 1769 2084 1829 Β
2106 1747 2231 1801 ideo
2262 1747 2379 1810 uni,
2417 1752 2481 1801 ut
2510 1747 2591 1801 ita
2620 1747 2821 1811 dicam,
2855 1744 3217 1800 inell‘abiliter
3255 1749 3487 1815 quatuor
3517 1741 3659 1795 facies

420 1835 591 1892 facies
622 1835 739 1901 uni,
759 1841 817 1891 et
836 1841 1078 1907 quatuor
1095 1852 1293 1908 pennae
1321 1836 1441 1901 uni,
1459 1835 1810 1907 singulorum
1828 1842 2016 1891 tamen

419 1923 590 1981 facies
625 1924 1001 1980 declarantur.
1035 1924 1194 1980 Unde
1223 1941 1325 1981 cur
1352 1925 1687 1980 immutetur
1725 1925 1862 1980 ordo
1917 1924 2013 1996 qui

418 2012 660 2085 scriptus
689 2018 775 2068 est
829 2012 889 2067 in
934 2013 1209 2085 propheta
1257 2013 1562 2076 Ezechiele,
1613 2020 1671 2068 et
1718 2013 1942 2067 dicatur
1980 2031 2016 2068 a

415 2100 631 2159 Joanne
647 2101 733 2157 leo
754 2118 855 2174 pro
882 2101 1128 2167 homine,
1149 2118 1262 2157 non
1292 2102 1502 2174 absque
1523 2119 1728 2174 magno
1747 2102 2016 2175 mysterio

417 2196 522 2247 est.
555 2192 909 2263 Quapropter
936 2191 1225 2247 sciendum
1255 2191 1387 2262 quia
1418 2192 1654 2263 mystica
1699 2191 2015 2263 Scriptura-

414 2294 547 2336 rum
557 2279 781 2350 eloquia
795 2294 908 2334 non
916 2296 1138 2352 semper
1148 2279 1403 2334 ordinem
1420 2287 1646 2335 servant
1661 2280 2011 2347 historicum;

414 2368 565 2441 quod
600 2367 648 2424 si
677 2366 946 2434 facerent,
980 2384 1092 2423 non
1115 2369 1237 2439 jam
1263 2374 1520 2439 mystica,
1547 2370 1645 2423 sed
1682 2374 1902 2425 tantum
1932 2369 2015 2423 hi-

414 2456 623 2514 storica
641 2462 848 2512 essent.
881 2457 1044 2523 Hinc,
1069 2457 1117 2512 si
1138 2457 1209 2511 ad
1237 2457 1666 2529 descriptionem
1690 2459 2014 2531 Evangelio-

410 2561 540 2608 rum
569 2546 932 2612 recurrimus,
965 2545 1239 2619 prapheta
1269 2564 1328 2602 se
1355 2547 1624 2602 animalia
1660 2548 1862 2604 vidisse
1912 2548 2012 2603 de-

414 2633 684 2703 scribens,
717 2635 971 2691 ordinem
990 2635 1248 2702 servavit,
1280 2636 1376 2708 qui
1408 2637 1670 2692 Matthmo
1701 2638 2010 2693 humanam

413 2724 611 2779 faciem
643 2724 906 2781 habuisse
948 2730 1174 2793 narrat;
1208 2726 1341 2797 quia
1367 2726 1486 2797 ipse
1525 2728 1770 2798 primum
1799 2728 1869 2783 de
1898 2729 2008 2784 hu-

410 2813 685 2869 manitate
709 2813 919 2870 Christi
946 2831 1176 2870 exorsus
1205 2821 1291 2869 est
1316 2815 1578 2871 scribere.
1604 2818 1790 2872 Marco
1819 2822 2010 2873 autem

413 2902 594 2958 leonis
622 2902 803 2959 forma
831 2903 1120 2971 tribuitur,
1148 2904 1452 2959 secundum
1487 2906 1635 2976 quod
1669 2922 1703 2959 a
1743 2907 2006 2971 clamore,

411 3007 478 3046 ac
515 2992 564 3046 si
613 2990 700 3047 leo
743 2992 800 3047 in
847 2992 1069 3047 deserto
1097 2993 1344 3063 rugiens,
1387 2995 1574 3064 cepit.
1620 2995 1842 3049 Tertius
1880 3011 2010 3050 vero

2100 1842 2248 1891 sunt.
2273 1837 2435 1903 Quia,
2454 1837 2501 1891 si
2527 1836 2781 1908 requiras
2802 1835 2935 1907 quid
2954 1834 3252 1890 Mattheus
3271 1833 3339 1887 de
3356 1830 3659 1888 incarnatio-

2099 1942 2169 1980 ne
2189 1926 2413 1990 sentiat,
2438 1926 2543 1981 hoc
2570 1926 2839 1979 nimirum
2870 1924 3045 1979 sentit
3065 1922 3213 1995 quod
3234 1924 3467 1988 Marcus,
3481 1922 3654 1986 Lucas,

2100 2021 2156 2068 et
2183 2016 2427 2069 Joannes
2469 2033 2481 2067 :
2513 2015 2560 2070 si
2596 2031 2813 2086 quaeras
2862 2014 2995 2086 quid
3032 2014 3298 2079 Joannes,
3345 2012 3446 2066 hoc
3491 2007 3657 2082 procul

2098 2103 2267 2158 dubio
2288 2105 2434 2176 quod
2464 2111 2522 2159 et
2548 2104 2644 2158 alii
2671 2110 2787 2158 tres
2814 2102 3105 2170 similiter;
3150 2109 3209 2157 et
3238 2104 3285 2156 si
3322 2118 3527 2173 quieras
3547 2096 3661 2169 quid

2099 2194 2322 2248 Marcus
2342 2194 2549 2248 sentiat
2568 2193 2595 2246 ‘?
2613 2194 2761 2264 quod
2797 2193 3116 2259 Matthaeus,
3142 2193 3319 2247 Lucas
3350 2196 3407 2245 et
3422 2190 3655 2253 Joannes;

2098 2288 2155 2336 et
2175 2282 2222 2336 si
2253 2300 2473 2353 quaeras
2504 2283 2636 2355 quid
2672 2282 2885 2341 Lucas?
2914 2282 3109 2353 utique
3129 2282 3235 2336 hoc
3253 2281 3399 2352 quod
3428 2280 3661 2341 Joannes,

2096 2372 2395 2427 Matthseus
2431 2378 2488 2427 et
2525 2373 2742 2427 Marcus
2771 2371 3038 2425 sentiunt.
3064 2371 3213 2435 Quia
3241 2386 3429 2425 earum
3450 2384 3551 2422 una
3570 2381 3657 2420 no-

2093 2461 2221 2515 titia
2252 2461 2382 2515 fidei
2412 2467 2517 2523 est,
2550 2478 2660 2532 qua
2689 2466 3102 2532 cognoscuntur
3132 2478 3168 2515 a
3198 2461 3338 2526 Deo;
3370 2476 3432 2513 ac
3456 2474 3547 2529 per
3570 2456 3657 2511 hoc

2096 2550 2220 2621 ipsa
2240 2556 2327 2605 est
2351 2551 2408 2605 in
2443 2567 2554 2606 uno
2583 2550 2751 2605 facies
2781 2550 2912 2604 ﬁdei
2944 2550 3026 2603 vel
3055 2550 3325 2621 cognitio,
3348 2564 3464 2619 quae
3501 2551 3577 2600 est
3599 2543 3659 2599 si-

2097 2640 2214 2695 mul
2243 2647 2300 2694 et
2328 2641 2385 2695 in
2408 2646 2668 2712 quatuor.
2703 2640 2836 2705 Quae
2863 2656 2992 2694 cum
3019 2639 3100 2694 ita
3115 2639 3251 2705 sint,
3286 2634 3598 2698 charissimi,
3610 2633 3659 2687 in

2094 2730 2198 2784 hoc
2243 2730 2363 2785 loco
2407 2730 2455 2783 si
2481 2729 2653 2784 alium
2684 2730 2937 2784 ordinem
2986 2745 3213 2801 sequar,
3259 2732 3482 2801 pr0pter
3514 2736 3659 2796 quem

2092 2819 2271 2873 nostri
2298 2819 2448 2873 inter
2466 2837 2525 2874 se
2555 2818 2772 2874 variant
2796 2818 3070 2883 doctores,
3085 2835 3254 2874 nemo
3277 2835 3367 2872 me
3386 2813 3660 2887 reprehen-

2093 2908 2192 2963 dat
2237 2913 2470 2973 temere,
2506 2909 2771 2980 quoniam
2822 2925 2925 2962 nec
2963 2907 3199 2963 Joannis
3228 2906 3492 2968 ordinem,
3534 2901 3660 2956 sicut

2095 2997 2322 3068 quidam
2354 2998 2624 3062 fecerunt,
2658 3015 2759 3052 nec
2788 2997 3088 3052 Ezechielis
3112 2996 3450 3069 impugnare
3477 3007 3657 3063 cogno-

411 3079 593 3136 Lucas
620 3080 863 3152 speciem
893 3078 1065 3147 bovis,
1099 3098 1197 3135 seu
1225 3082 1383 3137 vituli
1410 3089 1614 3153 gestat,
1657 3084 1790 3155 quia
1817 3084 1938 3155 ipse
1975 3091 2067 3151 ac
2092 3103 2235 3150 scor,
2251 3088 2395 3142 sicut
2419 3105 2519 3142 nec
2544 3088 2650 3159 ipsi
2674 3087 2778 3141 sibi
2804 3088 2973 3142 etiam
2998 3087 3053 3140 in
3070 3086 3294 3141 diversa
3327 3082 3528 3139 ordinis
3549 3095 3658 3135 nar-

411 3168 725 3226 sacerdotio
780 3185 946 3224 suum
998 3169 1365 3241 Evangelium
1403 3171 1704 3227 inchoavit.
1756 3174 2001 3232 Joannes

408 3274 631 3331 quoque
671 3256 731 3312 in
778 3257 977 3329 aquilae
1016 3258 1384 3314 similitudine
1416 3262 1712 3331 ﬁguratur,
1752 3280 1819 3318 eo
1851 3263 2001 3333 quod

408 3346 581 3403 altius
615 3348 966 3403 transvolans
1010 3347 1292 3415 universa,
1342 3350 1414 3404 ad
1462 3350 1814 3406 divinitatem
1848 3352 2001 3408 verbi

405 3452 586 3509 usque
615 3436 869 3509 pervenit
895 3437 1231 3505 ascendens;
1284 3438 1342 3493 in
1369 3455 1480 3511 qua
1504 3439 1707 3495 clarius
1744 3440 2003 3497 obtutum

406 3526 697 3587 oculorum
722 3526 935 3598 deligit,
963 3532 1020 3583 et
1037 3526 1168 3582 inde
1199 3527 1361 3583 nobis
1388 3528 1579 3583 arcani
1610 3530 1764 3584 verbi
1795 3538 2006 3603 myste-

404 3615 494 3672 ria
536 3615 758 3689 plenius
786 3616 1073 3672 reseravit.
1105 3617 1249 3672 Nam
1286 3623 1344 3672 et
1366 3618 1474 3691 ipsi
1522 3619 1776 3675 doctores
1827 3622 2006 3677 nostri

405 3720 473 3761 ex
500 3704 604 3761 hoc
632 3706 752 3761 loco
775 3704 997 3761 diversa
1010 3706 1282 3773 sentiunt,
1303 3706 1448 3763 sicut
1467 3712 1523 3762 et
1540 3707 1756 3763 diverse
1778 3717 2008 3765 narrata

403 3793 673 3867 leguntur
701 3814 713 3851 :
750 3794 899 3867 quod
924 3794 983 3850 in
1008 3796 1168 3851 leone
1195 3797 1506 3863 Mattbaeus,
1528 3797 1587 3851 in
1618 3798 1842 3853 homine
1863 3800 2007 3854 Mar-

404 3900 502 3942 cus
526 3885 678 3941 visus
698 3884 789 3940 sit.
825 3884 954 3952 Sed,
981 3884 1029 3940 si
1061 3886 1133 3941 ad
1161 3886 1635 3958 dispensationem
1662 3888 2003 3960 Redempto-

403 3973 484 4039 ris
503 3974 680 4030 nostri
706 3974 913 4029 mentis
941 3975 1165 4030 oculum
1191 3975 1509 4046 deligimus,
1531 3993 1700 4047 quam
1719 3977 2005 4050 dispensa-

402 4062 613 4119 tionem
637 4063 834 4118 eadem
859 4062 1127 4117 animalia
1148 4071 1431 4135 peractam
1451 4066 1867 4132 declarant,nec
1882 4067 1999 4138 ipse

404 4152 681 4223 propheta
720 4152 974 4207 ordinem
1020 4152 1224 4218 tenuit,
1276 4153 1372 4224 qui
1419 4156 1663 4210 secundo
1715 4157 1835 4212 loco
1891 4157 2001 4212 leo-

403 4255 534 4294 nem
566 4239 790 4311 posuit;
822 4256 950 4294 cum
997 4240 1147 4295 idem
1192 4240 1535 4313 Redemptor
1585 4252 1775 4298 noster
1831 4253 1999 4300 natus

403 4333 471 4383 ut
510 4327 697 4391 homo,
740 4328 897 4399 prius
922 4328 1097 4383 fuerit
1120 4334 1182 4382 ut
1214 4330 1419 4384 vitulus
1449 4332 1790 4398 immolatus,
1828 4352 1997 4405 quam

2084 3175 2300 3231 ratione
2329 3177 2508 3231 facere
2536 3177 2848 3248 probantur
2880 3195 2891 3230 :
2917 3177 3053 3232 dum
3082 3193 3234 3231 unus
3262 3190 3470 3239 eorum,
3496 3170 3548 3226 id
3566 3172 3656 3235 est:

2084 3265 2354 3335 pr0pheta
2414 3266 2665 3321 Ezechiel
2721 3266 2973 3321 ordinem
3021 3266 3393 3324 demonstrat.
3441 3267 3501 3317 ut
3533 3256 3651 3322 dixi,

2086 3354 2566 3425 Evangelistarum
2585 3358 2748 3427 juxta
2759 3356 2905 3427 quod
2918 3355 3165 3410 ordinati
3201 3360 3334 3410 sunt
3362 3370 3396 3407 a
3423 3348 3654 3411 Domino,

2086 3448 2144 3498 et
2170 3443 2277 3515 ipsi
2303 3446 2753 3518 conscripserunt
2774 3450 2968 3512 390
2988 3445 3292 3513 Evangelia
3307 3439 3659 3512 unusquisque

2088 3532 2143 3587 in
2196 3535 2650 3606 praeﬁguratione
2680 3552 2782 3590 sua
2824 3540 2881 3589 et
2908 3534 3181 3606 qualitate
3222 3530 3493 3605 principii.
3522 3528 3661 3582 Alter

2087 3639 2238 3687 vero,
2289 3624 2346 3678 id
2396 3630 2499 3690 est,
2533 3625 2797 3690 Joannes,
2826 3628 3180 3678 sacramenta
3214 3640 3337 3696 quae
3374 3621 3431 3675 in
3462 3615 3659 3674 Christo

2090 3714 2449 3784 praeﬁgurata
2501 3719 2634 3768 sunt
2691 3720 2745 3769 ct
2793 3714 3031 3785 expleta,
3066 3711 3257 3784 potius
3286 3707 3651 3784 persequitur:

2088 3803 2221 3873 quia
2245 3804 2501 3858 Christus
2536 3804 2655 3875 ipse
2685 3804 2770 3859 leo
2807 3809 2895 3858 est
2922 3802 3018 3875 qui
3066 3818 3301 3857 securus
3332 3797 3579 3856 dormivit
3610 3792 3659 3846 in

2087 3892 2363 3961 passione.
2382 3893 2541 3948 Unde
2563 3893 2734 3948 Jacob
2763 3893 2845 3948 ait
2863 3893 2932 3947 de
2952 3893 2980 3947 J
2987 3891 3096 3947 uda
3109 3892 3167 3946 in
3190 3906 3431 3963 persona
3451 3881 3652 3943 Christi:

2085 3980 2231 4044 Quia
2249 3983 2551 4036 occubuisti
2572 3988 2632 4036 ut
2663 3986 2761 4047 leo,
2785 3989 2835 4037 et
2857 3985 2982 4053 quis
3003 3983 3298 4036 suscitabit
3330 3983 3496 4035 eum?
3524 3974 3654 4037 ιϐεηο

2083 4085 2232 4133 xux,
2262 4070 2336 4135 9).
2362 4072 2487 4142 Ipse
2504 4072 2671 4126 homo
2690 4078 2750 4126 et
2777 4072 3002 4135 vitulus,
3034 4070 3154 4142 ipse
3180 4077 3241 4125 et
3261 4071 3319 4124 in
3348 4067 3532 4139 aquila
3543 4065 3656 4134 jure

2082 4160 2490 4231 preﬁguratur.
2525 4162 2633 4217 Sed
2664 4162 2883 4216 leonem
2913 4161 3158 4216 Joannes
3188 4160 3439 4231 primum
3467 4166 3653 4227 ponere

2083 4251 2301 4317 maluit,
2335 4252 2468 4322 quia
2494 4258 2908 4306 sacramentum
2947 4249 3379 4305 resurrectionis
3407 4248 3525 4318 ejus
3544 4245 3651 4312 jam

2081 4340 2438 4396 credentibus
2459 4328 2727 4406 scribens,
2753 4340 2958 4395 rectius
2977 4340 3131 4411 prius
3138 4337 3415 4409 judicavit
3432 4333 3656 4390 declara-

402 4422 469 4473 ut
528 4416 618 4471 leo
676 4433 712 4471 a
768 4416 1007 4472 mortuis
1061 4417 1381 4472 suscitatus.
1439 4420 1743 4491 Propterea
1808 4423 1997 4477 videa-
2016 4416 2064 4474 D
2083 4445 2143 4483 re
2167 4446 2269 4501 per
2296 4431 2440 4501 quod
2462 4431 2701 4485 maxime
2717 4428 3227 4489 munduscredidit,
3250 4444 3416 4499 quam
3434 4420 3655 4479 hominis

401 4521 529 4562 mus
573 4523 744 4578 quam
791 4506 861 4561 ob
909 4522 1140 4562 causam
1197 4523 1393 4562 eorum
1441 4509 1578 4563 ordo
1630 4518 1998 4582 praepostere-

399 4602 515 4662 tur,
568 4612 694 4651 cum
728 4595 859 4661 sint,
893 4602 958 4652 ut
1000 4596 1213 4651 dictum
1251 4602 1355 4658 est,
1413 4604 1656 4671 quatuor
1682 4601 1849 4655 facies
1879 4601 1994 4672 uni,

400 4689 458 4740 et
510 4689 754 4756 quatuor
808 4701 1005 4757 pennae
1069 4685 1185 4740 uni.
1235 4685 1340 4741 Ubi
1401 4693 1661 4758 patenter
1724 4689 1995 4746 nimirum

401 4777 594 4840 889
616 4773 1099 4844 Evangelistarum
1144 4774 1565 4832 demonstratur
1609 4780 1909 4835 concordia
1939 4786 1996 4837 et

398 4862 587 4917 unitas
619 4861 903 4933 Evangelii
922 4863 1023 4918 Dei
1055 4883 1067 4917 :
1104 4865 1392 4935 quodlibet
1420 4884 1617 4922 eorum
1647 4874 1705 4923 et
1734 4887 1899 4924 suam
1938 4876 1996 4926 et

395 4951 568 5007 trium
597 4950 847 5024 possidet
871 4951 1131 5020 formam,
1164 4953 1242 5008 ita
1269 4960 1333 5008 ut
1358 4954 1415 5009 in
1445 4973 1558 5011 uno
1586 4957 1716 5023 tria,
1747 4965 1915 5030 atque
1935 4959 1994 5014 in

393 5040 575 5096 tribus
601 5057 774 5097 unum
802 5040 1137 5097 inveniatur.
1172 5042 1332 5107 Quod
1362 5044 1409 5099 si
1438 5044 1495 5101 in
1527 5062 1866 5119 unoquoque
1897 5065 1994 5103 eo-

395 5146 523 5185 rum
567 5130 678 5186 tria
722 5131 1088 5186 inveniuntur
1126 5132 1411 5199 animalia,
1458 5136 1747 5206 quodlibet
1787 5138 1989 5193 horum

395 5218 641 5291 primum
662 5226 766 5288 est,
792 5236 894 5275 nec
923 5220 1086 5276 alteri
1115 5221 1343 5276 cuilibet
1383 5225 1660 5294 posterius
1684 5245 1697 5295 ;
1722 5227 1988 5298 quoniam

391 5308 741 5379 singulorum
762 5309 1013 5364 omnium
1031 5316 1273 5382 quatuor
1290 5312 1457 5367 facies
1482 5321 1569 5368 est
1588 5332 1719 5379 una,
1744 5317 1910 5371 sicuti
1931 5323 1988 5372 et

391 5394 490 5450 uni
516 5395 765 5468 ipsorum
793 5398 959 5452 simul
982 5405 1240 5470 quatuor.
1262 5401 1405 5464 Quia
1427 5402 1681 5458 Christus
1697 5406 1862 5460 homo
1881 5407 1988 5461 fuit

391 5501 555 5558 quem
581 5485 749 5541 simul
780 5486 1084 5556 praedicant
1112 5505 1335 5557 omnes;
1365 5496 1421 5544 et
1450 5491 1536 5545 leo
1566 5502 1796 5564 propter
1824 5513 1984 5551 suam

2081 4533 2181 4573 seu
2204 4519 2361 4573 vituli
2374 4536 2666 4591 personam
2710 4519 2854 4584 Quia
2878 4535 2988 4573 non
3009 4517 3134 4573 ideo
3151 4533 3349 4572 omnes
3358 4508 3656 4587 generatio-

2080 4624 2180 4662 nes
2200 4608 2258 4662 in
2286 4625 2415 4664 eum
2432 4609 2790 4663 crediderunt
2805 4608 2939 4680 quia
2955 4608 3122 4662 homo
3144 4612 3312 4662 natus
3330 4604 3485 4660 estin
3504 4613 3655 4655 mun-

2079 4696 2170 4762 do,
2204 4713 2385 4767 neque
2416 4696 2547 4766 quia
2576 4696 2898 4750 immolatus
2936 4701 3022 4751 est
3049 4701 3113 4749 ut
3150 4695 3380 4760 vitulus,
3413 4690 3510 4748 sed
3538 4684 3655 4759 quia

2077 4790 2204 4855 post
2222 4791 2462 4838 mortem
2486 4785 2657 4839 victor
2681 4785 2989 4840 resurrexit
3012 4790 3075 4839 ut
3103 4784 3210 4850 leo,
3247 4785 3367 4855 ipse
3394 4798 3453 4837 se
3482 4790 3654 4834 resus-

2077 4873 2278 4939 citans,
2310 4873 2456 4928 sicut
2480 4874 2699 4947 Moyses
2736 4875 3036 4946 scripserat
3063 4872 3236 4929 Jacob
3264 4872 3398 4927 olim
3428 4864 3653 4942 prophe-

2075 4967 2245 5017 tasse.
2284 4961 2441 5018 Alias
2488 4970 2698 5029 autem,
2753 4964 2801 5019 si
2844 4962 3195 5020 solummodo
3225 4968 3393 5019 natus
3424 4962 3565 5013 esset
3596 4956 3652 5007 ut

2076 5052 2260 5116 homo,
2291 5057 2349 5107 et
2375 5069 2595 5124 passus,
2619 5060 2677 5109 et
2705 5070 2817 5109 non
2850 5053 3216 5109 resuscitatus
3246 5049 3647 5125 praedicaretur,

2072 5140 2196 5214 quis
2227 5141 2285 5197 in
2311 5159 2439 5197 eum
2465 5143 2763 5199 crederet?
2790 5143 3145 5215 Quapropter
3164 5143 3408 5197 Joannes
3420 5136 3649 5211 primum

2071 5231 2306 5286 solerter
2333 5232 2470 5287 satis
2512 5232 2572 5287 in
2610 5239 2961 5287 sacramento
2988 5229 3417 5287 resurrectionis
3454 5216 3649 5281 Christi

2069 5320 2287 5375 leonem
2328 5320 2547 5393 posuit:
2593 5322 2724 5392 quia
2753 5339 2853 5395 per
2896 5322 2952 5377 id
3006 5321 3155 5394 quod
3187 5326 3441 5375 mortuus
3471 5326 3647 5369 resur-

2069 5410 2228 5474 rexit,
2264 5410 2319 5464 in
2353 5427 2413 5464 sc
2440 5411 2711 5465 mundum
2743 5412 2970 5466 credere
3001 5410 3288 5482 compulit.
3323 5406 3530 5463 Idcirco
3546 5402 3648 5455 leo-

2067 5514 2195 5553 nem
2220 5505 2350 5555 ante
2381 5502 2584 5572 posuit.
2614 5499 2775 5555 Nam.
2811 5501 2915 5555 etsi
2944 5500 3160 5572 primus
3190 5505 3275 5554 est
3303 5498 3470 5552 homo
3489 5494 3546 5548 in
3569 5504 3647 5543 or-

394 5574 654 5629 eximiam
677 5573 1083 5644 fortitudinem,
1118 5577 1253 5648 quia
1276 5579 1523 5634 moriens
1554 5588 1795 5639 mortem
1824 5585 1982 5639 devi-
2064 5587 2213 5656 dine,
2249 5605 2349 5645 seu
2369 5589 2597 5657 vitulus,
2628 5597 2819 5647 tamen
2844 5590 3001 5663 prior
3028 5595 3114 5645 est
3141 5589 3203 5645 in
3228 5588 3436 5644 virtute
3462 5583 3564 5648 leo,
3592 5581 3644 5632 et
