3918 6176
264 288 353 348 337
1020 288 1397 346 EXPOSITIO
1437 290 1514 346 IN
1552 287 2004 345 MATTHEUM.
2046 317 2113 331 —
2150 289 2287 345 LIB.
2330 289 2397 355 V,
2440 287 2579 344 CAP
2614 288 2766 344 VIII.
3418 290 3523 352 338

260 416 313 470 in
343 414 675 470 fortitudine
704 431 807 470 sua
834 415 1104 470 Christus.
1126 416 1271 470 Hinc
1301 415 1508 469 Paulus
1538 413 1724 469 aiebat
1764 413 1846 468 di-
1864 417 1914 475 A
1932 413 2091 478 Quod
2121 413 2169 468 si
2189 430 2278 468 me
2301 414 2596 486 quisquam
2614 415 2753 470 adeo
2773 416 2923 470 ultra
2942 415 3241 488 praefecere
3261 416 3522 485 voluerit,

261 521 384 559 cens
418 524 429 558 :
466 505 532 558 Et
560 508 610 558 si
636 521 962 559 noveramus
984 506 1267 561 Christum
1284 506 1583 559 secundum
1600 520 1844 569 carnem,
1930 503 1987 556 id
2017 520 2088 557 ne
2121 503 2359 557 audeam
2389 503 2736 573 ineloquens,
2770 522 2834 558 ac
2880 505 2926 559 si
2976 506 3228 560 omnium
3258 506 3527 562 vitiorum

260 595 342 647 sed
357 598 481 663 jam
513 610 625 648 non
656 598 907 649 norimus
946 594 1028 663 (II
1055 598 1174 649 (lor.
1208 612 1261 654 v,
1305 593 1401 660 l6),
1426 610 1491 647 ac
1518 594 1565 647 si
1595 592 1718 646 aliis
1734 608 1851 646 ver-
1931 591 2194 646 illuvione
2224 609 2533 663 respersus,
2594 594 2900 664 conspiciat
2950 594 3233 666 leprosum
3281 595 3528 667 primum

260 682 338 735 bis
366 681 719 749 diceret,non
735 684 855 754 jam
876 683 936 738 in
955 682 1291 738 animalibus
1310 683 1592 737 hominem
1614 680 1850 735 moritu-
1933 680 1993 735 in
2026 682 2129 734 hoc
2158 698 2324 753 opere
2354 688 2759 743 occurrentem.
2798 682 2856 737 in
2895 700 3004 753 quo
3030 689 3087 737 et
3113 700 3240 739 cum
3287 700 3398 756 quo
3439 700 3529 740 me

259 787 402 837 rum,
435 772 535 825 sed
583 773 801 827 leonem
848 778 975 844 post
1004 778 1240 826 mortem
1288 771 1629 826 attendimus
1668 787 1855 825 resur-
1934 770 2245 824 sanandum
2289 772 2526 826 conﬁdo.
2577 775 2865 825 intueatur
2905 772 3155 827 omnium
3203 773 3530 829 morborum

260 861 468 916 rexisse
497 861 556 916 in
608 867 880 917 aeternum
921 863 1217 918 victurum.
1264 861 1463 932 Sicque
1514 861 1618 915 hoc
1666 860 1849 924 modo,
1933 877 2163 931 genera,
2198 866 2254 914 et
2272 860 2444 913 solius
2465 858 2687 914 Domini
2714 861 3058 916 voluntatem
3091 879 3303 917 mecum
3332 863 3531 919 salutis

261 956 537 1022 quantum
566 950 704 1005 mihi
730 951 965 1016 videtur,
983 957 1040 1006 et
1058 950 1541 1022 Evangelistarum
1557 950 1693 1005 ordo
1708 954 1855 1004 recte
1937 967 2164 1005 causam
2182 949 2680 1020 imploret.Audiat
2694 967 2825 1020 ergo
2838 951 3138 1005 Dominum
3155 952 3532 1023 imperantem

261 1045 535 1101 servatur,
573 1045 636 1093 ut
674 1040 1020 1112 praemissum
1052 1047 1155 1107 est,
1189 1048 1246 1095 et
1274 1042 1391 1095 haec
1437 1038 1855 1111 prmposteratio
1938 1040 1985 1094 si
2008 1044 2227 1093 mutum
2250 1053 2339 1090 me
2356 1036 2553 1102 credit,
2573 1036 2628 1090 in
2652 1037 3311 1109 Evangelio,Ephphetha
3328 1043 3526 1105 (Marc.

260 1129 625 1194 narrationis,
658 1145 782 1201 quae
812 1129 957 1183 facta
977 1136 1061 1185 est
1089 1130 1147 1184 in
1177 1129 1511 1202 Apocalypsi
1554 1144 1589 1183 a
1618 1129 1850 1193 Joanne,
1937 1143 2034 1193 vn,
2070 1125 2181 1197 34),
2218 1125 2362 1198 quod
2422 1131 2524 1189 est,
2578 1126 2890 1197 adaperire.
2941 1128 3007 1182 Et
3052 1129 3188 1199 quia
3233 1130 3302 1184 de
3359 1130 3533 1185 saliva

260 1235 370 1273 non
404 1218 618 1289 absque
642 1234 849 1289 magno
878 1220 1147 1291 mysterio
1172 1224 1276 1277 est.
1303 1219 1411 1273 Sed
1441 1224 1630 1273 utrum
1664 1223 1859 1272 nostra

258 1307 536 1381 praefatio,
569 1308 721 1361 salva
752 1308 1084 1363 auctoritate
1123 1309 1370 1380 priorum
1418 1309 1668 1362 Patrum.
1700 1306 1857 1361 debi-

258 1403 374 1453 tam
404 1396 645 1451 rationis
663 1398 1118 1468 consequentiam
1140 1404 1339 1463 servet,
1358 1403 1473 1451 tam
1491 1402 1672 1452 vestro
1688 1413 1857 1468 quam

257 1487 502 1542 fratrum
535 1502 788 1541 meorum
821 1486 1083 1551 examini,
1124 1486 1327 1558 quibus
1355 1486 1611 1541 laborare
1642 1487 1852 1552 videor,

256 1575 609 1647 derelinquo.
644 1575 788 1641 Quia
815 1582 933 1630 tam
962 1575 1021 1630 in
1052 1577 1153 1630 hac
1181 1576 1479 1640 sententia,
1516 1592 1683 1646 quam
1713 1581 1771 1629 et
1800 1575 1857 1629 in

257 1665 413 1721 omni
436 1681 605 1737 opere
637 1664 766 1731 isto,
788 1665 835 1719 si
845 1671 1031 1720 vestro
1050 1670 1417 1736 utrorumque
1428 1664 1639 1734 judicio
1659 1680 1857 1735 appro-

1940 1219 2053 1274 oris
2082 1218 2204 1288 ejus
2232 1217 2366 1270 olim
2397 1215 2581 1269 infans
2609 1215 2849 1286 gustavi,
2881 1232 3074 1271 verum
3110 1218 3264 1290 loqui
3289 1220 3411 1289 jam
3441 1235 3532 1274 se-

1940 1324 2045 1362 nex
2069 1312 2297 1375 rogatus
2319 1322 2353 1359 a
2376 1303 2529 1358 vobis
2550 1320 2661 1359 non
2683 1304 2969 1360 erubesco.
2999 1306 3235 1361 Prorsus
3272 1308 3403 1379 quia
3444 1308 3534 1364 di-

1937 1397 2085 1464 gitos
2106 1397 2227 1465 ejus
2258 1395 2396 1448 meis
2416 1395 2473 1448 in
2503 1393 2733 1448 auribus
2761 1394 2915 1449 intus
2943 1395 3141 1461 sentio,
3176 1394 3380 1451 idcirco
3411 1413 3533 1469 qua

1939 1486 2108 1539 audio
2137 1484 2410 1548 mihimet,
2448 1489 2505 1539 et
2535 1482 2676 1538 meis
2704 1488 2891 1538 tacere
2923 1500 3036 1539 non
3062 1484 3256 1540 debeo.
3298 1485 3457 1541 Unde
3478 1491 3537 1547 et

1939 1575 1988 1629 si
2001 1575 2119 1645 ipse
2141 1573 2578 1645 benignissimus
2590 1574 2618 1627 J
2624 1590 2751 1627 esus
2764 1573 2902 1627 mihi
2919 1573 3241 1645 prazciperet
3263 1590 3333 1630 ne
3347 1574 3537 1646 loque-

1938 1681 2048 1729 rer,
2074 1663 2209 1717 satis
2239 1680 2329 1717 me
2358 1664 2439 1718 illi
2470 1663 2788 1730 invitarent,
2825 1680 2896 1718 ne
2926 1668 3172 1718 tacerem
3201 1665 3296 1736 qui
3327 1669 3538 1737 quanto

253 1755 445 1820 batus,
474 1760 772 1826 vestraque
818 1754 1079 1809 defensus
1122 1755 1403 1809 sententia
1432 1753 1610 1818 fuero,
1644 1753 1855 1808 nullius
1875 1776 1919 1834 Β
1940 1752 2119 1822 magis
2151 1750 2232 1805 eis
2260 1751 2633 1822 praecipiebat,
2671 1756 2827 1806 tanto
2871 1752 2997 1823 plus
3040 1751 3436 1824 praedicabant,
3481 1758 3540 1809 et

254 1843 599 1899 temeritatis
617 1844 975 1915 supercilium
990 1844 1341 1916 pertimesco;
1360 1860 1540 1915 neque
1560 1842 1858 1915 reprehen-

255 1932 475 1986 sionem
499 1930 810 1985 indebitam
834 1931 1164 1996 formidabo,
1197 1931 1293 2003 qui
1322 1931 1521 1986 talium
1549 1935 1862 1985 tantorum-

256 2038 362 2094 que
385 2021 728 2076 auctoritate
744 2020 927 2075 fulciri
945 2038 1034 2075 me
1059 2037 1388 2092 cognoscam
1410 2025 1467 2075 et
1486 2019 1863 2091 ﬁrmari,quo-

256 2128 382 2166 rum
409 2109 668 2164 doctrina
684 2109 741 2164 in
762 2109 914 2164 omni
939 2110 1175 2164 scientia
1194 2110 1469 2180 Deilonge
1481 2110 1705 2181 lateque
1725 2126 1860 2180 prte-

255 2198 499 2265 dicatur,
530 2203 589 2252 et
614 2197 895 2269 sapientia
924 2198 1115 2269 pollet,
1149 2214 1262 2253 non
1291 2197 1411 2252 dico
1444 2197 1503 2251 in
1532 2196 1699 2251 verbo
1731 2202 1858 2252 tan-

256 2293 407 2354 tum,
435 2303 634 2341 verum
659 2286 830 2340 etiam
862 2289 920 2340 in
961 2287 1112 2340 omni
1159 2291 1338 2352 39]
1388 2302 1555 2357 opere
1598 2286 1741 2340 bono
1776 2291 1862 2340 at-

258 2394 365 2450 que
397 2375 702 2448 disciplina
728 2375 1017 2430 virtutum.
1051 2376 1178 2440 Qui,
1221 2376 1491 2446 quidquid
1520 2374 1578 2429 in
1607 2374 1865 2429 doctrina

258 2465 539 2520 didicistis
560 2464 895 2535 locupletius
915 2464 1074 2518 factis
1094 2465 1386 2529 exhibetis,
1411 2464 1490 2518 ita
1517 2469 1582 2518 ut
1608 2463 1863 2519 Christus

257 2554 470 2626 ubique
499 2554 846 2625 gloriﬁcetur
872 2553 930 2607 in
960 2552 1130 2612 vobis.
1168 2554 1312 2607 Hinc
1331 2569 1420 2607 me
1441 2569 1555 2607 non
1582 2552 1864 2607 immerito

260 2643 481 2699 felicem
517 2660 738 2709 censeo,
770 2643 817 2697 si
846 2642 1059 2714 aliquid
1079 2642 1312 2713 dignum
1329 2641 1486 2697 vobis
1502 2642 1558 2696 in
1582 2643 1686 2696 hoc
1697 2658 1865 2714 opere

261 2750 435 2789 senex
450 2732 907 2799 edidero,saltem
926 2732 1073 2803 quod
1083 2732 1349 2802 prodesse
1367 2737 1534 2803 queat
1541 2731 1861 2802 juvenibus,
1901 2753 1913 2765 ι

259 2823 329 2877 ad
350 2822 805 2877 emolumentum
837 2821 1122 2889 doctrinae,
1155 2827 1213 2875 et
1238 2821 1306 2875 ad
1337 2820 1587 2874 studium
1615 2820 1860 2892 pietatis.

1946 1858 2010 1897 eo
2035 1842 2278 1913 amplius
2310 1841 2739 1895 admirabantur
2765 1841 3017 1896 dicentes
3040 1859 3051 1895 :
3088 1844 3223 1896 Bene
3248 1846 3440 1898 omnia
3462 1845 3541 1913 fe-

1945 1935 2037 1996 cit,
2071 1936 2205 2000 quia
2246 1932 2441 1985 surdos
2460 1933 2587 1997 fecit
2622 1931 2842 1995 audire,
2869 1934 2919 1984 et
2948 1934 3127 1984 mutos
3156 1933 3309 1999 loqui
3338 1932 3534 1997 (Marc.

1941 2034 2037 2083 vn,
2073 2018 2176 2081 37).
2210 2019 2375 2083 Hinc,
2407 2035 2614 2089 quaeso,
2654 2035 2820 2073 nemo
2848 2017 2986 2073 mihi
3015 2018 3284 2073 molestus
3313 2018 3403 2086 sit,
3438 2035 3540 2075 ne-

1943 2127 2035 2164 mo
2065 2126 2154 2162 me
2183 2107 2830 2179 reprehendat,si392
2850 2109 3077 2180 loquar;
3100 2124 3171 2163 ne
3197 2108 3339 2163 forte
3352 2108 3539 2166 videa—

1945 2207 2040 2253 tur
2060 2197 2266 2252 Christi
2297 2196 2558 2268 eperibus
2579 2197 2853 2267 ingratus,
2881 2197 2977 2269 qui
3008 2196 3153 2253 bono
3172 2213 3295 2264 suo,
3329 2202 3387 2252 et
3412 2215 3540 2255 sur-

1945 2287 2031 2341 dis
2058 2292 2287 2358 praestat
2306 2287 2502 2341 audire
2525 2292 2878 2345 sacramenta
2904 2287 3048 2354 vitae,
3083 2292 3140 2342 et
3162 2287 3334 2342 mutis
3363 2287 3538 2360 loqui,

1946 2393 2057 2447 quo
2079 2376 2295 2447 possint
2316 2392 2547 2430 narrare
2563 2376 2851 2446 magnalia
2871 2377 2992 2431 Dei.
3022 2377 3102 2431 De
3119 2382 3320 2431 caatero
3342 2391 3543 2448 precor

1945 2465 2210 2519 lectorem
2232 2480 2419 2519 meum
2441 2482 2510 2519 ne
2537 2482 2828 2536 processus
2847 2466 3123 2521 sermonis
3148 2465 3235 2520 vix
3259 2465 3542 2521 sufﬁciens

1948 2554 2203 2609 sensibus
2250 2554 2687 2625 Scripturarum,
2732 2555 3024 2609 fastidiosa
3071 2561 3365 2610 censeatur
3409 2571 3541 2626 pro-

1949 2643 2388 2715 lixitas,quando
2409 2660 2521 2698 non
2550 2644 2730 2698 oratio
2759 2649 2952 2698 nostra
2969 2643 3151 2697 verbis
3167 2644 3265 2699 sed
3285 2643 3542 2700 sensibus

1948 2733 2235 2788 dilatatur.
2269 2734 2424 2789 Licet
2452 2733 2600 2788 enim
2630 2732 2910 2805 plerisque
2937 2733 3249 2805 legentium
3274 2734 3399 2805 plus
3419 2735 3541 2806 pla-

1947 2829 2071 2876 ceat
2089 2824 2296 2878 sterilis
2325 2822 2565 2878 brevitas
2591 2823 2894 2888 interdum,
2914 2839 3082 2895 quam
3104 2822 3258 2878 utilis
3280 2823 3542 2896 explana-

262 2910 962 2982 Quoniam,sicutquidam
978 2909 1865 2976 ait,utadolescentibusbonain-
1945 2911 2161 2967 tionum
2190 2913 2506 2984 prolixitas;
2549 2918 2741 2967 tamen
2779 2912 3111 2984 locupletior
3154 2929 3351 2968 sensus
3410 2914 3541 2984 jure

257 3002 385 3056 dole
404 3000 664 3073 praeditis
684 3000 968 3072 sapientes
1000 3017 1162 3055 senes
1190 3000 1558 3065 delectantur,
1578 3000 1862 3070 leviorque
1892 3069 1922 3074 ι
1948 3002 2213 3056 studiosis
2242 3004 2369 3073 plus
2386 3007 2618 3061 praestat
2637 3019 2808 3074 quam
2827 3009 3210 3058 commentum
3229 3001 3542 3059 brevitatis.

258 3093 321 3145 ﬁt
344 3069 616 3145 senectus
646 3069 842 3144 eorum
873 3090 966 3161 qui
995 3106 1028 3143 a
1051 3090 1345 3161 juventute
1370 3089 1631 3144 coluntur
1659 3095 1717 3143 et
1736 3069 1863 3143 dili-
1881 3069 1925 3130 C
1951 3090 2058 3146 Ubi
2088 3108 2188 3145 nos
2217 3069 2319 3146 nec
2352 3069 2693 3164 tropologias
2724 3092 2901 3147 secuti
2941 3109 3137 3148 sumus
3166 3092 3454 3164 Evangelii
3483 3092 3544 3149 in

249 3187 472 3252 guntur
505 3198 521 3235 :
551 3180 633 3234 sic
661 3185 719 3233 et
748 3179 1129 3233 adolescentes
1169 3178 1301 3232 boni
1344 3195 1541 3232 senum
1574 3178 1865 3250 praeceptis

250 3270 529 3341 gaudent,
563 3268 766 3339 quibus
786 3268 856 3322 ad
885 3268 1154 3322 virtutum
1184 3267 1370 3322 studia
1397 3268 1693 3322 ducantur.
1721 3268 1866 3333 Qua-

250 3366 507 3432 propter,
543 3358 879 3420 charissimi,
911 3364 1168 3412 senectus
1190 3374 1316 3411 mea
1336 3374 1448 3411 non
1472 3358 1636 3411 modo
1652 3358 1866 3428 langui-

254 3448 325 3503 da
354 3449 510 3503 circa
542 3464 636 3501 vos
656 3452 713 3501 et
742 3447 889 3501 circa
910 3446 1111 3500 fratres
1151 3463 1308 3500 meos
1333 3462 1453 3500 esse
1469 3446 1691 3513 debuit;
1726 3464 1864 3518 quos

254 3538 552 3593 exhortari
584 3536 751 3591 debui
780 3552 905 3591 cum
935 3552 1254 3607 praeessem,
1285 3552 1467 3606 neque
1494 3536 1866 3602 iners,verum

257 3622 361 3683 nec
390 3628 582 3682 otiosa
602 3626 794 3697 inipso
826 3626 958 3686 otio,
983 3625 1081 3679 sed
1104 3641 1338 3696 operosa
1368 3631 1425 3679 et
1453 3641 1674 3696 semper
1695 3642 1865 3695 agens

258 3717 497 3789 aliquid,
535 3721 594 3769 et
624 3715 858 3769 moliens
897 3712 1028 3779 tale,
1056 3731 1166 3785 quo
1197 3719 1253 3768 et
1280 3714 1395 3768 vita
1425 3714 1700 3769 formetur
1722 3732 1865 3786 prae-

257 3806 535 3871 sentium,
560 3808 618 3859 et
638 3804 955 3875 exemplum
974 3802 1289 3874 praebeatur
1312 3802 1650 3857 futurorum.
1675 3804 1759 3858 Ne
1775 3821 1866 3859 sa-

257 3900 618 3950 cramentum
643 3894 794 3958 salis,
810 3893 939 3946 olim
973 3892 1026 3946 in
1050 3909 1146 3946 ore
1178 3893 1444 3963 puerulus
1477 3893 1626 3964 quod
1653 3893 1860 3966 accepi,

258 3991 571 4039 evacuetur
598 3984 657 4037 in
683 3988 967 4037 senectute
999 3983 1080 4037 vel
1110 3983 1167 4036 in
1199 3984 1373 4037 senio.
1417 3984 1527 4037 Fac
1558 4000 1690 4053 ergo
1715 3984 1864 4055 quod

256 4089 364 4127 nec
384 4080 547 4128 tanta
575 4072 843 4144 praeditus
855 4072 961 4126 sim
982 4073 1409 4137 sanctitate,nec
1429 4079 1586 4127 tanto
1608 4074 1865 4128 conditus

255 4162 554 4233 sapientiae
582 4162 718 4227 sale,
748 4178 850 4216 nec
869 4168 1027 4216 tanta
1049 4162 1301 4217 eruditus
1325 4163 1617 4234 disciplina
1644 4163 1862 4217 littera-

257 4267 415 4319 rum,
434 4258 498 4305 ut
518 4252 593 4305 sit
621 4257 882 4305 senectus
912 4269 1038 4305 mea
1068 4252 1126 4305 in
1152 4252 1529 4306 misericordia
1559 4251 1737 4317 uberi,
1764 4269 1865 4308 nec

253 4346 432 4395 tanta
463 4341 776 4395 illustratus
802 4341 1072 4395 virtutum
1120 4342 1392 4405 claritate,
1418 4358 1527 4412 quo
1547 4341 1749 4412 dignus
1779 4342 1864 4395 vi-

252 4431 402 4486 dear
429 4432 636 4486 talibus
666 4436 724 4486 et
746 4430 815 4486 de
845 4430 1049 4485 talibus
1072 4418 1349 4495 scribere,
1368 4431 1538 4485 vestri
1565 4437 1756 4486 tamen
1777 4438 1863 4487 est

250 4521 457 4576 meriti
472 4521 731 4593 etgratiaa
746 4519 1054 4575 obediendo
1070 4520 1388 4576 immeritus
1401 4520 1547 4591 quod
1559 4536 1855 4591 praesumo,

1949 3180 2357 3251 explanatione,
2375 3197 2475 3234 nec
2501 3181 2766 3252 mysticas
2793 3181 3204 3237 sententiarum
3231 3181 3547 3254 intelligen-

1949 3270 2092 3335 tias;
2126 3270 2224 3323 sed
2251 3270 2604 3324 solummodo
2634 3270 2945 3342 simplicem
2976 3287 3203 3326 sensum
3235 3270 3544 3327 dictionum

1947 3360 2007 3413 in
2027 3359 2199 3425 brevi,
2234 3366 2400 3430 prout
2430 3360 2698 3430 oportuit,
2734 3361 3150 3431 explicavimus.
3197 3358 3409 3416 Idcirco
3440 3361 3545 3416 ha-

1948 3447 2118 3502 beant
2141 3448 2417 3502 fastidiosi
2447 3450 2668 3518 regulas
2693 3450 2943 3503 veritatis
2964 3466 3031 3504 ex
3060 3455 3542 3521 commento,quas

1949 3537 2009 3591 in
2028 3537 2327 3605 Evangelio
2338 3537 2552 3608 primus
2573 3536 2804 3591 dictavit
2814 3537 3117 3592 auctoritas
3135 3536 3290 3609 prior
3308 3538 3543 3593 Patrum

1951 3631 2008 3680 et
2039 3625 2285 3680 efﬁcacia
2314 3626 2536 3692 mentis,
2569 3641 2639 3679 ne
2664 3626 2964 3696 prolixiora
2983 3625 3290 3681 fastidiant.
3317 3624 3547 3683 Studio-

1950 3716 2127 3770 siores
2156 3732 2305 3781 vero,
2330 3732 2537 3787 quaeso,
2569 3715 2874 3786 dignantur
2895 3721 3087 3770 nostra
3105 3716 3314 3786 legere,
3340 3714 3543 3786 quibus

1951 3804 2471 3860 satisfacerervolui
2513 3804 2930 3876 requirentibus
2972 3803 3264 3876 ampliora.
3307 3802 3467 3869 Quod
3493 3804 3544 3860 si
3610 3830 3615 3835 ί

1950 3912 2052 3950 nec
2092 3894 2204 3949 ista
2244 3911 2347 3949 nec
2412 3894 2508 3948 illa
2564 3893 2877 3965 placuerint
2925 3892 3265 3965 quibuslibet
3320 3892 3545 3963 ignavia

1946 3984 2172 4055 pressis,
2204 3984 2395 4054 legant
2421 4000 2541 4055 qua:
2572 3982 2679 4037 sibi
2722 3983 2969 4037 dormitu
2998 3981 3291 4053 somnique
3316 3982 3541 4038 silentio

1948 4076 2171 4142 ﬁngunt
2193 4092 2205 4137 ;
2230 4078 2329 4127 aut
2353 4074 2399 4127 si
2417 4090 2577 4128 secus
2596 4073 2965 4132 delectantur.
2986 4072 3221 4144 siliquas
3240 4088 3537 4144 porcorum

1946 4163 2295 4217 saacularium
2325 4163 2639 4217 litterarum
2667 4162 2850 4216 adhuc
2877 4162 3057 4233 pueri,
3084 4161 3169 4215 vel
3200 4162 3432 4216 cortices
3456 4177 3544 4216 ro-

1946 4252 2281 4306 dant.Nobis
2291 4258 2646 4325 tamen,quos
2659 4252 2879 4306 divinus
2890 4252 3120 4323 spiritus
3134 4251 3541 4323 instituit,praa—

1944 4343 2367 4397 termittendum
2389 4359 2501 4397 non
2532 4342 2655 4409 fuit,
2680 4358 2750 4396 ne
2771 4342 3133 4414 loqueremur
3148 4340 3318 4406 vobis,
3339 4356 3537 4395 aman-

1942 4431 2388 4502 tibus.quidquid
2411 4449 2475 4486 ex
2487 4431 2807 4486 doctoribus
2826 4430 3035 4485 sanctis
3050 4430 3362 4485 confectum
3381 4448 3393 4496 ;
3415 4420 3540 4501 pro-

1942 4520 2102 4574 desse
2121 4521 2416 4588 credidi,et
2435 4520 2883 4592 diligentioribus
2894 4520 3113 4592 placere
3132 4536 3246 4575 non
3266 4518 3537 4574 dubitavi.

1509 4835 1799 4908 LIBER
1859 4835 2303 4922 QUINTUS.

329 5070 492 5135 (CAP.
530 5069 677 5137 VIII)
713 5071 778 5124 In
809 5070 907 5123 illo
946 5073 1199 5138 tempore,
1243 5069 1562 5123 descendens
1596 5071 1750 5123 Jesus
1797 5070 1860 5122 de

245 5163 470 5224 monte,
514 5175 622 5213 ecce
671 5162 912 5226 leproszzs
943 5161 1161 5212 veniens
1200 5160 1453 5212 adoravit
1483 5174 1609 5211 eum
1639 5159 1855 5226 (Matth.

242 5245 465 5315 vnI,'2).
486 5247 627 5312 Quia
646 5247 715 5301 de
736 5252 926 5301 monte
945 5247 1188 5301 Domino
1210 5246 1860 5316 descendente,leprosus

245 5337 427 5407 prior
444 5335 1080 5401 occurrit,festinandum
1104 5337 1282 5401 nobis,
1301 5342 1366 5390 ut
1386 5344 1443 5389 et
1472 5352 1571 5389 nos
1591 5352 1717 5389 cum
1739 5336 1861 5407 ipso

245 5425 656 5497 perveniamus
680 5444 692 5493 ;
728 5425 861 5498 quia
889 5431 946 5479 et
964 5425 1019 5479 in
1065 5426 1161 5480 illo
1186 5426 1413 5489 fuimus,
1439 5425 1571 5480 dum
1602 5442 1704 5496 per
1731 5442 1859 5479 eum

243 5530 448 5585 genus
473 5515 780 5569 humanum
809 5521 865 5569 et
891 5531 1027 5569 cura
1054 5515 1251 5570 salutis
1280 5520 1484 5569 nostrae
1509 5514 1856 5586 designatur.

250 5604 671 5660 Verumtamen
693 5604 822 5660 hinc
832 5604 1078 5677 prudens
1098 5604 1647 5676 lectorintelligat,et
1658 5604 1715 5660 in
1736 5605 1860 5661 aliis

1942 5068 2281 5140 quibuslibet
2322 5071 2502 5124 sancti
2564 5070 2848 5141 Evangelii
2904 5069 3059 5136 locis,
3113 5068 3532 5140 allegoriarum,

1945 5164 2133 5224 393
2163 5161 2373 5230 ﬁguras
2412 5159 2481 5213 de
2511 5160 2746 5214 veritate
2774 5159 2855 5214 rei
2885 5165 3055 5229 gesta:
3091 5158 3229 5213 nihil
3271 5158 3341 5213 ad
3371 5158 3540 5214 ﬁdem

1943 5247 2216 5301 minuere.
2241 5249 2383 5313 Quia
2408 5249 2464 5302 in
2512 5249 2600 5303 his
2640 5249 3056 5320 dispensatione
3080 5248 3267 5303 divina
3294 5248 3378 5304 ita
3405 5255 3538 5305 sunt

1943 5337 2127 5391 omnia
2158 5343 2475 5408 procurata,
2499 5344 2560 5392 ut
2584 5346 2641 5393 et
2681 5340 2819 5393 ﬁdes
2866 5345 3132 5394 nascatur
3151 5356 3216 5393 ex
3243 5339 3532 5404 miraculo,

1944 5431 2001 5480 et
2020 5426 2271 5479 doctrina
2301 5426 2430 5480 ﬁdei
2460 5444 2523 5479 ex
2543 5428 2663 5498 ipso
2690 5428 2995 5498 eodemque
3025 5445 3193 5500 opere
3216 5428 3287 5481 ad
3314 5424 3537 5483 institu-

1943 5515 2153 5597 tionem
2176 5532 2394 5570 morum
2417 5517 2671 5587 proﬁciat
2686 5518 2737 5572 in
2755 5516 3402 5589 mysterio.Quapropter
3416 5511 3536 5568 ubi—
3592 5515 3597 5520 ’

1944 5622 2052 5677 que
2082 5606 2221 5674 loca,
2254 5612 2497 5680 tempus,
2512 5612 2568 5661 et
2597 5608 2936 5675 ordo,atque
2958 5605 3140 5659 omnis
3160 5602 3533 5659 circumstan—

3614 5658 3705 5719 ί-
