3918 6176
422 294 529 356 339
1190 294 1249 350 s.
1289 293 1667 351 PASCHASII
1704 274 2073 350 RADBERTI

2108 290 2412 350 ABBATIS
2450 290 2944 349 CORBEIENSIS.
3023 269 3035 281 ’
3554 297 3644 353 340

423 422 504 477 tia
530 421 779 477 historiae
816 419 1221 475 consideranda
1247 424 1350 487 est,
1379 426 1445 476 ut
1472 426 1529 476 et
1571 421 1777 476 veritas
1812 420 1890 475 rei
1913 419 2229 491 ge-Alius.
2265 420 2410 484 Quid
2440 436 2573 490 ergo
2601 419 2659 473 in
2697 417 2961 473 omnibus
3000 417 3304 487 disciplinis
3341 423 3453 474 tam
3478 421 3646 476 eilicax

426 517 526 566 sta:
555 517 746 582 pateat
765 511 833 564 ad
864 510 1053 576 ﬁdem,
1078 515 1135 564 et
1152 510 1462 582 spiritualis
1478 510 1852 581 intelligentia
1866 510 2017 564 reni-

425 606 545 655 teat
571 600 642 654 ad
680 599 1012 655 doctrinam.
1058 600 1199 653 Hinc
1244 606 1329 654 est
1369 617 1501 654 sane
1532 601 1679 671 quod
1727 600 1783 654 in
1828 605 2019 653 monte

428 689 699 744 excelsius
746 688 1027 760 spiritales
1063 689 1363 760 discipulos
1401 689 1697 761 spiritalia,
1758 689 1917 761 quasi
1948 688 2019 742 ad

427 777 677 832 caelestia
705 777 1005 848 subjectos,
1060 778 1237 834 docet.
1281 779 1554 833 Deorsum
1606 796 1735 833 vero
1787 778 2017 833 descen-

427 866 583 922 denti
628 867 783 938 prior
810 868 1063 939 leprosus
1081 866 1339 921 occurrit.
1373 868 1437 922 In
1478 884 1587 939 quo
1636 867 1902 922 nimirum
1936 868 2020 921 le-

425 973 592 1029 proso
620 956 917 1027 allegorice
932 957 1242 1011 humanum
1274 973 1473 1027 genus,
1502 962 1567 1011 ut
1594 956 1727 1021 dixi,
1759 956 2019 1027 designa-

425 1052 540 1113 tur,
574 1046 706 1117 quia
733 1046 1020 1100 universos
1048 1046 1208 1118 lepra
1235 1046 1532 1100 maculosae
1578 1046 1699 1100 vitae
1735 1063 2019 1117 resperso-

425 1141 547 1199 rat;
570 1141 739 1206 atque
769 1135 894 1190 ideo
915 1135 984 1190 ad
1014 1135 1260 1207 paradisi
1290 1141 1475 1190 castra
1499 1135 1851 1190 commeandi
1879 1135 2020 1190 nulli

422 1241 715 1296 regressus
748 1230 887 1279 erat.
920 1224 1246 1279 Divinarum
1267 1229 1457 1278 autem
1497 1224 1913 1296 Scripturarum
1944 1224 2022 1278 al-

424 1314 655 1385 legoriae
675 1313 1054 1369 usitatissimis
1064 1312 1282 1368 duobus
1296 1314 1683 1385 principaliter
1707 1314 2022 1368 formantur

427 1403 631 1470 modis,
662 1402 829 1457 rebus
866 1402 1142 1469 videlicet,
1190 1407 1360 1473 atque
1387 1402 1601 1470 verbis;
1636 1403 1801 1458 aliter
1827 1409 2019 1457 tamen

428 1492 617 1557 rebus,
642 1490 808 1545 aliter
830 1490 1030 1545 verbis.
1065 1491 1173 1547 Sed
1194 1490 1377 1546 verbis
1400 1509 1522 1563 quae
1545 1494 1626 1556 ﬁt.
1658 1492 2021 1564 proverbialis

429 1580 764 1652 appellatur,
796 1585 853 1635 et
894 1586 1135 1651 quatuor
1168 1582 1521 1652 cognoscitur
1550 1582 1749 1637 modis.
1781 1583 1895 1637 Aut
1923 1599 2024 1655 per

428 1669 858 1726 translationem
902 1669 1113 1725 scilicet
1155 1670 1474 1738 verborum,
1506 1676 1571 1725 ut
1604 1677 1727 1726 est:
1754 1673 2020 1740 Apertum

430 1765 507 1814 est
535 1761 731 1814 emtum
749 1763 796 1811 et
809 1760 1079 1813 descendit
1107 1759 1354 1829 Spiritus
1373 1766 1595 1814 sanctus
1617 1763 1763 1828 (Luc.
1789 1775 1869 1827 Ill,
1902 1759 2015 1831 21);
2034 1741 2083 1802 Β

432 1852 491 1903 et
517 1847 655 1901 illud
682 1865 693 1900 :
741 1848 907 1903 Earini
933 1865 968 1902 α
996 1851 1175 1913 Patre,
1206 1854 1257 1903 et
1285 1852 1411 1903 veni
1438 1852 1501 1903 in
1532 1852 1807 1913 mundum
1837 1853 2019 1917 (Joan.

428 1951 543 2003 va,
574 1935 701 2006 28);
749 1954 871 2008 quae
918 1937 989 1992 ad
1021 1937 1387 1993 insinuandas
1426 1939 1805 2010 metaphorice
1834 1956 2023 1993 rerum

430 2041 630 2081 causas
647 2042 712 2081 ex
733 2026 997 2081 humanis
1027 2025 1272 2081 motibus
1290 2026 1708 2081 transferuntur
1727 2026 1797 2079 ad
1820 2027 2021 2080 Deum.

429 2118 547 2172 Aut
571 2114 878 2170 secundum
927 2113 1203 2185 imagines
1253 2113 1666 2185 parabolarum,
1713 2115 1859 2169 sicut
1894 2119 2022 2168 est:

430 2208 602 2262 Homo
633 2206 864 2275 quidam
884 2205 1229 2259 descendebat
1275 2205 1344 2257 ab
1386 2205 1734 2259 Hierusalem
1780 2206 1842 2257 in
1888 2206 2029 2257 Jeri-

430 2296 545 2362 eho,
578 2300 627 2348 et
662 2295 862 2348 incidit
897 2297 961 2347 in
992 2296 1233 2347 latrones
1264 2294 1406 2357 (Luc.
1438 2310 1490 2358 x,
1525 2290 1635 2362 30),
1669 2297 1725 2346 et
1746 2291 2026 2364 parabolae

430 2384 625 2449 vinem,
675 2382 1161 2453 agricolarumque
1215 2381 1616 2452 ejus‘narratio
1651 2383 1860 2450 (Matth.
1907 2396 2020 2446 xxx,

431 2471 541 2538 33).
575 2473 653 2527 Ex
678 2470 882 2543 quibus
906 2470 1152 2542 profecto
1183 2487 1294 2525 non
1324 2487 1415 2525 res
1441 2476 1602 2540 gesta
1643 2471 1904 2541 exigitur,
1929 2471 2025 2525 sed

429 2576 796 2635 personarum
827 2576 892 2614 ac
921 2559 1273 2630 negotiorum
1303 2560 1725 2614 transformatio
1762 2560 1833 2613 ad
1873 2560 2026 2614 aliud

429 2650 688 2708 refertur.
721 2651 836 2705 Aut
862 2654 1010 2704 certe
1031 2650 1406 2720 comparative
1428 2666 1528 2721 per
1551 2649 1818 2704 similium
1837 2667 2025 2704 rerum

431 2740 757 2796 collationes
789 2758 799 2793 :
835 2738 940 2793 etsi
960 2738 1051 2793 vix
1080 2739 1139 2793 in
1166 2739 1355 2810 aliquo
1392 2739 1703 2806 differatur,
1735 2738 1843 2792 nisi
1877 2738 2026 2810 quod

429 2847 544 2887 non
573 2828 843 2895 narratio,
888 2828 1034 2882 sicut
1059 2828 1116 2881 in
1154 2828 1557 2900 superioribus,
1590 2828 2027 2895 contexitur,sed

429 2935 727 2975 causarum
747 2915 1139 2970 tantummodo
1159 2922 1493 2988 cooperatur
1509 2917 1755 2971 eﬂ‘ectus.
1774 2919 1888 2971 Aut
1907 2923 2028 2972 tan-

430 3006 724 3064 tummodo
747 3003 1190 3077 proverbialiter,
1206 3005 1351 3059 sicut
1379 3010 1489 3058 est:
1512 3007 1590 3060 Ne
1611 3009 1846 3059 mittatis
1872 3022 2027 3059 mar-

430 3098 646 3167 garitas
676 3099 881 3148 vestras
909 3100 1037 3148 ante
1060 3109 1248 3163 porcos
1271 3095 1486 3160 (Matth.
1510 3108 1606 3159 vn,
1638 3091 1710 3163 6).
1747 3096 1922 3149 Porro
1952 3096 2089 3162 al-C

431 3184 647 3256 legoria
674 3198 867 3237 rerum
897 3183 994 3237 illa
1016 3183 1085 3237 de
1114 3198 1228 3252 qua
1255 3182 1516 3250 diximus,
1547 3201 1769 3255 semper
1795 3184 1875 3238 ita
1908 3202 2027 3256 my-

433 3274 571 3330 stice
606 3274 883 3344 ﬁguratur
910 3278 974 3326 ut
1017 3272 1086 3326 de
1116 3271 1281 3326 rebus
1322 3273 1494 3342 gestis
1526 3273 1667 3327 nihil
1694 3274 2027 3329 subtrahere

427 3365 559 3437 jure
586 3362 868 3426 credatur,
891 3361 1023 3433 quia
1051 3377 1161 3416 non
1191 3377 1379 3415 rerum
1402 3362 1674 3416 factarum
1707 3364 1893 3435 typica
1922 3382 2024 3420 au-

432 3454 626 3509 ferunt
654 3451 965 3517 veritatem,
1000 3450 1163 3505 sicuti
1192 3468 1436 3522 praesens
1464 3452 1619 3507 locus
1646 3453 1866 3524 probat,
1899 3471 2026 3509 cum

432 3544 709 3616 leprosus,
738 3540 978 3595 Domino
1000 3539 1372 3595 descendente
1386 3541 1455 3595 de
1469 3547 1678 3608 monte,
1711 3549 1939 3598 curatus
1958 3545 2026 3598 il-

432 3632 540 3688 lico
565 3629 910 3705 perhibetur,
929 3630 1229 3701 designans
1244 3630 1556 3686 humanum
1584 3634 2027 3703 genus,Domino

434 3723 505 3779 de
527 3720 846 3778 cmlestibus
865 3721 1256 3785 descendente,
1271 3720 1427 3793 lepra
1438 3722 1648 3793 peccati
1671 3724 2023 3780 mundatum.

433 3813 550 3869 Nec
570 3810 1027 3867 inconvenienter
1044 3827 1145 3883 per
1163 3827 1337 3865 unum
1361 3811 1662 3866 multitudo
1683 3813 2029 3868 credentium

435 3903 802 3975 signiﬁcatur,
834 3917 961 3956 cum
988 3901 1049 3956 in
1078 3902 1195 3955 solo
1223 3918 1336 3955 uno
1360 3900 1606 3955 hominis
1645 3902 1871 3956 nomine
1898 3903 2027 3956 uni-

435 3991 672 4047 versitas
693 3994 881 4056 394
900 3989 1132 4045 humani
1150 3990 1373 4060 generis
1389 4007 1423 4043 a
1442 3990 1761 4046 doctoribus
1781 4008 2031 4063 compre-

436 4079 719 4134 henditur.
742 4079 908 4145 Nam,
931 4095 1058 4133 cum
1090 4077 1297 4132 dicitur
1328 4079 1513 4145 homo,
1547 4080 1819 4151 quidquid
1844 4097 1908 4135 ex
1934 4097 2032 4135 no-

438 4173 558 4222 stra
596 4165 948 4219 humanitate
978 4172 1331 4237 procreatum
1378 4173 1480 4233 est,
1513 4169 1683 4222 etiam
1707 4186 1769 4223 ex
1801 4186 1907 4224 usu
1935 4187 2032 4225 sa:-

440 4255 718 4310 cularium
742 4254 1078 4325 intelligitur
1106 4255 1624 4324 disciplinarum.Et
1642 4257 1764 4311 ideo
1793 4260 2030 4330 apertis-

2100 510 2388 580 negotium
2421 525 2588 581 quam
2621 508 2878 562 voluntas
2917 508 3053 563 Dei?
3082 509 3252 562 Porro
3296 509 3534 563 voluntas
3561 512 3646 566 Dei

2100 616 2269 653 causa
2288 606 2375 654 est
2403 605 2460 654 et
2489 599 2662 669 origo,
2695 604 2864 669 atque
2888 598 3181 652 existentia
3199 599 3437 652 omnium
3465 616 3645 668 rerum,

2102 689 2233 760 quia
2254 694 2453 743 cuncta
2475 689 2761 742 voluntate
2786 689 2880 742 Dei
2926 692 3190 741 creantur
3217 704 3282 741 ex
3308 687 3491 754 nihilo,
3520 693 3570 741 et
3593 688 3652 742 de

2102 778 2445 833 informitate
2468 795 2573 832 sua
2596 778 2981 849 producuntur
3007 778 3076 832 ad
3102 778 3357 832 formam.
3385 777 3515 831 Hinc
3538 795 3653 833 sane

2102 868 2311 939 peccati
2337 868 2669 938 contagione
2709 869 2854 921 male
2873 867 3237 937 deformibus,
3259 866 3655 938 prudentissime

2101 955 2191 1010 hic
2213 955 2434 1026 aperuit
2462 972 2687 1010 causam
2728 956 2959 1026 originis
2999 962 3168 1027 atque
3208 955 3520 1017 existentize,
3545 955 3656 1008 dum

2102 1045 2363 1100 universa
2400 1045 2655 1099 Christus
2681 1062 2803 1116 quae
2834 1046 3025 1111 voluit,
3058 1047 3204 1111 fecit,
3248 1051 3305 1100 et
3340 1045 3656 1099 solummodo

2106 1135 2359 1198 voluisse,
2390 1134 2584 1189 fecisse
2605 1140 2707 1189 est.
2748 1135 3212 1207 Quandoquidem
3242 1137 3424 1190 unitas
3451 1135 3657 1189 creden-

2103 1224 2247 1279 tium
2276 1225 2335 1277 in
2367 1223 2475 1279 isto
2497 1225 3058 1295 praemonstrabatur,
3076 1227 3450 1296 justissimum
3473 1232 3584 1279 erat
3607 1231 3661 1280 ut

2103 1330 2169 1368 ex
2195 1313 2452 1367 doctrina
2472 1314 2666 1385 ipsius,
2692 1329 2859 1368 causa
2877 1317 3414 1381 omnium,voluntas
3442 1314 3534 1369 Dei
3551 1331 3661 1368 cum

2103 1402 2212 1456 fide
2237 1402 2653 1473 deprecaretur.
2702 1402 2981 1466 Quoniam
3032 1420 3145 1458 non
3185 1409 3272 1458 est
3308 1404 3457 1469 ﬁdes,
3486 1408 3660 1456 cuncta

2104 1506 2319 1544 creasse
2349 1489 2574 1544 credere
2600 1507 2613 1557 ;
2644 1490 2753 1544 nisi
2796 1491 3090 1545 credamus
3132 1492 3323 1558 etiam,
3361 1508 3425 1544 ea
3453 1490 3564 1562 ipsa
3587 1507 3664 1544 vo-

2104 1580 2321 1635 luntate
2351 1594 2463 1649 qua
2498 1578 2707 1633 conditi
2731 1596 2944 1644 sumus,
2974 1597 3171 1635 rursus
3192 1580 3262 1634 ad
3288 1581 3514 1634 formam
3530 1584 3665 1633 aeter-

2104 1686 2189 1725 nae
2218 1667 2498 1723 felicitatis
2528 1668 2585 1721 in
2607 1668 2807 1723 melius
2836 1686 2998 1740 posse
3019 1670 3290 1741 reparari.
3324 1670 3496 1734 Quam
3526 1686 3667 1738 argu-

2106 1757 2283 1813 menti
2317 1756 2613 1811 materiam
2637 1757 2767 1810 olim
2789 1774 2955 1811 nemo
2984 1758 3440 1830 philosophorum
3460 1757 3663 1821 invenit,

2105 1849 2201 1903 sed
2220 1849 2339 1919 ipse
2370 1848 2524 1901 illam
2549 1849 2740 1902 docuit
2762 1848 2856 1919 qui
2894 1849 3120 1902 creavit.
3146 1850 3306 1904 Unde
3346 1849 3491 1902 dicat
3512 1847 3668 1902 ﬁdelis

2108 1938 2345 2010 quisque
2373 1955 2383 1990 :
2415 1939 2663 2003 Domine,
2686 1940 2735 1991 si
2754 1940 2851 2003 vis,
2886 1938 3181 2008 requirens
3208 1955 3430 1993 causam
3456 1954 3562 1992 sua:
3579 1937 3670 1992 ori-

2105 2027 2419 2098 ginis,nihil
2438 2027 2701 2081 haesitans
2731 2026 2799 2081 de
2830 2034 3121 2098 proventu,
3157 2045 3223 2083 eo
3255 2029 3399 2100 quod
3429 2028 3538 2082 vult
3566 2044 3669 2080 om-

2108 2134 2206 2171 nes
2236 2117 2490 2170 homines
2524 2116 2703 2170 salvos
2733 2116 2855 2171 ﬁeri
2884 2135 2895 2170 :
2926 2123 3072 2187 potes
3105 2135 3190 2172 me
3220 2120 3505 2181 mundare,
3530 2122 3581 2170 et
3610 2116 3669 2170 ad

2108 2207 2346 2261 formam
2377 2205 2573 2260 salutis
2596 2206 2909 2260 restituere.
2951 2208 3064 2261 Nec
3094 2207 3325 2262 dubium
3355 2207 3422 2262 ob
3451 2209 3565 2272 hoc,
3593 2223 3667 2260 se-

2109 2294 2352 2349 cundum
2383 2293 2630 2347 historia:
2664 2294 2979 2360 veritatem,
3012 2295 3254 2349 Domino
3310 2296 3668 2359 descendente,

2106 2389 2253 2443 hunc
2280 2388 2524 2460 primum
2559 2388 2714 2458 lepra
2735 2389 3023 2458 perfusum
3052 2390 3362 2445 occurrisse
3391 2410 3403 2443 :
3436 2390 3574 2461 quia,
3587 2406 3670 2443 cu-

2107 2496 2227 2533 ram
2257 2478 2565 2549 suscipiens
2588 2476 2784 2532 beatus
2829 2479 3110 2533 Mattheus
3142 2485 3202 2533 et
3228 2481 3585 2552 apostolatum
3613 2478 3671 2532 de

2108 2566 2507 2642 peccatoribus,
2543 2567 2790 2621 instituit
2808 2584 2923 2633 eos,
2957 2574 3013 2622 et
3044 2567 3285 2623 formam
3310 2569 3562 2624 doctrinae
3581 2568 3672 2621 im-

2107 2658 2317 2731 primit,
2345 2674 2504 2728 quos,
2540 2656 2758 2710 exsules
2787 2672 2822 2710 a
2860 2657 3084 2711 civitate
3122 2658 3279 2725 Sion,
3313 2660 3468 2729 cujus
3496 2657 3671 2712 funda-

2109 2753 2301 2803 menta
2350 2747 2407 2801 in
2446 2745 2730 2800 montibus
2759 2746 2983 2811 sanctis,
3026 2747 3187 2817 lepra
3215 2747 3671 2802 immunditiarum

2109 2836 2530 2910 peregrinantes
2568 2834 2791 2888 fecerat.
2823 2839 3013 2901 395
3042 2835 3113 2889 Et
3154 2835 3297 2892 bene
3334 2855 3368 2891 a
3396 2834 3672 2909 primordio

2109 2926 2415 2982 curationis
2439 2942 2551 2979 non
2587 2924 2759 2978 alium
2792 2940 2903 2978 una
2928 2942 3055 2979 cum
3080 2925 3283 2993 turbis,
3317 2943 3479 2998 quam
3508 2926 3671 2996 lepro-

2111 3033 2254 3079 sum,
2284 3014 2591 3070 occurrisse
2620 3022 3043 3081 commemorat,
3062 3015 3171 3070 fide
3195 3016 3453 3088 probum,
3484 3014 3673 3070 confes-

2111 3105 2268 3159 sione
2296 3104 2578 3169 devotum,
2610 3102 2864 3157 doctrina
2889 3104 3099 3158 ccelesti
3120 3107 3439 3176 prazditum,
3464 3104 3551 3177 qui
3570 3119 3675 3175 pro-

2108 3195 2249 3248 fecto
2272 3198 2435 3265 rogat
2464 3212 2474 3246 :
2513 3195 2757 3258 Domine,
2794 3196 2845 3246 si
2863 3196 2963 3259 vis,
2986 3200 3129 3262 potes
3158 3212 3248 3250 me
3288 3198 3569 3261 mundare,
3593 3193 3675 3247 do-

2107 3300 2238 3338 cens
2270 3284 2574 3354 prudenter
2601 3299 2828 3336 causam
2857 3287 2914 3336 ct
2938 3282 3300 3339 efﬁcientiam
3332 3284 3570 3340 omnium
3604 3298 3677 3336 reo

2107 3390 2254 3439 rum,
2288 3372 2634 3426 voluntatem
2665 3372 2786 3426 Dei.
2821 3371 3000 3436 Quam
3030 3372 3385 3444 disciplinam
3410 3391 3511 3429 nec
3537 3374 3675 3427 Plato

2108 3462 2472 3534 philosophus
2510 3461 2661 3515 aliud
2703 3461 3011 3531 praedicans
3053 3462 3340 3533 attigerat.
3395 3465 3677 3519 Conﬁtetur

2110 3568 2242 3622 ergo
2269 3551 2577 3623 potentiam
2632 3549 2861 3616 Christi,
2920 3556 2977 3604 et
3022 3550 3293 3622 implorat
3330 3554 3673 3617 voluntatem;

2110 3642 2375 3714 quoniam
2416 3644 2628 3710 quanta
2655 3640 2776 3709 ejus
2804 3639 3061 3694 voluntas
3091 3647 3195 3707 est,
3238 3648 3400 3698 tanta
3428 3649 3483 3697 et
3508 3651 3678 3714 poten-

2108 3731 2208 3797 tia,
2230 3730 2477 3800 imoipsa
2503 3729 2760 3783 voluntas
2788 3730 3038 3799 potentia
3068 3736 3169 3784 est.
3211 3732 3425 3788 Idcirco
3448 3732 3679 3803 religiose

2110 3820 2365 3875 obsecrat
2408 3818 2563 3883 satis,
2594 3824 2657 3872 ut
2698 3834 2731 3871 a
2762 3835 2871 3888 quo
2914 3824 3001 3872 est
3028 3819 3096 3872 de
3142 3820 3338 3888 nihilo,
3380 3823 3507 3877 inde
3530 3820 3681 3876 refor-

2110 3915 2298 3964 metur
2321 3925 2515 3962 rursus
2535 3907 2605 3961 ad
2641 3908 2937 3978 pristinam
2970 3915 3187 3963 natura:
3225 3927 3342 3966 suae
3371 3914 3597 3966 formam
3620 3908 3679 3963 de

2110 3997 2453 4052 informitate
2483 3997 2715 4068 peccati.
2752 3998 2901 4051 Tunc
2924 4000 3095 4063 Jesus,
3126 4002 3416 4056 extendens
3446 4013 3676 4061 manum,

2114 4090 2288 4156 tetigit
2311 4104 2435 4141 eum
2461 4089 2681 4140 dicens:
2709 4088 2843 4139 Volo.
2866 4086 3125 4141 Extendit
3140 4104 3271 4143 vero
3303 4106 3545 4154 manum,
3567 4101 3683 4159 quo-

2112 4176 2265 4231 niam
2289 4175 2382 4229 ille
2411 4176 2576 4245 longe
2601 4180 2924 4229 recesserat.
2946 4176 3014 4229 Et
3040 4176 3147 4229 nisi
3160 4177 3318 4247 prius
3348 4179 3684 4232 misereretur

2113 4271 2177 4320 ut
2204 4266 2529 4319 extenderet
2548 4280 2797 4328 manum,
2813 4264 2903 4317 hic
2922 4280 3207 4336 nunquam
3232 4268 3418 4322 redire
3439 4284 3501 4322 ac
3515 4262 3683 4320 sanari

441 4343 582 4439 Sim?
618 4360 719 4439 Pe_1‘
762 4359 938 4397 unum
992 4344 1160 4439 lfpl‘a?
1192 4343 1427 4397 ηιθουιίε
1468 4361 1803 4439 respersum.
1846 4347 2318 4439 unitaSDposset.
2365 4356 2473 4409 Pro
2499 4370 2608 4425 quo
2638 4353 2917 4424 Propheta
2943 4370 3173 4424 gemens
3201 4356 3427 4411 aiebat:
3460 4358 3517 4412 Ut
3544 4354 3680 4424 quid,

442 4432 792 4488 credentium
821 4433 1136 4487 ostenditur
1155 4439 1507 4503 peccatorum
1529 4434 1761 4487 maculis
1787 4436 2037 4507 coinqui-

442 4526 726 4589 natorum,
773 4528 829 4577 et
876 4522 1363 4578 immunditiarum
1391 4521 1744 4594 squaloribus
1795 4524 2035 4595 abjecto-

442 4627 589 4667 rum.
615 4612 851 4682 Propter
884 4612 1031 4683 quod
1056 4628 1223 4667 nemo
1254 4612 1322 4666 de
1352 4612 1468 4667 suis
1498 4611 1773 4683 glorietur
1796 4614 2031 4677 meritis,

444 4700 577 4773 quia
604 4716 797 4754 omnes
827 4717 1050 4757 eramus
1072 4702 1171 4756 irae
1184 4702 1306 4769 ﬁlii,
1331 4709 1389 4757 et
1415 4720 1450 4757 a
1492 4703 1806 4758 cmlestibus
1825 4705 2033 4759 exclusi

444 4789 757 4845 consortiis.
792 4789 951 4853 Quod
978 4790 1242 4846 nimirum
1260 4809 1458 4863 genus,
1487 4808 1611 4846 cum
1634 4793 2028 4859 descendisset,

440 4895 570 4934 mox
623 4877 928 4932 occurrisse
958 4880 1014 4933 in
1073 4896 1185 4935 uno
1224 4886 1705 4952 praemonstratur.
1744 4883 2029 4954 Alioquin,

444 4968 553 5037 nisi
583 4967 944 5022 descenderet
970 4968 1085 5035 ille,
1126 4987 1227 5040 per
1254 4970 1695 5026 incarnationem
1726 4971 1924 5025 habitu
1953 4972 2035 5026 in-

442 5062 643 5113 ventus
685 5063 752 5112 ut
804 5057 990 5124 homo,
1045 5058 1150 5113 iste
1201 5076 1312 5114 non
1351 5061 1694 5128 ascenderet,
1723 5077 1756 5114 a
1781 5061 2028 5132 paradisi

440 5147 664 5218 gaudiis
690 5148 952 5212 expulsus
980 5148 1234 5220 leprosus
1263 5154 1327 5203 ut
1347 5149 1532 5204 homo.
1559 5151 1716 5221 Ergo.
1732 5150 1898 5204 simul
1918 5144 2033 5204 om-

440 5253 541 5291 nes
560 5252 685 5291 cum
717 5236 823 5292 isto
836 5237 1068 5308 mystice
1097 5238 1458 5305 occurrimus,
1488 5239 1655 5294 simul
1681 5256 1874 5295 omnes
1903 5256 2033 5293 cum

442 5325 551 5380 isto
581 5326 831 5380 dicamus
860 5326 1026 5381 corde
1055 5345 1066 5379 :
1095 5328 1342 5392 Domine,
1384 5331 1434 5381 si
1462 5330 1561 5393 vis,
1583 5335 1728 5395 potes
1756 5346 1839 5382 me
1870 5346 2033 5382 nitun-

444 5416 599 5469 dare.
654 5414 861 5470 Omnes
900 5415 1125 5486 quidem
1156 5415 1453 5479 immundi,
1492 5421 1700 5481 tamen,
1734 5416 1840 5471 ﬁde
1873 5434 2031 5471 accc-

447 5503 662 5571 dentes,
704 5504 1071 5572 voluntatem,
1104 5506 1172 5559 de
1201 5506 1358 5576 cujus
1396 5505 1646 5576 potentia
1673 5522 1784 5559 non
1807 5505 2033 5560 dubita-

448 5610 593 5663 mus,
624 5611 903 5666 rogemus.
940 5596 1007 5651 Et
1037 5599 1191 5651 tanto
1236 5593 1621 5667 proPinquius,
1653 5600 1862 5666 quanto
1893 5595 2030 5649 fide-

2115 4446 2365 4510 Domine,
2394 4446 2645 4497 avertis-ti
2666 4459 2897 4496 manum
2917 4448 3069 4496 tuam
3089 4450 3138 4497 et
3159 4446 3441 4501 dexteram
3466 4452 3609 4499 tuam
3627 4442 3682 4495 de

2116 4535 2291 4587 medio
2306 4536 2437 4586 sinu
2461 4520 2629 4585 tuoin
2661 4534 2826 4598 ﬁnem
2850 4534 3010 4595 (Psal.
3042 4548 3233 4597 LXXIII,
3264 4530 3687 4600 θηριωδέώωὶ-

2115 4638 2240 4676 rum
2269 4637 2470 4675 manus
2496 4619 2605 4673 nisi
2636 4625 2859 4674 extenta
2881 4627 3046 4685 esset,
3080 4621 3211 4693 quia
3234 4623 3290 4676 in
3322 4622 3578 4678 extremis
3600 4619 3686 4673 de-

2117 4711 2285 4764 mersi
2317 4725 2561 4775 eramus,
2595 4726 2882 4780 nunquam
2922 4727 3023 4764 nos
3052 4712 3338 4781 tangenda
3358 4717 3590 4767 curaret.
3618 4709 3687 4763 De

2116 4797 2277 4865 cujus
2301 4794 2570 4848 nimirum
2615 4795 2866 4865 potentia
2904 4811 3098 4849 rursus
3126 4796 3259 4850 alibi
3288 4794 3682 4868 conquirendo:

2117 4885 2382 4956 Nunquid
2409 4884 2854 4950 abbreviata,seu
2871 4888 3103 4957 parvula
3126 4888 3272 4943 facta
3291 4896 3377 4944 est
3393 4905 3584 4943 manus
3602 4892 3686 4941 tua

2115 4989 2186 5027 ne
2215 4975 2393 5045 possis
2422 4974 2684 5028 salvam?
2711 4976 2843 5044 (Isa.
2876 4993 2926 5039 L,
2958 4974 3035 5044 εὶ.)
3073 4977 3207 5041 Quae
3238 4977 3433 5048 utique
3452 4978 3497 5031 si
3527 4973 3688 5029 brevis

2113 5070 2261 5119 esset
2290 5065 2357 5119 ad
2408 5065 2869 5127 misericordiam,
2904 5065 2988 5119 vel
3017 5066 3248 5136 parvula
3276 5067 3346 5120 ad
3371 5064 3682 5138 potentiam,

2114 5170 2402 5226 nunquam
2436 5154 2504 5208 ad
2537 5154 2652 5209 ima
2698 5171 2910 5208 mersos
2936 5155 3147 5209 levaret
3174 5160 3347 5210 tantis
3376 5155 3685 5209 delictorum

2116 5244 2457 5317 ponderibus
2488 5250 2881 5315 praegravatos.
2905 5244 3010 5298 Sed
3041 5244 3169 5314 quia
3190 5246 3309 5315 jam
3332 5250 3585 5299 extensus
3600 5255 3683 5293 ve-

2114 5335 2201 5387 nit
2228 5334 2502 5398 Christus,
2550 5333 2761 5388 scilicet
2789 5333 2973 5387 Patris
3014 5334 3241 5388 dexteia
3280 5351 3445 5388 carne
3472 5332 3685 5388 indutus

2114 5423 2182 5477 ad
2214 5423 2675 5486 misericordiam,
2708 5428 2857 5477 recte
2886 5423 3198 5477 extendisse
3228 5440 3458 5479 manum
3496 5437 3557 5476 ac
3576 5416 3687 5473 teti-

2112 5507 2260 5577 gisse
2290 5508 2512 5562 dicitur.
2544 5507 2805 5580 Alioquin
2844 5508 2978 5580 quid
3006 5525 3232 5564 necesse
3259 5519 3397 5574 erat,
3421 5509 3579 5579 juxta
3603 5502 3680 5557 lit-

2114 5602 2321 5666 teram,
2340 5601 2406 5651 ut
2426 5611 2653 5651 manum
2683 5598 3005 5654 extenderet
3034 5603 3093 5653 et
3118 5603 3376 5670 tangeret
3397 5597 3681 5669 leprosum,
