3918 6176
265 285 367 347 341

1026 281 1408 340 EXPOSITIO
1447 282 1527 339 IN
1564 279 2010 339 MATI‘HIEUM.
2054 316 2120 331 -
2161 288 2301 344 LIB.
2343 289 2410 358 V,
2455 292 2612 348 CAP.
2655 292 2808 349 VIII.

3452 300 3557 361 342

262 411 383 485 qui,
410 410 529 466 solo
553 425 813 466 sermone
841 414 907 465 ut
930 409 1279 475 creavit,imo
1302 409 1609 475 voluntate,
1643 408 1926 469 restau-A
1957 410 2110 467 diam
2139 413 2374 471 inclinat
2400 422 2465 472 ut
2501 417 2710 473 relevet
2738 417 3094 476 inﬁrmitates
3122 428 3362 480 nostras.
3411 425 3558 481 Nam

264 506 357 556 rat
401 500 703 555 universa:
745 499 854 554 nisi
902 499 1034 570 quia
1060 498 1191 554 fecit
1237 499 1295 552 in
1327 515 1436 552 uno
1470 497 1870 563 efficacissime,

266 591 419 663 quod
447 590 616 645 simul
643 590 701 643 in
728 605 934 660 genere
963 605 1022 643 se
1052 588 1554 649 facturum,multis
1578 587 1874 658 propheta-

268 697 401 735 rum
431 679 671 750 eloquiis
703 679 835 733 olim
866 677 1308 749 repromiserat?
1334 677 1639 747 Pr0pterea
1686 680 1874 729 exten-

267 770 422 824 disse
450 785 683 823 manum
707 770 835 839 jure
863 768 1090 827 dicitur.
1123 784 1187 821 ac
1219 766 1491 836 tetigisse,
1520 765 1649 837 quia
1676 764 1723 817 si
1760 781 1872 819 uno

271 859 526 913 maculas
554 864 777 912 nostras
806 857 900 911 ille
928 857 1253 911 incarnatus
1276 856 1559 926 tangendo
1580 857 1876 910 emundas-

270 954 379 1015 set,
404 948 589 1002 adhuc
615 946 719 1002 sub
745 948 899 1018 lepra
926 946 1140 1018 peccati
1169 961 1438 1009 essemus,
1472 945 1710 999 necdum
1731 945 1875 1000 deli-

269 1042 495 1092 ctorum
543 1035 875 1107 contagione
904 1036 1130 1107 expiati.
1163 1035 1403 1105 Propter
1444 1034 1593 1105 quod
1643 1051 1873 1089 manum

271 1126 543 1191 extendit,
593 1132 659 1180 ut
705 1125 958 1197 quamvis
1000 1124 1429 1196 profundissime
1459 1124 1744 1178 demersos
1781 1141 1877 1195 ap-

1958 502 2153 570 aagroti
2201 502 2358 573 prius
2400 505 2473 558 ad
2517 511 2805 573 montana,
2856 506 3112 563 videlicet
3153 510 3224 564 ad
3288 511 3553 581 coelestia,

1957 604 2060 658 per
2099 593 2626 664 contemplationem
2649 596 2949 651 ascendere
2973 597 3270 669 nequimus
3293 619 3306 665 ;
3338 603 3437 657 sed
3465 620 3559 657 so-

1956 677 2041 731 lus
2085 680 2322 751 Moyses,
2369 688 2427 736 et
2472 684 2634 753 pauci
2682 685 2930 739 seniores
2969 703 3097 741 cum
3137 705 3201 743 eo
3258 707 3325 743 ex
3374 692 3557 747 omni—

1954 765 2058 820 bus
2095 773 2277 834 θος
2315 772 2634 842 eliguntur;
2670 790 2886 828 necnon
2916 780 2973 829 et
3012 776 3116 830 soli
3179 777 3440 850 discipuli
3486 781 3559 836 ad

1957 855 2220 911 sublimia
2250 860 2551 916 ducuntur.
2581 863 2855 918 Deorsum
2884 881 3014 919 vero
3044 866 3200 937 plebs
3230 867 3475 924 invalida
3502 878 3559 926 et

1958 944 2212 1016 leprosus
2241 948 2499 1016 adorans,
2532 966 2642 1005 non
2673 952 2922 1007 volentes
2941 954 3219 1009 theoriam
3246 959 3468 1028 sectari,
3492 977 3558 1015 eo

1958 1035 2107 1105 quod
2155 1037 2346 1091 multis
2391 1039 2814 1110 praepediuntur
2848 1043 3082 1114 laqueis,
3125 1051 3413 1101 curantur.
3470 1049 3559 1104 Ad

1958 1139 2098 1194 quos
2124 1123 2314 1195 itaque
2344 1126 2616 1181 Dominus
2672 1130 2993 1201 frequenter
3021 1150 3082 1187 se
3108 1134 3405 1203 inclinans,
3435 1142 3560 1192 tan-

270 1215 686 1287 prehenderet;
719 1214 907 1285 tetigit
926 1230 1054 1268 vero
1083 1231 1185 1285 per
1207 1213 1650 1268 incarnationem
1673 1220 1878 1284 myste-
1962 1212 2047 1282 git
2069 1229 2238 1267 manu
2265 1215 2576 1271 clementiae
2598 1234 2729 1283 suae,
2764 1223 2821 1273 et
2842 1220 3008 1274 verbo
3029 1222 3271 1294 imperat
3298 1226 3561 1296 majesta-

269 1305 345 1359 rii
385 1306 533 1359 male
569 1304 805 1368 saucios,
857 1309 921 1357 ut
947 1309 1191 1357 sanaret.
1225 1303 1523 1367 Caeterum,
1550 1303 1711 1372 juxta
1738 1302 1885 1356 litte-
1964 1300 2056 1354 tis.
2077 1302 2154 1355 Ex
2180 1319 2290 1373 quo
2310 1303 2487 1374 liquet
2515 1322 2743 1360 manum
2776 1308 3001 1363 Domini
3037 1327 3149 1365 non
3176 1312 3412 1383 lepram,
3457 1314 3557 1369 sed

270 1411 419 1461 ram,
442 1400 508 1448 ut
527 1410 587 1448 se
605 1392 905 1448 Dominum
931 1392 1097 1463 lepra:
1131 1408 1195 1445 ac
1221 1391 1360 1461 legis
1396 1389 1735 1457 ostenderet,
1755 1408 1880 1447 cum
1964 1392 2240 1445 mundum
2256 1393 2461 1463 leprosi
2474 1394 2723 1465 tetigisse
2743 1399 3133 1468 corpus,sicuti
3146 1406 3203 1455 et
3215 1417 3314 1455 nos
3341 1405 3560 1474 quoties

269 1485 363 1539 lex
378 1482 677 1556 prohibeat
697 1499 729 1536 a
745 1480 1127 1536 sacerdotibus
1144 1497 1270 1534 eam
1296 1480 1605 1549 tangi,ideo
1624 1480 1878 1549 tetigisse
1962 1484 2193 1550 tangere
2216 1481 2463 1553 disponit
2487 1489 2715 1554 aspectu
2758 1485 3170 1554 misericordiae,
3195 1507 3321 1544 mox
3349 1492 3561 1547 scelera

267 1573 542 1638 creditur,
576 1571 842 1644 quoniam
872 1571 1029 1641 lepra
1058 1570 1155 1623 illa
1183 1569 1323 1639 legis
1355 1586 1467 1622 non
1494 1573 1716 1639 poterat
1747 1584 1876 1622 eum
1958 1569 2244 1639 fugantur,
2266 1577 2323 1625 et
2341 1573 2553 1627 munda
2576 1574 2896 1629 restituitur
2910 1576 3113 1631 anima.
3142 1577 3286 1642 Quia
3313 1580 3560 1651 profecto

268 1662 586 1717 sordidare.
641 1661 776 1716 Erat
818 1660 967 1714 enim
998 1659 1218 1724 umbra,
1252 1658 1382 1711 licet
1422 1657 1615 1711 vitium
1670 1658 1873 1712 carnis.
1902 1658 2053 1742 “ubi
2083 1660 2233 1714 salus
2262 1676 2431 1730 agere
2459 1662 2742 1732 dignatur,
2786 1666 2942 1719 nulla
2984 1666 3285 1722 inﬁrmitas
3314 1685 3436 1723 esse
3465 1687 3563 1742 po-

266 1752 486 1806 Tamen
512 1750 652 1804 bene
681 1767 716 1804 a
742 1747 1123 1805 sacerdotibus
1151 1747 1748 1818 Judaeorumleprosus
1763 1763 1877 1801 non
1902 1726 2104 1814 Btest;
2147 1748 2242 1803 ubi
2287 1726 2397 1817 lux,
2448 1726 2604 1806 nuIla
2641 1726 2929 1809 ofi'uscatio
2976 1756 3223 1827 peccati;
3285 1758 3381 1812 ubi
3422 1726 3556 1828 vita,

269 1844 471 1906 396
486 1839 843 1910 tangebatur,
875 1838 1009 1909 quia
1036 1837 1119 1892 illi
1154 1836 1423 1891 maculari
1453 1842 1733 1908 poterant,
1775 1853 1878 1891 nec
1958 1837 2115 1891 nulla
2142 1838 2381 1910 irruptio
2407 1841 2640 1909 mortis;
2672 1841 2768 1896 ubi
2796 1848 3061 1914 potestas,
3084 1846 3240 1900 nulla
3259 1847 3560 1904 difﬁcultas

268 1945 476 1984 sanare
500 1929 843 2001 quempiam.
868 1928 976 1982 Sed
996 1932 1117 1982 erat
1144 1943 1292 1981 unus
1313 1926 1591 1981 mediator
1630 1927 1779 1981 Deus
1819 1931 1877 1981 et
1961 1927 2217 1981 sanandi.
2240 1928 2450 1983 Idcirco
2482 1930 2573 1983 hic
2606 1932 2876 2001 magister
2898 1934 3248 2005 supplicandi
3279 1936 3558 2008 egregius,

268 2019 461 2085 homo,
494 2019 883 2091 promulgator
906 2018 1066 2087 legis,
1091 2017 1182 2071 cui
1215 2017 1297 2070 fas
1326 2020 1448 2070 erat
1475 2021 1533 2070 et
1559 2032 1660 2087 per
1679 2016 1876 2070 huma-
1957 2016 2027 2070 de
2054 2017 2339 2072 voluntate
2379 2018 2602 2073 Domini
2654 2036 2766 2075 non
2796 2022 2957 2093 quasi
2987 2023 3210 2094 pietatis
3238 2025 3559 2081 incredulus

264 2109 509 2163 nitatem
530 2112 784 2177 tangere,
815 2112 872 2161 et
901 2123 1000 2178 per
1041 2105 1392 2160 divinitatem
1423 2106 1704 2175 imperare
1728 2123 1739 2158 :
1775 2121 1872 2159 cu-
1957 2104 2306 2171 dubitat,sed
2325 2108 2484 2178 quasi
2510 2108 2860 2165 immanitate
2881 2129 3112 2167 suorum
3137 2114 3409 2170 scelerum
3422 2131 3559 2170 con-

258 2200 356 2269 jus
371 2197 638 2269 nequiret
664 2196 1015 2268 coinquinari
1046 2195 1343 2260 munditia,
1368 2194 1513 2249 sicut
1538 2211 1640 2249 nec
1660 2195 1873 2249 sanitas
1956 2196 2104 2250 scius
2133 2212 2246 2251 non
2275 2198 2583 2267 praesumit.
2616 2200 2735 2254 Imo
2781 2201 2929 2272 quod
2956 2201 3133 2273 possit
3170 2220 3300 2258 eum
3330 2203 3558 2260 abluere

263 2286 566 2343 inﬁrmari.
591 2287 660 2341 Et
676 2285 802 2340 ideo
831 2285 1246 2356 quiaDominus
1265 2283 1408 2355 legis
1447 2289 1586 2350 erat,
1622 2289 1870 2338 removet

263 2394 331 2433 ex
370 2376 711 2432 auctoritate
748 2375 981 2446 lepram,
1022 2378 1079 2428 et
1105 2373 1264 2443 fugat
1299 2389 1365 2427 ex
1414 2372 1668 2444 imperio,
1703 2372 1869 2427 sicuti

263 2467 387 2522 luce
415 2467 693 2537 iugantur
718 2462 981 2518 tenebrae.
1019 2463 1180 2517 Unde
1200 2467 1334 2533 puto
1358 2477 1589 2515 manum
1616 2461 1769 2515 illam
1796 2462 1870 2515 le-

264 2572 429 2628 pram
452 2572 567 2609 non
593 2553 967 2624 tetigisse,sed
986 2558 1051 2607 ut
1079 2550 1340 2606 tenebras
1365 2567 1399 2604 a
1421 2550 1561 2605 facie
1587 2550 1746 2616 lucis,
1788 2550 1870 2604 ita

261 2646 483 2717 lepram
512 2660 548 2697 a
574 2643 713 2697 facie
734 2659 935 2697 manus
959 2643 1224 2696 continuo
1253 2640 1572 2711 disperisse.
1593 2638 1868 2703 Quoniam

262 2751 366 2789 nec
397 2735 617 2805 lepram
647 2732 859 2803 peccati
888 2731 1139 2802 tetigisse
1170 2730 1253 2784 fas
1282 2734 1369 2784 est
1395 2729 1641 2794 credere,
1672 2744 1869 2782 verum

264 2824 385 2878 sola
410 2821 799 2878 incarnatione
824 2837 928 2875 sua
955 2826 1014 2875 et
1050 2819 1202 2874 verbi
1234 2819 1487 2891 potentia
1520 2818 1710 2872 omnia
1741 2834 1870 2888 per-

265 2912 491 2967 emisse.
517 2911 644 2976 Qua
662 2910 731 2964 de
750 2926 920 2964 causa
942 2909 1110 2964 verbo
1126 2914 1376 2974 curatur,
1393 2909 1542 2981 quod
1559 2924 1730 2962 manu
1750 2912 1872 2962 tan-

262 3001 436 3072 gitur.
470 3001 617 3057 Hinc
643 3017 865 3072 quoque
892 3005 1019 3070 post
1044 3005 1257 3054 tactum
1284 2999 1544 3070 imperat,
1569 2999 1865 3061 mundare,

263 3098 327 3145 ut
356 3096 417 3146 et
433 3090 702 3144 divinitas
739 3090 797 3143 in
817 3088 984 3143 verbo
1007 3088 1245 3161 imperii,
1280 3094 1336 3143 et
1367 3087 1686 3142 humanitas
1701 3087 1761 3141 in
1789 3092 1872 3141 ta-

262 3186 353 3235 ctu
385 3180 575 3234 carnis
616 3179 1006 3249 intelligatur;
1044 3179 1176 3249 quia
1217 3195 1400 3250 neque
1449 3177 1709 3232 divinitas
1747 3177 1869 3232 sine

1951 2285 1997 2338 si
2029 2285 2177 2351 velit,
2204 2291 2269 2340 ut
2295 2286 2353 2340 in
2374 2288 2609 2343 Domino
2640 2290 2934 2360 potestatis
2953 2293 3370 2359 auctoritatem,
3402 2294 3483 2349 ita
3500 2294 3560 2350 in

1952 2372 2060 2428 isto
2108 2376 2483 2430 Constantiam
2524 2377 2654 2431 ﬁdei
2685 2378 3026 2433 declaratam
3055 2380 3370 2437 laudamus.
3416 2383 3562 2448 Quo-

1952 2463 2105 2516 niam
2133 2463 2355 2535 integra
2386 2470 2443 2519 et
2466 2482 2597 2520 vera
2622 2467 2760 2521 ﬁdes
2790 2468 2935 2522 tanti
2962 2486 3082 2524 esse
3107 2471 3237 2541 jure
3262 2470 3429 2527 debet
3456 2489 3558 2544 pro

1954 2569 2205 2616 munere,
2244 2554 2440 2624 quanti
2471 2560 2557 2609 est
2587 2561 2642 2610 et
2673 2558 2926 2627 potentia
2962 2558 3355 2616 misericordiae
3386 2561 3556 2617 Crea-

1958 2642 2097 2696 toris
2126 2642 2185 2695 iu
2215 2642 2559 2713 operatione.
2592 2645 2857 2716 Alioquin
2895 2647 3033 2701 ﬁdes
3075 2665 3199 2720 quae
3236 2649 3560 2707 inﬁrmatur

1955 2730 2078 2800 ipsa
2105 2730 2262 2802 prius
2299 2732 2567 2799 sananda,
2612 2739 2668 2788 et
2698 2734 2778 2788 sic
2805 2736 3033 2821 demum
3063 2737 3275 2792 sanitas
3303 2740 3557 2811 corporis

1952 2825 2051 2875 aut
2075 2821 2278 2875 animae
2328 2821 2609 2877 efficacius
2637 2840 2737 2894 per
2765 2841 2889 2878 eam
2931 2831 3017 2880 est
3061 2826 3438 2898 impetranda.
3473 2830 3556 2885 De

1953 2926 2065 2980 qua
2086 2927 2221 2965 sane
2260 2911 2369 2965 ﬁde
2385 2913 2712 2983 Apostolus:
2736 2914 2886 2980 Fide,
2909 2914 3366 2986 inquit,purgans
3388 2919 3556 2973 corda

1953 3007 2142 3045 eorum
2177 2990 2311 3058 (Act.
2358 3008 2448 3059 xv,
2482 2992 2559 3063 9).
2605 2992 2764 3056 Quod
2811 2993 2856 3047 si
2905 2995 3014 3049 fide
3046 3002 3361 3066 purgantur
3386 2998 3558 3053 corda

1953 3081 2320 3147 credentium,
2349 3082 2647 3152 cogitanda
2675 3088 2759 3136 est
2788 3082 2964 3138 virtus
2990 3084 3141 3149 ﬁdei,
3165 3085 3297 3157 quia
3323 3104 3421 3156 qui
3456 3089 3558 3142 du-

1953 3173 2107 3237 bitat,
2127 3173 2331 3225 similis
2352 3177 2445 3236 est,
2464 3176 2529 3225 ut
2551 3171 2631 3225 ait
2657 3172 2975 3243 Apostolus,
2997 3177 3197 3243 ﬂuctui
3218 3178 3394 3230 maris
3415 3179 3549 3241 (Jac.

261 3287 448 3335 carne,
484 3285 671 3340 neque
702 3267 1022 3322 humanitas
1042 3269 1162 3322 sine
1176 3268 1469 3322 divinitate
1490 3267 1779 3338 quidpiam
1809 3267 1867 3321 in
1950 3273 1989 3325 Ι,
2029 3256 2103 3327 6)»
2145 3261 2372 3330 Integra
2420 3276 2550 3314 vero
2590 3261 2727 3315 ﬁdes
2752 3260 2809 3314 in
2841 3262 3158 3327 dilectione,
3184 3270 3448 3319 constans
3490 3266 3551 3321 in

262 3360 364 3414 hoc
393 3358 670 3431 mysterio
687 3357 880 3429 gessit.
906 3357 1410 3427 Continuo,inquit,
1438 3358 1742 3410 mundatus
1769 3362 1863 3410 cst.
1949 3349 2381 3419 perseverantia.
2417 3350 2637 3420 Patiens
2664 3350 2722 3404 in
2751 3350 3041 3419 dilatione,
3076 3352 3302 3411 humilis
3339 3354 3400 3408 in
3424 3370 3552 3409 con-

262 3448 546 3503 Continuo
576 3462 711 3517 ergo
740 3446 1063 3510 mundatur,
1096 3446 1229 3517 quia
1274 3461 1497 3516 semper
1519 3445 1865 3499 voluntatem
1949 3437 2206 3504 fessione,
2229 3438 2388 3493 fortis
2410 3440 2467 3493 in
2486 3439 2982 3503 ﬁducia,devotain
2996 3442 3552 3514 supplicatione,pro-

260 3538 359 3592 Dei
389 3543 450 3593 et
488 3535 793 3608 imperium
845 3535 1071 3589 eﬂectus
1102 3535 1478 3606 consequitur.
1525 3534 1705 3598 Quem
1730 3550 1864 3588 sane

261 3627 443 3681 locum
476 3625 585 3680 etsi
609 3626 773 3695 juxta
800 3624 1167 3696 trepologiam
1202 3624 1375 3678 lector
1404 3623 1641 3677 voluerit
1678 3622 1863 3678 discu-

261 3720 397 3782 tere,
415 3713 710 3788 pra'stabit
738 3729 849 3767 non
871 3713 1146 3767 modicam
1174 3712 1507 3766 moralitatis
1529 3711 1860 3766 doctrinam.

264 3805 401 3869 Quia
420 3803 673 3877 profecto
692 3819 916 3873 semper
931 3802 1259 3874 tropologiaa
1288 3801 1501 3873 species
1530 3801 1587 3855 in
1619 3800 1866 3872 Scriptu-

260 3894 333 3948 ris
355 3894 536 3949 sacris
563 3892 792 3963 gemina
808 3897 912 3956 est,
946 3891 1157 3945 scilicet
1176 3896 1276 3949 aut
1300 3891 1556 3961 mystica,
1583 3895 1682 3944 aut
1710 3890 1863 3944 nuda

260 3990 314 4039 et
351 3982 615 4054 simplex.
670 3979 783 4035 Sed
831 3980 1086 4051 mystica,
1121 3996 1243 4051 quae
1272 3981 1341 4033 de
1380 3979 1545 4034 rebus
1587 3978 1762 4050 gestis
1790 3978 1861 4032 ad

260 4071 688 4128 adiﬁcationem
716 4085 939 4123 morum
967 4069 1214 4123 trahitur
1238 4086 1249 4122 :
1276 4068 1355 4123 ita
1368 4074 1434 4123 ut
1461 4085 1562 4140 per
1601 4069 1750 4122 hunc
1779 4068 1859 4122 le-

257 4178 485 4232 prosum
510 4158 951 4229 uniuscujusque
970 4159 1161 4212 anima
1175 4158 1423 4212 humana
1444 4163 1640 4212 curata
1658 4157 1861 4212 intelli-

255 4256 453 4318 gatur;
490 4248 644 4303 nuda
663 4263 811 4313 vero,
845 4247 979 4301 dum
1014 4245 1305 4318 Scriptura
1335 4263 1493 4301 sacra
1530 4246 1860 4317 simpliciter

255 4355 435 4393 mores
466 4337 673 4403 erudit,
716 4336 801 4390 uti
816 4342 932 4392 est:
966 4338 1072 4404 Qui
1108 4337 1270 4390 habet
1309 4338 1448 4390 dvas
1497 4339 1733 4402 tunicas,
1767 4338 1853 4389 det

1946 3527 2074 3580 vida
2110 3527 2168 3580 in
2209 3528 2495 3599 petitionis
2546 3529 2793 3594 consilio,
2828 3530 3070 3601 profecto
3099 3530 3305 3602 ubique
3355 3531 3552 3587 audiat

1947 3615 2249 3670 Dominum
2295 3617 2601 3671 dicentem:
2659 3620 2793 3673 Volo.
2839 3619 2922 3674 Ob
2951 3620 3099 3691 quod
3126 3620 3399 3689 mirabile,
3430 3637 3549 3675 ver-

1947 3703 2147 3758 borum
2170 3707 2567 3776 consequentia
2588 3709 2980 3778 conjungatur.
3004 3709 3148 3763 Nam
3171 3709 3253 3763 illi
3268 3711 3549 3780 praemise-

1946 3798 2069 3848 rat:
2100 3796 2348 3861 Domine,
2377 3798 2427 3848 si
2454 3798 2553 3862 vis,
2586 3801 2644 3850 et
2662 3796 2947 3850 Salvator:
2986 3799 3120 3851 Volo.
3155 3798 3273 3865 Ille,
3299 3803 3444 3867 potes
3460 3816 3547 3855 me

1946 3885 2238 3949 mundare,
2272 3889 2329 3938 et
2354 3883 2627 3938 Dominus
2660 3883 2827 3938 verbo
2853 3885 3116 3956 potentiae
3146 3903 3260 3940 suae
3278 3886 3539 3958 imperat,

1942 3975 2236 4027 mundare.
2270 3972 2553 4044 Quidquid
2583 3972 2732 4027 enim
2770 3989 2901 4028 vera
2936 3974 3242 4046 peccatoris
3269 3974 3541 4031 confessio

1942 4062 2001 4116 in
2032 4063 2142 4117 ﬁde
2171 4064 2372 4129 tenuit,
2407 4062 2512 4116 hoc
2525 4068 2705 4117 totum
2730 4064 2909 4135 pietas
2940 4070 2998 4118 et
3021 4064 3274 4135 potentia
3297 4080 3428 4120 mox
3457 4065 3543 4121 in-

1942 4151 2222 4222 dulgendo
2267 4151 2535 4206 exhibuit.
2584 4153 2651 4207 Et
2681 4169 2751 4207 ne
2782 4154 2851 4207 de
2883 4153 3237 4208 immanitate
3265 4155 3539 4211 scelerum

1941 4256 2170 4295 suorum
2200 4241 2404 4313 aliquis
2443 4241 2740 4309 diﬁideret,
2778 4243 2865 4296 hic
2893 4243 3011 4315 ipse
3041 4242 3136 4315 qui
3185 4248 3433 4312 curatur,
3465 4244 3538 4300 ab

1939 4329 2048 4384 alio
2087 4331 2439 4401 Evangelista
2496 4332 2694 4403 plenus
2732 4332 2887 4404 lepra
2916 4332 3266 4388 describitur.
3326 4334 3536 4390 Omnes

258 4444 365 4483 non
394 4428 640 4491 habenti,
665 4431 714 4480 et
741 4428 841 4495 qui
858 4403 1012 4480 habet
1036 4441 1177 4479 escas
1205 4428 1470 4479 similiter
1496 4427 1667 4493 faciat
1709 4427 1849 4491 (Luc.
1870 4403 1919 4461 D
1938 4419 2088 4473 enim
2119 4426 2488 4491 peccaverunt
2518 4427 2576 4476 et
2608 4428 2775 4492 egent
2813 4422 2993 4492 gloria
3030 4422 3151 4477 Dei.
3186 4424 3347 4490 Quia,
3388 4423 3536 4480 sicut

258 4530 337 4581 ιιι,
397 4516 502 4580 tl).
546 4516 694 4586 Ergo
740 4516 1012 4585 cujusque
1065 4514 1253 4569 anima
1283 4514 1550 4585 quotidie,
1597 4514 1849 4584 quamvis

262 4605 553 4676 peccatrix,
588 4621 622 4658 a
648 4603 887 4658 Domino
916 4609 1164 4670 curatur,
1197 4602 1244 4657 si
1273 4604 1505 4675 supplex
1541 4620 1606 4657 ac
1652 4603 1851 4658 devota

263 4694 415 4749 illum
434 4694 680 4749 adorans
698 4692 904 4765 ubique
920 4694 1256 4748 confiteatur
1282 4710 1347 4746 ex
1374 4693 1480 4747 lide
1509 4692 1724 4747 dicens:
1746 4695 1851 4747 Do-

268 4786 424 4849 mine,
446 4787 495 4837 si
515 4785 616 4849 eis,
637 4787 784 4852 potes
799 4799 883 4837 me
910 4784 1201 4837 mundare.
1220 4784 1400 4837 Corde
1431 4783 1583 4837 enim
1602 4782 1852 4837 creditur

269 4871 333 4924 ad
354 4873 650 4942 justitiam.
685 4872 844 4927 Unde
873 4887 1098 4926 necesse
1138 4877 1224 4926 est
1252 4872 1517 4926 ﬁdissime
1563 4872 1845 4943 deposcat,

269 4958 399 5014 nihil
426 4977 490 5015 ex
510 4960 763 5033 potentia
784 4959 1068 5015 dubitans.
1102 4960 1171 5015 Et
1197 4961 1245 5015 si
1278 4978 1377 5032 per
1404 4961 1569 5015 ﬁdem
1601 4978 1723 5032 qua:
1750 4977 1851 5032 per

268 5047 609 5105 dilectionem
639 5055 743 5116 est,
775 5050 1037 5113 oraverit,
1084 5050 1193 5105 erit
1220 5057 1423 5121 praesto
1467 5050 1853 5104 indubitanter

265 5138 504 5194 voluntas
534 5139 723 5194 divina
770 5139 841 5193 ad
888 5140 1151 5205 salutem,
1195 5140 1388 5194 efﬁcax
1417 5140 1488 5193 ad
1527 5139 1848 5210 imperium,

265 5233 447 5297 potens
485 5229 556 5284 ad
589 5229 867 5284 ell‘ectum.
898 5229 1058 5284 Unde
1088 5244 1217 5283 mox
1260 5230 1477 5300 leproso
1517 5227 1852 5299 Supplicanti

263 5314 485 5374 dicitur:
531 5319 668 5371 Volo.
699 5316 859 5383 Quia,
891 5318 1025 5372 dum
1053 5318 1237 5371 anima
1266 5318 1347 5371 sic
1382 5317 1608 5371 inchoat
1627 5316 1853 5370 creden-

264 5403 325 5458 do
352 5422 598 5472 exorare,
627 5407 747 5476 jam
775 5406 973 5479 incipit
1002 5408 1185 5461 curari
1212 5423 1245 5461 a
1272 5407 1429 5477 lepra
1456 5423 1558 5460 sua
1585 5423 1650 5460 ex
1681 5422 1851 5461 manu

266 5493 575 5550 Salvatoris.
607 5496 733 5566 Ipse
762 5495 915 5550 enim
949 5497 1199 5567 quotidie
1237 5496 1582 5551 descendens
1626 5494 1853 5568 inspicit

264 5588 314 5638 et
362 5585 546 5657 tangit
588 5590 821 5656 peccata
860 5590 1075 5652 nostra,
1125 5587 1260 5642 dum
1302 5602 1362 5641 se
1417 5586 1488 5641 ad
1544 5586 1855 5641 misericor-

1935 4513 2182 4578 potestas
2212 4510 2313 4565 Dei
2337 4513 2465 4581 jure
2507 4511 2713 4582 ubique
2739 4511 3004 4578 creditur,
3045 4512 3127 4566 ita
3174 4517 3232 4567 et
3276 4514 3532 4568 voluntas

1934 4598 1983 4668 ej
1993 4614 2057 4651 us
2084 4615 2310 4655 necesse
2338 4605 2423 4654 est
2441 4601 2720 4655 credatur.
2736 4601 2870 4654 Vult
2890 4600 3039 4655 enim
3058 4617 3252 4656 omnes
3277 4602 3532 4657 homines

1934 4686 2114 4741 salvos
2139 4689 2280 4754 ﬁeri,
2315 4695 2372 4742 et
2399 4690 2467 4743 ad
2488 4690 2833 4759 agnitionem
2861 4690 3112 4745 veritatis
3138 4690 3344 4748 venire.
3361 4692 3533 4763 Agni-

1934 4775 2013 4829 tio
2045 4776 2251 4847 quippe
2281 4777 2532 4832 veritatis
2557 4784 2643 4832 est
2671 4779 2853 4833 Patris
2867 4796 2932 4833 ac
2962 4779 3087 4833 Filii
3116 4780 3260 4835 sicut
3279 4797 3391 4835 una
3404 4782 3532 4837 Dei-

1929 4865 2036 4930 tas,
2072 4866 2151 4919 ita
2180 4870 2238 4919 et
2261 4866 2516 4921 voluntas
2540 4886 2551 4933 ;
2576 4872 2632 4921 et
2651 4884 2785 4938 quae
2802 4873 2989 4934 398
3005 4870 3261 4924 voluntas
3280 4870 3524 4942 utrique,

1931 4953 2055 5024 ipsa
2082 4960 2140 5008 et
2167 4960 2439 5026 potestas:
2469 4964 2810 5027 quaprOpter
2828 4974 2940 5012 non
2969 4958 3156 5012 minus
3187 4975 3316 5013 eum
3336 4964 3529 5031 poten-

1932 5048 2046 5096 tem
2077 5060 2244 5115 quam
2261 5045 2537 5099 volentem
2568 5045 2795 5101 credere
2822 5047 2906 5101 fas
2935 5052 3044 5105 est.
3069 5047 3229 5102 Unde
3258 5049 3528 5120 scriptum

1933 5136 2019 5186 est
2035 5151 2059 5185 μ
2083 5134 2283 5188 Omnia
2310 5151 2642 5204 quacunque
2671 5138 2861 5202 voluit,
2888 5138 3155 5191 Dominus
3175 5139 3303 5205 fecit
3320 5139 3382 5191 in
3403 5142 3528 5194 cwlo

1934 5235 1984 5284 et
2032 5231 2094 5282 in
2130 5233 2278 5281 terra
2312 5226 2476 5292 (Psal.
2511 5238 2737 5291 cxxxlv,
2781 5222 2863 5295 6).
2919 5226 3224 5298 Propterea
3278 5243 3410 5298 ergo
3439 5226 3530 5283 hic

1933 5318 2192 5388 egregius
2220 5317 2561 5370 voluntatem
2591 5314 2844 5385 requirit,
2867 5314 2935 5369 de
2956 5321 3231 5387 potestate
3260 5316 3400 5371 nihil
3430 5318 3531 5374 du-

1934 5407 2136 5474 bitans,
2165 5407 2233 5461 de
2254 5406 2461 5478 pietate
2480 5421 2842 5477 praesumens.
2867 5404 2971 5459 Cui
2997 5405 3136 5459 dixit
3154 5406 3183 5459 J
3187 5423 3317 5462 esus
3339 5426 3352 5460 :
3388 5409 3523 5472 Vide,

1936 5499 2152 5550 nemini
2186 5497 2416 5549 dixeris.
2456 5496 2570 5549 Cur
2592 5511 2724 5566 ergo
2754 5494 3074 5567 praecipitur
3101 5495 3312 5550 nemini
3344 5496 3526 5553 dicere

1937 5585 2086 5658 quod
2122 5584 2384 5641 omnibus
2430 5584 2649 5640 volebat
2677 5584 3038 5641 manifestum
3076 5600 3218 5651 esse,
3251 5585 3360 5639 nisi
3397 5584 3527 5656 quia
