3918 6176
431 227 540 285 343

1198 236 1254 298 s.
1295 242 1676 309 PASCHASII
1713 254 2073 319 RADBERTI
2108 264 2415 325 ABBATIS
2454 230 2943 327 CORBEIENSIS.

3576 284 3663 343 344

427 353 609 470 factus
633 362 722 470 est
748 358 869 470 ipse
898 360 1059 418 nobis
1083 364 1174 422 via
1201 384 1235 422 a
1254 369 1389 470 Dec,
1422 380 1487 429 ut
1512 377 1709 435 doceat
1736 385 1885 453 quod
1915 391 2095 454 nonA
2114 398 2301 449 saltem
2329 397 2579 463 operibus
2604 397 2803 451 credite
2837 398 3016 465 (Joan.
3052 414 3102 464 x,
3136 397 3244 470 38).
3296 404 3659 466 Convincuntur

428 444 542 499 sint
572 447 852 517 vulganda
892 468 1021 506 mox
1061 461 1264 512 nostra;
1305 460 1522 519 virtutis
1564 444 1770 539 opera;
1805 475 1904 529 sed
1956 478 2027 533 ob

431 535 745 590 custodiam
766 538 1101 597 humilitatis
1126 543 1408 604 interdum
1437 535 1658 612 silentio
1685 564 1947 632 tegenda,
1967 574 2027 623 ut

428 637 543 677 non
573 624 754 680 solum
786 643 821 680 a
851 632 1104 687 mercede
1132 650 1233 689 nos
1256 636 1637 700 abstineamus
1665 624 2028 721 mu'neris,ve-

427 725 555 765 rum
584 713 755 768 etiam
781 717 980 785 gnatiae
1010 735 1075 774 ac
1102 720 1303 779 laudis.
1335 727 1702 805 Nequaquam
1732 713 2024 811 igiturfce-

425 797 659 856 landum
690 804 834 874 quod
863 822 964 876 pro
993 808 1173 866 salute
1201 797 1456 872 omnium
1476 797 1684 894 gessit;
1708 797 1806 884 sed
1825 830 1885 887 in
1914 850 2025 890 uno

427 889 738 989 eodemque
770 909 937 989 opere
964 895 1162 954 docere
1182 903 1370 960 volens
1393 889 1526 980 quid
1557 889 1716 972 nobis
1746 923 2026 989 agendum

428 975 541 1045 sit;
574 982 631 1032 et
653 978 711 1033 in
741 982 947 1037 nostris
978 986 1149 1043 etiam
1180 1008 1350 1063 quam
1371 1000 1520 1054 cauti
1550 1018 1671 1059 esse
1698 975 2019 1079 debeamus,

427 1064 714 1122 insinuat:
758 1087 828 1125 ne
866 1074 1015 1129 unde
1060 1077 1435 1140 sublimamur
1474 1090 1545 1144 ad
1595 1095 1836 1165 culmen,
1894 1064 2023 1158 inde

426 1169 755 1214 corruamus
777 1162 1009 1231 gravius
1036 1166 1109 1220 ad
1138 1169 1371 1227 crimen.
1405 1176 1550 1234 Hinc
1586 1189 1672 1239 est
1698 1162 1832 1243 sane
1876 1194 2024 1263 quod

428 1241 615 1263 1"---Au
712 1247 745 1263 ἰ
1203 1257 1214 1263 ’

425 1241 653 1300 Marcus
673 1247 906 1314 ait,mox
928 1268 1056 1308 eum
1075 1257 1309 1328 cepisse
1338 1266 1638 1334 praedicare
1658 1280 1717 1329 et
1733 1241 2024 1339 diﬁ‘ariiare

424 1348 764 1404 sermonem,
806 1338 886 1393 ita
931 1347 996 1396 ut
1034 1346 1157 1415 jam
1186 1364 1297 1403 non
1327 1362 1516 1424 posset
1542 1359 1703 1418 Jesus
1732 1370 2024 1427 manifeste

419 1419 482 1476 in
510 1422 791 1480 civitatem
811 1427 1065 1488 introire.
1088 1435 1342 1495 Profecto
1370 1446 1503 1515 quia
1519 1447 1706 1508 divina
1729 1460 2027 1527 pandenda

424 1518 560 1610 sunt
573 1530 761 1585 opera,
781 1523 838 1571 et
865 1536 989 1590 quae
1004 1522 1063 1577 in
1093 1526 1255 1582 nobis
1281 1518 2024 1613 geruntur,neprblabamur

424 1597 725 1703 interdum
741 1609 998 1703 tegenda.
1030 1611 1204 1670 Nobis
1230 1597 1453 1689 quidem
1491 1597 2020 1703 praecipitur

2107 483 2424 538 sacerdotes
2444 491 2500 537 et
2518 486 2712 541 scribae
2722 487 3043 543 testimonio
3062 489 3199 560 legis
3216 498 3272 546 et
3289 497 3654 565 prophetarum;

2108 572 2242 641 quia
2265 573 2595 629 testiﬁcatus
2611 581 2697 629 est
2713 592 2743 629 a
2765 576 2887 646 lege
2899 583 2955 631 et
2981 580 3267 650 prophetis
3295 584 3659 644 Convincuntur

2108 660 2278 715 etiam
2291 662 2361 715 ab
2378 662 2588 717 eisdem
2605 664 3015 737 operibus,quze
3026 684 3137 722 non
3151 670 3333 725 minus
3345 689 3499 744 supra
3510 676 3659 747 legem

2109 767 2278 820 quam
2330 758 2386 807 et
2415 769 2587 823 supra
2614 754 2857 809 hominis
2888 756 3151 813 virtutem
3201 777 3318 815 esse
3363 764 3653 833 probantur.

2109 839 2230 903 Qua
2250 840 2319 895 de
2336 857 2505 896 causa
2518 843 2656 897 satis
2678 844 2904 915 provide
2924 847 3169 902 mittitur
3188 850 3258 904 ad
3275 853 3662 911 sacerdotemzut

2108 934 2165 983 et
2193 929 2312 1000 ipse
2340 947 2375 984 a
2394 947 2497 984 sua
2524 931 2831 1002 impietatis
2860 934 3017 1006 lepra
3035 937 3302 1006 discedat,
3323 940 3518 996 habens
3535 946 3664 998 testi-

2106 1019 2358 1073 monium
2384 1037 2417 1073 a
2461 1020 2601 1091 lege,
2637 1022 2792 1076 illam
2819 1040 3107 1095 nunquam
3139 1028 3273 1082 talia
3300 1032 3531 1100 potuisse
3555 1052 3567 1099 ;
3592 1038 3662 1089 te-

2106 1110 2429 1164 stimonium
2447 1110 2801 1184 abipsalegis
2816 1116 2999 1187 typica
3015 1119 3663 1179 sanctioneztestimonium

2105 1195 2175 1248 ab
2205 1194 2323 1266 ipso
2349 1197 2656 1252 curationis
2682 1215 2869 1270 opere,
2894 1207 2951 1255 et
2977 1201 3142 1257 verbo
3161 1204 3395 1277 imperii,
3417 1209 3594 1263 saltem
3616 1217 3668 1265 ut

2105 1291 2526 1354 recognosceret
2552 1286 2711 1340 illum
2742 1287 2838 1359 qui
2866 1290 2998 1344 olim
3027 1292 3192 1347 verbo
3223 1302 3418 1350 cuncta
3458 1304 3661 1352 crearat.

2105 1371 2227 1425 Non
2259 1373 2503 1443 quidem,
2529 1376 2679 1430 velut
2698 1377 2873 1448 aliqui
2908 1370 3289 1451 suspicantur,
3306 1384 3438 1438 illud
3462 1387 3667 1457 Moysai-

2105 1476 2233 1514 cum
2256 1462 2475 1517 videtur
2493 1465 2830 1535 approbasse
2854 1469 3365 1543 sacriﬁcium,quod
3382 1491 3477 1528 nec
3492 1476 3668 1532 Christi

2106 1550 2349 1605 Ecclesia
2378 1553 2614 1607 credidit
2661 1555 2921 1627 deinceps
2972 1559 3349 1616 offerendum:
3399 1565 3489 1618 sed
3517 1566 3668 1620 solum

2103 1638 2173 1692 ob
2203 1640 2610 1709 testimonium,
2629 1647 2937 1715 praesertim
2962 1664 3087 1702 cum
3118 1650 3356 1705 necdum
3377 1656 3667 1724 coeperatil-

1491 1692 1509 1697 _
1660 1692 1677 1703 ,
1886 1692 1893 1693 ,
1926 1692 2014 1698 ,η
2212 1692 2249 1693 η
2272 1692 2279 1693 κ
2629 1692 2937 1715 rm---"
2964 1692 3087 1702 πη.
3119 1692 3356 1705 ..νυν-...η
3377 1692 3667 1724 “spem...—

424 1692 730 1808 ut‘nemin‘i
760 1694 1042 1808 (ἷξοεωιξεὶ
1084 1702 1177 1758 ille
1204 1723 1331 1763 Vero
1361 1711 1686 1784 absolvitur,
1719 1730 1783 1779 ut
1810 1727 2019 1802 absque
2044 1727 2204 1808 Blud
2225 1736 2478 1784 sanctum
2501 1738 3050 1807 sanctorum,corpus
3071 1740 3194 1807 ejus
3216 1740 3480 1807 videlicet,
3512 1744 3669 1796 oll‘erri

427 1793 491 1808 ην.
522 1795 586 1808 νυ.
617 1780 672 1808 ε..
717 1799 784 1808 η.-
834 1802 856 1808 -
881 1787 946 1808 α-
982 1795 1062 1808 μ-.
1140 1792 1151 1804 ο
1264 1798 1296 1808 ..
1583 1807 1590 1808 ,

417 2327 590 2382 opera
613 2318 866 2426 nLemijni
897 2338 1025 2377 vero
1056 2342 1156 2397 pro
1184 2339 1376 2389 nostra
1393 2336 1559 2395 laude
1580 2350 1636 2399 et
1667 2318 1873 2408 favbris
1898 2372 2024 2426 gra-

417 2399 492 2426 ιε..
553 2418 614 2426 Α..
660 2404 672 2426 ξ
724 2422 777 2426 υ-
1008 2413 1022 2426 “
1157 2422 1162 2426 ·
1331 2423 1366 2426 ν

415 2399 515 2467 tia,
550 2404 889 2463 exhibenda:
940 2413 1025 2467 vel
1054 2422 1222 2485 certe,
1250 2423 1458 2481 sufﬁcit
1485 2429 1607 2501 ipsa
1636 2399 2023 2501 virtutumoos-

419 2490 696 2599 tensio‘ad
724 2496 1170 2599 exhortationem
1211 2513 1412 2581 operis.
1457 2490 1543 2574 Ita
1576 2528 1641 2577 ut

413 2576 487 2632 sit
514 2580 698 2637 verbis
727 2585 945 2643 edicere
976 2594 1123 2662 quod
1152 2600 1412 2659 omnibus
1431 2608 1502 2661 ad
1531 2576 1906 2676 imitatibnem
1932 2624 2017 2678 fas

413 2672 845 2775 esthnspicere
876 2695 889 2744 ;
921 2696 1104 2753 neque
1133 2686 1202 2742 de
1238 2707 1298 2744 se
1339 2692 1562 2754 laudem
1596 2720 1863 2775 quaerere.
1899 2712 2009 2768 Sed

410 2755 741 2867 imitabilem
776 2781 835 2820 se
861 2768 1122 2838 plurimis
1149 2778 1428 2838 exhibere.

412 2848 568 2957 lle'nde
611 2855 659 2952 te
716 2860 1001 2927 sacerdoti,
1051 2869 1099 2915 et
1145 2870 1276 2934 o/I'er
1318 2889 1525 2930 munus
1571 2848 1715 2949 quod
1740 2848 2013 2957 Ipr;cc:pit

408 2935 612 3047 ﬂioyses
635 2941 698 2993 in
729 2946 1103 3004 testimonium
1121 2956 1254 3008 illis.
1272 2958 1398 3014 Non
1426 2935 1865 3033 quod‘Domihus
1890 2935 2010 3047 jam

453 3023 600 3047 -:n-
636 3026 809 3047 Il’-._'
982 3036 1013 3047 ι·

411 3020 481 3075 de
509 3023 605 3077 illo
636 3026 879 3085 Mosaico
909 3036 1045 3090 satis
1072 3047 1097 3074 ⁸
1118 3052 1342 3100 curaret

408 3197 575 3253 niunt
601 3207 658 3255 et
691 3215 983 3278 sanantur,
1010 3230 1079 3269 ne
1111 3217 1318 3289 ingrati
1350 3237 1555 3296 essent,
1580 3233 1817 3295 formam
1849 3242 2010 3300 daret

408 3288 678 3398 qﬁ‘erendi
707 3311 927 3352 summo
955 3304 1206 3372 pontiﬁci
1232 3311 1473 3384 Christo,
1497 3322 1658 3391 cujus
1683 3326 1801 3398 ipse
1831 3347 2015 3387 sacer-

454 3393 507 3398 ,μ
537 3379 569 3398 1'!
586 3396 598 3398 ρ
616 3396 640 3398 μ
672 3397 676 3398 ν
937 3387 950 3398 “
1017 3395 1023 3398 ‘
1213 3396 1220 3398 ’

407 3375 508 3430 dos
536 3379 790 3479 ﬁguram-
800 3387 1049 3479 gerebat,
1075 3396 1388 3463 gratiarum
1421 3375 1669 3475 quotidie
1683 3375 2013 3479 hostia-siuet

409 3483 644 3524 munera
668 3472 868 3531 debitae
890 3478 1090 3536 laudis.
1116 3485 1250 3550 Quae
1282 3491 1551 3550 nimirum
1580 3499 1717 3572 legis
1739 3507 2010 3565 sacriﬁcia

400 3925 607 3975 nostrae
635 3923 925 3991 sacriﬁcia,
955 3929 1075 3985 sine
1090 3934 1293 4004 quibus
1304 3938 1417 3995 Deo
1439 3943 1659 4013 placere
1680 3923 1997 4023 nequimus.

399 4005 469 4114 {Et
493 4008 617 4107 ideo
642 4013 855 4112 jugiter
885 4017 1054 4073 etiam
1084 4029 1325 4096 respersi
1350 4005 1623 4103 sanguine
1662 4005 2001 4114 Christi-per

396 4091 759 4165 baptismum,
782 4101 891 4157 ista
918 4106 1029 4161 ﬁde
1049 4125 1149 4179 pro
1179 4091 1341 4170 nobis
1365 4091 1564 4177 oﬁerre

398 4188 716 4241 rumtamen
736 4188 807 4243 ad
828 4196 1175 4253 sacerdotem
1190 4201 1269 4256 ire
1283 4211 1565 4280 praecepit,
1589 4220 1652 4269 ut
1671 4224 1726 4270 et
1746 4222 2004 4278 sacerdos

399 4286 526 4324 eum
556 4271 911 4346 intelligeret,
942 4298 1053 4338 non
1084 4286 1223 4358 legis
1250 4271 1465 4362 ordine,

2030 3027 2073 3087 C

1373 3066 1667 3126 praecepto,
1701 3064 1849 3131 quod
1879 3083 2007 3121 mox
2030 3063 2391 3132 uvenissent,
2425 3067 2700 3138 rogabant
2729 3087 2857 3125 eum
2890 3074 3142 3141 sollicite,
3175 3077 3428 3134 dicentes
3450 3080 3570 3152 quia
3594 3078 3666 3133 di-

2113 1816 2465 1884 sacriﬁcium,
2502 1820 2633 1890 quia
2673 1822 2909 1876 necdum
2939 1824 2998 1878 in
3039 1828 3298 1896 passione
3341 1830 3569 1901 seipsum
3596 1848 3669 1886 rc-

1981 1915 2008 1967 ῖ,
2112 1905 2451 1976 demptionis
2497 1915 2702 1965 nostrae
2733 1911 3116 1969 holocaustum
3146 1917 3440 1973 obtulerat.
3470 1921 3669 1991 Propte-

2110 2010 2206 2048 rea
2237 2011 2438 2066 nempe
2489 1999 2725 2053 necdum
2758 2001 3053 2071 oportebat
3081 2006 3293 2060 auferri
3337 2008 3671 2079 signiﬁcantia

2000 2121 2024 2132 -
2109 2082 2249 2153 legis
2279 2086 2568 2151 sacriﬁcia,
2604 2088 2779 2143 donec
2819 2090 2955 2145 illud
2987 2094 3135 2163 quod
3167 2095 3573 2166 signiﬁcabatur
3596 2114 3669 2152 os-

1999 2209 2024 2221 -
2106 2177 2333 2227 tensum
2363 2179 2420 2229 et
2442 2176 2836 2232 conﬁrmatum
2867 2187 3013 2234 esset
3037 2200 3102 2235 ex
3128 2184 3451 2255 impletione
3481 2186 3666 2257 operis;

2106 2268 2171 2315 ut
2217 2267 2337 2316 tum
2377 2264 2523 2334 quod
2561 2266 2857 2336 tegebatur
2908 2269 3134 2325 uberius
3172 2274 3283 2328 ﬁde
3338 2276 3665 2341 credentium,

2105 2351 2381 2421 passionis
2409 2353 2605 2423 ﬁguris
2627 2355 2747 2425 jam
2772 2358 3098 2428 repudiatis,
3136 2361 3346 2418 Christi
3370 2365 3669 2419 sacriﬁcium

2103 2440 2556 2510 amplecteretur.

2171 2530 2307 2585 Cum
2327 2536 2511 2585 autem
2532 2535 2815 2588 introisset
2833 2537 3232 2606 Capharnaum
3251 2546 3468 2597 accessit
3486 2545 3553 2597 ad
3566 2559 3670 2597 eum

2098 2621 2366 2685 centurio,
2412 2636 2615 2689 rogans
2645 2640 2772 2677 eum
2800 2630 2848 2678 et
2878 2627 3061 2681 dicens
3111 2631 3325 2695 (Matth.
3368 2646 3477 2698 vm,
3507 2633 3575 2693 5).
3603 2633 3669 2687 De

2097 2723 2206 2777 quo
2236 2724 2371 2762 sane
2396 2709 2516 2764 loco
2532 2711 2708 2766 Lucas
2730 2718 2787 2767 et
2812 2731 3054 2784 praesens
3079 2718 3431 2790 Evangelista
3458 2722 3669 2776 multum

2095 2795 2393 2852 dissentire
2422 2798 2697 2867 videntur,
2734 2808 2928 2869 ιιθο
2968 2805 3101 2861 dum
3131 2809 3312 2864 Lucas
3349 2811 3508 2877 dicat,
3540 2810 3663 2882 quod

2095 2884 2310 2939 miserit
2338 2887 2408 2940 ad
2438 2904 2565 2943 eum
2596 2890 2751 2960 prius
2780 2893 3027 2949 seniores
3053 2896 3395 2967 Judzeorum,
3412 2907 3591 2973 petens
3615 2904 3667 2953 ut

2094 2973 2309 3028 veniret
2332 2977 2402 3030 ad
2433 2994 2581 3044 eum,
2613 2984 2671 3033 et
2698 2981 2938 3037 salvaret
2969 3002 3187 3040 servum
3230 2991 3353 3060 ejus
3381 3009 3392 3043 :
3444 2991 3532 3062 qui
3558 3006 3666 3044 cum

2087 3168 2234 3222 gnus
2262 3161 2367 3221 est,
2403 3161 2468 3210 ut
2507 3157 2611 3211 hoc
2639 3158 2720 3213 illi
2749 3167 2980 3231 praestes
3009 3182 3019 3216 :
3077 3165 3266 3236 diligit
3298 3169 3443 3223 enim
3466 3175 3667 3241 gentem

2091 3250 2366 3315 nostram,
2390 3250 2446 3299 et
2471 3264 2816 3320 synagogam
2847 3251 2967 3322 ipse
2994 3253 3154 3308 nobis
3190 3257 3500 3313 aediﬁcavit.
3526 3260 3666 3313 Jesus

2096 3337 2281 3387 autem
2324 3333 2440 3388 ibat
2469 3352 2596 3391 cum
2628 3338 2730 3404 eis,
2763 3345 2820 3393 et
2846 3357 2971 3395 cum
2998 3344 3118 3412 jam
3147 3361 3259 3400 non
3296 3349 3456 3420 longe
3481 3352 3616 3403 esset
3638 3364 3666 3401 a

2094 3420 2443 3483 domo,misit
2462 3425 2531 3479 ad
2554 3443 2681 3481 eum
2705 3444 2901 3485 rursus
2929 3435 3182 3489 centurio
3207 3438 3439 3504 amicos,
3464 3439 3662 3493 dicens:

2091 3509 2347 3578 Domine,
2384 3514 2495 3568 noli
2526 3517 2732 3583 vexari,
2780 3535 2893 3574 non
2930 3522 3081 3576 enim
3110 3523 3317 3596 dignus
3346 3545 3466 3582 sum
3498 3533 3556 3582 ut
3578 3525 3665 3582 sub

2091 3604 2300 3655 tectum
2334 3620 2520 3658 meum
2552 3606 2745 3661 intres.
2769 3608 3006 3680 PrOpter
3029 3614 3177 3683 quod
3208 3623 3268 3669 et
3293 3619 3665 3690 meipsumnon

2090 3705 2214 3743 sum
2244 3690 2450 3762 dignus
2474 3695 2780 3751 arbitratus
2810 3705 2874 3752 ut
2917 3702 3164 3757 venirem
3196 3705 3267 3758 ad
3299 3714 3374 3773 te,
3404 3713 3457 3762 et
3487 3712 3666 3762 caetera

2093 3780 2238 3844 (Luc.
2273 3794 2371 3845 vn,
2410 3780 2540 3846 1-7).
2582 3784 2757 3839 Porro
2777 3787 2882 3842 hoc
2908 3789 3048 3856 loco,
3078 3794 3223 3863 quod
3248 3795 3372 3866 ipse
3396 3794 3665 3852 accesserit

2085 3867 2155 3920 ad
2177 3884 2327 3935 eum,
2352 3870 2562 3925 dictum
2585 3878 2819 3940 est,cum
2841 3894 2942 3932 nec
2963 3896 3022 3933 se
3054 3881 3286 3952 dignum
3312 3887 3497 3941 venire
3520 3888 3664 3956 juxta

2083 3955 2289 4011 Lucam
2319 3963 2577 4015 testatur.
2620 3964 2727 4019 Sed
2756 3965 2834 4020 ibi
2858 3970 3149 4025 veritatem
3169 3972 3418 4031 historiae
3435 3955 3534 4030 ille,
3555 3990 3663 4046 pro-

2081 4062 2358 4117 sequens;
2410 4051 2704 4108 Matthaeus
2738 4072 2867 4111 vero
2907 4058 3011 4112 hoc
3050 4062 3360 4118 secundum
3392 4062 3663 4120 usitatissi-

2083 4151 2231 4190 mam
2248 4137 2510 4210 loquendi
2532 4145 2992 4202 consuetudinem
3010 4152 3419 4208 asseruit.Nam
3436 4156 3661 4211 etLucas

2088 4226 2247 4294 quasi
2277 4244 2376 4297 per
2398 4231 2862 4291 recordationem.
2892 4236 3094 4291 alicubi
3140 4239 3304 4309 longe
3334 4251 3477 4313 post,
3513 4243 3577 4297 de
3596 4242 3662 4295 le-

1490 4301 1585 4353 sed
1610 4306 1796 4372 gratia
1824 4318 2057 4394 sanct1_
2085 4329 2271 4383 proso,
2303 4333 2426 4387 quae
2457 4318 2545 4373 hic
2569 4336 2715 4387 mox,
2749 4338 2871 4376 cum
2903 4324 2971 4377 de
3005 4332 3213 4394 monte,
3250 4329 3308 4383 in
3333 4332 3565 4386 veritate
3590 4331 3661 4384 fa-

647 4363 678 4375 ..
1455 4359 1461 4362 -
1725 4359 1732 4360 κ
1771 4359 1792 4361 η
1826 4359 2003 4366 -π--νν-
2085 4359 2271 4383 ι--ν-ιυ,
2305 4359 2425 4387 ηυνυ
2457 4359 2545 4373 ...ν
2569 4359 2715 4387 unm,
2749 4359 2871 4376 uuln
2903 4359 2971 4377 uc
3005 4359 3213 4394 ιιιυιιυσ,
3251 4359 3308 4383 ιιι
3340 4359 3565 4386 venulus
3590 4359 3661 4384 ιιι·-

396 4359 681 4478 Εναςεθιιι
712 4382 883 4438 supra
911 4370 1089 4442 legem
1123 4394 1243 4432 esse
1272 4390 1547 4441 curatum.
1587 4390 1728 4446 Hinc
1748 4403 1835 4450 est
1866 4414 1999 4469 ergo
2020 4387 2175 4456 Dcta
2207 4403 2635 4473 interseruntur,
2666 4410 2872 4478 edidit;
2904 4412 2972 4467 de
2997 4417 3324 4473 centurione
3350 4438 3479 4475 vero
3502 4440 3513 4474 :
3538 4422 3661 4475 Cum

396 4464 504 4478 ,ιι-ιη
565 4454 848 4478 -A-.-:i--_,
894 4465 929 4478 μ,
1002 4465 1040 4478 ιη
1486 4477 1498 4478 γ

394 4448 543 4550 quod
564 4454 849 4523 sequitur:
882 4465 929 4513 el
961 4465 1093 4529 offer
1120 4482 1327 4524 munus
1356 4477 1500 4540 quod
1516 4486 1771 4549 pramepil

392 4539 457 4591 in
471 4543 846 4600 testimonium
868 4552 1002 4605 illis.
1034 4553 1097 4607 In
1122 4557 1505 4618 testimonium
1533 4568 1739 4640 quippe
1766 4539 1999 4632 offertur
2079 4581 2103 4631 ἰ

388 4717 699 4823 pontiﬁces,
753 4732 961 4793 pateat,
1016 4750 1181 4802 quem
1226 4737 1366 4809 legis
1405 4742 1615 4800 duritia
1647 4765 1681 4802 a
1707 4717 1993 4823 lepraws‘ua

388 4807 663 4864 mundare
693 4816 1041 4885 nequiverat,
1069 4824 1275 4881 Christi
1290 4832 1477 4899 gratia
1496 4852 1666 4891 sanus
1690 4845 1747 4894 et
1762 4807 1990 4898 lincolu-

390 4896 497 4951 mis
518 4900 764 4958 eﬁectus.
787 4905 930 4960 Nam
956 4914 1013 4964 et
1032 4910 1166 4967 illud
1192 4915 1377 4986 ipsum
1396 4938 1602 4980 munus
1630 4928 1762 4997 quia
1786 4932 1987 4988 umbra

388 4993 528 5087 erat,
562 4989 720 5045 illum
747 4996 990 5052 venisset
1014 5003 1197 5072 typice
1226 4989 1708 5082 praemonstrabat,
1728 5021 1821 5091 qui
1854 5039 1984 5077 san-

383 5076 557 5145 guine
586 5097 686 5135 suo
717 5084 1037 5142 universum
1066 5108 1246 5160 genus
1283 5114 1598 5169 respersum
1640 5123 1671 5161 a
1698 5076 1854 5180 lepra
1884 5111 1984 5166 im-

384 5168 675 5225 munditiae
703 5189 816 5227 suae
843 5175 1148 5234 clementer
1175 5168 1457 5244 liberaret.
1491 5193 1693 5251 Omnia
1738 5168 1981 5271 namque

381 5254 655 5314 miracula
676 5263 978 5322 Salvatoris
995 5285 1096 5339 per
1124 5288 1371 5343 carnem,
1404 5282 1790 5342 testimonium
1818 5254 1980 5347 erant

380 5344 707 5417 divinitatis,
753 5355 903 5423 quod
940 5364 1087 5413 esset
1123 5360 1273 5417 idem
1308 5365 1457 5423 Deus
1497 5377 1554 5426 et
1598 5375 1766 5431 homo

380 5440 501 5490 stus
518 5436 776 5495 Jesus.Et
790 5442 915 5499 ideo
928 5447 1147 5503 dicebat
1167 5468 1177 5503 :
1201 5452 1267 5507 Si
1282 5456 1424 5510 mihi
1439 5474 1549 5514 non
1570 5468 1740 5519 vultis
1760 5471 1973 5525 credere

2072 4862 2142 4899 ne
2175 4849 2414 4918 expleto,
2467 4851 2600 4907 illuc
2635 4854 2945 4913 intraverit.
2997 4861 3075 4916 Eo
3101 4863 3292 4935 itaque
3323 4868 3491 4921 modo
3521 4872 3575 4921 et
3598 4881 3657 4920 ex

2069 4935 2173 4990 hoc
2202 4954 2314 4992 non
2339 4938 2695 4998 dissentiunt.
2736 4947 2939 5003 Volens
2967 4967 3112 5006 unus
3143 4953 3379 5021 edicere,
3425 4957 3554 5028 quid
3583 4971 3657 5009 se-

2067 5026 2311 5082 cundum
2335 5029 2580 5086 historiae
2609 5035 2901 5091 veritatem
2927 5040 3104 5105 ;alter
3122 5059 3273 5105 vero,
3307 5026 3459 5117 quod
3482 5047 3652 5117 majus

2066 5120 2169 5180 est,
2205 5117 2338 5187 quid
2377 5122 2683 5177 secundum
2716 5126 2878 5179 ﬁdem
2921 5130 3129 5184 sentire
3169 5132 3491 5190 debeamus.
3520 5136 3653 5190 Prae-

2065 5206 2256 5260 sertim
2288 5224 2414 5262 cum
2448 5212 2885 5281 perventionem.
2919 5219 3079 5287 cujus
3105 5221 3448 5293 adipiscendi
3492 5239 3652 5279 causa

2061 5294 2303 5366 aliquem
2333 5298 2572 5365 adimus,
2618 5302 2948 5375 plerumque
2984 5307 3225 5366 dicimus
3271 5313 3496 5375 factam,
3528 5314 3650 5368 licet

2059 5383 2125 5436 ad
2160 5401 2323 5455 quem
2353 5389 2608 5457 pervenit
2641 5408 2754 5446 non
2788 5393 3077 5452 videatille
3094 5400 3189 5470 qui
3218 5403 3492 5470 audierat,
3524 5419 3643 5458 cum

2054 5490 2156 5544 per
2177 5475 2421 5531 amicum
2441 5481 2777 5550 pervenerit,
2809 5486 2972 5556 cujus
3000 5503 3147 5560 saepe
3173 5489 3232 5546 in
3263 5492 3467 5547 talibus
3498 5492 3643 5547 favor

448 5571 473 5599 ³
503 5564 672 5619 Salis.
704 5564 761 5620 id
792 5574 895 5635 est,
930 5577 1176 5632 multum
1203 5582 1362 5635 valde
1379 5602 1397 5648 ;
1430 5589 1496 5639 ut
1523 5602 1646 5644 cum
1679 5590 1890 5649 Gallice
1922 5596 2129 5653 dicitur
2161 5618 2173 5654 :
2206 5604 2252 5657 il
2279 5609 2356 5657 est
2383 5619 2552 5659 ASSEZ
2582 5606 2777 5676 habile,
2812 5626 2969 5669 ASSEZ
2997 5621 3213 5682 savant,
3238 5622 3344 5672 etc.
