  <div class='ocr_page' id='page_1' title='image "/cluster/home/n/w/nwhite01/storage/ocr_20150623/120/hvd.32044054759824/178.png"; bbox 0 0 3918 6176; ppageno 0'>
   <div class='ocr_carea' id='block_1_1' title="bbox 155 210 1755 300">
    <p class='ocr_par' dir='ltr' id='par_1_1' title="bbox 155 210 1755 296">
     <span class='ocr_line' id='line_1_1' title="bbox 155 210 1755 296; baseline 0.003 -12"><span class='ocrx_word' id='word_1_1' title='bbox 155 235 244 296; x_wconf 68' lang='lat'>345</span> <span class='ocrx_word' id='word_1_2' title='bbox 912 229 1293 288; x_wconf 87' lang='lat' dir='ltr'>EXPOSITIO</span> <span class='ocrx_word' id='word_1_3' title='bbox 1330 231 1410 288; x_wconf 88' lang='lat' dir='ltr'>IN</span> <span class='ocrx_word' id='word_1_4' title='bbox 1447 210 1755 289; x_wconf 57' lang='grc' dir='ltr'>ΜΑΤΓΗΑΕ</span> 
     </span>
    </p>
   </div>
   <div class='ocr_carea' id='block_1_2' title="bbox 1838 210 3436 300">
    <p class='ocr_par' dir='ltr' id='par_1_2' title="bbox 1838 226 3436 300">
     <span class='ocr_line' id='line_1_2' title="bbox 1838 226 3436 300; baseline -0.002 -11"><span class='ocrx_word' id='word_1_5' title='bbox 1838 233 1892 289; x_wconf 67' lang='lat' dir='ltr'>ii.</span> <span class='ocrx_word' id='word_1_6' title='bbox 1935 264 2001 276; x_wconf 94' lang='lat'><strong>—</strong></span> <span class='ocrx_word' id='word_1_7' title='bbox 2040 232 2179 290; x_wconf 93' lang='lat' dir='ltr'>LIB.</span> <span class='ocrx_word' id='word_1_8' title='bbox 2220 232 2288 300; x_wconf 86' lang='lat' dir='ltr'>V,</span> <span class='ocrx_word' id='word_1_9' title='bbox 2332 231 2488 289; x_wconf 82' lang='lat' dir='ltr'>CAP.</span> <span class='ocrx_word' id='word_1_10' title='bbox 2532 231 2681 288; x_wconf 85' lang='lat' dir='ltr'>VIII.</span> <span class='ocrx_word' id='word_1_11' title='bbox 3329 226 3436 287; x_wconf 80' lang='grc'>346</span> 
     </span>
    </p>
   </div>
   <div class='ocr_carea' id='block_1_3' title="bbox 175 354 3439 447">
    <p class='ocr_par' dir='ltr' id='par_1_3' title="bbox 175 354 3439 447">
     <span class='ocr_line' id='line_1_3' title="bbox 175 354 3439 447; baseline -0.001 -34"><span class='ocrx_word' id='word_1_12' title='bbox 175 366 247 413; x_wconf 81' lang='lat' dir='ltr'>est</span> <span class='ocrx_word' id='word_1_13' title='bbox 270 355 644 411; x_wconf 87' lang='lat' dir='ltr'>necessarius.</span> <span class='ocrx_word' id='word_1_14' title='bbox 685 354 845 411; x_wconf 86' lang='lat' dir='ltr'><strong>Unde</strong></span> <span class='ocrx_word' id='word_1_15' title='bbox 882 356 1046 426; x_wconf 82' lang='lat' dir='ltr'>vulgo</span> <span class='ocrx_word' id='word_1_16' title='bbox 1086 372 1207 411; x_wconf 87' lang='lat' dir='ltr'>mos</span> <span class='ocrx_word' id='word_1_17' title='bbox 1236 357 1497 423; x_wconf 80' lang='lat' dir='ltr'>obtinuit,</span> <span class='ocrx_word' id='word_1_18' title='bbox 1531 363 1596 413; x_wconf 92' lang='lat' dir='ltr'>ut</span> <span class='ocrx_word' id='word_1_19' title='bbox 1620 376 1751 431; x_wconf 85' lang='lat' dir='ltr'>per-</span> <span class='ocrx_word' id='word_1_20' title='bbox 1836 377 1938 415; x_wconf 91' lang='lat' dir='ltr'>nec</span> <span class='ocrx_word' id='word_1_21' title='bbox 1958 361 2215 415; x_wconf 86' lang='lat' dir='ltr'>Christus</span> <span class='ocrx_word' id='word_1_22' title='bbox 2246 365 2463 414; x_wconf 85' lang='lat' dir='ltr'>tantam</span> <span class='ocrx_word' id='word_1_23' title='bbox 2483 358 2648 412; x_wconf 90' lang='lat' dir='ltr'>ﬁdem</span> <span class='ocrx_word' id='word_1_24' title='bbox 2670 356 2727 411; x_wconf 88' lang='lat' dir='ltr'>in</span> <span class='ocrx_word' id='word_1_25' title='bbox 2748 356 2939 420; x_wconf 79' lang='lat' dir='ltr'><strong>Israel,</strong></span> <span class='ocrx_word' id='word_1_26' title='bbox 2967 354 3047 409; x_wconf 91' lang='lat' dir='ltr'>ita</span> <span class='ocrx_word' id='word_1_27' title='bbox 3068 370 3170 408; x_wconf 88' lang='lat' dir='ltr'>nec</span> <span class='ocrx_word' id='word_1_28' title='bbox 3190 370 3292 423; x_wconf 86' lang='lat' dir='ltr'>ego</span> <span class='ocrx_word' id='word_1_29' title='bbox 3315 360 3439 409; x_wconf 86' lang='lat' dir='ltr'>tan-</span> 
     </span>
    </p>
   </div>
   <div class='ocr_carea' id='block_1_4' title="bbox 179 445 1754 517">
    <p class='ocr_par' dir='ltr' id='par_1_4' title="bbox 179 445 1754 517">
     <span class='ocr_line' id='line_1_4' title="bbox 179 445 1754 517; baseline 0.002 -18"><span class='ocrx_word' id='word_1_30' title='bbox 179 458 407 501; x_wconf 87' lang='lat' dir='ltr'>ventores</span> <span class='ocrx_word' id='word_1_31' title='bbox 435 461 532 499; x_wconf 91' lang='lat' dir='ltr'>eos</span> <span class='ocrx_word' id='word_1_32' title='bbox 572 445 934 515; x_wconf 83' lang='lat' dir='ltr'>appellemus,</span> <span class='ocrx_word' id='word_1_33' title='bbox 976 462 1077 516; x_wconf 89' lang='lat' dir='ltr'>per</span> <span class='ocrx_word' id='word_1_34' title='bbox 1102 462 1242 516; x_wconf 90' lang='lat' dir='ltr'>quos</span> <span class='ocrx_word' id='word_1_35' title='bbox 1283 447 1597 517; x_wconf 86' lang='lat' dir='ltr'>potentium</span> <span class='ocrx_word' id='word_1_36' title='bbox 1637 449 1754 503; x_wconf 89' lang='lat' dir='ltr'>ani-</span> 
     </span>
    </p>
   </div>
   <div class='ocr_carea' id='block_1_5' title="bbox 177 534 1749 607">
    <p class='ocr_par' dir='ltr' id='par_1_5' title="bbox 177 534 1749 607">
     <span class='ocr_line' id='line_1_5' title="bbox 177 534 1749 607; baseline 0.001 -17"><span class='ocrx_word' id='word_1_37' title='bbox 177 553 297 593; x_wconf 89' lang='lat' dir='ltr'>mos,</span> <span class='ocrx_word' id='word_1_38' title='bbox 320 535 447 587; x_wconf 90' lang='lat' dir='ltr'>licet</span> <span class='ocrx_word' id='word_1_39' title='bbox 466 534 895 595; x_wconf 87' lang='lat' dir='ltr'>inaccessibiles,</span> <span class='ocrx_word' id='word_1_40' title='bbox 918 551 1285 605; x_wconf 89' lang='lat' dir='ltr'>personarum</span> <span class='ocrx_word' id='word_1_41' title='bbox 1308 536 1749 607; x_wconf 68' lang='lat' dir='ltr'>interpositione,</span> 
     </span>
    </p>
   </div>
   <div class='ocr_carea' id='block_1_6' title="bbox 174 623 1750 697">
    <p class='ocr_par' dir='ltr' id='par_1_6' title="bbox 174 623 1750 697">
     <span class='ocr_line' id='line_1_6' title="bbox 174 623 1750 697; baseline 0.001 -19"><span class='ocrx_word' id='word_1_42' title='bbox 174 624 315 695; x_wconf 85' lang='lat' dir='ltr'>quasi</span> <span class='ocrx_word' id='word_1_43' title='bbox 341 623 666 677; x_wconf 84' lang='lat' dir='ltr'>ambitionis</span> <span class='ocrx_word' id='word_1_44' title='bbox 708 629 846 687; x_wconf 89' lang='lat' dir='ltr'>arte,</span> <span class='ocrx_word' id='word_1_45' title='bbox 882 623 1273 694; x_wconf 87' lang='lat' dir='ltr'>pertingimus.</span> <span class='ocrx_word' id='word_1_46' title='bbox 1308 625 1530 690; x_wconf 88' lang='lat' dir='ltr'>Quanto</span> <span class='ocrx_word' id='word_1_47' title='bbox 1572 628 1750 697; x_wconf 88' lang='lat' dir='ltr'>magis</span> 
     </span>
    </p>
   </div>
   <div class='ocr_carea' id='block_1_7' title="bbox 171 712 1750 786">
    <p class='ocr_par' dir='ltr' id='par_1_7' title="bbox 171 712 1750 786">
     <span class='ocr_line' id='line_1_7' title="bbox 171 712 1750 786; baseline 0.002 -19"><span class='ocrx_word' id='word_1_48' title='bbox 171 714 300 767; x_wconf 91' lang='lat' dir='ltr'>hunc</span> <span class='ocrx_word' id='word_1_49' title='bbox 327 729 424 783; x_wconf 90' lang='lat' dir='ltr'>per</span> <span class='ocrx_word' id='word_1_50' title='bbox 450 712 663 766; x_wconf 89' lang='lat' dir='ltr'>amicos</span> <span class='ocrx_word' id='word_1_51' title='bbox 708 712 1002 767; x_wconf 85' lang='lat' dir='ltr'>accessisse</span> <span class='ocrx_word' id='word_1_52' title='bbox 1047 720 1196 767; x_wconf 90' lang='lat' dir='ltr'>recte</span> <span class='ocrx_word' id='word_1_53' title='bbox 1235 714 1463 779; x_wconf 91' lang='lat' dir='ltr'>dicitur,</span> <span class='ocrx_word' id='word_1_54' title='bbox 1499 716 1593 786; x_wconf 91' lang='lat' dir='ltr'>qui</span> <span class='ocrx_word' id='word_1_55' title='bbox 1627 717 1750 786; x_wconf 89' lang='lat' dir='ltr'>plus</span> 
     </span>
    </p>
   </div>
   <div class='ocr_carea' id='block_1_8' title="bbox 168 801 1750 876">
    <p class='ocr_par' dir='ltr' id='par_1_8' title="bbox 168 801 1750 876">
     <span class='ocr_line' id='line_1_8' title="bbox 168 801 1750 876; baseline 0.001 -19"><span class='ocrx_word' id='word_1_56' title='bbox 168 801 409 857; x_wconf 88' lang='lat' dir='ltr'>omnibus</span> <span class='ocrx_word' id='word_1_57' title='bbox 434 808 748 857; x_wconf 80' lang='lat' dir='ltr'>accesserat</span> <span class='ocrx_word' id='word_1_58' title='bbox 774 818 873 874; x_wconf 86' lang='lat' dir='ltr'>per</span> <span class='ocrx_word' id='word_1_59' title='bbox 892 802 1086 867; x_wconf 89' lang='lat' dir='ltr'>ﬁdem;</span> <span class='ocrx_word' id='word_1_60' title='bbox 1107 804 1274 874; x_wconf 80' lang='lat' dir='ltr'>juxta</span> <span class='ocrx_word' id='word_1_61' title='bbox 1305 804 1453 875; x_wconf 90' lang='lat' dir='ltr'>quod</span> <span class='ocrx_word' id='word_1_62' title='bbox 1481 805 1750 876; x_wconf 88' lang='lat' dir='ltr'>scriptum</span> 
     </span>
    </p>
   </div>
   <div class='ocr_carea' id='block_1_9' title="bbox 170 893 1741 963">
    <p class='ocr_par' dir='ltr' id='par_1_9' title="bbox 170 893 1741 963">
     <span class='ocr_line' id='line_1_9' title="bbox 170 893 1741 963; baseline 0.004 -18"><span class='ocrx_word' id='word_1_63' title='bbox 170 897 244 945; x_wconf 85' lang='lat' dir='ltr'>est</span> <span class='ocrx_word' id='word_1_64' title='bbox 292 909 304 943; x_wconf 88' lang='lat'><strong>:</strong></span> <span class='ocrx_word' id='word_1_65' title='bbox 360 893 608 945; x_wconf 76' lang='lat' dir='ltr'>Accedite</span> <span class='ocrx_word' id='word_1_66' title='bbox 656 893 731 945; x_wconf 85' lang='lat' dir='ltr'>ad</span> <span class='ocrx_word' id='word_1_67' title='bbox 783 908 926 955; x_wconf 91' lang='lat' dir='ltr'>eum,</span> <span class='ocrx_word' id='word_1_68' title='bbox 990 897 1038 944; x_wconf 88' lang='lat' dir='ltr'>et</span> <span class='ocrx_word' id='word_1_69' title='bbox 1086 894 1508 947; x_wconf 83' lang='lat' dir='ltr'>ittuminamini</span> <span class='ocrx_word' id='word_1_70' title='bbox 1563 893 1741 963; x_wconf 83' lang='lat' dir='ltr'>(Psal.</span> 
     </span>
    </p>
   </div>
   <div class='ocr_carea' id='block_1_10' title="bbox 167 980 1753 1055">
    <p class='ocr_par' dir='ltr' id='par_1_10' title="bbox 167 980 1753 1055">
     <span class='ocr_line' id='line_1_10' title="bbox 167 980 1753 1055; baseline 0.002 -21"><span class='ocrx_word' id='word_1_71' title='bbox 167 995 337 1045; x_wconf 73' lang='lat' dir='ltr'>xum,</span> <span class='ocrx_word' id='word_1_72' title='bbox 379 982 454 1048; x_wconf 73' lang='lat'>5).</span> <span class='ocrx_word' id='word_1_73' title='bbox 505 981 766 1046; x_wconf 83' lang='lat' dir='ltr'>Proinde,</span> <span class='ocrx_word' id='word_1_74' title='bbox 820 980 954 1051; x_wconf 83' lang='lat' dir='ltr'>quia</span> <span class='ocrx_word' id='word_1_75' title='bbox 999 981 1166 1035; x_wconf 90' lang='lat' dir='ltr'>ﬁdem</span> <span class='ocrx_word' id='word_1_76' title='bbox 1219 981 1581 1048; x_wconf 89' lang='lat' dir='ltr'>centurionis,</span> <span class='ocrx_word' id='word_1_77' title='bbox 1641 999 1753 1055; x_wconf 87' lang='lat' dir='ltr'>qua</span> 
     </span>
    </p>
   </div>
   <div class='ocr_carea' id='block_1_11' title="bbox 165 1069 1753 1143">
    <p class='ocr_par' dir='ltr' id='par_1_11' title="bbox 165 1069 1753 1143">
     <span class='ocr_line' id='line_1_11' title="bbox 165 1069 1753 1143; baseline 0.003 -21"><span class='ocrx_word' id='word_1_78' title='bbox 165 1086 278 1123; x_wconf 83' lang='lat' dir='ltr'>vere</span> <span class='ocrx_word' id='word_1_79' title='bbox 303 1069 376 1123; x_wconf 89' lang='lat' dir='ltr'>ad</span> <span class='ocrx_word' id='word_1_80' title='bbox 408 1069 588 1123; x_wconf 89' lang='lat' dir='ltr'>Deum</span> <span class='ocrx_word' id='word_1_81' title='bbox 614 1070 851 1141; x_wconf 88' lang='lat' dir='ltr'>quisque</span> <span class='ocrx_word' id='word_1_82' title='bbox 879 1070 1110 1137; x_wconf 88' lang='lat' dir='ltr'>accedit,</span> <span class='ocrx_word' id='word_1_83' title='bbox 1140 1072 1223 1125; x_wconf 89' lang='lat' dir='ltr'>ita</span> <span class='ocrx_word' id='word_1_84' title='bbox 1250 1072 1370 1143; x_wconf 88' lang='lat' dir='ltr'>ipse</span> <span class='ocrx_word' id='word_1_85' title='bbox 1397 1072 1647 1126; x_wconf 88' lang='lat' dir='ltr'>laudavit</span> <span class='ocrx_word' id='word_1_86' title='bbox 1690 1080 1753 1127; x_wconf 93' lang='lat' dir='ltr'>ut</span> 
     </span>
    </p>
   </div>
   <div class='ocr_carea' id='block_1_12' title="bbox 164 1159 1745 1227">
    <p class='ocr_par' dir='ltr' id='par_1_12' title="bbox 164 1159 1745 1227">
     <span class='ocr_line' id='line_1_12' title="bbox 164 1159 1745 1227; baseline 0.003 -15"><span class='ocrx_word' id='word_1_87' title='bbox 164 1159 399 1214; x_wconf 88' lang='lat' dir='ltr'>diceret:</span> <span class='ocrx_word' id='word_1_88' title='bbox 431 1160 553 1213; x_wconf 84' lang='lat' dir='ltr'>Non</span> <span class='ocrx_word' id='word_1_89' title='bbox 586 1163 777 1213; x_wconf 88' lang='lat' dir='ltr'>inveni</span> <span class='ocrx_word' id='word_1_90' title='bbox 804 1164 1019 1213; x_wconf 87' lang='lat' dir='ltr'>tantam</span> <span class='ocrx_word' id='word_1_91' title='bbox 1048 1162 1209 1227; x_wconf 77' lang='lat' dir='ltr'>ﬁdem</span> <span class='ocrx_word' id='word_1_92' title='bbox 1238 1164 1297 1214; x_wconf 86' lang='lat' dir='ltr'>in</span> <span class='ocrx_word' id='word_1_93' title='bbox 1334 1164 1505 1215; x_wconf 80' lang='lat' dir='ltr'>Israel</span> <span class='ocrx_word' id='word_1_94' title='bbox 1537 1163 1745 1222; x_wconf 78' lang='lat' dir='ltr'>(Matth.</span> 
     </span>
    </p>
   </div>
   <div class='ocr_carea' id='block_1_13' title="bbox 161 1246 1750 1319">
    <p class='ocr_par' dir='ltr' id='par_1_13' title="bbox 161 1246 1750 1319">
     <span class='ocr_line' id='line_1_13' title="bbox 161 1246 1750 1319; baseline 0.003 -19"><span class='ocrx_word' id='word_1_95' title='bbox 161 1262 265 1311; x_wconf 85' lang='lat' dir='ltr'>vm,</span> <span class='ocrx_word' id='word_1_96' title='bbox 281 1246 384 1312; x_wconf 88' lang='grc' dir='ltr'>ιο).</span> <span class='ocrx_word' id='word_1_97' title='bbox 403 1248 758 1318; x_wconf 77' lang='lat' dir='ltr'>Evangelista</span> <span class='ocrx_word' id='word_1_98' title='bbox 772 1249 956 1319; x_wconf 89' lang='lat' dir='ltr'>potius</span> <span class='ocrx_word' id='word_1_99' title='bbox 973 1248 1271 1303; x_wconf 85' lang='lat' dir='ltr'>accessisse</span> <span class='ocrx_word' id='word_1_100' title='bbox 1284 1250 1352 1304; x_wconf 87' lang='lat' dir='ltr'>ad</span> <span class='ocrx_word' id='word_1_101' title='bbox 1366 1250 1653 1304; x_wconf 89' lang='lat' dir='ltr'>Christum</span> <span class='ocrx_word' id='word_1_102' title='bbox 1672 1252 1702 1304; x_wconf 85' lang='lat' dir='ltr'>rl</span> <span class='ocrx_word' id='word_1_103' title='bbox 1711 1252 1750 1305; x_wconf 92' lang='lat' dir='ltr'>i-</span> 
     </span>
    </p>
   </div>
   <div class='ocr_carea' id='block_1_14' title="bbox 161 1337 1757 1410">
    <p class='ocr_par' dir='ltr' id='par_1_14' title="bbox 161 1337 1757 1410">
     <span class='ocr_line' id='line_1_14' title="bbox 161 1337 1757 1410; baseline 0 -19"><span class='ocrx_word' id='word_1_104' title='bbox 161 1353 270 1391; x_wconf 86' lang='lat' dir='ltr'>cere</span> <span class='ocrx_word' id='word_1_105' title='bbox 286 1337 657 1408; x_wconf 90' lang='lat' dir='ltr'>voluit,quam</span> <span class='ocrx_word' id='word_1_106' title='bbox 673 1338 799 1391; x_wconf 88' lang='lat' dir='ltr'>illos</span> <span class='ocrx_word' id='word_1_107' title='bbox 816 1354 915 1408; x_wconf 90' lang='lat' dir='ltr'>per</span> <span class='ocrx_word' id='word_1_108' title='bbox 930 1355 1070 1410; x_wconf 85' lang='lat' dir='ltr'>quos</span> <span class='ocrx_word' id='word_1_109' title='bbox 1084 1338 1251 1392; x_wconf 88' lang='lat' dir='ltr'>verba</span> <span class='ocrx_word' id='word_1_110' title='bbox 1263 1355 1365 1393; x_wconf 91' lang='lat' dir='ltr'>sua</span> <span class='ocrx_word' id='word_1_111' title='bbox 1380 1339 1629 1395; x_wconf 86' lang='lat' dir='ltr'>miserat.</span> <span class='ocrx_word' id='word_1_112' title='bbox 1641 1342 1703 1394; x_wconf 67' lang='lat' dir='ltr'>Hi</span> <span class='ocrx_word' id='word_1_113' title='bbox 1714 1357 1757 1398; x_wconf 86' lang='lat' dir='ltr'>-c</span> 
     </span>
    </p>
   </div>
   <div class='ocr_carea' id='block_1_15' title="bbox 159 1426 1755 1497">
    <p class='ocr_par' dir='ltr' id='par_1_15' title="bbox 159 1426 1755 1497">
     <span class='ocr_line' id='line_1_15' title="bbox 159 1426 1755 1497; baseline 0.003 -18"><span class='ocrx_word' id='word_1_114' title='bbox 159 1426 348 1497; x_wconf 86' lang='lat' dir='ltr'>quippe</span> <span class='ocrx_word' id='word_1_115' title='bbox 378 1427 556 1480; x_wconf 87' lang='lat' dir='ltr'>Lucas</span> <span class='ocrx_word' id='word_1_116' title='bbox 580 1426 919 1495; x_wconf 79' lang='lat' dir='ltr'>intelligens,</span> <span class='ocrx_word' id='word_1_117' title='bbox 949 1427 1273 1481; x_wconf 89' lang='lat' dir='ltr'>historicam</span> <span class='ocrx_word' id='word_1_118' title='bbox 1302 1428 1595 1483; x_wconf 83' lang='lat' dir='ltr'>veritatem</span> <span class='ocrx_word' id='word_1_119' title='bbox 1628 1447 1755 1483; x_wconf 91' lang='lat' dir='ltr'>con-</span> 
     </span>
    </p>
   </div>
   <div class='ocr_carea' id='block_1_16' title="bbox 160 1515 1757 1587">
    <p class='ocr_par' dir='ltr' id='par_1_16' title="bbox 160 1515 1757 1587">
     <span class='ocr_line' id='line_1_16' title="bbox 160 1515 1757 1587; baseline 0.003 -20"><span class='ocrx_word' id='word_1_120' title='bbox 160 1515 339 1578; x_wconf 82' lang='lat' dir='ltr'>texuit,</span> <span class='ocrx_word' id='word_1_121' title='bbox 359 1522 429 1568; x_wconf 88' lang='lat' dir='ltr'>ut</span> <span class='ocrx_word' id='word_1_122' title='bbox 447 1516 517 1569; x_wconf 91' lang='lat' dir='ltr'>ad</span> <span class='ocrx_word' id='word_1_123' title='bbox 538 1515 705 1568; x_wconf 90' lang='lat' dir='ltr'>ﬁdem</span> <span class='ocrx_word' id='word_1_124' title='bbox 724 1521 778 1569; x_wconf 92' lang='lat' dir='ltr'>te</span> <span class='ocrx_word' id='word_1_125' title='bbox 803 1516 1592 1587; x_wconf 87' lang='lat' dir='ltr'>reduceret,quemadmodum</span> <span class='ocrx_word' id='word_1_126' title='bbox 1615 1518 1757 1573; x_wconf 87' lang='lat' dir='ltr'>alius</span> 
     </span>
    </p>
   </div>
   <div class='ocr_carea' id='block_1_17' title="bbox 158 1603 1753 1677">
    <p class='ocr_par' dir='ltr' id='par_1_17' title="bbox 158 1603 1753 1677">
     <span class='ocr_line' id='line_1_17' title="bbox 158 1603 1753 1677; baseline 0.002 -20"><span class='ocrx_word' id='word_1_127' title='bbox 158 1603 345 1657; x_wconf 81' lang='lat' dir='ltr'>dixerit</span> <span class='ocrx_word' id='word_1_128' title='bbox 364 1604 687 1669; x_wconf 84' lang='lat' dir='ltr'>accessisse,</span> <span class='ocrx_word' id='word_1_129' title='bbox 702 1605 1038 1674; x_wconf 89' lang='lat' dir='ltr'>quiomnino</span> <span class='ocrx_word' id='word_1_130' title='bbox 1059 1605 1284 1659; x_wconf 91' lang='lat' dir='ltr'>mentiri</span> <span class='ocrx_word' id='word_1_131' title='bbox 1298 1622 1408 1659; x_wconf 91' lang='lat' dir='ltr'>non</span> <span class='ocrx_word' id='word_1_132' title='bbox 1422 1608 1618 1677; x_wconf 56' lang='lat' dir='ltr'>potuit!</span> <span class='ocrx_word' id='word_1_133' title='bbox 1632 1610 1753 1662; x_wconf 83' lang='lat' dir='ltr'>Luc.</span> 
     </span>
    </p>
   </div>
   <div class='ocr_carea' id='block_1_18' title="bbox 1836 443 3438 519">
    <p class='ocr_par' dir='ltr' id='par_1_18' title="bbox 1836 443 3438 519">
     <span class='ocr_line' id='line_1_18' title="bbox 1836 443 3438 519; baseline -0.005 -15"><span class='ocrx_word' id='word_1_134' title='bbox 1836 457 1951 504; x_wconf 90' lang='lat' dir='ltr'>tam</span> <span class='ocrx_word' id='word_1_135' title='bbox 1983 449 2037 503; x_wconf 90' lang='lat' dir='ltr'>in</span> <span class='ocrx_word' id='word_1_136' title='bbox 2061 450 2140 503; x_wconf 91' lang='lat' dir='ltr'>eis</span> <span class='ocrx_word' id='word_1_137' title='bbox 2170 448 2503 519; x_wconf 82' lang='lat' dir='ltr'>sapientiam</span> <span class='ocrx_word' id='word_1_138' title='bbox 2532 447 2780 501; x_wconf 77' lang='lat' dir='ltr'>invenire</span> <span class='ocrx_word' id='word_1_139' title='bbox 2798 444 2972 517; x_wconf 87' lang='lat' dir='ltr'>potui.</span> <span class='ocrx_word' id='word_1_140' title='bbox 2991 445 3057 499; x_wconf 91' lang='lat' dir='ltr'>Et</span> <span class='ocrx_word' id='word_1_141' title='bbox 3086 444 3229 515; x_wconf 91' lang='lat' dir='ltr'>quod</span> <span class='ocrx_word' id='word_1_142' title='bbox 3260 443 3340 496; x_wconf 91' lang='lat' dir='ltr'>illi</span> <span class='ocrx_word' id='word_1_143' title='bbox 3371 460 3438 497; x_wconf 82' lang='lat' dir='ltr'>ex</span> 
     </span>
    </p>
   </div>
   <div class='ocr_carea' id='block_1_19' title="bbox 1837 530 3436 605">
    <p class='ocr_par' dir='ltr' id='par_1_19' title="bbox 1837 530 3436 605">
     <span class='ocr_line' id='line_1_19' title="bbox 1837 530 3436 605; baseline -0.005 -14"><span class='ocrx_word' id='word_1_144' title='bbox 1837 538 1989 591; x_wconf 91' lang='lat' dir='ltr'>omni</span> <span class='ocrx_word' id='word_1_145' title='bbox 2009 537 2218 591; x_wconf 84' lang='lat' dir='ltr'>fabrica</span> <span class='ocrx_word' id='word_1_146' title='bbox 2241 535 2433 590; x_wconf 91' lang='lat' dir='ltr'>mundi</span> <span class='ocrx_word' id='word_1_147' title='bbox 2461 534 2827 605; x_wconf 84' lang='lat' dir='ltr'>nequiverant</span> <span class='ocrx_word' id='word_1_148' title='bbox 2849 533 3179 603; x_wconf 86' lang='lat' dir='ltr'>intelligere,</span> <span class='ocrx_word' id='word_1_149' title='bbox 3206 532 3310 584; x_wconf 90' lang='lat' dir='ltr'>hoc</span> <span class='ocrx_word' id='word_1_150' title='bbox 3330 530 3436 584; x_wconf 86' lang='lat' dir='ltr'>iste</span> 
     </span>
    </p>
   </div>
   <div class='ocr_carea' id='block_1_20' title="bbox 1836 618 3435 698">
    <p class='ocr_par' dir='ltr' id='par_1_20' title="bbox 1836 618 3435 698">
     <span class='ocr_line' id='line_1_20' title="bbox 1836 618 3435 698; baseline -0.005 -18"><span class='ocrx_word' id='word_1_151' title='bbox 1836 628 1894 680; x_wconf 93' lang='lat' dir='ltr'>in</span> <span class='ocrx_word' id='word_1_152' title='bbox 1917 644 2028 680; x_wconf 91' lang='lat' dir='ltr'>uno</span> <span class='ocrx_word' id='word_1_153' title='bbox 2050 644 2217 698; x_wconf 87' lang='lat' dir='ltr'>parvo</span> <span class='ocrx_word' id='word_1_154' title='bbox 2247 625 2574 697; x_wconf 90' lang='lat' dir='ltr'>corpusculo</span> <span class='ocrx_word' id='word_1_155' title='bbox 2602 628 2784 677; x_wconf 92' lang='lat' dir='ltr'>totum</span> <span class='ocrx_word' id='word_1_156' title='bbox 2816 620 3201 693; x_wconf 86' lang='lat' dir='ltr'>deprehendit,</span> <span class='ocrx_word' id='word_1_157' title='bbox 3220 626 3277 674; x_wconf 91' lang='lat' dir='ltr'>et</span> <span class='ocrx_word' id='word_1_158' title='bbox 3292 618 3435 673; x_wconf 89' lang='lat' dir='ltr'>divi-</span> 
     </span>
    </p>
   </div>
   <div class='ocr_carea' id='block_1_21' title="bbox 1834 709 3443 785">
    <p class='ocr_par' dir='ltr' id='par_1_21' title="bbox 1834 709 3443 785">
     <span class='ocr_line' id='line_1_21' title="bbox 1834 709 3443 785; baseline -0.005 -16"><span class='ocrx_word' id='word_1_159' title='bbox 1834 715 2026 769; x_wconf 89' lang='lat' dir='ltr'>nitatis</span> <span class='ocrx_word' id='word_1_160' title='bbox 2051 714 2458 785; x_wconf 88' lang='lat' dir='ltr'>plenitudinem</span> <span class='ocrx_word' id='word_1_161' title='bbox 2492 716 2682 776; x_wconf 64' lang='lat'>402</span> <span class='ocrx_word' id='word_1_162' title='bbox 2705 710 2763 764; x_wconf 90' lang='lat' dir='ltr'>in</span> <span class='ocrx_word' id='word_1_163' title='bbox 2785 726 2850 763; x_wconf 92' lang='lat' dir='ltr'>eo</span> <span class='ocrx_word' id='word_1_164' title='bbox 2876 709 3280 763; x_wconf 86' lang='lat' dir='ltr'>inhabitantem</span> <span class='ocrx_word' id='word_1_165' title='bbox 3302 724 3443 779; x_wconf 72' lang='lat' dir='ltr'>pra:-</span> 
     </span>
    </p>
   </div>
   <div class='ocr_carea' id='block_1_22' title="bbox 1834 798 3435 868">
    <p class='ocr_par' dir='ltr' id='par_1_22' title="bbox 1834 798 3435 868">
     <span class='ocr_line' id='line_1_22' title="bbox 1834 798 3435 868; baseline -0.004 -11"><span class='ocrx_word' id='word_1_166' title='bbox 1834 805 2025 859; x_wconf 89' lang='lat' dir='ltr'>sensit.</span> <span class='ocrx_word' id='word_1_167' title='bbox 2076 806 2402 857; x_wconf 87' lang='lat' dir='ltr'>Accesserat</span> <span class='ocrx_word' id='word_1_168' title='bbox 2456 801 2723 855; x_wconf 89' lang='lat' dir='ltr'>nimirum</span> <span class='ocrx_word' id='word_1_169' title='bbox 2771 799 2841 853; x_wconf 91' lang='lat' dir='ltr'>ad</span> <span class='ocrx_word' id='word_1_170' title='bbox 2874 816 3005 853; x_wconf 92' lang='lat' dir='ltr'>eum</span> <span class='ocrx_word' id='word_1_171' title='bbox 3031 798 3300 857; x_wconf 86' lang='lat' dir='ltr'>Verbum,</span> <span class='ocrx_word' id='word_1_172' title='bbox 3335 813 3435 868; x_wconf 88' lang='lat' dir='ltr'>per</span> 
     </span>
    </p>
   </div>
   <div class='ocr_carea' id='block_1_23' title="bbox 1834 886 3436 964">
    <p class='ocr_par' dir='ltr' id='par_1_23' title="bbox 1834 886 3436 964">
     <span class='ocr_line' id='line_1_23' title="bbox 1834 886 3436 964; baseline -0.005 -17"><span class='ocrx_word' id='word_1_173' title='bbox 1834 894 1981 964; x_wconf 92' lang='lat' dir='ltr'>quod</span> <span class='ocrx_word' id='word_1_174' title='bbox 2014 894 2159 947; x_wconf 83' lang='lat' dir='ltr'>Deus</span> <span class='ocrx_word' id='word_1_175' title='bbox 2189 893 2358 946; x_wconf 90' lang='lat' dir='ltr'>Pater</span> <span class='ocrx_word' id='word_1_176' title='bbox 2385 896 2589 945; x_wconf 89' lang='lat' dir='ltr'>cuncta</span> <span class='ocrx_word' id='word_1_177' title='bbox 2618 894 2931 951; x_wconf 87' lang='lat' dir='ltr'>creaverat;</span> <span class='ocrx_word' id='word_1_178' title='bbox 2966 904 3078 941; x_wconf 89' lang='lat' dir='ltr'>non</span> <span class='ocrx_word' id='word_1_179' title='bbox 3098 886 3436 959; x_wconf 89' lang='lat' dir='ltr'>prolativum</span> 
     </span>
    </p>
   </div>
   <div class='ocr_carea' id='block_1_24' title="bbox 1835 975 3437 1054">
    <p class='ocr_par' dir='ltr' id='par_1_24' title="bbox 1835 975 3437 1054">
     <span class='ocr_line' id='line_1_24' title="bbox 1835 975 3437 1054; baseline -0.005 -17"><span class='ocrx_word' id='word_1_180' title='bbox 1835 983 2079 1054; x_wconf 85' lang='lat' dir='ltr'>quidem,</span> <span class='ocrx_word' id='word_1_181' title='bbox 2108 982 2203 1035; x_wconf 90' lang='lat' dir='ltr'>sed</span> <span class='ocrx_word' id='word_1_182' title='bbox 2238 979 2711 1035; x_wconf 88' lang='lat' dir='ltr'>consubstantiale</span> <span class='ocrx_word' id='word_1_183' title='bbox 2750 984 2806 1032; x_wconf 91' lang='lat' dir='ltr'>et</span> <span class='ocrx_word' id='word_1_184' title='bbox 2834 984 3193 1032; x_wconf 65' lang='lat' dir='ltr'>comternum.</span> <span class='ocrx_word' id='word_1_185' title='bbox 3226 975 3437 1030; x_wconf 89' lang='lat' dir='ltr'>Idcirco</span> 
     </span>
    </p>
   </div>
   <div class='ocr_carea' id='block_1_25' title="bbox 1835 1065 3441 1143">
    <p class='ocr_par' dir='ltr' id='par_1_25' title="bbox 1835 1065 3441 1143">
     <span class='ocr_line' id='line_1_25' title="bbox 1835 1065 3441 1143; baseline -0.006 -16"><span class='ocrx_word' id='word_1_186' title='bbox 1835 1078 1997 1143; x_wconf 87' lang='lat' dir='ltr'>rogat</span> <span class='ocrx_word' id='word_1_187' title='bbox 2033 1091 2045 1124; x_wconf 91' lang='lat'>:</span> <span class='ocrx_word' id='word_1_188' title='bbox 2089 1075 2185 1127; x_wconf 87' lang='lat' dir='ltr'>Dic</span> <span class='ocrx_word' id='word_1_189' title='bbox 2217 1071 2405 1134; x_wconf 77' lang='lat' dir='ltr'>verba;</span> <span class='ocrx_word' id='word_1_190' title='bbox 2452 1069 2585 1140; x_wconf 84' lang='lat' dir='ltr'>quia</span> <span class='ocrx_word' id='word_1_191' title='bbox 2631 1068 2876 1140; x_wconf 88' lang='lat' dir='ltr'>profecto</span> <span class='ocrx_word' id='word_1_192' title='bbox 2921 1072 3248 1138; x_wconf 88' lang='lat' dir='ltr'>cooperator</span> <span class='ocrx_word' id='word_1_193' title='bbox 3284 1065 3441 1119; x_wconf 79' lang='lat' dir='ltr'>Patri</span> 
     </span>
    </p>
   </div>
   <div class='ocr_carea' id='block_1_26' title="bbox 1833 1154 3437 1231">
    <p class='ocr_par' dir='ltr' id='par_1_26' title="bbox 1833 1154 3437 1231">
     <span class='ocr_line' id='line_1_26' title="bbox 1833 1154 3437 1231; baseline -0.005 -16"><span class='ocrx_word' id='word_1_194' title='bbox 1833 1162 2006 1216; x_wconf 87' lang='lat' dir='ltr'>Filius</span> <span class='ocrx_word' id='word_1_195' title='bbox 2036 1184 2047 1217; x_wconf 90' lang='lat'><strong>:</strong></span> <span class='ocrx_word' id='word_1_196' title='bbox 2101 1167 2159 1215; x_wconf 91' lang='lat' dir='ltr'>et</span> <span class='ocrx_word' id='word_1_197' title='bbox 2201 1160 2347 1214; x_wconf 88' lang='lat' dir='ltr'>sicut</span> <span class='ocrx_word' id='word_1_198' title='bbox 2376 1176 2475 1231; x_wconf 91' lang='lat' dir='ltr'>per</span> <span class='ocrx_word' id='word_1_199' title='bbox 2503 1175 2631 1213; x_wconf 89' lang='lat' dir='ltr'>eum</span> <span class='ocrx_word' id='word_1_200' title='bbox 2661 1159 2829 1211; x_wconf 88' lang='lat' dir='ltr'>Pater</span> <span class='ocrx_word' id='word_1_201' title='bbox 2857 1156 3047 1210; x_wconf 86' lang='lat' dir='ltr'>omnia</span> <span class='ocrx_word' id='word_1_202' title='bbox 3074 1156 3157 1209; x_wconf 88' lang='lat' dir='ltr'>vel</span> <span class='ocrx_word' id='word_1_203' title='bbox 3189 1154 3323 1208; x_wconf 86' lang='lat' dir='ltr'>dicit</span> <span class='ocrx_word' id='word_1_204' title='bbox 3350 1154 3437 1207; x_wconf 87' lang='lat' dir='ltr'>vel</span> 
     </span>
    </p>
   </div>
   <div class='ocr_carea' id='block_1_27' title="bbox 1833 1242 3435 1321">
    <p class='ocr_par' dir='ltr' id='par_1_27' title="bbox 1833 1242 3435 1321">
     <span class='ocr_line' id='line_1_27' title="bbox 1833 1242 3435 1321; baseline -0.005 -17"><span class='ocrx_word' id='word_1_205' title='bbox 1833 1250 1984 1315; x_wconf 87' lang='lat' dir='ltr'>facit,</span> <span class='ocrx_word' id='word_1_206' title='bbox 2017 1252 2095 1304; x_wconf 86' lang='lat' dir='ltr'>ita</span> <span class='ocrx_word' id='word_1_207' title='bbox 2116 1251 2234 1321; x_wconf 88' lang='lat' dir='ltr'>ipse</span> <span class='ocrx_word' id='word_1_208' title='bbox 2256 1266 2379 1303; x_wconf 94' lang='lat' dir='ltr'>cum</span> <span class='ocrx_word' id='word_1_209' title='bbox 2405 1266 2469 1303; x_wconf 91' lang='lat' dir='ltr'>eo</span> <span class='ocrx_word' id='word_1_210' title='bbox 2500 1265 2601 1319; x_wconf 90' lang='lat' dir='ltr'>per</span> <span class='ocrx_word' id='word_1_211' title='bbox 2620 1264 2679 1301; x_wconf 91' lang='lat' dir='ltr'>se</span> <span class='ocrx_word' id='word_1_212' title='bbox 2708 1252 2973 1317; x_wconf 66' lang='lat' dir='ltr'>operatur</span> <span class='ocrx_word' id='word_1_213' title='bbox 2995 1250 3051 1298; x_wconf 91' lang='lat' dir='ltr'>et</span> <span class='ocrx_word' id='word_1_214' title='bbox 3071 1244 3251 1315; x_wconf 86' lang='lat' dir='ltr'>jubet.</span> <span class='ocrx_word' id='word_1_215' title='bbox 3275 1242 3435 1308; x_wconf 88' lang='lat' dir='ltr'>Quod</span> 
     </span>
    </p>
   </div>
   <div class='ocr_carea' id='block_1_28' title="bbox 1840 1331 3437 1408">
    <p class='ocr_par' dir='ltr' id='par_1_28' title="bbox 1840 1331 3437 1408">
     <span class='ocr_line' id='line_1_28' title="bbox 1840 1331 3437 1408; baseline -0.006 -14"><span class='ocrx_word' id='word_1_216' title='bbox 1840 1341 1930 1394; x_wconf 90' lang='lat' dir='ltr'>hic</span> <span class='ocrx_word' id='word_1_217' title='bbox 1961 1347 2109 1394; x_wconf 88' lang='lat' dir='ltr'>recte</span> <span class='ocrx_word' id='word_1_218' title='bbox 2132 1339 2447 1408; x_wconf 86' lang='lat' dir='ltr'>intelligens</span> <span class='ocrx_word' id='word_1_219' title='bbox 2481 1356 2492 1390; x_wconf 89' lang='lat'>:</span> <span class='ocrx_word' id='word_1_220' title='bbox 2522 1339 2637 1403; x_wconf 85' lang='lat' dir='ltr'>Dic,</span> <span class='ocrx_word' id='word_1_221' title='bbox 2662 1335 2862 1406; x_wconf 89' lang='lat' dir='ltr'>inquit,</span> <span class='ocrx_word' id='word_1_222' title='bbox 2892 1336 3068 1398; x_wconf 81' lang='lat' dir='ltr'>verba,</span> <span class='ocrx_word' id='word_1_223' title='bbox 3107 1349 3169 1387; x_wconf 84' lang='lat' dir='ltr'>ex</span> <span class='ocrx_word' id='word_1_224' title='bbox 3202 1338 3303 1386; x_wconf 91' lang='lat' dir='ltr'>tua</span> <span class='ocrx_word' id='word_1_225' title='bbox 3326 1331 3437 1385; x_wconf 90' lang='lat' dir='ltr'>sci-</span> 
     </span>
    </p>
   </div>
   <div class='ocr_carea' id='block_1_29' title="bbox 1840 1421 3441 1496">
    <p class='ocr_par' dir='ltr' id='par_1_29' title="bbox 1840 1421 3441 1496">
     <span class='ocr_line' id='line_1_29' title="bbox 1840 1421 3441 1496; baseline -0.006 -13"><span class='ocrx_word' id='word_1_226' title='bbox 1840 1430 1971 1484; x_wconf 89' lang='lat' dir='ltr'>licet</span> <span class='ocrx_word' id='word_1_227' title='bbox 2009 1426 2612 1485; x_wconf 79' lang='lat' dir='ltr'>consubstantialitate,</span> <span class='ocrx_word' id='word_1_228' title='bbox 2659 1425 2789 1496; x_wconf 90' lang='lat' dir='ltr'>quia</span> <span class='ocrx_word' id='word_1_229' title='bbox 2817 1422 3047 1477; x_wconf 84' lang='lat' dir='ltr'>verbum</span> <span class='ocrx_word' id='word_1_230' title='bbox 3079 1428 3136 1476; x_wconf 91' lang='lat' dir='ltr'>et</span> <span class='ocrx_word' id='word_1_231' title='bbox 3162 1421 3441 1491; x_wconf 84' lang='lat' dir='ltr'>sapientia</span> 
     </span>
    </p>
   </div>
   <div class='ocr_carea' id='block_1_30' title="bbox 1841 1508 3437 1587">
    <p class='ocr_par' dir='ltr' id='par_1_30' title="bbox 1841 1508 3437 1587">
     <span class='ocr_line' id='line_1_30' title="bbox 1841 1508 3437 1587; baseline -0.008 -14"><span class='ocrx_word' id='word_1_232' title='bbox 1841 1535 1899 1573; x_wconf 91' lang='lat' dir='ltr'>es</span> <span class='ocrx_word' id='word_1_233' title='bbox 1948 1518 2050 1572; x_wconf 91' lang='lat' dir='ltr'>Dei</span> <span class='ocrx_word' id='word_1_234' title='bbox 2100 1517 2283 1571; x_wconf 88' lang='lat' dir='ltr'>Patris</span> <span class='ocrx_word' id='word_1_235' title='bbox 2337 1534 2348 1568; x_wconf 90' lang='lat'><strong>:</strong></span> <span class='ocrx_word' id='word_1_236' title='bbox 2395 1515 2673 1587; x_wconf 87' lang='lat' dir='ltr'>sapientia</span> <span class='ocrx_word' id='word_1_237' title='bbox 2702 1520 2887 1568; x_wconf 89' lang='lat' dir='ltr'>autem</span> <span class='ocrx_word' id='word_1_238' title='bbox 2933 1512 3145 1567; x_wconf 89' lang='lat' dir='ltr'>sanitas</span> <span class='ocrx_word' id='word_1_239' title='bbox 3175 1516 3259 1563; x_wconf 89' lang='lat' dir='ltr'>est</span> <span class='ocrx_word' id='word_1_240' title='bbox 3287 1508 3437 1563; x_wconf 87' lang='lat' dir='ltr'>orbis</span> 
     </span>
    </p>
   </div>
   <div class='ocr_carea' id='block_1_31' title="bbox 1839 1601 3434 1676">
    <p class='ocr_par' dir='ltr' id='par_1_31' title="bbox 1839 1601 3434 1676">
     <span class='ocr_line' id='line_1_31' title="bbox 1839 1601 3434 1676; baseline -0.007 -14"><span class='ocrx_word' id='word_1_241' title='bbox 1839 1614 2138 1662; x_wconf 89' lang='lat' dir='ltr'>terrarum.</span> <span class='ocrx_word' id='word_1_242' title='bbox 2179 1607 2247 1660; x_wconf 90' lang='lat' dir='ltr'>Et</span> <span class='ocrx_word' id='word_1_243' title='bbox 2274 1621 2403 1659; x_wconf 80' lang='lat' dir='ltr'>mox</span> <span class='ocrx_word' id='word_1_244' title='bbox 2455 1604 2700 1676; x_wconf 84' lang='lat' dir='ltr'>profecto</span> <span class='ocrx_word' id='word_1_245' title='bbox 2750 1601 3041 1657; x_wconf 89' lang='lat' dir='ltr'>sanabitur</span> <span class='ocrx_word' id='word_1_246' title='bbox 3070 1616 3210 1672; x_wconf 84' lang='lat' dir='ltr'>puer</span> <span class='ocrx_word' id='word_1_247' title='bbox 3256 1614 3434 1652; x_wconf 89' lang='lat' dir='ltr'>meus.</span> 
     </span>
    </p>
   </div>
   <div class='ocr_carea' id='block_1_32' title="bbox 158 1686 3438 1765">
    <p class='ocr_par' dir='ltr' id='par_1_32' title="bbox 158 1686 3438 1765">
     <span class='ocr_line' id='line_1_32' title="bbox 158 1686 3438 1765; baseline -0.002 -20"><span class='ocrx_word' id='word_1_248' title='bbox 158 1707 259 1755; x_wconf 77' lang='lat' dir='ltr'>vui,</span> <span class='ocrx_word' id='word_1_249' title='bbox 278 1692 497 1755; x_wconf 66' lang='lat' dir='ltr'>43).Sic</span> <span class='ocrx_word' id='word_1_250' title='bbox 511 1694 660 1747; x_wconf 92' lang='lat' dir='ltr'>enim</span> <span class='ocrx_word' id='word_1_251' title='bbox 675 1700 731 1748; x_wconf 90' lang='lat' dir='ltr'>et</span> <span class='ocrx_word' id='word_1_252' title='bbox 749 1694 1078 1755; x_wconf 90' lang='lat' dir='ltr'>mulierilla,</span> <span class='ocrx_word' id='word_1_253' title='bbox 1097 1711 1220 1765; x_wconf 68' lang='lat' dir='ltr'>quae</span> <span class='ocrx_word' id='word_1_254' title='bbox 1237 1696 1527 1764; x_wconf 91' lang='lat' dir='ltr'>sanguinis</span> <span class='ocrx_word' id='word_1_255' title='bbox 1542 1697 1756 1750; x_wconf 83' lang='lat' dir='ltr'>ﬂuxum</span> <span class='ocrx_word' id='word_1_256' title='bbox 1774 1686 1821 1745; x_wconf 89' lang='lat' dir='ltr'><strong>B</strong></span> <span class='ocrx_word' id='word_1_257' title='bbox 1838 1697 2093 1751; x_wconf 77' lang='lat' dir='ltr'>Efﬁcacia</span> <span class='ocrx_word' id='word_1_258' title='bbox 2112 1695 2258 1749; x_wconf 92' lang='lat' dir='ltr'>enim</span> <span class='ocrx_word' id='word_1_259' title='bbox 2291 1693 2440 1749; x_wconf 89' lang='lat' dir='ltr'>verbi</span> <span class='ocrx_word' id='word_1_260' title='bbox 2465 1693 2734 1765; x_wconf 86' lang='lat' dir='ltr'>pertingit</span> <span class='ocrx_word' id='word_1_261' title='bbox 2758 1693 2827 1746; x_wconf 90' lang='lat' dir='ltr'>ad</span> <span class='ocrx_word' id='word_1_262' title='bbox 2852 1690 3060 1755; x_wconf 90' lang='lat' dir='ltr'>omnia,</span> <span class='ocrx_word' id='word_1_263' title='bbox 3095 1694 3150 1743; x_wconf 91' lang='lat' dir='ltr'>et</span> <span class='ocrx_word' id='word_1_264' title='bbox 3173 1689 3299 1743; x_wconf 91' lang='lat' dir='ltr'>ideo</span> <span class='ocrx_word' id='word_1_265' title='bbox 3320 1686 3438 1741; x_wconf 89' lang='lat' dir='ltr'>noli</span> 
     </span>
    </p>
   </div>
   <div class='ocr_carea' id='block_1_33' title="bbox 158 1778 3433 1856">
    <p class='ocr_par' dir='ltr' id='par_1_33' title="bbox 158 1778 3433 1856">
     <span class='ocr_line' id='line_1_33' title="bbox 158 1778 3433 1856; baseline -0.002 -20"><span class='ocrx_word' id='word_1_266' title='bbox 158 1782 484 1854; x_wconf 85' lang='lat' dir='ltr'>patiebatur,</span> <span class='ocrx_word' id='word_1_267' title='bbox 520 1783 718 1853; x_wconf 86' lang='lat' dir='ltr'>magis,</span> <span class='ocrx_word' id='word_1_268' title='bbox 760 1783 890 1837; x_wconf 89' lang='lat' dir='ltr'>licet</span> <span class='ocrx_word' id='word_1_269' title='bbox 934 1782 1216 1837; x_wconf 88' lang='lat' dir='ltr'>ﬁmbriam</span> <span class='ocrx_word' id='word_1_270' title='bbox 1246 1789 1525 1855; x_wconf 88' lang='lat' dir='ltr'>tangeret.</span> <span class='ocrx_word' id='word_1_271' title='bbox 1562 1785 1754 1839; x_wconf 86' lang='lat' dir='ltr'>Domi-</span> <span class='ocrx_word' id='word_1_272' title='bbox 1836 1802 2035 1839; x_wconf 83' lang='lat' dir='ltr'>vexare</span> <span class='ocrx_word' id='word_1_273' title='bbox 2081 1801 2299 1856; x_wconf 89' lang='lat' dir='ltr'>corpus,</span> <span class='ocrx_word' id='word_1_274' title='bbox 2342 1784 2490 1855; x_wconf 90' lang='lat' dir='ltr'>quod</span> <span class='ocrx_word' id='word_1_275' title='bbox 2530 1799 2720 1836; x_wconf 91' lang='lat' dir='ltr'>verum</span> <span class='ocrx_word' id='word_1_276' title='bbox 2769 1796 2890 1835; x_wconf 88' lang='lat' dir='ltr'>esse</span> <span class='ocrx_word' id='word_1_277' title='bbox 2916 1779 3203 1834; x_wconf 88' lang='lat' dir='ltr'>conﬁteor.</span> <span class='ocrx_word' id='word_1_278' title='bbox 3238 1778 3433 1847; x_wconf 90' lang='lat' dir='ltr'>Neque</span> 
     </span>
    </p>
   </div>
   <div class='ocr_carea' id='block_1_34' title="bbox 160 1866 3429 1945">
    <p class='ocr_par' dir='ltr' id='par_1_34' title="bbox 160 1866 3429 1945">
     <span class='ocr_line' id='line_1_34' title="bbox 160 1866 3429 1945; baseline -0.002 -20"><span class='ocrx_word' id='word_1_279' title='bbox 160 1887 279 1925; x_wconf 89' lang='lat' dir='ltr'>num</span> <span class='ocrx_word' id='word_1_280' title='bbox 322 1876 512 1936; x_wconf 75' lang='lat'>40|</span> <span class='ocrx_word' id='word_1_281' title='bbox 554 1872 807 1942; x_wconf 90' lang='lat' dir='ltr'>tetigisse</span> <span class='ocrx_word' id='word_1_282' title='bbox 834 1871 1057 1935; x_wconf 90' lang='lat' dir='ltr'>dicitur,</span> <span class='ocrx_word' id='word_1_283' title='bbox 1092 1889 1261 1943; x_wconf 90' lang='lat' dir='ltr'>quam</span> <span class='ocrx_word' id='word_1_284' title='bbox 1290 1872 1476 1927; x_wconf 90' lang='lat' dir='ltr'>turba.</span> <span class='ocrx_word' id='word_1_285' title='bbox 1521 1874 1756 1945; x_wconf 78' lang='lat' dir='ltr'>Propter</span> <span class='ocrx_word' id='word_1_286' title='bbox 1836 1875 1984 1928; x_wconf 89' lang='lat' dir='ltr'>enim</span> <span class='ocrx_word' id='word_1_287' title='bbox 2014 1880 2071 1928; x_wconf 90' lang='lat' dir='ltr'>te</span> <span class='ocrx_word' id='word_1_288' title='bbox 2096 1872 2447 1945; x_wconf 89' lang='lat' dir='ltr'>passionibus</span> <span class='ocrx_word' id='word_1_289' title='bbox 2466 1878 2522 1927; x_wconf 90' lang='lat' dir='ltr'>et</span> <span class='ocrx_word' id='word_1_290' title='bbox 2536 1871 2726 1926; x_wconf 89' lang='lat' dir='ltr'>labore</span> <span class='ocrx_word' id='word_1_291' title='bbox 2743 1869 2926 1923; x_wconf 87' lang='lat' dir='ltr'>carnis</span> <span class='ocrx_word' id='word_1_292' title='bbox 2954 1866 3178 1937; x_wconf 87' lang='lat' dir='ltr'>fatigari</span> <span class='ocrx_word' id='word_1_293' title='bbox 3209 1871 3429 1937; x_wconf 87' lang='lat' dir='ltr'>exopto,</span> 
     </span>
    </p>
   </div>
   <div class='ocr_carea' id='block_1_35' title="bbox 157 1952 3433 2035">
    <p class='ocr_par' dir='ltr' id='par_1_35' title="bbox 157 1952 3433 2035">
     <span class='ocr_line' id='line_1_35' title="bbox 157 1952 3433 2035; baseline -0.002 -21"><span class='ocrx_word' id='word_1_294' title='bbox 157 1961 284 2031; x_wconf 87' lang='lat' dir='ltr'>quod</span> <span class='ocrx_word' id='word_1_295' title='bbox 308 1976 421 2015; x_wconf 88' lang='lat' dir='ltr'>nec</span> <span class='ocrx_word' id='word_1_296' title='bbox 440 1961 650 2015; x_wconf 90' lang='lat' dir='ltr'>mirum</span> <span class='ocrx_word' id='word_1_297' title='bbox 664 1961 712 2014; x_wconf 87' lang='lat' dir='ltr'>si</span> <span class='ocrx_word' id='word_1_298' title='bbox 729 1961 908 2031; x_wconf 87' lang='lat' dir='ltr'>magis</span> <span class='ocrx_word' id='word_1_299' title='bbox 925 1962 1221 2016; x_wconf 89' lang='lat' dir='ltr'>accessisse</span> <span class='ocrx_word' id='word_1_300' title='bbox 1252 1962 1342 2016; x_wconf 91' lang='lat' dir='ltr'>hic</span> <span class='ocrx_word' id='word_1_301' title='bbox 1362 1963 1611 2017; x_wconf 92' lang='lat' dir='ltr'>creditur</span> <span class='ocrx_word' id='word_1_302' title='bbox 1634 1964 1751 2034; x_wconf 89' lang='lat' dir='ltr'>qui,</span> <span class='ocrx_word' id='word_1_303' title='bbox 1838 1981 1978 2035; x_wconf 90' lang='lat' dir='ltr'>quas</span> <span class='ocrx_word' id='word_1_304' title='bbox 2007 1970 2063 2018; x_wconf 93' lang='lat' dir='ltr'>te</span> <span class='ocrx_word' id='word_1_305' title='bbox 2088 1980 2188 2034; x_wconf 92' lang='lat' dir='ltr'>pro</span> <span class='ocrx_word' id='word_1_306' title='bbox 2217 1962 2375 2016; x_wconf 90' lang='lat' dir='ltr'>nobis</span> <span class='ocrx_word' id='word_1_307' title='bbox 2389 1960 2698 2032; x_wconf 88' lang='lat' dir='ltr'>suscepisse</span> <span class='ocrx_word' id='word_1_308' title='bbox 2719 1958 2942 2031; x_wconf 89' lang='lat' dir='ltr'>penitus</span> <span class='ocrx_word' id='word_1_309' title='bbox 2964 1972 3077 2010; x_wconf 91' lang='lat' dir='ltr'>non</span> <span class='ocrx_word' id='word_1_310' title='bbox 3091 1955 3315 2025; x_wconf 86' lang='lat' dir='ltr'>ignoro;</span> <span class='ocrx_word' id='word_1_311' title='bbox 3335 1952 3433 2007; x_wconf 90' lang='lat' dir='ltr'>sed</span> 
     </span>
    </p>
   </div>
   <div class='ocr_carea' id='block_1_36' title="bbox 158 2041 3435 2124">
    <p class='ocr_par' dir='ltr' id='par_1_36' title="bbox 158 2041 3435 2124">
     <span class='ocr_line' id='line_1_36' title="bbox 158 2041 3435 2124; baseline -0.002 -21"><span class='ocrx_word' id='word_1_312' title='bbox 158 2055 207 2103; x_wconf 86' lang='lat' dir='ltr'>et</span> <span class='ocrx_word' id='word_1_313' title='bbox 225 2067 316 2120; x_wconf 90' lang='lat' dir='ltr'>per</span> <span class='ocrx_word' id='word_1_314' title='bbox 334 2051 514 2104; x_wconf 88' lang='lat' dir='ltr'>ﬁdem</span> <span class='ocrx_word' id='word_1_315' title='bbox 536 2051 861 2121; x_wconf 90' lang='lat' dir='ltr'>plurimum,</span> <span class='ocrx_word' id='word_1_316' title='bbox 881 2056 939 2104; x_wconf 92' lang='lat' dir='ltr'>et</span> <span class='ocrx_word' id='word_1_317' title='bbox 959 2057 1154 2121; x_wconf 90' lang='lat' dir='ltr'>postea</span> <span class='ocrx_word' id='word_1_318' title='bbox 1172 2068 1299 2106; x_wconf 92' lang='lat' dir='ltr'>cum</span> <span class='ocrx_word' id='word_1_319' title='bbox 1323 2053 1667 2123; x_wconf 89' lang='lat' dir='ltr'>pervenisset</span> <span class='ocrx_word' id='word_1_320' title='bbox 1686 2053 1758 2107; x_wconf 90' lang='lat' dir='ltr'>ad</span> <span class='ocrx_word' id='word_1_321' title='bbox 1843 2055 2137 2123; x_wconf 87' lang='lat' dir='ltr'>majestate</span> <span class='ocrx_word' id='word_1_322' title='bbox 2168 2051 2406 2124; x_wconf 89' lang='lat' dir='ltr'>operari.</span> <span class='ocrx_word' id='word_1_323' title='bbox 2440 2050 2697 2105; x_wconf 85' lang='lat' dir='ltr'>videlicet</span> <span class='ocrx_word' id='word_1_324' title='bbox 2724 2047 2876 2103; x_wconf 87' lang='lat' dir='ltr'>verbi</span> <span class='ocrx_word' id='word_1_325' title='bbox 2904 2044 3174 2118; x_wconf 87' lang='lat' dir='ltr'>potentia.</span> <span class='ocrx_word' id='word_1_326' title='bbox 3205 2041 3349 2105; x_wconf 87' lang='lat' dir='ltr'>Quia</span> <span class='ocrx_word' id='word_1_327' title='bbox 3374 2041 3435 2095; x_wconf 92' lang='lat' dir='ltr'>in</span> 
     </span>
    </p>
   </div>
   <div class='ocr_carea' id='block_1_37' title="bbox 159 2131 3433 2213">
    <p class='ocr_par' dir='ltr' id='par_1_37' title="bbox 159 2131 3433 2213">
     <span class='ocr_line' id='line_1_37' title="bbox 159 2131 3433 2213; baseline -0.002 -22"><span class='ocrx_word' id='word_1_328' title='bbox 159 2137 401 2202; x_wconf 87' lang='lat' dir='ltr'>domum,</span> <span class='ocrx_word' id='word_1_329' title='bbox 426 2140 582 2193; x_wconf 89' lang='lat' dir='ltr'>omni</span> <span class='ocrx_word' id='word_1_330' title='bbox 609 2139 903 2193; x_wconf 86' lang='lat' dir='ltr'>devotione</span> <span class='ocrx_word' id='word_1_331' title='bbox 936 2140 1168 2211; x_wconf 80' lang='lat' dir='ltr'>supplex</span> <span class='ocrx_word' id='word_1_332' title='bbox 1199 2141 1460 2205; x_wconf 77' lang='lat' dir='ltr'>occurrit,</span> <span class='ocrx_word' id='word_1_333' title='bbox 1487 2146 1545 2195; x_wconf 90' lang='lat' dir='ltr'>et</span> <span class='ocrx_word' id='word_1_334' title='bbox 1571 2147 1759 2196; x_wconf 88' lang='lat' dir='ltr'>mente</span> <span class='ocrx_word' id='word_1_335' title='bbox 1840 2159 1955 2197; x_wconf 92' lang='lat' dir='ltr'>una</span> <span class='ocrx_word' id='word_1_336' title='bbox 1985 2142 2293 2213; x_wconf 89' lang='lat' dir='ltr'>eademque</span> <span class='ocrx_word' id='word_1_337' title='bbox 2320 2156 2555 2212; x_wconf 87' lang='lat' dir='ltr'>persona</span> <span class='ocrx_word' id='word_1_338' title='bbox 2578 2139 2714 2197; x_wconf 86' lang='lat' dir='ltr'>ﬁdes</span> <span class='ocrx_word' id='word_1_339' title='bbox 2740 2154 2866 2191; x_wconf 88' lang='lat' dir='ltr'>mea</span> <span class='ocrx_word' id='word_1_340' title='bbox 2890 2135 3025 2190; x_wconf 88' lang='lat' dir='ltr'>mihi</span> <span class='ocrx_word' id='word_1_341' title='bbox 3055 2135 3233 2189; x_wconf 91' lang='lat' dir='ltr'>Deum</span> <span class='ocrx_word' id='word_1_342' title='bbox 3253 2138 3311 2186; x_wconf 88' lang='lat' dir='ltr'>et.</span> <span class='ocrx_word' id='word_1_343' title='bbox 3336 2131 3433 2186; x_wconf 90' lang='lat' dir='ltr'>ho-</span> 
     </span>
    </p>
   </div>
   <div class='ocr_carea' id='block_1_38' title="bbox 163 2219 3440 2302">
    <p class='ocr_par' dir='ltr' id='par_1_38' title="bbox 163 2219 3440 2302">
     <span class='ocr_line' id='line_1_38' title="bbox 163 2219 3440 2302; baseline -0.002 -21"><span class='ocrx_word' id='word_1_344' title='bbox 163 2232 298 2281; x_wconf 85' lang='lat' dir='ltr'>totus</span> <span class='ocrx_word' id='word_1_345' title='bbox 325 2228 591 2282; x_wconf 87' lang='lat' dir='ltr'>accessit.</span> <span class='ocrx_word' id='word_1_346' title='bbox 632 2229 710 2283; x_wconf 86' lang='lat' dir='ltr'>Eo</span> <span class='ocrx_word' id='word_1_347' title='bbox 738 2228 913 2299; x_wconf 86' lang='lat' dir='ltr'>igitur</span> <span class='ocrx_word' id='word_1_348' title='bbox 941 2228 1120 2299; x_wconf 88' lang='lat' dir='ltr'>magis</span> <span class='ocrx_word' id='word_1_349' title='bbox 1156 2230 1405 2289; x_wconf 89' lang='lat' dir='ltr'>accessit,</span> <span class='ocrx_word' id='word_1_350' title='bbox 1437 2246 1546 2301; x_wconf 91' lang='lat' dir='ltr'>quo</span> <span class='ocrx_word' id='word_1_351' title='bbox 1577 2230 1758 2301; x_wconf 88' lang='lat' dir='ltr'>magis</span> <span class='ocrx_word' id='word_1_352' title='bbox 1842 2228 2051 2285; x_wconf 86' lang='lat' dir='ltr'>minem</span> <span class='ocrx_word' id='word_1_353' title='bbox 2083 2230 2363 2302; x_wconf 62' lang='lat' dir='ltr'>praedicat.</span> <span class='ocrx_word' id='word_1_354' title='bbox 2405 2230 2521 2283; x_wconf 87' lang='lat' dir='ltr'>Nec</span> <span class='ocrx_word' id='word_1_355' title='bbox 2578 2228 2721 2291; x_wconf 90' lang='lat' dir='ltr'>ideo,</span> <span class='ocrx_word' id='word_1_356' title='bbox 2764 2226 2912 2279; x_wconf 82' lang='lat' dir='ltr'>sicut</span> <span class='ocrx_word' id='word_1_357' title='bbox 2953 2224 3182 2296; x_wconf 90' lang='lat' dir='ltr'>quidam</span> <span class='ocrx_word' id='word_1_358' title='bbox 3217 2219 3440 2275; x_wconf 66' lang='lat' dir='ltr'>haereti-</span> 
     </span>
    </p>
   </div>
   <div class='ocr_carea' id='block_1_39' title="bbox 161 2311 3438 2391">
    <p class='ocr_par' dir='ltr' id='par_1_39' title="bbox 161 2311 3438 2391">
     <span class='ocr_line' id='line_1_39' title="bbox 161 2311 3438 2391; baseline -0.002 -21"><span class='ocrx_word' id='word_1_359' title='bbox 161 2317 1761 2390; x_wconf 77' lang='lat' dir='ltr'>credidit.thuidquidhumilitatisacdevotionispruden—</span> <span class='ocrx_word' id='word_1_360' title='bbox 1839 2337 2053 2385; x_wconf 92' lang='lat' dir='ltr'>corum,</span> <span class='ocrx_word' id='word_1_361' title='bbox 2087 2321 2226 2374; x_wconf 89' lang='lat' dir='ltr'>duas</span> <span class='ocrx_word' id='word_1_362' title='bbox 2253 2334 2521 2391; x_wconf 89' lang='lat' dir='ltr'>personas</span> <span class='ocrx_word' id='word_1_363' title='bbox 2550 2318 2730 2381; x_wconf 89' lang='lat' dir='ltr'>docet,</span> <span class='ocrx_word' id='word_1_364' title='bbox 2765 2316 2862 2369; x_wconf 91' lang='lat' dir='ltr'>sed</span> <span class='ocrx_word' id='word_1_365' title='bbox 2891 2316 2998 2379; x_wconf 86' lang='lat' dir='ltr'>die,</span> <span class='ocrx_word' id='word_1_366' title='bbox 3042 2312 3246 2383; x_wconf 91' lang='lat' dir='ltr'>inquit,</span> <span class='ocrx_word' id='word_1_367' title='bbox 3280 2311 3438 2364; x_wconf 87' lang='lat' dir='ltr'>verba</span> 
     </span>
    </p>
   </div>
   <div class='ocr_carea' id='block_1_40' title="bbox 158 2397 3437 2479">
    <p class='ocr_par' dir='ltr' id='par_1_40' title="bbox 158 2397 3437 2479">
     <span class='ocr_line' id='line_1_40' title="bbox 158 2397 3437 2479; baseline -0.003 -18"><span class='ocrx_word' id='word_1_368' title='bbox 158 2407 360 2463; x_wconf 86' lang='lat' dir='ltr'>tissime</span> <span class='ocrx_word' id='word_1_369' title='bbox 385 2408 692 2473; x_wconf 87' lang='lat' dir='ltr'>mandavit,</span> <span class='ocrx_word' id='word_1_370' title='bbox 717 2409 838 2463; x_wconf 89' lang='lat' dir='ltr'>sine</span> <span class='ocrx_word' id='word_1_371' title='bbox 859 2408 1047 2473; x_wconf 89' lang='lat' dir='ltr'>dubio,</span> <span class='ocrx_word' id='word_1_372' title='bbox 1076 2410 1206 2463; x_wconf 91' lang='lat' dir='ltr'>licet</span> <span class='ocrx_word' id='word_1_373' title='bbox 1226 2409 1457 2463; x_wconf 86' lang='lat' dir='ltr'>alterius</span> <span class='ocrx_word' id='word_1_374' title='bbox 1473 2426 1536 2462; x_wconf 83' lang='lat' dir='ltr'>ex</span> <span class='ocrx_word' id='word_1_375' title='bbox 1554 2410 1755 2476; x_wconf 92' lang='lat' dir='ltr'>otﬁcio,</span> <span class='ocrx_word' id='word_1_376' title='bbox 1842 2410 2073 2477; x_wconf 90' lang='lat' dir='ltr'>(scilicet</span> <span class='ocrx_word' id='word_1_377' title='bbox 2102 2410 2397 2479; x_wconf 87' lang='lat' dir='ltr'>majestate</span> <span class='ocrx_word' id='word_1_378' title='bbox 2418 2412 2535 2475; x_wconf 86' lang='lat' dir='ltr'>tua)</span> <span class='ocrx_word' id='word_1_379' title='bbox 2560 2413 2607 2460; x_wconf 89' lang='lat' dir='ltr'>et</span> <span class='ocrx_word' id='word_1_380' title='bbox 2645 2408 2944 2459; x_wconf 84' lang='lat' dir='ltr'>sanabitur</span> <span class='ocrx_word' id='word_1_381' title='bbox 2966 2418 3106 2472; x_wconf 85' lang='lat' dir='ltr'>puer</span> <span class='ocrx_word' id='word_1_382' title='bbox 3127 2416 3298 2454; x_wconf 85' lang='lat' dir='ltr'>meus.</span> <span class='ocrx_word' id='word_1_383' title='bbox 3332 2397 3437 2453; x_wconf 89' lang='lat' dir='ltr'>Cui</span> 
     </span>
    </p>
   </div>
   <div class='ocr_carea' id='block_1_41' title="bbox 160 2488 3439 2570">
    <p class='ocr_par' dir='ltr' id='par_1_41' title="bbox 160 2488 3439 2570">
     <span class='ocr_line' id='line_1_41' title="bbox 160 2488 3439 2570; baseline -0.003 -19"><span class='ocrx_word' id='word_1_384' title='bbox 160 2501 294 2551; x_wconf 84' lang='lat' dir='ltr'>totus</span> <span class='ocrx_word' id='word_1_385' title='bbox 312 2514 437 2552; x_wconf 92' lang='lat' dir='ltr'>non</span> <span class='ocrx_word' id='word_1_386' title='bbox 454 2498 642 2551; x_wconf 91' lang='lat' dir='ltr'>minus</span> <span class='ocrx_word' id='word_1_387' title='bbox 657 2499 938 2552; x_wconf 88' lang='lat' dir='ltr'>sententia</span> <span class='ocrx_word' id='word_1_388' title='bbox 951 2498 1350 2553; x_wconf 88' lang='lat' dir='ltr'>obsecrationis</span> <span class='ocrx_word' id='word_1_389' title='bbox 1368 2515 1534 2570; x_wconf 90' lang='lat' dir='ltr'>quam</span> <span class='ocrx_word' id='word_1_390' title='bbox 1548 2499 1657 2552; x_wconf 91' lang='lat' dir='ltr'>ﬁde</span> <span class='ocrx_word' id='word_1_391' title='bbox 1674 2516 1762 2553; x_wconf 89' lang='lat' dir='ltr'>re-</span> <span class='ocrx_word' id='word_1_392' title='bbox 1839 2499 2111 2554; x_wconf 91' lang='lat' dir='ltr'>Dominus</span> <span class='ocrx_word' id='word_1_393' title='bbox 2138 2516 2149 2551; x_wconf 86' lang='lat'><strong>:</strong></span> <span class='ocrx_word' id='word_1_394' title='bbox 2166 2500 2293 2565; x_wconf 84' lang='lat' dir='ltr'>Ego,</span> <span class='ocrx_word' id='word_1_395' title='bbox 2314 2496 2516 2568; x_wconf 90' lang='lat' dir='ltr'>inquit,</span> <span class='ocrx_word' id='word_1_396' title='bbox 2544 2498 2839 2559; x_wconf 88' lang='lat' dir='ltr'>veniam,et</span> <span class='ocrx_word' id='word_1_397' title='bbox 2854 2495 3056 2548; x_wconf 86' lang='lat' dir='ltr'>curabo</span> <span class='ocrx_word' id='word_1_398' title='bbox 3072 2507 3216 2544; x_wconf 86' lang='lat' dir='ltr'>eum.</span> <span class='ocrx_word' id='word_1_399' title='bbox 3233 2488 3439 2543; x_wconf 91' lang='lat' dir='ltr'>Mirum</span> 
     </span>
    </p>
   </div>
   <div class='ocr_carea' id='block_1_42' title="bbox 160 2577 3435 2658">
    <p class='ocr_par' dir='ltr' id='par_1_42' title="bbox 160 2577 3435 2658">
     <span class='ocr_line' id='line_1_42' title="bbox 160 2577 3435 2658; baseline -0.003 -19"><span class='ocrx_word' id='word_1_400' title='bbox 160 2585 372 2656; x_wconf 84' lang='lat' dir='ltr'>ligionis</span> <span class='ocrx_word' id='word_1_401' title='bbox 399 2587 657 2650; x_wconf 89' lang='lat' dir='ltr'>accessit,</span> <span class='ocrx_word' id='word_1_402' title='bbox 683 2587 873 2641; x_wconf 88' lang='lat' dir='ltr'>dicens</span> <span class='ocrx_word' id='word_1_403' title='bbox 893 2587 1001 2641; x_wconf 88' lang='lat' dir='ltr'>ita:</span> <span class='ocrx_word' id='word_1_404' title='bbox 1023 2590 1270 2654; x_wconf 87' lang='lat' dir='ltr'>Domine,</span> <span class='ocrx_word' id='word_1_405' title='bbox 1290 2604 1430 2656; x_wconf 81' lang='lat' dir='ltr'>puer</span> <span class='ocrx_word' id='word_1_406' title='bbox 1450 2604 1599 2641; x_wconf 86' lang='lat' dir='ltr'>meus</span> <span class='ocrx_word' id='word_1_407' title='bbox 1611 2592 1757 2656; x_wconf 82' lang='lat' dir='ltr'>jacet</span> <span class='ocrx_word' id='word_1_408' title='bbox 1841 2605 1974 2658; x_wconf 87' lang='lat' dir='ltr'>ergo</span> <span class='ocrx_word' id='word_1_409' title='bbox 1997 2589 2009 2641; x_wconf 73' lang='grc' dir='ltr'><strong>ε</strong></span> <span class='ocrx_word' id='word_1_410' title='bbox 2042 2604 2165 2641; x_wconf 92' lang='lat' dir='ltr'>ecce</span> <span class='ocrx_word' id='word_1_411' title='bbox 2186 2587 2418 2641; x_wconf 70' lang='lat' dir='ltr'>offertur</span> <span class='ocrx_word' id='word_1_412' title='bbox 2437 2586 2488 2639; x_wconf 91' lang='lat' dir='ltr'>ei</span> <span class='ocrx_word' id='word_1_413' title='bbox 2518 2584 2667 2655; x_wconf 90' lang='lat' dir='ltr'>quod</span> <span class='ocrx_word' id='word_1_414' title='bbox 2696 2584 2814 2654; x_wconf 93' lang='lat' dir='ltr'>ipse</span> <span class='ocrx_word' id='word_1_415' title='bbox 2844 2598 2955 2635; x_wconf 89' lang='lat' dir='ltr'>non</span> <span class='ocrx_word' id='word_1_416' title='bbox 2978 2580 3165 2650; x_wconf 86' lang='lat' dir='ltr'>exigit.</span> <span class='ocrx_word' id='word_1_417' title='bbox 3196 2577 3435 2632; x_wconf 90' lang='lat' dir='ltr'>Cuidam</span> 
     </span>
    </p>
   </div>
   <div class='ocr_carea' id='block_1_43' title="bbox 160 2668 3437 2747">
    <p class='ocr_par' dir='ltr' id='par_1_43' title="bbox 160 2668 3437 2747">
     <span class='ocr_line' id='line_1_43' title="bbox 160 2668 3437 2747; baseline -0.003 -18"><span class='ocrx_word' id='word_1_418' title='bbox 160 2679 507 2743; x_wconf 82' lang='lat' dir='ltr'>paralyticus</span> <span class='ocrx_word' id='word_1_419' title='bbox 532 2680 595 2730; x_wconf 89' lang='lat' dir='ltr'>in</span> <span class='ocrx_word' id='word_1_420' title='bbox 624 2678 798 2740; x_wconf 86' lang='lat' dir='ltr'>domo,</span> <span class='ocrx_word' id='word_1_421' title='bbox 827 2682 875 2729; x_wconf 90' lang='lat' dir='ltr'>et</span> <span class='ocrx_word' id='word_1_422' title='bbox 897 2680 1040 2730; x_wconf 76' lang='lat' dir='ltr'>male</span> <span class='ocrx_word' id='word_1_423' title='bbox 1064 2683 1369 2745; x_wconf 84' lang='lat' dir='ltr'>torquetur.</span> <span class='ocrx_word' id='word_1_424' title='bbox 1387 2676 1546 2731; x_wconf 88' lang='lat' dir='ltr'>Multi</span> <span class='ocrx_word' id='word_1_425' title='bbox 1574 2677 1629 2731; x_wconf 91' lang='lat' dir='ltr'>in</span> <span class='ocrx_word' id='word_1_426' title='bbox 1662 2678 1758 2732; x_wconf 91' lang='lat' dir='ltr'>illo</span> <span class='ocrx_word' id='word_1_427' title='bbox 1842 2682 2031 2731; x_wconf 90' lang='lat' dir='ltr'>autem</span> <span class='ocrx_word' id='word_1_428' title='bbox 2077 2676 2274 2747; x_wconf 89' lang='lat' dir='ltr'>regulo</span> <span class='ocrx_word' id='word_1_429' title='bbox 2304 2673 2553 2747; x_wconf 89' lang='lat' dir='ltr'>poscenti</span> <span class='ocrx_word' id='word_1_430' title='bbox 2596 2679 2661 2727; x_wconf 91' lang='lat' dir='ltr'>ut</span> <span class='ocrx_word' id='word_1_431' title='bbox 2688 2670 3067 2735; x_wconf 88' lang='lat' dir='ltr'>descenderet,</span> <span class='ocrx_word' id='word_1_432' title='bbox 3105 2668 3437 2739; x_wconf 88' lang='lat' dir='ltr'>priusquam</span> 
     </span>
    </p>
   </div>
   <div class='ocr_carea' id='block_1_44' title="bbox 160 2754 3432 2835">
    <p class='ocr_par' dir='ltr' id='par_1_44' title="bbox 160 2754 3432 2835">
     <span class='ocr_line' id='line_1_44' title="bbox 160 2754 3432 2835; baseline -0.003 -18"><span class='ocrx_word' id='word_1_433' title='bbox 160 2767 408 2835; x_wconf 87' lang='lat' dir='ltr'>tempore</span> <span class='ocrx_word' id='word_1_434' title='bbox 436 2781 539 2835; x_wconf 88' lang='lat' dir='ltr'>pro</span> <span class='ocrx_word' id='word_1_435' title='bbox 577 2764 809 2819; x_wconf 89' lang='lat' dir='ltr'>diversis</span> <span class='ocrx_word' id='word_1_436' title='bbox 836 2765 1110 2835; x_wconf 88' lang='lat' dir='ltr'>rogabant</span> <span class='ocrx_word' id='word_1_437' title='bbox 1137 2766 1579 2832; x_wconf 86' lang='lat' dir='ltr'>inﬁrmitatibus,</span> <span class='ocrx_word' id='word_1_438' title='bbox 1614 2768 1759 2823; x_wconf 89' lang='lat' dir='ltr'>alius</span> <span class='ocrx_word' id='word_1_439' title='bbox 1841 2771 2157 2820; x_wconf 88' lang='lat' dir='ltr'>moreretur</span> <span class='ocrx_word' id='word_1_440' title='bbox 2194 2765 2341 2819; x_wconf 90' lang='lat' dir='ltr'>ﬁlius</span> <span class='ocrx_word' id='word_1_441' title='bbox 2369 2766 2511 2835; x_wconf 92' lang='lat' dir='ltr'>ejus,</span> <span class='ocrx_word' id='word_1_442' title='bbox 2541 2762 2768 2816; x_wconf 89' lang='lat' dir='ltr'>omnino</span> <span class='ocrx_word' id='word_1_443' title='bbox 2798 2760 3128 2829; x_wconf 83' lang='lat' dir='ltr'>denegatur.</span> <span class='ocrx_word' id='word_1_444' title='bbox 3162 2754 3432 2826; x_wconf 89' lang='lat' dir='ltr'>Nunquid</span> 
     </span>
    </p>
   </div>
   <div class='ocr_carea' id='block_1_45' title="bbox 161 2844 3437 2929">
    <p class='ocr_par' dir='ltr' id='par_1_45' title="bbox 161 2844 3437 2929">
     <span class='ocr_line' id='line_1_45' title="bbox 161 2844 3437 2929; baseline -0.003 -23"><span class='ocrx_word' id='word_1_445' title='bbox 161 2868 250 2922; x_wconf 75' lang='lat' dir='ltr'>pro</span> <span class='ocrx_word' id='word_1_446' title='bbox 277 2871 353 2917; x_wconf 88' lang='lat' dir='ltr'>se,</span> <span class='ocrx_word' id='word_1_447' title='bbox 397 2854 544 2907; x_wconf 86' lang='lat' dir='ltr'>alius</span> <span class='ocrx_word' id='word_1_448' title='bbox 560 2870 662 2925; x_wconf 91' lang='lat' dir='ltr'>pro</span> <span class='ocrx_word' id='word_1_449' title='bbox 682 2854 796 2908; x_wconf 92' lang='lat' dir='ltr'>ﬁlio</span> <span class='ocrx_word' id='word_1_450' title='bbox 826 2861 925 2909; x_wconf 91' lang='lat' dir='ltr'>aut</span> <span class='ocrx_word' id='word_1_451' title='bbox 951 2855 1086 2920; x_wconf 89' lang='lat' dir='ltr'>ﬁlia,</span> <span class='ocrx_word' id='word_1_452' title='bbox 1121 2855 1263 2909; x_wconf 90' lang='lat' dir='ltr'>alius</span> <span class='ocrx_word' id='word_1_453' title='bbox 1294 2872 1394 2927; x_wconf 89' lang='lat' dir='ltr'>pro</span> <span class='ocrx_word' id='word_1_454' title='bbox 1418 2856 1526 2911; x_wconf 91' lang='lat' dir='ltr'>alio</span> <span class='ocrx_word' id='word_1_455' title='bbox 1547 2858 1753 2929; x_wconf 91' lang='lat' dir='ltr'>aliquo,</span> <span class='ocrx_word' id='word_1_456' title='bbox 1841 2873 1973 2927; x_wconf 87' lang='lat' dir='ltr'>ergo</span> <span class='ocrx_word' id='word_1_457' title='bbox 1999 2871 2364 2927; x_wconf 90' lang='lat' dir='ltr'>personarum</span> <span class='ocrx_word' id='word_1_458' title='bbox 2398 2858 2655 2923; x_wconf 86' lang='lat' dir='ltr'>acceptor</span> <span class='ocrx_word' id='word_1_459' title='bbox 2678 2856 2765 2905; x_wconf 91' lang='lat' dir='ltr'>est</span> <span class='ocrx_word' id='word_1_460' title='bbox 2781 2850 2949 2914; x_wconf 88' lang='lat' dir='ltr'>Deus,</span> <span class='ocrx_word' id='word_1_461' title='bbox 2974 2844 3284 2920; x_wconf 74' lang='lat' dir='ltr'>praesertim</span> <span class='ocrx_word' id='word_1_462' title='bbox 3309 2859 3437 2898; x_wconf 91' lang='lat' dir='ltr'>cum</span> 
     </span>
    </p>
   </div>
   <div class='ocr_carea' id='block_1_46' title="bbox 162 2932 3434 3016">
    <p class='ocr_par' dir='ltr' id='par_1_46' title="bbox 162 2932 3434 3016">
     <span class='ocr_line' id='line_1_46' title="bbox 162 2932 3434 3016; baseline -0.003 -22"><span class='ocrx_word' id='word_1_463' title='bbox 162 2942 333 2997; x_wconf 92' lang='lat' dir='ltr'>nullus</span> <span class='ocrx_word' id='word_1_464' title='bbox 369 2948 568 2996; x_wconf 85' lang='lat' dir='ltr'>tamen</span> <span class='ocrx_word' id='word_1_465' title='bbox 594 2943 804 3013; x_wconf 88' lang='lat' dir='ltr'>legitur</span> <span class='ocrx_word' id='word_1_466' title='bbox 843 2961 944 3016; x_wconf 88' lang='lat' dir='ltr'>pro</span> <span class='ocrx_word' id='word_1_467' title='bbox 975 2945 1275 3004; x_wconf 90' lang='lat' dir='ltr'>servo,nisi</span> <span class='ocrx_word' id='word_1_468' title='bbox 1305 2947 1455 2999; x_wconf 91' lang='lat' dir='ltr'>solus</span> <span class='ocrx_word' id='word_1_469' title='bbox 1485 2946 1611 3012; x_wconf 90' lang='lat' dir='ltr'>iste,</span> <span class='ocrx_word' id='word_1_470' title='bbox 1639 2952 1758 3001; x_wconf 87' lang='lat' dir='ltr'>tam</span> <span class='ocrx_word' id='word_1_471' title='bbox 1841 2946 1935 2999; x_wconf 91' lang='lat' dir='ltr'>ille</span> <span class='ocrx_word' id='word_1_472' title='bbox 1983 2945 2228 3016; x_wconf 84' lang='lat' dir='ltr'>regulus,</span> <span class='ocrx_word' id='word_1_473' title='bbox 2279 2943 2367 2997; x_wconf 88' lang='lat' dir='ltr'>hic</span> <span class='ocrx_word' id='word_1_474' title='bbox 2415 2941 2668 2996; x_wconf 90' lang='lat' dir='ltr'>centurio</span> <span class='ocrx_word' id='word_1_475' title='bbox 2719 2939 2888 2994; x_wconf 82' lang='lat' dir='ltr'>fuisse</span> <span class='ocrx_word' id='word_1_476' title='bbox 2924 2934 3187 3008; x_wconf 85' lang='lat' dir='ltr'>legatur?</span> <span class='ocrx_word' id='word_1_477' title='bbox 3218 2932 3383 2987; x_wconf 85' lang='lat' dir='ltr'>Absit</span> <span class='ocrx_word' id='word_1_478' title='bbox 3420 2932 3434 2985; x_wconf 75' lang='grc' dir='ltr'><strong>ε</strong></span> 
     </span>
    </p>
   </div>
   <div class='ocr_carea' id='block_1_47' title="bbox 160 3023 3440 3106">
    <p class='ocr_par' dir='ltr' id='par_1_47' title="bbox 160 3023 3440 3106">
     <span class='ocr_line' id='line_1_47' title="bbox 160 3023 3440 3106; baseline -0.002 -22"><span class='ocrx_word' id='word_1_479' title='bbox 160 3031 483 3103; x_wconf 85' lang='lat' dir='ltr'>suppliciter</span> <span class='ocrx_word' id='word_1_480' title='bbox 513 3049 789 3087; x_wconf 87' lang='lat' dir='ltr'>exorasse.</span> <span class='ocrx_word' id='word_1_481' title='bbox 822 3034 1070 3088; x_wconf 89' lang='lat' dir='ltr'>Audiant</span> <span class='ocrx_word' id='word_1_482' title='bbox 1098 3050 1231 3104; x_wconf 85' lang='lat' dir='ltr'>ergo</span> <span class='ocrx_word' id='word_1_483' title='bbox 1265 3035 1462 3102; x_wconf 90' lang='lat' dir='ltr'>nostri,</span> <span class='ocrx_word' id='word_1_484' title='bbox 1506 3035 1600 3106; x_wconf 90' lang='lat' dir='ltr'>qui</span> <span class='ocrx_word' id='word_1_485' title='bbox 1646 3037 1750 3090; x_wconf 54' lang='lat' dir='ltr'>ali‘</span> <span class='ocrx_word' id='word_1_486' title='bbox 1775 3085 1821 3106; x_wconf 62' lang='grc' dir='ltr'>η</span> <span class='ocrx_word' id='word_1_487' title='bbox 1842 3034 2104 3106; x_wconf 87' lang='lat' dir='ltr'>Alioquin</span> <span class='ocrx_word' id='word_1_488' title='bbox 2134 3032 2462 3087; x_wconf 85' lang='lat' dir='ltr'>honoratius</span> <span class='ocrx_word' id='word_1_489' title='bbox 2492 3035 2614 3085; x_wconf 90' lang='lat' dir='ltr'>erat</span> <span class='ocrx_word' id='word_1_490' title='bbox 2656 3029 2738 3084; x_wconf 91' lang='lat' dir='ltr'>ire</span> <span class='ocrx_word' id='word_1_491' title='bbox 2768 3028 2838 3083; x_wconf 89' lang='lat' dir='ltr'>ad</span> <span class='ocrx_word' id='word_1_492' title='bbox 2868 3028 3099 3082; x_wconf 91' lang='lat' dir='ltr'>domum</span> <span class='ocrx_word' id='word_1_493' title='bbox 3152 3023 3349 3095; x_wconf 86' lang='lat' dir='ltr'>reguli,</span> <span class='ocrx_word' id='word_1_494' title='bbox 3383 3026 3440 3077; x_wconf 88' lang='lat' dir='ltr'>et</span> 
     </span>
    </p>
   </div>
   <div class='ocr_carea' id='block_1_48' title="bbox 158 3085 3438 3197">
    <p class='ocr_par' dir='ltr' id='par_1_48' title="bbox 158 3085 3438 3197">
     <span class='ocr_line' id='line_1_48' title="bbox 221 3085 3346 3106; baseline 0.001 -4"><span class='ocrx_word' id='word_1_495' title='bbox 221 3085 270 3103; x_wconf 87' lang='lat'>..</span> <span class='ocrx_word' id='word_1_496' title='bbox 338 3085 379 3086; x_wconf 59' lang='grc' dir='ltr'><em>η</em></span> <span class='ocrx_word' id='word_1_497' title='bbox 569 3085 600 3086; x_wconf 57' lang='grc' dir='ltr'><em>η</em></span> <span class='ocrx_word' id='word_1_498' title='bbox 1106 3085 1220 3104; x_wconf 74' lang='grc' dir='ltr'>--ο-</span> <span class='ocrx_word' id='word_1_499' title='bbox 1511 3085 1600 3106; x_wconf 60' lang='grc' dir='ltr'>γ-</span> <span class='ocrx_word' id='word_1_500' title='bbox 1842 3085 2104 3106; x_wconf 51' lang='lat' dir='ltr'>-———vr~——</span> <span class='ocrx_word' id='word_1_501' title='bbox 3213 3085 3246 3095; x_wconf 75' lang='grc' dir='ltr'>ν</span> <span class='ocrx_word' id='word_1_502' title='bbox 3339 3085 3346 3089; x_wconf 85' lang='grc'><strong><em>-</em></strong></span> 
     </span>
     <span class='ocr_line' id='line_1_49' title="bbox 158 3085 3438 3197; baseline -0.003 -23"><span class='ocrx_word' id='word_1_503' title='bbox 158 3122 368 3190; x_wconf 87' lang='lat' dir='ltr'>quando</span> <span class='ocrx_word' id='word_1_504' title='bbox 398 3137 513 3175; x_wconf 85' lang='lat' dir='ltr'>non</span> <span class='ocrx_word' id='word_1_505' title='bbox 524 3122 707 3176; x_wconf 88' lang='lat' dir='ltr'>solum</span> <span class='ocrx_word' id='word_1_506' title='bbox 724 3138 824 3193; x_wconf 88' lang='lat' dir='ltr'>pro</span> <span class='ocrx_word' id='word_1_507' title='bbox 844 3123 959 3177; x_wconf 91' lang='lat' dir='ltr'>suis</span> <span class='ocrx_word' id='word_1_508' title='bbox 976 3139 1088 3177; x_wconf 91' lang='lat' dir='ltr'>non</span> <span class='ocrx_word' id='word_1_509' title='bbox 1104 3129 1308 3195; x_wconf 87' lang='lat' dir='ltr'>rogant</span> <span class='ocrx_word' id='word_1_510' title='bbox 1327 3124 1500 3178; x_wconf 90' lang='lat' dir='ltr'>servis</span> <span class='ocrx_word' id='word_1_511' title='bbox 1520 3141 1591 3178; x_wconf 89' lang='lat' dir='ltr'>ne</span> <span class='ocrx_word' id='word_1_512' title='bbox 1612 3126 1758 3180; x_wconf 90' lang='lat' dir='ltr'>male</span> <span class='ocrx_word' id='word_1_513' title='bbox 1774 3085 1822 3148; x_wconf 74' lang='grc' dir='ltr'>Ο</span> <span class='ocrx_word' id='word_1_514' title='bbox 1841 3124 2090 3197; x_wconf 88' lang='lat' dir='ltr'>poscenti</span> <span class='ocrx_word' id='word_1_515' title='bbox 2116 3113 2382 3188; x_wconf 87' lang='lat' dir='ltr'>tribuere,</span> <span class='ocrx_word' id='word_1_516' title='bbox 2417 3137 2585 3194; x_wconf 89' lang='lat' dir='ltr'>quam</span> <span class='ocrx_word' id='word_1_517' title='bbox 2621 3119 2692 3173; x_wconf 85' lang='lat' dir='ltr'>ad</span> <span class='ocrx_word' id='word_1_518' title='bbox 2719 3118 2950 3172; x_wconf 90' lang='lat' dir='ltr'>domum</span> <span class='ocrx_word' id='word_1_519' title='bbox 2981 3112 3345 3177; x_wconf 86' lang='lat' dir='ltr'>centurionis,</span> <span class='ocrx_word' id='word_1_520' title='bbox 3380 3114 3438 3166; x_wconf 89' lang='lat' dir='ltr'>et</span> 
     </span>
    </p>
   </div>
   <div class='ocr_carea' id='block_1_49' title="bbox 155 3204 3440 3284">
    <p class='ocr_par' dir='ltr' id='par_1_49' title="bbox 155 3204 3440 3284">
     <span class='ocr_line' id='line_1_50' title="bbox 155 3204 3440 3284; baseline -0.001 -23"><span class='ocrx_word' id='word_1_521' title='bbox 155 3213 549 3281; x_wconf 85' lang='lat' dir='ltr'>torqueantur;</span> <span class='ocrx_word' id='word_1_522' title='bbox 584 3211 681 3265; x_wconf 89' lang='lat' dir='ltr'>sed</span> <span class='ocrx_word' id='word_1_523' title='bbox 710 3210 816 3282; x_wconf 90' lang='lat' dir='ltr'>ipsi</span> <span class='ocrx_word' id='word_1_524' title='bbox 846 3212 1100 3266; x_wconf 89' lang='lat' dir='ltr'>crudeles</span> <span class='ocrx_word' id='word_1_525' title='bbox 1122 3214 1267 3266; x_wconf 91' lang='lat' dir='ltr'>ﬁunt</span> <span class='ocrx_word' id='word_1_526' title='bbox 1294 3229 1358 3267; x_wconf 91' lang='lat' dir='ltr'>ac</span> <span class='ocrx_word' id='word_1_527' title='bbox 1389 3213 1617 3284; x_wconf 90' lang='lat' dir='ltr'>pessimi</span> <span class='ocrx_word' id='word_1_528' title='bbox 1646 3220 1759 3268; x_wconf 88' lang='lat' dir='ltr'>tor-</span> <span class='ocrx_word' id='word_1_529' title='bbox 1839 3213 2119 3269; x_wconf 88' lang='lat' dir='ltr'>recusanti</span> <span class='ocrx_word' id='word_1_530' title='bbox 2140 3213 2361 3267; x_wconf 80' lang='lat' dir='ltr'>offerre.</span> <span class='ocrx_word' id='word_1_531' title='bbox 2391 3211 2496 3266; x_wconf 90' lang='lat' dir='ltr'>Sed</span> <span class='ocrx_word' id='word_1_532' title='bbox 2526 3210 2664 3264; x_wconf 90' lang='lat' dir='ltr'>ﬁdes</span> <span class='ocrx_word' id='word_1_533' title='bbox 2692 3208 2750 3263; x_wconf 92' lang='lat' dir='ltr'>in</span> <span class='ocrx_word' id='word_1_534' title='bbox 2779 3223 2947 3263; x_wconf 89' lang='lat' dir='ltr'>causa</span> <span class='ocrx_word' id='word_1_535' title='bbox 2973 3210 3077 3260; x_wconf 89' lang='lat' dir='ltr'>est.</span> <span class='ocrx_word' id='word_1_536' title='bbox 3107 3204 3207 3259; x_wconf 92' lang='lat' dir='ltr'>Ille</span> <span class='ocrx_word' id='word_1_537' title='bbox 3230 3208 3296 3257; x_wconf 93' lang='lat' dir='ltr'>ut</span> <span class='ocrx_word' id='word_1_538' title='bbox 3315 3217 3440 3257; x_wconf 87' lang='lat' dir='ltr'>eru-</span> 
     </span>
    </p>
   </div>
   <div class='ocr_carea' id='block_1_50' title="bbox 154 3296 3432 3374">
    <p class='ocr_par' dir='ltr' id='par_1_50' title="bbox 154 3296 3432 3374">
     <span class='ocr_line' id='line_1_51' title="bbox 154 3296 3432 3374; baseline -0.003 -21"><span class='ocrx_word' id='word_1_539' title='bbox 154 3305 310 3363; x_wconf 88' lang='lat' dir='ltr'>tores,</span> <span class='ocrx_word' id='word_1_540' title='bbox 338 3302 433 3354; x_wconf 82' lang='lat' dir='ltr'>ita</span> <span class='ocrx_word' id='word_1_541' title='bbox 462 3304 528 3354; x_wconf 91' lang='lat' dir='ltr'>ut</span> <span class='ocrx_word' id='word_1_542' title='bbox 550 3300 835 3355; x_wconf 88' lang='lat' dir='ltr'>interdum</span> <span class='ocrx_word' id='word_1_543' title='bbox 880 3301 1106 3371; x_wconf 86' lang='lat' dir='ltr'>gravius</span> <span class='ocrx_word' id='word_1_544' title='bbox 1148 3302 1404 3356; x_wconf 84' lang='lat' dir='ltr'>videatur</span> <span class='ocrx_word' id='word_1_545' title='bbox 1438 3302 1540 3356; x_wconf 90' lang='lat' dir='ltr'>sub</span> <span class='ocrx_word' id='word_1_546' title='bbox 1585 3320 1757 3358; x_wconf 91' lang='lat' dir='ltr'>manu</span> <span class='ocrx_word' id='word_1_547' title='bbox 1840 3303 2030 3358; x_wconf 89' lang='lat' dir='ltr'>diatur</span> <span class='ocrx_word' id='word_1_548' title='bbox 2042 3302 2136 3374; x_wconf 92' lang='lat' dir='ltr'>qui</span> <span class='ocrx_word' id='word_1_549' title='bbox 2156 3301 2394 3356; x_wconf 90' lang='lat' dir='ltr'>credidit</span> <span class='ocrx_word' id='word_1_550' title='bbox 2421 3317 2544 3355; x_wconf 89' lang='lat' dir='ltr'>eam</span> <span class='ocrx_word' id='word_1_551' title='bbox 2574 3316 2685 3353; x_wconf 89' lang='lat' dir='ltr'>non</span> <span class='ocrx_word' id='word_1_552' title='bbox 2713 3314 2874 3370; x_wconf 90' lang='lat' dir='ltr'>posse</span> <span class='ocrx_word' id='word_1_553' title='bbox 2903 3296 3191 3350; x_wconf 89' lang='lat' dir='ltr'>absentem</span> <span class='ocrx_word' id='word_1_554' title='bbox 3215 3306 3432 3356; x_wconf 87' lang='lat' dir='ltr'>curare,</span> 
     </span>
    </p>
   </div>
   <div class='ocr_carea' id='block_1_51' title="bbox 159 3379 3433 3463">
    <p class='ocr_par' dir='ltr' id='par_1_51' title="bbox 159 3379 3433 3463">
     <span class='ocr_line' id='line_1_52' title="bbox 159 3379 3433 3463; baseline -0.003 -20"><span class='ocrx_word' id='word_1_555' title='bbox 159 3406 336 3444; x_wconf 88' lang='lat' dir='ltr'>eorum</span> <span class='ocrx_word' id='word_1_556' title='bbox 370 3390 608 3446; x_wconf 87' lang='lat' dir='ltr'>servire.</span> <span class='ocrx_word' id='word_1_557' title='bbox 652 3407 819 3462; x_wconf 89' lang='lat' dir='ltr'>quam</span> <span class='ocrx_word' id='word_1_558' title='bbox 858 3390 962 3445; x_wconf 90' lang='lat' dir='ltr'>sub</span> <span class='ocrx_word' id='word_1_559' title='bbox 993 3407 1162 3445; x_wconf 90' lang='lat' dir='ltr'>manu</span> <span class='ocrx_word' id='word_1_560' title='bbox 1205 3408 1571 3463; x_wconf 88' lang='lat' dir='ltr'>paganorum.</span> <span class='ocrx_word' id='word_1_561' title='bbox 1605 3392 1759 3447; x_wconf 92' lang='lat' dir='ltr'>Didi-</span> <span class='ocrx_word' id='word_1_562' title='bbox 1842 3410 1970 3447; x_wconf 91' lang='lat' dir='ltr'>cum</span> <span class='ocrx_word' id='word_1_563' title='bbox 2001 3398 2150 3447; x_wconf 91' lang='lat' dir='ltr'>esset</span> <span class='ocrx_word' id='word_1_564' title='bbox 2176 3392 2383 3462; x_wconf 89' lang='lat' dir='ltr'>ubique</span> <span class='ocrx_word' id='word_1_565' title='bbox 2411 3396 2582 3453; x_wconf 91' lang='lat' dir='ltr'>totus,</span> <span class='ocrx_word' id='word_1_566' title='bbox 2617 3400 2673 3443; x_wconf 88' lang='lat' dir='ltr'>et</span> <span class='ocrx_word' id='word_1_567' title='bbox 2700 3390 3031 3460; x_wconf 63' lang='lat' dir='ltr'>praesentem</span> <span class='ocrx_word' id='word_1_568' title='bbox 3059 3384 3254 3438; x_wconf 89' lang='lat' dir='ltr'>adesse</span> <span class='ocrx_word' id='word_1_569' title='bbox 3281 3379 3433 3447; x_wconf 87' lang='lat' dir='ltr'>ﬁlio;</span> 
     </span>
    </p>
   </div>
   <div class='ocr_carea' id='block_1_52' title="bbox 158 3479 1762 3552">
    <p class='ocr_par' dir='ltr' id='par_1_52' title="bbox 158 3479 1762 3552">
     <span class='ocr_line' id='line_1_53' title="bbox 158 3479 1762 3552; baseline 0.002 -20"><span class='ocrx_word' id='word_1_570' title='bbox 158 3485 296 3533; x_wconf 87' lang='lat' dir='ltr'>cerat</span> <span class='ocrx_word' id='word_1_571' title='bbox 313 3479 478 3533; x_wconf 87' lang='lat' dir='ltr'>enim</span> <span class='ocrx_word' id='word_1_572' title='bbox 491 3480 611 3549; x_wconf 89' lang='lat' dir='ltr'>jam</span> <span class='ocrx_word' id='word_1_573' title='bbox 630 3480 736 3533; x_wconf 90' lang='lat' dir='ltr'>iste</span> <span class='ocrx_word' id='word_1_574' title='bbox 754 3480 1065 3535; x_wconf 89' lang='lat' dir='ltr'>doctrinam</span> <span class='ocrx_word' id='word_1_575' title='bbox 1090 3482 1328 3552; x_wconf 88' lang='lat' dir='ltr'>apostoli</span> <span class='ocrx_word' id='word_1_576' title='bbox 1346 3500 1359 3535; x_wconf 91' lang='lat'><strong>:</strong></span> <span class='ocrx_word' id='word_1_577' title='bbox 1383 3481 1542 3536; x_wconf 76' lang='lat' dir='ltr'>Servi</span> <span class='ocrx_word' id='word_1_578' title='bbox 1554 3484 1762 3537; x_wconf 87' lang='lat' dir='ltr'>subditi</span> 
     </span>
    </p>
   </div>
   <div class='ocr_carea' id='block_1_53' title="bbox 161 3569 1759 3638">
    <p class='ocr_par' dir='ltr' id='par_1_53' title="bbox 161 3569 1759 3638">
     <span class='ocr_line' id='line_1_54' title="bbox 161 3569 1759 3638; baseline 0.004 -20"><span class='ocrx_word' id='word_1_579' title='bbox 161 3570 217 3620; x_wconf 85' lang='lat' dir='ltr'>in</span> <span class='ocrx_word' id='word_1_580' title='bbox 241 3571 407 3622; x_wconf 75' lang='lat' dir='ltr'>omni</span> <span class='ocrx_word' id='word_1_581' title='bbox 422 3572 618 3622; x_wconf 84' lang='lat' dir='ltr'>timore</span> <span class='ocrx_word' id='word_1_582' title='bbox 644 3571 885 3624; x_wconf 82' lang='lat' dir='ltr'>dominis</span> <span class='ocrx_word' id='word_1_583' title='bbox 899 3572 955 3637; x_wconf 92' lang='lat' dir='ltr'>(I</span> <span class='ocrx_word' id='word_1_584' title='bbox 974 3573 1115 3626; x_wconf 84' lang='lat' dir='ltr'>Petr.</span> <span class='ocrx_word' id='word_1_585' title='bbox 1142 3585 1201 3632; x_wconf 82' lang='grc' dir='ltr'>η,</span> <span class='ocrx_word' id='word_1_586' title='bbox 1222 3569 1330 3638; x_wconf 82' lang='grc'>18),</span> <span class='ocrx_word' id='word_1_587' title='bbox 1356 3576 1406 3625; x_wconf 88' lang='lat' dir='ltr'>et</span> <span class='ocrx_word' id='word_1_588' title='bbox 1426 3573 1627 3625; x_wconf 86' lang='lat' dir='ltr'>obedite</span> <span class='ocrx_word' id='word_1_589' title='bbox 1648 3587 1759 3625; x_wconf 87' lang='lat' dir='ltr'>non</span> 
     </span>
    </p>
   </div>
   <div class='ocr_carea' id='block_1_54' title="bbox 166 3658 1759 3729">
    <p class='ocr_par' dir='ltr' id='par_1_54' title="bbox 166 3658 1759 3729">
     <span class='ocr_line' id='line_1_55' title="bbox 166 3658 1759 3729; baseline 0.003 -19"><span class='ocrx_word' id='word_1_590' title='bbox 166 3658 230 3708; x_wconf 85' lang='lat' dir='ltr'>ad</span> <span class='ocrx_word' id='word_1_591' title='bbox 252 3662 483 3711; x_wconf 76' lang='lat' dir='ltr'>oculum</span> <span class='ocrx_word' id='word_1_592' title='bbox 512 3661 802 3711; x_wconf 76' lang='lat' dir='ltr'>servientes</span> <span class='ocrx_word' id='word_1_593' title='bbox 824 3659 1120 3727; x_wconf 82' lang='lat' dir='ltr'>(Ephes.v1,</span> <span class='ocrx_word' id='word_1_594' title='bbox 1150 3659 1227 3726; x_wconf 89' lang='lat'>6),</span> <span class='ocrx_word' id='word_1_595' title='bbox 1249 3662 1474 3714; x_wconf 77' lang='lat' dir='ltr'>scientes</span> <span class='ocrx_word' id='word_1_596' title='bbox 1494 3665 1759 3729; x_wconf 88' lang='lat' dir='ltr'>quoniam</span> 
     </span>
    </p>
   </div>
   <div class='ocr_carea' id='block_1_55' title="bbox 167 3748 1761 3815">
    <p class='ocr_par' dir='ltr' id='par_1_55' title="bbox 167 3748 1761 3815">
     <span class='ocr_line' id='line_1_56' title="bbox 167 3748 1761 3815; baseline 0.003 -17"><span class='ocrx_word' id='word_1_597' title='bbox 167 3761 331 3800; x_wconf 84' lang='lat' dir='ltr'>unum</span> <span class='ocrx_word' id='word_1_598' title='bbox 357 3748 677 3801; x_wconf 86' lang='lat' dir='ltr'>Dominum</span> <span class='ocrx_word' id='word_1_599' title='bbox 704 3750 767 3799; x_wconf 88' lang='lat' dir='ltr'>in</span> <span class='ocrx_word' id='word_1_600' title='bbox 788 3751 929 3802; x_wconf 72' lang='lat' dir='ltr'>catis</span> <span class='ocrx_word' id='word_1_601' title='bbox 948 3750 1153 3803; x_wconf 84' lang='lat' dir='ltr'>habetis</span> <span class='ocrx_word' id='word_1_602' title='bbox 1176 3750 1387 3813; x_wconf 79' lang='lat' dir='ltr'>(Coloss.</span> <span class='ocrx_word' id='word_1_603' title='bbox 1410 3763 1481 3815; x_wconf 84' lang='lat' dir='ltr'>Iv,</span> <span class='ocrx_word' id='word_1_604' title='bbox 1510 3749 1577 3815; x_wconf 87' lang='lat' dir='ltr'>l).</span> <span class='ocrx_word' id='word_1_605' title='bbox 1608 3750 1761 3804; x_wconf 93' lang='lat' dir='ltr'>Scie-</span> 
     </span>
    </p>
   </div>
   <div class='ocr_carea' id='block_1_56' title="bbox 165 3832 1760 3905">
    <p class='ocr_par' dir='ltr' id='par_1_56' title="bbox 165 3832 1760 3905">
     <span class='ocr_line' id='line_1_57' title="bbox 165 3832 1760 3905; baseline 0.004 -19"><span class='ocrx_word' id='word_1_606' title='bbox 165 3832 253 3889; x_wconf 85' lang='lat' dir='ltr'>bat</span> <span class='ocrx_word' id='word_1_607' title='bbox 304 3852 451 3905; x_wconf 74' lang='lat' dir='ltr'>ergo</span> <span class='ocrx_word' id='word_1_608' title='bbox 494 3836 644 3889; x_wconf 91' lang='lat' dir='ltr'>hunc</span> <span class='ocrx_word' id='word_1_609' title='bbox 683 3852 1033 3891; x_wconf 90' lang='lat' dir='ltr'>communem</span> <span class='ocrx_word' id='word_1_610' title='bbox 1074 3838 1374 3892; x_wconf 92' lang='lat' dir='ltr'>Dominum</span> <span class='ocrx_word' id='word_1_611' title='bbox 1409 3855 1529 3893; x_wconf 89' lang='lat' dir='ltr'>esse</span> <span class='ocrx_word' id='word_1_612' title='bbox 1570 3839 1760 3893; x_wconf 88' lang='lat' dir='ltr'>Jesum</span> 
     </span>
    </p>
   </div>
   <div class='ocr_carea' id='block_1_57' title="bbox 166 3923 1761 3997">
    <p class='ocr_par' dir='ltr' id='par_1_57' title="bbox 166 3923 1761 3997">
     <span class='ocr_line' id='line_1_58' title="bbox 166 3923 1761 3997; baseline 0.004 -21"><span class='ocrx_word' id='word_1_613' title='bbox 166 3923 450 3978; x_wconf 86' lang='lat' dir='ltr'>Christum</span> <span class='ocrx_word' id='word_1_614' title='bbox 478 3944 491 3990; x_wconf 93' lang='lat'><strong>;</strong></span> <span class='ocrx_word' id='word_1_615' title='bbox 528 3931 587 3979; x_wconf 89' lang='lat' dir='ltr'>et</span> <span class='ocrx_word' id='word_1_616' title='bbox 614 3925 737 3979; x_wconf 90' lang='lat' dir='ltr'>ideo</span> <span class='ocrx_word' id='word_1_617' title='bbox 768 3927 966 3997; x_wconf 90' lang='lat' dir='ltr'>plenus</span> <span class='ocrx_word' id='word_1_618' title='bbox 982 3926 1090 3980; x_wconf 89' lang='lat' dir='ltr'>ﬁde</span> <span class='ocrx_word' id='word_1_619' title='bbox 1118 3943 1182 3980; x_wconf 91' lang='lat' dir='ltr'>ac</span> <span class='ocrx_word' id='word_1_620' title='bbox 1206 3927 1498 3993; x_wconf 91' lang='lat' dir='ltr'>charitate,</span> <span class='ocrx_word' id='word_1_621' title='bbox 1530 3928 1761 3982; x_wconf 90' lang='lat' dir='ltr'>devotus</span> 
     </span>
    </p>
   </div>
   <div class='ocr_carea' id='block_1_58' title="bbox 164 4016 1757 4084">
    <p class='ocr_par' dir='ltr' id='par_1_58' title="bbox 164 4016 1757 4084">
     <span class='ocr_line' id='line_1_59' title="bbox 164 4016 1757 4084; baseline 0.004 -20"><span class='ocrx_word' id='word_1_622' title='bbox 164 4027 255 4081; x_wconf 84' lang='lat' dir='ltr'>pro</span> <span class='ocrx_word' id='word_1_623' title='bbox 282 4029 560 4067; x_wconf 80' lang='lat' dir='ltr'>conservo</span> <span class='ocrx_word' id='word_1_624' title='bbox 590 4020 752 4083; x_wconf 82' lang='lat' dir='ltr'>rogat</span> <span class='ocrx_word' id='word_1_625' title='bbox 798 4016 913 4069; x_wconf 89' lang='lat' dir='ltr'>Nec</span> <span class='ocrx_word' id='word_1_626' title='bbox 942 4032 1076 4069; x_wconf 90' lang='lat' dir='ltr'>sane</span> <span class='ocrx_word' id='word_1_627' title='bbox 1104 4016 1260 4069; x_wconf 92' lang='lat' dir='ltr'>illum</span> <span class='ocrx_word' id='word_1_628' title='bbox 1294 4017 1364 4070; x_wconf 88' lang='lat' dir='ltr'>ad</span> <span class='ocrx_word' id='word_1_629' title='bbox 1397 4033 1524 4071; x_wconf 89' lang='lat' dir='ltr'>eum</span> <span class='ocrx_word' id='word_1_630' title='bbox 1548 4018 1757 4084; x_wconf 91' lang='lat' dir='ltr'>attulit,</span> 
     </span>
    </p>
   </div>
   <div class='ocr_carea' id='block_1_59' title="bbox 162 4100 1763 4177">
    <p class='ocr_par' dir='ltr' id='par_1_59' title="bbox 162 4100 1763 4177">
     <span class='ocr_line' id='line_1_60' title="bbox 162 4100 1763 4177; baseline 0.004 -23"><span class='ocrx_word' id='word_1_631' title='bbox 162 4100 285 4170; x_wconf 87' lang='lat' dir='ltr'>quia</span> <span class='ocrx_word' id='word_1_632' title='bbox 305 4101 581 4156; x_wconf 85' lang='lat' dir='ltr'>credebat</span> <span class='ocrx_word' id='word_1_633' title='bbox 608 4103 847 4173; x_wconf 87' lang='lat' dir='ltr'>perfecte</span> <span class='ocrx_word' id='word_1_634' title='bbox 866 4104 1049 4175; x_wconf 88' lang='lat' dir='ltr'>ipsum</span> <span class='ocrx_word' id='word_1_635' title='bbox 1070 4104 1277 4176; x_wconf 91' lang='lat' dir='ltr'>ubique</span> <span class='ocrx_word' id='word_1_636' title='bbox 1294 4112 1623 4177; x_wconf 66' lang='lat' dir='ltr'>praesentem</span> <span class='ocrx_word' id='word_1_637' title='bbox 1647 4123 1763 4160; x_wconf 91' lang='lat' dir='ltr'>om-</span> 
     </span>
    </p>
   </div>
   <div class='ocr_carea' id='block_1_60' title="bbox 164 4189 1760 4266">
    <p class='ocr_par' dir='ltr' id='par_1_60' title="bbox 164 4189 1760 4266">
     <span class='ocr_line' id='line_1_61' title="bbox 164 4189 1760 4266; baseline 0.006 -25"><span class='ocrx_word' id='word_1_638' title='bbox 164 4189 249 4242; x_wconf 89' lang='lat' dir='ltr'>nia</span> <span class='ocrx_word' id='word_1_639' title='bbox 276 4208 462 4261; x_wconf 87' lang='lat' dir='ltr'>posse.</span> <span class='ocrx_word' id='word_1_640' title='bbox 502 4191 612 4245; x_wconf 91' lang='lat' dir='ltr'>Sed</span> <span class='ocrx_word' id='word_1_641' title='bbox 642 4208 822 4262; x_wconf 91' lang='lat' dir='ltr'>neque</span> <span class='ocrx_word' id='word_1_642' title='bbox 852 4192 983 4246; x_wconf 91' lang='lat' dir='ltr'>illuc</span> <span class='ocrx_word' id='word_1_643' title='bbox 1010 4209 1136 4247; x_wconf 94' lang='lat' dir='ltr'>eum</span> <span class='ocrx_word' id='word_1_644' title='bbox 1168 4195 1355 4249; x_wconf 90' lang='lat' dir='ltr'>venire</span> <span class='ocrx_word' id='word_1_645' title='bbox 1376 4201 1561 4265; x_wconf 82' lang='lat' dir='ltr'>rogat,</span> <span class='ocrx_word' id='word_1_646' title='bbox 1591 4212 1760 4266; x_wconf 91' lang='lat' dir='ltr'>quem</span> 
     </span>
    </p>
   </div>
   <div class='ocr_carea' id='block_1_61' title="bbox 163 4281 1759 4355">
    <p class='ocr_par' dir='ltr' id='par_1_61' title="bbox 163 4281 1759 4355">
     <span class='ocr_line' id='line_1_62' title="bbox 163 4281 1759 4355; baseline 0.004 -22"><span class='ocrx_word' id='word_1_647' title='bbox 163 4293 436 4350; x_wconf 86' lang='lat' dir='ltr'>nusquam</span> <span class='ocrx_word' id='word_1_648' title='bbox 480 4281 677 4335; x_wconf 89' lang='lat' dir='ltr'>deesse</span> <span class='ocrx_word' id='word_1_649' title='bbox 721 4282 958 4336; x_wconf 87' lang='lat' dir='ltr'>credidit</span> <span class='ocrx_word' id='word_1_650' title='bbox 1002 4284 1315 4353; x_wconf 88' lang='lat' dir='ltr'>majestate,</span> <span class='ocrx_word' id='word_1_651' title='bbox 1349 4286 1601 4355; x_wconf 89' lang='lat' dir='ltr'>quamvis</span> <span class='ocrx_word' id='word_1_652' title='bbox 1631 4302 1759 4339; x_wconf 92' lang='lat' dir='ltr'>eum</span> 
     </span>
    </p>
   </div>
   <div class='ocr_carea' id='block_1_62' title="bbox 1841 3471 3440 3549">
    <p class='ocr_par' dir='ltr' id='par_1_62' title="bbox 1841 3471 3440 3549">
     <span class='ocr_line' id='line_1_63' title="bbox 1841 3471 3440 3549; baseline -0.008 -13"><span class='ocrx_word' id='word_1_653' title='bbox 1841 3483 1947 3536; x_wconf 86' lang='lat' dir='ltr'>iste</span> <span class='ocrx_word' id='word_1_654' title='bbox 1983 3498 2113 3535; x_wconf 87' lang='lat' dir='ltr'>vero</span> <span class='ocrx_word' id='word_1_655' title='bbox 2142 3485 2207 3535; x_wconf 93' lang='lat' dir='ltr'>ut</span> <span class='ocrx_word' id='word_1_656' title='bbox 2242 3485 2565 3534; x_wconf 76' lang='lat' dir='ltr'>exerceatur</span> <span class='ocrx_word' id='word_1_657' title='bbox 2594 3478 2665 3533; x_wconf 88' lang='lat' dir='ltr'>ad</span> <span class='ocrx_word' id='word_1_658' title='bbox 2692 3477 2984 3549; x_wconf 89' lang='lat' dir='ltr'>ampliora,</span> <span class='ocrx_word' id='word_1_659' title='bbox 3009 3479 3066 3529; x_wconf 92' lang='lat' dir='ltr'>et</span> <span class='ocrx_word' id='word_1_660' title='bbox 3094 3472 3254 3527; x_wconf 89' lang='lat' dir='ltr'>nobis</span> <span class='ocrx_word' id='word_1_661' title='bbox 3282 3471 3440 3525; x_wconf 86' lang='lat' dir='ltr'>inno-</span> 
     </span>
    </p>
   </div>
   <div class='ocr_carea' id='block_1_63' title="bbox 1841 3560 3439 3640">
    <p class='ocr_par' dir='ltr' id='par_1_63' title="bbox 1841 3560 3439 3640">
     <span class='ocr_line' id='line_1_64' title="bbox 1841 3560 3439 3640; baseline -0.008 -16"><span class='ocrx_word' id='word_1_662' title='bbox 1841 3576 2019 3625; x_wconf 91' lang='lat' dir='ltr'>tescat</span> <span class='ocrx_word' id='word_1_663' title='bbox 2047 3570 2272 3640; x_wconf 90' lang='lat' dir='ltr'>quantis</span> <span class='ocrx_word' id='word_1_664' title='bbox 2295 3568 2685 3640; x_wconf 58' lang='lat' dir='ltr'>praemineret</span> <span class='ocrx_word' id='word_1_665' title='bbox 2703 3562 3021 3628; x_wconf 87' lang='lat' dir='ltr'>virtutibus,</span> <span class='ocrx_word' id='word_1_666' title='bbox 3046 3562 3117 3617; x_wconf 90' lang='lat' dir='ltr'>ad</span> <span class='ocrx_word' id='word_1_667' title='bbox 3148 3576 3313 3633; x_wconf 90' lang='lat' dir='ltr'>quem</span> <span class='ocrx_word' id='word_1_668' title='bbox 3332 3560 3439 3614; x_wconf 91' lang='lat' dir='ltr'>Do-</span> 
     </span>
    </p>
   </div>
   <div class='ocr_carea' id='block_1_64' title="bbox 1842 3648 3438 3727">
    <p class='ocr_par' dir='ltr' id='par_1_64' title="bbox 1842 3648 3438 3727">
     <span class='ocr_line' id='line_1_65' title="bbox 1842 3648 3438 3727; baseline -0.009 -13"><span class='ocrx_word' id='word_1_669' title='bbox 1842 3660 2029 3713; x_wconf 89' lang='lat' dir='ltr'>minus</span> <span class='ocrx_word' id='word_1_670' title='bbox 2057 3658 2299 3713; x_wconf 89' lang='lat' dir='ltr'>libenter</span> <span class='ocrx_word' id='word_1_671' title='bbox 2345 3658 2427 3711; x_wconf 88' lang='lat' dir='ltr'>ire</span> <span class='ocrx_word' id='word_1_672' title='bbox 2451 3657 2742 3727; x_wconf 88' lang='lat' dir='ltr'>gauderet.</span> <span class='ocrx_word' id='word_1_673' title='bbox 2785 3654 3011 3708; x_wconf 90' lang='lat' dir='ltr'>Discant</span> <span class='ocrx_word' id='word_1_674' title='bbox 3038 3651 3212 3722; x_wconf 89' lang='lat' dir='ltr'>igitur</span> <span class='ocrx_word' id='word_1_675' title='bbox 3238 3663 3304 3703; x_wconf 81' lang='lat' dir='ltr'>ex</span> <span class='ocrx_word' id='word_1_676' title='bbox 3332 3648 3438 3701; x_wconf 92' lang='lat' dir='ltr'>hoc</span> 
     </span>
    </p>
   </div>
   <div class='ocr_carea' id='block_1_65' title="bbox 1842 3741 3509 3803">
    <p class='ocr_par' dir='ltr' id='par_1_65' title="bbox 1842 3741 3509 3803">
     <span class='ocr_line' id='line_1_66' title="bbox 1842 3741 3509 3803; baseline -0.01 0"><span class='ocrx_word' id='word_1_677' title='bbox 1842 3749 2315 3803; x_wconf 73' lang='lat' dir='ltr'>loco&#39;imitatores</span> <span class='ocrx_word' id='word_1_678' title='bbox 2367 3746 2573 3801; x_wconf 89' lang='lat' dir='ltr'>Christi</span> <span class='ocrx_word' id='word_1_679' title='bbox 2614 3745 2816 3798; x_wconf 84' lang='lat' dir='ltr'>altiora</span> <span class='ocrx_word' id='word_1_680' title='bbox 2843 3741 3029 3797; x_wconf 55' lang='lat' dir='ltr'>saeculi</span> <span class='ocrx_word' id='word_1_681' title='bbox 3057 3743 3434 3794; x_wconf 86' lang='lat' dir='ltr'>contemnere.</span> <span class='ocrx_word' id='word_1_682' title='bbox 3494 3778 3509 3787; x_wconf 82' lang='lat'><em>.</em></span> 
     </span>
    </p>
   </div>
   <div class='ocr_carea' id='block_1_66' title="bbox 1844 3824 3437 3901">
    <p class='ocr_par' dir='ltr' id='par_1_66' title="bbox 1844 3824 3437 3901">
     <span class='ocr_line' id='line_1_67' title="bbox 1844 3824 3437 3901; baseline -0.009 -9"><span class='ocrx_word' id='word_1_683' title='bbox 1844 3844 1901 3892; x_wconf 90' lang='lat' dir='ltr'>et</span> <span class='ocrx_word' id='word_1_684' title='bbox 1928 3838 2166 3892; x_wconf 87' lang='lat' dir='ltr'>humilia</span> <span class='ocrx_word' id='word_1_685' title='bbox 2188 3836 2406 3901; x_wconf 86' lang='lat' dir='ltr'>sectari,</span> <span class='ocrx_word' id='word_1_686' title='bbox 2431 3851 2560 3889; x_wconf 93' lang='lat' dir='ltr'>cum</span> <span class='ocrx_word' id='word_1_687' title='bbox 2582 3833 2857 3889; x_wconf 90' lang='lat' dir='ltr'>Dominus</span> <span class='ocrx_word' id='word_1_688' title='bbox 2871 3830 2938 3885; x_wconf 91' lang='lat' dir='ltr'>ad</span> <span class='ocrx_word' id='word_1_689' title='bbox 2962 3829 3140 3884; x_wconf 86' lang='lat' dir='ltr'>ﬁlium</span> <span class='ocrx_word' id='word_1_690' title='bbox 3157 3825 3338 3896; x_wconf 90' lang='lat' dir='ltr'>reguli</span> <span class='ocrx_word' id='word_1_691' title='bbox 3352 3824 3437 3878; x_wconf 90' lang='lat' dir='ltr'>ire</span> 
     </span>
    </p>
   </div>
   <div class='ocr_carea' id='block_1_67' title="bbox 1843 3916 3439 3991">
    <p class='ocr_par' dir='ltr' id='par_1_67' title="bbox 1843 3916 3439 3991">
     <span class='ocr_line' id='line_1_68' title="bbox 1843 3916 3439 3991; baseline -0.009 -9"><span class='ocrx_word' id='word_1_692' title='bbox 1843 3927 2142 3991; x_wconf 89' lang='lat' dir='ltr'>distulerit,</span> <span class='ocrx_word' id='word_1_693' title='bbox 2158 3932 2215 3981; x_wconf 90' lang='lat' dir='ltr'>et</span> <span class='ocrx_word' id='word_1_694' title='bbox 2238 3927 2307 3980; x_wconf 87' lang='lat' dir='ltr'>ad</span> <span class='ocrx_word' id='word_1_695' title='bbox 2333 3941 2557 3980; x_wconf 87' lang='lat' dir='ltr'>servum</span> <span class='ocrx_word' id='word_1_696' title='bbox 2583 3921 2926 3978; x_wconf 90' lang='lat' dir='ltr'>centurionis</span> <span class='ocrx_word' id='word_1_697' title='bbox 2948 3935 3077 3974; x_wconf 83' lang='lat' dir='ltr'>mox</span> <span class='ocrx_word' id='word_1_698' title='bbox 3102 3916 3289 3971; x_wconf 90' lang='lat' dir='ltr'>venire</span> <span class='ocrx_word' id='word_1_699' title='bbox 3310 3930 3439 3968; x_wconf 89' lang='lat' dir='ltr'>con-</span> 
     </span>
    </p>
   </div>
   <div class='ocr_carea' id='block_1_68' title="bbox 1844 4002 3437 4085">
    <p class='ocr_par' dir='ltr' id='par_1_68' title="bbox 1844 4002 3437 4085">
     <span class='ocr_line' id='line_1_69' title="bbox 1844 4002 3437 4085; baseline -0.009 -16"><span class='ocrx_word' id='word_1_700' title='bbox 1844 4016 2036 4081; x_wconf 90' lang='lat' dir='ltr'>sensit,</span> <span class='ocrx_word' id='word_1_701' title='bbox 2060 4020 2125 4068; x_wconf 92' lang='lat' dir='ltr'>ut</span> <span class='ocrx_word' id='word_1_702' title='bbox 2156 4020 2213 4069; x_wconf 89' lang='lat' dir='ltr'>et</span> <span class='ocrx_word' id='word_1_703' title='bbox 2236 4015 2339 4068; x_wconf 93' lang='lat' dir='ltr'>iste</span> <span class='ocrx_word' id='word_1_704' title='bbox 2366 4012 2651 4085; x_wconf 90' lang='lat' dir='ltr'>probetur,</span> <span class='ocrx_word' id='word_1_705' title='bbox 2686 4017 2744 4067; x_wconf 91' lang='lat' dir='ltr'>et</span> <span class='ocrx_word' id='word_1_706' title='bbox 2768 4017 2959 4065; x_wconf 89' lang='lat' dir='ltr'>nostra</span> <span class='ocrx_word' id='word_1_707' title='bbox 2984 4025 3049 4063; x_wconf 82' lang='lat' dir='ltr'>ex</span> <span class='ocrx_word' id='word_1_708' title='bbox 3080 4023 3144 4061; x_wconf 92' lang='lat' dir='ltr'>eo</span> <span class='ocrx_word' id='word_1_709' title='bbox 3173 4002 3437 4076; x_wconf 90' lang='lat' dir='ltr'>superbia</span> 
     </span>
    </p>
   </div>
   <div class='ocr_carea' id='block_1_69' title="bbox 1842 4096 3439 4175">
    <p class='ocr_par' dir='ltr' id='par_1_69' title="bbox 1842 4096 3439 4175">
     <span class='ocr_line' id='line_1_70' title="bbox 1842 4096 3439 4175; baseline -0.009 -16"><span class='ocrx_word' id='word_1_710' title='bbox 1842 4105 2183 4175; x_wconf 85' lang='lat' dir='ltr'>reprimatur</span> <span class='ocrx_word' id='word_1_711' title='bbox 2215 4121 2225 4156; x_wconf 90' lang='lat'>:</span> <span class='ocrx_word' id='word_1_712' title='bbox 2260 4106 2506 4170; x_wconf 86' lang='lat' dir='ltr'>Domine,</span> <span class='ocrx_word' id='word_1_713' title='bbox 2528 4102 2730 4174; x_wconf 90' lang='lat' dir='ltr'>inquit,</span> <span class='ocrx_word' id='word_1_714' title='bbox 2755 4117 2865 4155; x_wconf 89' lang='lat' dir='ltr'>non</span> <span class='ocrx_word' id='word_1_715' title='bbox 2893 4116 3017 4153; x_wconf 86' lang='lat' dir='ltr'>sum</span> <span class='ocrx_word' id='word_1_716' title='bbox 3039 4100 3242 4165; x_wconf 80' lang='lat' dir='ltr'>dignus</span> <span class='ocrx_word' id='word_1_717' title='bbox 3263 4099 3323 4148; x_wconf 84' lang='lat' dir='ltr'>ut</span> <span class='ocrx_word' id='word_1_718' title='bbox 3353 4096 3439 4147; x_wconf 86' lang='lat' dir='ltr'>in-</span> 
     </span>
    </p>
   </div>
   <div class='ocr_carea' id='block_1_70' title="bbox 1845 4182 3441 4247">
    <p class='ocr_par' dir='ltr' id='par_1_70' title="bbox 1845 4182 3441 4247">
     <span class='ocr_line' id='line_1_71' title="bbox 1845 4182 3441 4247; baseline -0.007 0"><span class='ocrx_word' id='word_1_719' title='bbox 1845 4199 1951 4247; x_wconf 83' lang='lat' dir='ltr'>tres</span> <span class='ocrx_word' id='word_1_720' title='bbox 1978 4195 2077 4247; x_wconf 87' lang='lat' dir='ltr'>sub</span> <span class='ocrx_word' id='word_1_721' title='bbox 2102 4198 2298 4247; x_wconf 83' lang='lat' dir='ltr'>tectum</span> <span class='ocrx_word' id='word_1_722' title='bbox 2330 4209 2534 4246; x_wconf 83' lang='lat' dir='ltr'>meum.</span> <span class='ocrx_word' id='word_1_723' title='bbox 2573 4192 2664 4246; x_wconf 90' lang='lat' dir='ltr'>Sic</span> <span class='ocrx_word' id='word_1_724' title='bbox 2682 4189 2949 4244; x_wconf 89' lang='lat' dir='ltr'>nimirum</span> <span class='ocrx_word' id='word_1_725' title='bbox 2978 4187 3162 4242; x_wconf 89' lang='lat' dir='ltr'>omnis</span> <span class='ocrx_word' id='word_1_726' title='bbox 3180 4201 3241 4239; x_wconf 90' lang='lat' dir='ltr'>se</span> <span class='ocrx_word' id='word_1_727' title='bbox 3257 4182 3441 4238; x_wconf 92' lang='lat' dir='ltr'>humi-</span> 
     </span>
    </p>
   </div>
   <div class='ocr_carea' id='block_1_71' title="bbox 1842 4277 3440 4353">
    <p class='ocr_par' dir='ltr' id='par_1_71' title="bbox 1842 4277 3440 4353">
     <span class='ocr_line' id='line_1_72' title="bbox 1842 4277 3440 4353; baseline -0.007 -16"><span class='ocrx_word' id='word_1_728' title='bbox 1842 4282 1961 4349; x_wconf 89' lang='lat' dir='ltr'>liat,</span> <span class='ocrx_word' id='word_1_729' title='bbox 1987 4283 2083 4353; x_wconf 90' lang='lat' dir='ltr'>qui</span> <span class='ocrx_word' id='word_1_730' title='bbox 2104 4282 2452 4336; x_wconf 85' lang='lat' dir='ltr'>divinitatem</span> <span class='ocrx_word' id='word_1_731' title='bbox 2480 4280 2687 4336; x_wconf 89' lang='lat' dir='ltr'>Christi</span> <span class='ocrx_word' id='word_1_732' title='bbox 2702 4284 3030 4352; x_wconf 67' lang='lat' dir='ltr'>praesentem</span> <span class='ocrx_word' id='word_1_733' title='bbox 3053 4277 3198 4331; x_wconf 84' lang='lat' dir='ltr'>ferre</span> <span class='ocrx_word' id='word_1_734' title='bbox 3217 4290 3329 4329; x_wconf 91' lang='lat' dir='ltr'>non</span> <span class='ocrx_word' id='word_1_735' title='bbox 3348 4289 3440 4326; x_wconf 86' lang='lat' dir='ltr'>va-</span> 
     </span>
    </p>
   </div>
   <div class='ocr_carea' id='block_1_72' title="bbox 163 4364 3438 4444">
    <p class='ocr_par' dir='ltr' id='par_1_72' title="bbox 163 4364 3438 4444">
     <span class='ocr_line' id='line_1_73' title="bbox 163 4364 3438 4444; baseline -0.001 -25"><span class='ocrx_word' id='word_1_736' title='bbox 163 4383 323 4423; x_wconf 84' lang='lat' dir='ltr'>carne</span> <span class='ocrx_word' id='word_1_737' title='bbox 342 4370 601 4425; x_wconf 87' lang='lat' dir='ltr'>localiter</span> <span class='ocrx_word' id='word_1_738' title='bbox 621 4370 854 4425; x_wconf 81' lang='lat' dir='ltr'>vidisset</span> <span class='ocrx_word' id='word_1_739' title='bbox 872 4377 1309 4427; x_wconf 89' lang='lat' dir='ltr'>conversantem.</span> <span class='ocrx_word' id='word_1_740' title='bbox 1333 4373 1469 4427; x_wconf 91' lang='lat' dir='ltr'>Inde</span> <span class='ocrx_word' id='word_1_741' title='bbox 1490 4374 1756 4428; x_wconf 88' lang='lat' dir='ltr'>nimirum</span> <span class='ocrx_word' id='word_1_742' title='bbox 1774 4368 1824 4427; x_wconf 90' lang='lat' dir='ltr'>D</span> <span class='ocrx_word' id='word_1_743' title='bbox 1841 4372 1935 4426; x_wconf 91' lang='lat' dir='ltr'>let.</span> <span class='ocrx_word' id='word_1_744' title='bbox 1974 4372 2116 4426; x_wconf 85' lang='lat' dir='ltr'>Hinc</span> <span class='ocrx_word' id='word_1_745' title='bbox 2144 4373 2363 4444; x_wconf 88' lang='lat' dir='ltr'>Moyses</span> <span class='ocrx_word' id='word_1_746' title='bbox 2392 4387 2457 4425; x_wconf 81' lang='lat' dir='ltr'><strong>ex</strong></span> <span class='ocrx_word' id='word_1_747' title='bbox 2481 4369 2756 4441; x_wconf 89' lang='lat' dir='ltr'>colloquio</span> <span class='ocrx_word' id='word_1_748' title='bbox 2786 4367 2906 4434; x_wconf 85' lang='lat' dir='ltr'>Dei,</span> <span class='ocrx_word' id='word_1_749' title='bbox 2939 4367 3041 4421; x_wconf 89' lang='lat' dir='ltr'>etsi</span> <span class='ocrx_word' id='word_1_750' title='bbox 3071 4383 3171 4437; x_wconf 89' lang='lat' dir='ltr'>per</span> <span class='ocrx_word' id='word_1_751' title='bbox 3197 4364 3438 4434; x_wconf 76' lang='lat' dir='ltr'>aenigma</span> 
     </span>
    </p>
   </div>
   <div class='ocr_carea' id='block_1_73' title="bbox 159 4460 1758 4535">
    <p class='ocr_par' dir='ltr' id='par_1_73' title="bbox 159 4460 1758 4535">
     <span class='ocr_line' id='line_1_74' title="bbox 159 4460 1758 4535; baseline 0.005 -26"><span class='ocrx_word' id='word_1_752' title='bbox 159 4472 360 4527; x_wconf 87' lang='lat' dir='ltr'>magna</span> <span class='ocrx_word' id='word_1_753' title='bbox 383 4465 471 4514; x_wconf 89' lang='lat' dir='ltr'>est</span> <span class='ocrx_word' id='word_1_754' title='bbox 499 4461 624 4530; x_wconf 89' lang='lat' dir='ltr'>ejus</span> <span class='ocrx_word' id='word_1_755' title='bbox 656 4460 812 4523; x_wconf 91' lang='lat' dir='ltr'>ﬁdes,</span> <span class='ocrx_word' id='word_1_756' title='bbox 846 4466 903 4514; x_wconf 92' lang='lat' dir='ltr'>et</span> <span class='ocrx_word' id='word_1_757' title='bbox 928 4462 1147 4515; x_wconf 81' lang='lat' dir='ltr'>excellit</span> <span class='ocrx_word' id='word_1_758' title='bbox 1174 4462 1424 4516; x_wconf 90' lang='lat' dir='ltr'>omnium</span> <span class='ocrx_word' id='word_1_759' title='bbox 1450 4463 1636 4523; x_wconf 88' lang='lat' dir='ltr'>ﬁdem,</span> <span class='ocrx_word' id='word_1_760' title='bbox 1661 4464 1758 4535; x_wconf 91' lang='lat' dir='ltr'>qui</span> 
     </span>
    </p>
   </div>
   <div class='ocr_carea' id='block_1_74' title="bbox 159 4549 1757 4620">
    <p class='ocr_par' dir='ltr' id='par_1_74' title="bbox 159 4549 1757 4620">
     <span class='ocr_line' id='line_1_75' title="bbox 159 4549 1757 4620; baseline 0.005 -21"><span class='ocrx_word' id='word_1_761' title='bbox 159 4550 287 4600; x_wconf 83' lang='lat' dir='ltr'>tunc</span> <span class='ocrx_word' id='word_1_762' title='bbox 309 4549 586 4620; x_wconf 90' lang='lat' dir='ltr'>temporis</span> <span class='ocrx_word' id='word_1_763' title='bbox 616 4555 778 4603; x_wconf 90' lang='lat' dir='ltr'>erant</span> <span class='ocrx_word' id='word_1_764' title='bbox 804 4549 863 4603; x_wconf 93' lang='lat' dir='ltr'>in</span> <span class='ocrx_word' id='word_1_765' title='bbox 893 4551 1084 4604; x_wconf 86' lang='lat' dir='ltr'>Israel.</span> <span class='ocrx_word' id='word_1_766' title='bbox 1121 4552 1235 4605; x_wconf 91' lang='lat' dir='ltr'>Nec</span> <span class='ocrx_word' id='word_1_767' title='bbox 1283 4557 1475 4606; x_wconf 87' lang='lat' dir='ltr'>tamen</span> <span class='ocrx_word' id='word_1_768' title='bbox 1495 4553 1646 4607; x_wconf 88' lang='lat' dir='ltr'>nuda</span> <span class='ocrx_word' id='word_1_769' title='bbox 1674 4554 1757 4607; x_wconf 91' lang='lat' dir='ltr'>vel</span> 
     </span>
    </p>
   </div>
   <div class='ocr_carea' id='block_1_75' title="bbox 162 4637 1756 4711">
    <p class='ocr_par' dir='ltr' id='par_1_75' title="bbox 162 4637 1756 4711">
     <span class='ocr_line' id='line_1_76' title="bbox 162 4637 1756 4711; baseline 0.004 -22"><span class='ocrx_word' id='word_1_770' title='bbox 162 4641 401 4701; x_wconf 88' lang='lat' dir='ltr'>mortua,</span> <span class='ocrx_word' id='word_1_771' title='bbox 432 4637 530 4691; x_wconf 87' lang='lat' dir='ltr'>sed</span> <span class='ocrx_word' id='word_1_772' title='bbox 561 4638 701 4692; x_wconf 89' lang='lat' dir='ltr'>ﬁdes</span> <span class='ocrx_word' id='word_1_773' title='bbox 731 4655 853 4709; x_wconf 66' lang='lat' dir='ltr'>quae</span> <span class='ocrx_word' id='word_1_774' title='bbox 881 4655 983 4711; x_wconf 88' lang='lat' dir='ltr'>per</span> <span class='ocrx_word' id='word_1_775' title='bbox 1017 4639 1373 4695; x_wconf 89' lang='lat' dir='ltr'>dilectionem</span> <span class='ocrx_word' id='word_1_776' title='bbox 1405 4642 1550 4695; x_wconf 86' lang='lat' dir='ltr'>circa</span> <span class='ocrx_word' id='word_1_777' title='bbox 1578 4642 1756 4696; x_wconf 90' lang='lat' dir='ltr'>Deum</span> 
     </span>
    </p>
   </div>
   <div class='ocr_carea' id='block_1_76' title="bbox 160 4726 1759 4803">
    <p class='ocr_par' dir='ltr' id='par_1_76' title="bbox 160 4726 1759 4803">
     <span class='ocr_line' id='line_1_77' title="bbox 160 4726 1759 4803; baseline 0.006 -27"><span class='ocrx_word' id='word_1_778' title='bbox 160 4729 213 4776; x_wconf 85' lang='lat' dir='ltr'>et</span> <span class='ocrx_word' id='word_1_779' title='bbox 238 4726 560 4794; x_wconf 76' lang='lat' dir='ltr'>proximum</span> <span class='ocrx_word' id='word_1_780' title='bbox 608 4726 830 4783; x_wconf 83' lang='lat' dir='ltr'>fortiter</span> <span class='ocrx_word' id='word_1_781' title='bbox 856 4728 1212 4800; x_wconf 89' lang='lat' dir='ltr'>operabatur,</span> <span class='ocrx_word' id='word_1_782' title='bbox 1246 4746 1459 4800; x_wconf 89' lang='lat' dir='ltr'>augens</span> <span class='ocrx_word' id='word_1_783' title='bbox 1487 4730 1593 4785; x_wconf 91' lang='lat' dir='ltr'>sibi</span> <span class='ocrx_word' id='word_1_784' title='bbox 1623 4747 1759 4803; x_wconf 64' lang='lat' dir='ltr'>prae-</span> 
     </span>
    </p>
   </div>
   <div class='ocr_carea' id='block_1_77' title="bbox 159 4812 1760 4891">
    <p class='ocr_par' dir='ltr' id='par_1_77' title="bbox 159 4812 1760 4891">
     <span class='ocr_line' id='line_1_78' title="bbox 159 4812 1760 4891; baseline 0.006 -25"><span class='ocrx_word' id='word_1_785' title='bbox 159 4812 329 4867; x_wconf 89' lang='lat' dir='ltr'>mium</span> <span class='ocrx_word' id='word_1_786' title='bbox 360 4815 431 4868; x_wconf 90' lang='lat' dir='ltr'>de</span> <span class='ocrx_word' id='word_1_787' title='bbox 458 4832 596 4869; x_wconf 91' lang='lat' dir='ltr'>cura</span> <span class='ocrx_word' id='word_1_788' title='bbox 631 4818 903 4871; x_wconf 85' lang='lat' dir='ltr'>conservi.</span> <span class='ocrx_word' id='word_1_789' title='bbox 936 4819 1226 4873; x_wconf 87' lang='lat' dir='ltr'>Manifeste</span> <span class='ocrx_word' id='word_1_790' title='bbox 1255 4836 1499 4891; x_wconf 90' lang='lat' dir='ltr'>namque</span> <span class='ocrx_word' id='word_1_791' title='bbox 1532 4827 1760 4876; x_wconf 84' lang='lat' dir='ltr'>noverat</span> 
     </span>
    </p>
   </div>
   <div class='ocr_carea' id='block_1_78' title="bbox 160 4901 1757 4977">
    <p class='ocr_par' dir='ltr' id='par_1_78' title="bbox 160 4901 1757 4977">
     <span class='ocr_line' id='line_1_79' title="bbox 160 4901 1757 4977; baseline 0.006 -22"><span class='ocrx_word' id='word_1_792' title='bbox 160 4901 365 4957; x_wconf 87' lang='lat' dir='ltr'>Christi</span> <span class='ocrx_word' id='word_1_793' title='bbox 403 4905 733 4975; x_wconf 90' lang='lat' dir='ltr'>potentiam,</span> <span class='ocrx_word' id='word_1_794' title='bbox 768 4907 917 4977; x_wconf 92' lang='lat' dir='ltr'>quod</span> <span class='ocrx_word' id='word_1_795' title='bbox 968 4923 1069 4961; x_wconf 93' lang='lat' dir='ltr'>nec</span> <span class='ocrx_word' id='word_1_796' title='bbox 1097 4908 1217 4962; x_wconf 92' lang='lat' dir='ltr'>loco</span> <span class='ocrx_word' id='word_1_797' title='bbox 1256 4908 1620 4973; x_wconf 88' lang='lat' dir='ltr'>concluditur,</span> <span class='ocrx_word' id='word_1_798' title='bbox 1655 4927 1757 4965; x_wconf 91' lang='lat' dir='ltr'>nec</span> 
     </span>
    </p>
   </div>
   <div class='ocr_carea' id='block_1_79' title="bbox 159 4990 1758 5068">
    <p class='ocr_par' dir='ltr' id='par_1_79' title="bbox 159 4990 1758 5068">
     <span class='ocr_line' id='line_1_80' title="bbox 159 4990 1758 5068; baseline 0.006 -24"><span class='ocrx_word' id='word_1_799' title='bbox 159 4990 263 5045; x_wconf 87' lang='lat' dir='ltr'>ﬁne</span> <span class='ocrx_word' id='word_1_800' title='bbox 292 4994 655 5060; x_wconf 89' lang='lat' dir='ltr'>terminatur,</span> <span class='ocrx_word' id='word_1_801' title='bbox 679 4996 775 5049; x_wconf 90' lang='lat' dir='ltr'>sed</span> <span class='ocrx_word' id='word_1_802' title='bbox 797 4995 1005 5067; x_wconf 90' lang='lat' dir='ltr'>ubique</span> <span class='ocrx_word' id='word_1_803' title='bbox 1027 4997 1215 5068; x_wconf 88' lang='lat' dir='ltr'>pollet.</span> <span class='ocrx_word' id='word_1_804' title='bbox 1251 4998 1641 5059; x_wconf 87' lang='lat' dir='ltr'>Idcirco,sicut</span> <span class='ocrx_word' id='word_1_805' title='bbox 1655 5017 1758 5054; x_wconf 91' lang='lat' dir='ltr'>nec</span> 
     </span>
    </p>
   </div>
   <div class='ocr_carea' id='block_1_80' title="bbox 155 5082 1756 5151">
    <p class='ocr_par' dir='ltr' id='par_1_80' title="bbox 155 5082 1756 5151">
     <span class='ocr_line' id='line_1_81' title="bbox 155 5082 1756 5151; baseline 0.007 -19"><span class='ocrx_word' id='word_1_806' title='bbox 155 5082 343 5135; x_wconf 84' lang='lat' dir='ltr'>venire</span> <span class='ocrx_word' id='word_1_807' title='bbox 370 5082 527 5137; x_wconf 91' lang='lat' dir='ltr'>illum</span> <span class='ocrx_word' id='word_1_808' title='bbox 559 5100 784 5139; x_wconf 89' lang='lat' dir='ltr'>necesse</span> <span class='ocrx_word' id='word_1_809' title='bbox 808 5086 877 5139; x_wconf 89' lang='lat' dir='ltr'>ad</span> <span class='ocrx_word' id='word_1_810' title='bbox 900 5102 1028 5140; x_wconf 90' lang='lat' dir='ltr'>eum</span> <span class='ocrx_word' id='word_1_811' title='bbox 1048 5087 1301 5151; x_wconf 90' lang='lat' dir='ltr'>credidit,</span> <span class='ocrx_word' id='word_1_812' title='bbox 1320 5087 1398 5141; x_wconf 90' lang='lat' dir='ltr'>ita</span> <span class='ocrx_word' id='word_1_813' title='bbox 1421 5104 1523 5142; x_wconf 91' lang='lat' dir='ltr'>nec</span> <span class='ocrx_word' id='word_1_814' title='bbox 1542 5088 1756 5143; x_wconf 84' lang='lat' dir='ltr'>deferre</span> 
     </span>
    </p>
   </div>
   <div class='ocr_carea' id='block_1_81' title="bbox 158 5164 1752 5248">
    <p class='ocr_par' dir='ltr' id='par_1_81' title="bbox 158 5164 1752 5248">
     <span class='ocr_line' id='line_1_82' title="bbox 158 5164 1752 5248; baseline 0.006 -27"><span class='ocrx_word' id='word_1_815' title='bbox 158 5164 432 5224; x_wconf 75' lang='lat' dir='ltr'>famulum</span> <span class='ocrx_word' id='word_1_816' title='bbox 458 5188 524 5225; x_wconf 83' lang='lat' dir='ltr'><strong>ex</strong></span> <span class='ocrx_word' id='word_1_817' title='bbox 550 5172 718 5227; x_wconf 89' lang='lat' dir='ltr'>domo</span> <span class='ocrx_word' id='word_1_818' title='bbox 748 5173 817 5227; x_wconf 93' lang='lat' dir='ltr'>ad</span> <span class='ocrx_word' id='word_1_819' title='bbox 847 5190 976 5229; x_wconf 89' lang='lat' dir='ltr'>eum</span> <span class='ocrx_word' id='word_1_820' title='bbox 1005 5175 1241 5246; x_wconf 89' lang='lat' dir='ltr'>putavit.</span> <span class='ocrx_word' id='word_1_821' title='bbox 1277 5174 1382 5229; x_wconf 87' lang='lat' dir='ltr'>Sed</span> <span class='ocrx_word' id='word_1_822' title='bbox 1408 5177 1514 5241; x_wconf 86' lang='lat' dir='ltr'>die,</span> <span class='ocrx_word' id='word_1_823' title='bbox 1549 5176 1752 5248; x_wconf 91' lang='lat' dir='ltr'>inquit,</span> 
     </span>
    </p>
   </div>
   <div class='ocr_carea' id='block_1_82' title="bbox 155 5259 1755 5331">
    <p class='ocr_par' dir='ltr' id='par_1_82' title="bbox 155 5259 1755 5331">
     <span class='ocr_line' id='line_1_83' title="bbox 155 5259 1755 5331; baseline 0.007 -22"><span class='ocrx_word' id='word_1_824' title='bbox 155 5259 326 5322; x_wconf 81' lang='lat' dir='ltr'>verbo,</span> <span class='ocrx_word' id='word_1_825' title='bbox 348 5265 401 5313; x_wconf 84' lang='lat' dir='ltr'>et</span> <span class='ocrx_word' id='word_1_826' title='bbox 422 5264 716 5316; x_wconf 84' lang='lat' dir='ltr'>sanabitur</span> <span class='ocrx_word' id='word_1_827' title='bbox 730 5279 872 5331; x_wconf 85' lang='lat' dir='ltr'>puer</span> <span class='ocrx_word' id='word_1_828' title='bbox 893 5281 1063 5317; x_wconf 86' lang='lat' dir='ltr'>meus.</span> <span class='ocrx_word' id='word_1_829' title='bbox 1082 5265 1202 5328; x_wconf 87' lang='lat' dir='ltr'>Quo</span> <span class='ocrx_word' id='word_1_830' title='bbox 1222 5281 1352 5318; x_wconf 84' lang='lat' dir='ltr'>mox</span> <span class='ocrx_word' id='word_1_831' title='bbox 1377 5281 1571 5319; x_wconf 89' lang='lat' dir='ltr'>revera</span> <span class='ocrx_word' id='word_1_832' title='bbox 1586 5265 1755 5320; x_wconf 90' lang='lat' dir='ltr'>verbo</span> 
     </span>
    </p>
   </div>
   <div class='ocr_carea' id='block_1_83' title="bbox 156 5346 1755 5421">
    <p class='ocr_par' dir='ltr' id='par_1_83' title="bbox 156 5346 1755 5421">
     <span class='ocr_line' id='line_1_84' title="bbox 156 5346 1755 5421; baseline 0.009 -25"><span class='ocrx_word' id='word_1_833' title='bbox 156 5346 465 5415; x_wconf 82' lang='lat' dir='ltr'>sanabitur,</span> <span class='ocrx_word' id='word_1_834' title='bbox 500 5350 636 5421; x_wconf 87' lang='lat' dir='ltr'>quia</span> <span class='ocrx_word' id='word_1_835' title='bbox 664 5351 833 5406; x_wconf 89' lang='lat' dir='ltr'>verbo</span> <span class='ocrx_word' id='word_1_836' title='bbox 859 5353 1083 5407; x_wconf 89' lang='lat' dir='ltr'>Domini</span> <span class='ocrx_word' id='word_1_837' title='bbox 1113 5354 1236 5408; x_wconf 66' lang='grc' dir='ltr'>σαειί</span> <span class='ocrx_word' id='word_1_838' title='bbox 1266 5354 1475 5409; x_wconf 90' lang='lat' dir='ltr'>ﬁrmati</span> <span class='ocrx_word' id='word_1_839' title='bbox 1503 5361 1651 5409; x_wconf 90' lang='lat' dir='ltr'>sunt.</span> <span class='ocrx_word' id='word_1_840' title='bbox 1688 5357 1755 5411; x_wconf 91' lang='lat' dir='ltr'>Et</span> 
     </span>
    </p>
   </div>
   <div class='ocr_carea' id='block_1_84' title="bbox 153 5435 1750 5514">
    <p class='ocr_par' dir='ltr' id='par_1_84' title="bbox 153 5435 1750 5514">
     <span class='ocr_line' id='line_1_85' title="bbox 153 5435 1750 5514; baseline 0.009 -28"><span class='ocrx_word' id='word_1_841' title='bbox 153 5435 289 5489; x_wconf 86' lang='lat' dir='ltr'>mira</span> <span class='ocrx_word' id='word_1_842' title='bbox 317 5436 577 5493; x_wconf 86' lang='lat' dir='ltr'>doctrina</span> <span class='ocrx_word' id='word_1_843' title='bbox 603 5442 965 5496; x_wconf 89' lang='lat' dir='ltr'>centurionis.</span> <span class='ocrx_word' id='word_1_844' title='bbox 1003 5443 1205 5497; x_wconf 89' lang='lat' dir='ltr'>Fateor</span> <span class='ocrx_word' id='word_1_845' title='bbox 1225 5443 1407 5514; x_wconf 90' lang='lat' dir='ltr'>plane,</span> <span class='ocrx_word' id='word_1_846' title='bbox 1430 5445 1500 5499; x_wconf 89' lang='lat' dir='ltr'>ab</span> <span class='ocrx_word' id='word_1_847' title='bbox 1520 5445 1750 5501; x_wconf 90' lang='lat' dir='ltr'>ineunte</span> 
     </span>
    </p>
   </div>
   <div class='ocr_carea' id='block_1_85' title="bbox 151 5526 1751 5606">
    <p class='ocr_par' dir='ltr' id='par_1_85' title="bbox 151 5526 1751 5606">
     <span class='ocr_line' id='line_1_86' title="bbox 151 5526 1751 5606; baseline 0.009 -30"><span class='ocrx_word' id='word_1_848' title='bbox 151 5526 332 5592; x_wconf 68' lang='lat' dir='ltr'>aetate,</span> <span class='ocrx_word' id='word_1_849' title='bbox 365 5542 730 5603; x_wconf 87' lang='lat' dir='ltr'>quoscunque</span> <span class='ocrx_word' id='word_1_850' title='bbox 759 5530 945 5603; x_wconf 84' lang='lat' dir='ltr'>legere</span> <span class='ocrx_word' id='word_1_851' title='bbox 975 5532 1134 5604; x_wconf 89' lang='lat' dir='ltr'>potui</span> <span class='ocrx_word' id='word_1_852' title='bbox 1173 5532 1552 5606; x_wconf 90' lang='lat' dir='ltr'>philosophos,</span> <span class='ocrx_word' id='word_1_853' title='bbox 1605 5534 1751 5592; x_wconf 88' lang='lat' dir='ltr'>sicut</span> 
     </span>
    </p>
   </div>
   <div class='ocr_carea' id='block_1_86' title="bbox 1839 4455 3441 4532">
    <p class='ocr_par' dir='ltr' id='par_1_86' title="bbox 1839 4455 3441 4532">
     <span class='ocr_line' id='line_1_87' title="bbox 1839 4455 3441 4532; baseline -0.006 -16"><span class='ocrx_word' id='word_1_854' title='bbox 1839 4463 2105 4532; x_wconf 92' lang='lat' dir='ltr'>loquatur</span> <span class='ocrx_word' id='word_1_855' title='bbox 2129 4480 2139 4514; x_wconf 94' lang='lat'><strong>:</strong></span> <span class='ocrx_word' id='word_1_856' title='bbox 2165 4464 2289 4516; x_wconf 88' lang='lat' dir='ltr'>Non</span> <span class='ocrx_word' id='word_1_857' title='bbox 2314 4478 2459 4526; x_wconf 86' lang='lat' dir='ltr'>sum,</span> <span class='ocrx_word' id='word_1_858' title='bbox 2481 4459 2682 4530; x_wconf 90' lang='lat' dir='ltr'>inquit,</span> <span class='ocrx_word' id='word_1_859' title='bbox 2713 4460 2958 4522; x_wconf 81' lang='lat' dir='ltr'>Domine,</span> <span class='ocrx_word' id='word_1_860' title='bbox 2973 4460 3223 4525; x_wconf 85' lang='lat' dir='ltr'>eloquens</span> <span class='ocrx_word' id='word_1_861' title='bbox 3243 4470 3335 4507; x_wconf 85' lang='lat' dir='ltr'>seu</span> <span class='ocrx_word' id='word_1_862' title='bbox 3357 4455 3441 4506; x_wconf 85' lang='lat' dir='ltr'>di-</span> 
     </span>
    </p>
   </div>
   <div class='ocr_carea' id='block_1_87' title="bbox 1838 4546 3438 4619">
    <p class='ocr_par' dir='ltr' id='par_1_87' title="bbox 1838 4546 3438 4619">
     <span class='ocr_line' id='line_1_88' title="bbox 1838 4546 3438 4619; baseline -0.005 -15"><span class='ocrx_word' id='word_1_863' title='bbox 1838 4567 1983 4619; x_wconf 82' lang='lat' dir='ltr'>gnus</span> <span class='ocrx_word' id='word_1_864' title='bbox 1993 4553 2063 4604; x_wconf 89' lang='lat' dir='ltr'>ab</span> <span class='ocrx_word' id='word_1_865' title='bbox 2082 4552 2203 4604; x_wconf 84' lang='lat' dir='ltr'>heri</span> <span class='ocrx_word' id='word_1_866' title='bbox 2220 4555 2269 4603; x_wconf 87' lang='lat' dir='ltr'>et</span> <span class='ocrx_word' id='word_1_867' title='bbox 2288 4551 2496 4603; x_wconf 81' lang='lat' dir='ltr'>nudius</span> <span class='ocrx_word' id='word_1_868' title='bbox 2515 4552 2799 4614; x_wconf 75' lang='lat' dir='ltr'>tertius,e.v</span> <span class='ocrx_word' id='word_1_869' title='bbox 2813 4563 2918 4616; x_wconf 80' lang='lat' dir='ltr'>quo</span> <span class='ocrx_word' id='word_1_870' title='bbox 2930 4548 3134 4615; x_wconf 74' lang='grc' dir='ltr'><em>εωρίεεί</em></span> <span class='ocrx_word' id='word_1_871' title='bbox 3149 4546 3301 4613; x_wconf 85' lang='lat' dir='ltr'>loqui</span> <span class='ocrx_word' id='word_1_872' title='bbox 3311 4558 3438 4597; x_wconf 86' lang='lat' dir='ltr'>cum</span> 
     </span>
    </p>
   </div>
   <div class='ocr_carea' id='block_1_88' title="bbox 1839 4636 3436 4709">
    <p class='ocr_par' dir='ltr' id='par_1_88' title="bbox 1839 4636 3436 4709">
     <span class='ocr_line' id='line_1_89' title="bbox 1839 4636 3436 4709; baseline -0.004 -15"><span class='ocrx_word' id='word_1_873' title='bbox 1839 4656 1989 4694; x_wconf 86' lang='lat' dir='ltr'>servo</span> <span class='ocrx_word' id='word_1_874' title='bbox 2015 4646 2106 4693; x_wconf 87' lang='lat' dir='ltr'>tuo</span> <span class='ocrx_word' id='word_1_875' title='bbox 2139 4641 2326 4705; x_wconf 66' lang='lat' dir='ltr'>(Exod.</span> <span class='ocrx_word' id='word_1_876' title='bbox 2368 4656 2440 4703; x_wconf 83' lang='lat' dir='ltr'>1v,</span> <span class='ocrx_word' id='word_1_877' title='bbox 2490 4636 2595 4709; x_wconf 80' lang='lat'>10).</span> <span class='ocrx_word' id='word_1_878' title='bbox 2628 4636 2769 4691; x_wconf 87' lang='lat' dir='ltr'>Hinc</span> <span class='ocrx_word' id='word_1_879' title='bbox 2799 4636 3103 4701; x_wconf 87' lang='lat' dir='ltr'>Abraham,</span> <span class='ocrx_word' id='word_1_880' title='bbox 3136 4651 3196 4688; x_wconf 89' lang='lat' dir='ltr'>se</span> <span class='ocrx_word' id='word_1_881' title='bbox 3224 4638 3436 4688; x_wconf 88' lang='lat' dir='ltr'>terram</span> 
     </span>
    </p>
   </div>
   <div class='ocr_carea' id='block_1_89' title="bbox 1840 4721 3433 4795">
    <p class='ocr_par' dir='ltr' id='par_1_89' title="bbox 1840 4721 3433 4795">
     <span class='ocr_line' id='line_1_90' title="bbox 1840 4721 3433 4795; baseline -0.003 -12"><span class='ocrx_word' id='word_1_882' title='bbox 1840 4746 1905 4784; x_wconf 90' lang='lat' dir='ltr'>ac</span> <span class='ocrx_word' id='word_1_883' title='bbox 1933 4729 2175 4783; x_wconf 90' lang='lat' dir='ltr'>cinerem</span> <span class='ocrx_word' id='word_1_884' title='bbox 2207 4745 2394 4782; x_wconf 91' lang='lat' dir='ltr'>coram</span> <span class='ocrx_word' id='word_1_885' title='bbox 2424 4726 2663 4782; x_wconf 90' lang='lat' dir='ltr'>Domino</span> <span class='ocrx_word' id='word_1_886' title='bbox 2702 4726 2935 4795; x_wconf 17' lang='lat' dir='ltr'>fatetur,</span> <span class='ocrx_word' id='word_1_887' title='bbox 2964 4725 3110 4793; x_wconf 85' lang='lat' dir='ltr'>(Gen.</span> <span class='ocrx_word' id='word_1_888' title='bbox 3138 4738 3291 4791; x_wconf 84' lang='lat' dir='ltr'>xvm,</span> <span class='ocrx_word' id='word_1_889' title='bbox 3320 4721 3433 4787; x_wconf 79' lang='lat'>27).</span> 
     </span>
    </p>
   </div>
   <div class='ocr_carea' id='block_1_90' title="bbox 1841 4814 3438 4889">
    <p class='ocr_par' dir='ltr' id='par_1_90' title="bbox 1841 4814 3438 4889">
     <span class='ocr_line' id='line_1_91' title="bbox 1841 4814 3438 4889; baseline -0.003 -16"><span class='ocrx_word' id='word_1_890' title='bbox 1841 4819 1950 4873; x_wconf 91' lang='lat' dir='ltr'>Sed</span> <span class='ocrx_word' id='word_1_891' title='bbox 1989 4824 2046 4873; x_wconf 90' lang='lat' dir='ltr'>et</span> <span class='ocrx_word' id='word_1_892' title='bbox 2072 4817 2175 4873; x_wconf 85' lang='lat' dir='ltr'>Job</span> <span class='ocrx_word' id='word_1_893' title='bbox 2212 4823 2338 4889; x_wconf 89' lang='lat' dir='ltr'>post</span> <span class='ocrx_word' id='word_1_894' title='bbox 2372 4816 2661 4883; x_wconf 89' lang='lat' dir='ltr'>visionem,</span> <span class='ocrx_word' id='word_1_895' title='bbox 2696 4816 2753 4870; x_wconf 91' lang='lat' dir='ltr'>in</span> <span class='ocrx_word' id='word_1_896' title='bbox 2781 4815 2966 4870; x_wconf 89' lang='lat' dir='ltr'>favilla</span> <span class='ocrx_word' id='word_1_897' title='bbox 2997 4819 3055 4868; x_wconf 90' lang='lat' dir='ltr'>et</span> <span class='ocrx_word' id='word_1_898' title='bbox 3100 4814 3285 4868; x_wconf 90' lang='lat' dir='ltr'>cinere</span> <span class='ocrx_word' id='word_1_899' title='bbox 3310 4829 3438 4885; x_wconf 88' lang='lat' dir='ltr'>pro-</span> 
     </span>
    </p>
   </div>
   <div class='ocr_carea' id='block_1_91' title="bbox 1840 4900 3432 4979">
    <p class='ocr_par' dir='ltr' id='par_1_91' title="bbox 1840 4900 3432 4979">
     <span class='ocr_line' id='line_1_92' title="bbox 1840 4900 3432 4979; baseline -0.004 -17"><span class='ocrx_word' id='word_1_900' title='bbox 1840 4908 2019 4962; x_wconf 89' lang='lat' dir='ltr'>mittit</span> <span class='ocrx_word' id='word_1_901' title='bbox 2035 4925 2095 4961; x_wconf 92' lang='lat' dir='ltr'>se</span> <span class='ocrx_word' id='word_1_902' title='bbox 2134 4923 2400 4979; x_wconf 85' lang='lat' dir='ltr'>peragere</span> <span class='ocrx_word' id='word_1_903' title='bbox 2430 4911 2620 4972; x_wconf 67' lang='lat'>403</span> <span class='ocrx_word' id='word_1_904' title='bbox 2647 4905 3033 4977; x_wconf 68' lang='lat' dir='ltr'>paenitentiam</span> <span class='ocrx_word' id='word_1_905' title='bbox 3066 4906 3181 4972; x_wconf 91' lang='lat' dir='ltr'>(Job</span> <span class='ocrx_word' id='word_1_906' title='bbox 3200 4918 3329 4969; x_wconf 75' lang='lat' dir='ltr'>XLII,</span> <span class='ocrx_word' id='word_1_907' title='bbox 3358 4900 3432 4966; x_wconf 89' lang='lat'>6).</span> 
     </span>
    </p>
   </div>
   <div class='ocr_carea' id='block_1_92' title="bbox 1840 4992 3434 5068">
    <p class='ocr_par' dir='ltr' id='par_1_92' title="bbox 1840 4992 3434 5068">
     <span class='ocr_line' id='line_1_93' title="bbox 1840 4992 3434 5068; baseline -0.003 -16"><span class='ocrx_word' id='word_1_908' title='bbox 1840 4999 2013 5068; x_wconf 90' lang='lat' dir='ltr'>Cujus</span> <span class='ocrx_word' id='word_1_909' title='bbox 2029 5003 2085 5051; x_wconf 91' lang='lat' dir='ltr'>et</span> <span class='ocrx_word' id='word_1_910' title='bbox 2104 4997 2222 5068; x_wconf 90' lang='lat' dir='ltr'>ipse</span> <span class='ocrx_word' id='word_1_911' title='bbox 2252 4996 2449 5050; x_wconf 90' lang='lat' dir='ltr'>Petrus</span> <span class='ocrx_word' id='word_1_912' title='bbox 2475 4996 2745 5049; x_wconf 85' lang='lat' dir='ltr'>miraculo</span> <span class='ocrx_word' id='word_1_913' title='bbox 2758 5001 3062 5067; x_wconf 90' lang='lat' dir='ltr'>permotus,</span> <span class='ocrx_word' id='word_1_914' title='bbox 3085 4995 3358 5049; x_wconf 88' lang='lat' dir='ltr'>exclamat</span> <span class='ocrx_word' id='word_1_915' title='bbox 3374 4992 3434 5047; x_wconf 88' lang='lat' dir='ltr'>in</span> 
     </span>
    </p>
   </div>
   <div class='ocr_carea' id='block_1_93' title="bbox 1838 5086 3435 5158">
    <p class='ocr_par' dir='ltr' id='par_1_93' title="bbox 1838 5086 3435 5158">
     <span class='ocr_line' id='line_1_94' title="bbox 1838 5086 3435 5158; baseline -0.004 -16"><span class='ocrx_word' id='word_1_916' title='bbox 1838 5093 2071 5158; x_wconf 87' lang='lat' dir='ltr'>captura</span> <span class='ocrx_word' id='word_1_917' title='bbox 2095 5087 2328 5157; x_wconf 89' lang='lat' dir='ltr'>piscium</span> <span class='ocrx_word' id='word_1_918' title='bbox 2353 5104 2364 5137; x_wconf 90' lang='lat'><strong>:</strong></span> <span class='ocrx_word' id='word_1_919' title='bbox 2398 5086 2507 5139; x_wconf 74' lang='lat' dir='ltr'>Exi</span> <span class='ocrx_word' id='word_1_920' title='bbox 2525 5101 2560 5138; x_wconf 90' lang='lat' dir='ltr'>a</span> <span class='ocrx_word' id='word_1_921' title='bbox 2584 5102 2686 5149; x_wconf 87' lang='lat' dir='ltr'>me,</span> <span class='ocrx_word' id='word_1_922' title='bbox 2710 5088 2959 5151; x_wconf 85' lang='lat' dir='ltr'>Domine,</span> <span class='ocrx_word' id='word_1_923' title='bbox 2988 5088 3122 5154; x_wconf 85' lang='lat' dir='ltr'>quia</span> <span class='ocrx_word' id='word_1_924' title='bbox 3144 5087 3301 5137; x_wconf 86' lang='lat' dir='ltr'>homo</span> <span class='ocrx_word' id='word_1_925' title='bbox 3314 5100 3435 5151; x_wconf 86' lang='lat' dir='ltr'>pec-</span> 
     </span>
    </p>
   </div>
   <div class='ocr_carea' id='block_1_94' title="bbox 1838 5173 3434 5245">
    <p class='ocr_par' dir='ltr' id='par_1_94' title="bbox 1838 5173 3434 5245">
     <span class='ocr_line' id='line_1_95' title="bbox 1838 5173 3434 5245; baseline -0.003 -13"><span class='ocrx_word' id='word_1_926' title='bbox 1838 5182 1990 5232; x_wconf 88' lang='lat' dir='ltr'>eator</span> <span class='ocrx_word' id='word_1_927' title='bbox 2018 5194 2140 5231; x_wconf 82' lang='lat' dir='ltr'>sum</span> <span class='ocrx_word' id='word_1_928' title='bbox 2172 5178 2322 5245; x_wconf 88' lang='lat' dir='ltr'>(Luc.</span> <span class='ocrx_word' id='word_1_929' title='bbox 2350 5193 2402 5239; x_wconf 89' lang='lat' dir='ltr'>v,</span> <span class='ocrx_word' id='word_1_930' title='bbox 2424 5174 2498 5243; x_wconf 90' lang='lat'>8).</span> <span class='ocrx_word' id='word_1_931' title='bbox 2522 5176 2733 5230; x_wconf 90' lang='lat' dir='ltr'>Tamen</span> <span class='ocrx_word' id='word_1_932' title='bbox 2754 5175 2846 5229; x_wconf 90' lang='lat' dir='ltr'>hic</span> <span class='ocrx_word' id='word_1_933' title='bbox 2862 5191 2972 5229; x_wconf 92' lang='lat' dir='ltr'>non</span> <span class='ocrx_word' id='word_1_934' title='bbox 2995 5190 3101 5228; x_wconf 88' lang='lat' dir='ltr'>ase</span> <span class='ocrx_word' id='word_1_935' title='bbox 3132 5173 3434 5228; x_wconf 85' lang='lat' dir='ltr'>Dominum</span> 
     </span>
    </p>
   </div>
   <div class='ocr_carea' id='block_1_95' title="bbox 1836 5264 3436 5338">
    <p class='ocr_par' dir='ltr' id='par_1_95' title="bbox 1836 5264 3436 5338">
     <span class='ocr_line' id='line_1_96' title="bbox 1836 5264 3436 5338; baseline -0.002 -17"><span class='ocrx_word' id='word_1_936' title='bbox 1836 5266 2074 5338; x_wconf 90' lang='lat' dir='ltr'>repellit,</span> <span class='ocrx_word' id='word_1_937' title='bbox 2118 5266 2213 5320; x_wconf 91' lang='lat' dir='ltr'>sed</span> <span class='ocrx_word' id='word_1_938' title='bbox 2253 5266 2461 5319; x_wconf 87' lang='lat' dir='ltr'>fatetur</span> <span class='ocrx_word' id='word_1_939' title='bbox 2489 5266 2637 5336; x_wconf 93' lang='lat' dir='ltr'>quod</span> <span class='ocrx_word' id='word_1_940' title='bbox 2667 5281 2781 5320; x_wconf 90' lang='lat' dir='ltr'>non</span> <span class='ocrx_word' id='word_1_941' title='bbox 2810 5265 2885 5319; x_wconf 88' lang='lat' dir='ltr'>sit</span> <span class='ocrx_word' id='word_1_942' title='bbox 2912 5264 3113 5336; x_wconf 88' lang='lat' dir='ltr'>dignus</span> <span class='ocrx_word' id='word_1_943' title='bbox 3154 5270 3220 5318; x_wconf 90' lang='lat' dir='ltr'>ut</span> <span class='ocrx_word' id='word_1_944' title='bbox 3262 5264 3436 5319; x_wconf 88' lang='lat' dir='ltr'>intret</span> 
     </span>
    </p>
   </div>
   <div class='ocr_carea' id='block_1_96' title="bbox 1835 5354 3434 5425">
    <p class='ocr_par' dir='ltr' id='par_1_96' title="bbox 1835 5354 3434 5425">
     <span class='ocr_line' id='line_1_97' title="bbox 1835 5354 3434 5425; baseline -0.001 -15"><span class='ocrx_word' id='word_1_945' title='bbox 1835 5355 1937 5410; x_wconf 90' lang='lat' dir='ltr'>sub</span> <span class='ocrx_word' id='word_1_946' title='bbox 1966 5361 2176 5409; x_wconf 89' lang='lat' dir='ltr'>tectum</span> <span class='ocrx_word' id='word_1_947' title='bbox 2207 5356 2347 5425; x_wconf 87' lang='lat' dir='ltr'>ejus,</span> <span class='ocrx_word' id='word_1_948' title='bbox 2396 5360 2452 5409; x_wconf 91' lang='lat' dir='ltr'>et</span> <span class='ocrx_word' id='word_1_949' title='bbox 2478 5355 2629 5410; x_wconf 91' lang='lat' dir='ltr'>verbi</span> <span class='ocrx_word' id='word_1_950' title='bbox 2661 5356 3013 5425; x_wconf 87' lang='lat' dir='ltr'>majestatem</span> <span class='ocrx_word' id='word_1_951' title='bbox 3042 5354 3097 5408; x_wconf 89' lang='lat' dir='ltr'>in</span> <span class='ocrx_word' id='word_1_952' title='bbox 3128 5370 3194 5408; x_wconf 88' lang='lat' dir='ltr'>eo</span> <span class='ocrx_word' id='word_1_953' title='bbox 3225 5354 3434 5425; x_wconf 87' lang='lat' dir='ltr'>plenis-</span> 
     </span>
    </p>
   </div>
   <div class='ocr_carea' id='block_1_97' title="bbox 1832 5443 3434 5516">
    <p class='ocr_par' dir='ltr' id='par_1_97' title="bbox 1832 5443 3434 5516">
     <span class='ocr_line' id='line_1_98' title="bbox 1832 5443 3434 5516; baseline 0 -17"><span class='ocrx_word' id='word_1_954' title='bbox 1832 5444 1972 5499; x_wconf 91' lang='lat' dir='ltr'>sime</span> <span class='ocrx_word' id='word_1_955' title='bbox 2009 5445 2323 5499; x_wconf 89' lang='lat' dir='ltr'>conﬁtetur.</span> <span class='ocrx_word' id='word_1_956' title='bbox 2359 5445 2628 5516; x_wconf 89' lang='lat' dir='ltr'>Implorat</span> <span class='ocrx_word' id='word_1_957' title='bbox 2654 5444 2803 5499; x_wconf 91' lang='lat' dir='ltr'>enim</span> <span class='ocrx_word' id='word_1_958' title='bbox 2842 5443 3152 5506; x_wconf 90' lang='lat' dir='ltr'>absentem,</span> <span class='ocrx_word' id='word_1_959' title='bbox 3186 5449 3251 5498; x_wconf 91' lang='lat' dir='ltr'>ut</span> <span class='ocrx_word' id='word_1_960' title='bbox 3290 5461 3434 5515; x_wconf 64' lang='lat' dir='ltr'>prae-</span> 
     </span>
    </p>
   </div>
   <div class='ocr_carea' id='block_1_98' title="bbox 1831 5532 3432 5607">
    <p class='ocr_par' dir='ltr' id='par_1_98' title="bbox 1831 5532 3432 5607">
     <span class='ocr_line' id='line_1_99' title="bbox 1831 5532 3432 5607; baseline -0.002 -16"><span class='ocrx_word' id='word_1_961' title='bbox 1831 5539 2049 5591; x_wconf 88' lang='lat' dir='ltr'>sentem</span> <span class='ocrx_word' id='word_1_962' title='bbox 2074 5551 2134 5590; x_wconf 90' lang='lat' dir='ltr'>se</span> <span class='ocrx_word' id='word_1_963' title='bbox 2164 5533 2429 5601; x_wconf 85' lang='lat' dir='ltr'>insinuet,</span> <span class='ocrx_word' id='word_1_964' title='bbox 2453 5537 2615 5607; x_wconf 90' lang='lat' dir='ltr'>cujus</span> <span class='ocrx_word' id='word_1_965' title='bbox 2644 5533 2971 5592; x_wconf 89' lang='lat' dir='ltr'>indeﬁciens</span> <span class='ocrx_word' id='word_1_966' title='bbox 2997 5533 3295 5606; x_wconf 81' lang='lat' dir='ltr'>praesentia</span> <span class='ocrx_word' id='word_1_967' title='bbox 3314 5532 3432 5590; x_wconf 88' lang='lat' dir='ltr'>ubi-</span> 
     </span>
    </p>
   </div>
   <div class='ocr_carea' id='block_1_99' title="bbox 3604 5606 3663 5645">
    <p class='ocr_par' dir='ltr' id='par_1_99' title="bbox 3604 5606 3663 5645">
     <span class='ocr_line' id='line_1_100' title="bbox 3604 5606 3663 5645; baseline 0 -32"><span class='ocrx_word' id='word_1_968' title='bbox 3604 5606 3663 5645; x_wconf 38' lang='grc' dir='ltr'>ἐς</span> 
     </span>
    </p>
   </div>
  </div>
