3918 6176
493 282 597 340 347
1281 289 1337 345 S.
1378 291 1758 352 PASCHASII
1793 296 2155 358 RADBERTI
2187 301 2492 359 ABBATIS
2529 301 3020 361 CORBEIENSIS.
3594 311 3696 371 .348

491 426 599 482 que
628 409 804 480 adest,
834 417 891 467 et
909 414 1160 484 potentia
1183 419 1374 471 omnia
1391 420 1649 491 complet.
1668 422 1810 477 Tum
1841 424 2085 498 denique
2104 431 2155 490 Α
2171 429 2466 500 poenam,si
2480 432 2858 500 torqueretur,
2875 434 3069 485 tamen
3090 430 3315 497 addidit,
3329 438 3476 498 male,
3498 436 3560 492 ad
3578 454 3697 493 com-

492 499 694 554 altiora
743 518 1094 572 promovens,
1145 506 1273 559 licet
1305 509 1534 573 occulte,
1578 510 1646 564 de
1688 529 1789 565 suo
1832 514 2085 584 exemplo
2166 499 2514 589 parationem
2536 535 2751 581 eorum,
2775 520 2871 590 qui
2896 520 3196 591 aliquando
3214 528 3697 594 torquenturutcor-

490 590 879 645 manifestiora
905 594 1082 657 docet,
1100 596 1245 664 quod
1275 598 1599 666 angelorum
1623 600 1887 672 obsequio
1914 604 2085 658 etiam
2169 608 2445 679 rigantur,
2474 615 2575 663 aut
2596 609 2917 679 probentur.
2955 590 3057 664 Hic
3077 616 3261 665 autem
3292 590 3428 667 male
3451 618 3699 684 torquetur

493 677 745 734 humana
771 688 1058 737 curantur.
1085 684 1225 737 Nam
1248 690 1293 736 et
1316 703 1405 753 ego
1424 689 1733 755 homosum,
1758 692 1965 762 inquit,
1990 695 2088 746 sub
2171 677 2400 769 propter
2413 677 2796 753 infelicitatem
2820 699 3173 770 peccati,non
3200 706 3262 754 ut
3281 677 3579 757 emendetur
3604 705 3700 774 qui-

483 772 743 839 potestate
771 774 1117 831 constitutus,
1151 772 1350 825 habens
1379 777 1479 829 sub
1506 794 1590 830 me
1617 781 1818 833 miiites
1842 800 1855 843 ;
1889 787 1937 834 et
1967 784 2085 836 dico
2168 787 2316 853 dem,
2349 788 2446 842 sed
2475 793 2540 842 ut
2561 790 2679 858 jam
2713 789 2857 842 male
2883 789 3174 859 puniatur.
3199 790 3282 856 Et,
3314 791 3412 845 hoc
3428 791 3574 854 dicto,
3599 772 3701 847 silet

491 857 649 911 huic:
684 860 1079 924 Vade,etvcuiit;
1105 864 1293 913 ctalii;
1325 864 1450 917 Veni
1464 870 1512 918 et
1533 871 1700 930 venit;
1719 876 1765 922 ct
1781 886 1931 924 servo
1950 889 2083 926 meo:
2167 878 2408 931 caelestis
2434 857 2641 943 orator,
2664 895 2728 931 ac
2756 878 2804 931 si
2834 857 3091 948 patenter
3113 879 3349 934 diceret:
3374 879 3484 934 Tibi
3513 881 3701 951 quidem

495 946 601 1000 Fac
618 948 729 1013 hoc,
757 950 978 1015 etfacit.
1004 949 1146 1003 Mira
1170 951 1469 1020 prudentia
1494 958 1956 1030 centurionis,qui
1983 960 2087 1015 sub
2168 967 2364 1037 aperui
2394 967 2641 1031 vulnera,
2658 973 2721 1021 tu
2754 967 3002 1022 medicus
3025 984 3101 1031 es,
3127 969 3273 1023 nosti
3300 969 3486 1023 melius
3507 969 3702 1040 implere

493 1051 606 1089 uno
627 1042 1518 1110 momentotantapersecutusest
1534 1048 1844 1115 majestatis
1860 1066 2083 1117 arcana,
2169 1054 2414 1109 ofﬁcium
2458 1060 2515 1110 et
2567 1061 2834 1127 praestare
2891 1057 3130 1111 salutem
3188 1057 3257 1111 ob
3310 1074 3468 1128 quam
3516 1059 3702 1124 venisti,

495 1125 717 1196 quando
748 1131 805 1180 et
824 1126 1063 1181 visibilia
1086 1135 1254 1199 atque
1270 1130 1571 1187 invisibilia
1595 1136 1816 1191 Christo
1836 1138 2086 1210 subjecta
2168 1145 2301 1216 quia
2345 1145 2496 1200 salus
2549 1125 2745 1199 mundi
2776 1145 3041 1199 crederis.
3088 1125 3453 1201 Nihilominus
3479 1164 3594 1217 ergo
3617 1148 3703 1201 mi-

493 1229 615 1269 essc
631 1216 1001 1287 ostendit,per
1014 1235 1179 1288 quem
1201 1220 1390 1274 omnia
1409 1230 1667 1278 constant
1687 1233 1743 1279 et
1757 1229 2084 1298 angelorum
2166 1234 2404 1288 randum
2432 1234 2490 1287 in
2512 1250 2579 1288 eo
2601 1234 2749 1305 quod
2776 1234 2858 1289 ait
2881 1254 2892 1288 :
2916 1237 3092 1290 Habeo
3111 1238 3209 1288 sub
3232 1253 3313 1290 me
3332 1216 3591 1301 milites,“
3610 1238 3704 1290 dico

498 1302 877 1358 administrari
909 1306 1113 1361 ofﬁcio.
1136 1308 1295 1363 Unde
1316 1310 1463 1365 idem
1494 1313 1763 1369 Dominus
1795 1317 1908 1371 Rex
1928 1333 2089 1372 exer-
2171 1324 2319 1390 huic,
2362 1324 2515 1389 Vade,
2540 1329 2587 1377 et
2610 1302 2795 1390 cadit;
2837 1329 2884 1378 et
2914 1328 3057 1378 alii:
3092 1327 3236 1390 Veni,
3268 1330 3315 1379 et
3343 1328 3498 1389 venit;
3527 1330 3705 1379 etseroo

497 1391 713 1446 cituum
747 1392 807 1446 in
848 1394 1153 1464 Scripturis
1181 1398 1355 1453 sacris
1385 1402 1703 1470 quantoties
1732 1405 2084 1475 praedicatur.
2171 1429 2285 1479 meo
2321 1429 2333 1465 :
2370 1414 2469 1466 Fac
2487 1413 2601 1478 hoc,
2623 1418 2670 1466 et
2700 1414 2856 1480 facit.
2894 1411 3040 1467 Puto
3075 1414 3225 1469 enim
3256 1414 3398 1485 quod
3426 1414 3595 1468 omnia
3618 1430 3707 1467 co:-

493 1480 621 1535 Non
650 1481 799 1536 enim
843 1483 915 1536 ad
962 1483 1339 1541 humilitatem
1368 1504 1529 1543 suam
1577 1491 1992 1562 insinuandam,
2026 1502 2090 1552 ut
2169 1501 2335 1555 lestia
2362 1502 2599 1556 rimatus
2628 1507 2767 1567 erat,
2816 1502 2912 1572 qui
2951 1507 3008 1556 et
3053 1502 3401 1557 divinitatem
3428 1503 3483 1556 in
3524 1502 3707 1556 homine

498 1569 727 1640 quidam
750 1572 960 1630 volunt.
983 1573 1091 1627 ista
1118 1577 1370 1631 centurio
1394 1578 1617 1646 indidit,
1641 1583 1791 1651 quod
1816 1583 1984 1639 homo
2009 1602 2091 1640 es—
2173 1590 2558 1662 deprehendit,
2592 1596 2650 1644 et
2686 1569 2871 1646 officia
2911 1592 3153 1647 ccelestis
3182 1592 3391 1646 militiae
3438 1590 3709 1661 plenissime

494 1663 582 1712 set
620 1658 724 1713 sub
776 1668 1055 1732 potestate
1109 1666 1465 1734 constitutus,
1500 1670 1658 1739 quasi
1686 1671 1883 1726 exinde
1913 1676 2092 1745 magis
2173 1658 2465 1747 intellexit,
2498 1685 2556 1734 et
2590 1696 2878 1735 servorum
2909 1680 2979 1735 ab
3016 1681 3128 1745 his,
3174 1686 3237 1736 ut
3267 1658 3490 1742 aestimo,
3521 1680 3712 1734 secrevit

497 1754 755 1820 peccator
798 1751 1178 1824 intelligatur;
1227 1758 1325 1811 sed
1354 1764 1419 1812 ut
1456 1760 1732 1830 perfectus
1773 1770 1964 1819 orator
1990 1770 2088 1820 aut
2107 1750 2523 1824 Bfamulatum.
2550 1770 2695 1824 Nam
2714 1770 2808 1825 ille
2836 1770 3094 1824 internus
3123 1769 3349 1835 arbiter,
3368 1768 3459 1824 alii
3474 1768 3712 1823 interdum

496 1838 1564 1920 philosophusdnducitexemplum,quo
1585 1851 1834 1906 animum
1852 1854 2090 1924 piissimi
2170 1858 2305 1913 dicit
2332 1859 2690 1929 angelorum:
2733 1860 2884 1924 Vade,
2911 1858 3049 1913 dum
3080 1860 3157 1913 ad
3196 1875 3298 1913 ons
3318 1874 3410 1912 oes
3429 1874 3581 1928 quam
3598 1871 3713 1926 saepe

491 1928 696 1999 judicis
725 1946 793 1983 ex
827 1931 995 1986 ofﬁcii
1014 1934 1102 1988 sui
1122 1936 1391 2006 qualitate
1408 1945 1629 1994 moveat
1650 1941 1721 1995 ad
1751 1942 2094 2008 effectum,et
2173 1948 2378 2015 mittit;
2412 1928 2545 2019 quia
2572 1948 2641 2002 ad
2669 1947 2775 2002 hoc
2796 1947 2853 2001 in
2884 1948 3199 2003 ministerio
3228 1952 3361 2002 sunt
3383 1946 3536 2018 positi
3560 1945 3629 1999 illi
3645 1962 3715 1999 su-

497 2018 853 2074 credentibus
881 2021 1109 2078 demum
1139 2025 1304 2080 ﬁdem
1337 2027 1598 2083 exhibeat
1616 2047 1730 2085 suae
1758 2031 2088 2088 devotionis.
2173 2037 2334 2109 perni
2376 2036 2628 2107 spiritus,
2661 2041 2891 2107 prOpter
2916 2035 3041 2090 illos
3069 2036 3167 2107 qui
3206 2036 3572 2091 hereditatem
3596 2050 3715 2088 acce-

499 2107 618 2162 Hoc
658 2109 865 2181 quippe
887 2110 1010 2182 ipsa
1034 2114 1351 2184 conjunctio
1382 2117 1598 2188 probat,
1625 2119 1757 2175 dum
1784 2121 1919 2176 dicit
1945 2126 2093 2178 Nam
2174 2107 2326 2199 pturi
2345 2131 2479 2181 sunt
2506 2125 2724 2193 salutis,
2756 2132 2821 2179 ut
2847 2129 3052 2179 nostra:
3088 2126 3219 2180 vita
3256 2124 3475 2196 negotia
3510 2123 3714 2195 quotidie

498 2201 548 2252 et
586 2214 700 2265 ego,
742 2201 1075 2256 sententiam
1107 2212 1443 2259 connectens
1480 2214 1581 2263 aut
1622 2209 1909 2265 ordinans.
1941 2213 2021 2266 Ac
2047 2213 2095 2267 si
2175 2216 2494 2287 disponant,
2514 2221 2573 2270 et
2590 2214 2938 2285 singulorum
2954 2214 3459 2286 operarenuntient
3473 2212 3714 2277 Creatori;

498 2292 759 2357 patenter
793 2288 942 2344 dicat
973 2308 985 2343 :
1018 2291 1275 2362 Domine,
1306 2311 1417 2349 non
1440 2313 1564 2351 sum
1599 2297 1804 2369 dignus
1836 2306 1900 2355 ut
1920 2301 2095 2356 intres
2175 2306 2269 2360 alii
2308 2322 2437 2359 vero
2469 2323 2481 2357 :
2527 2306 2669 2369 Veni,
2699 2309 2757 2358 et
2785 2303 2951 2358 venit.
2985 2302 3128 2367 Quia
3161 2309 3223 2359 et
3261 2319 3354 2358 eos
3402 2319 3532 2374 quos
3556 2300 3712 2364 mittit,

501 2374 604 2429 sub
618 2381 830 2430 tectum
859 2395 1066 2443 meum,
1094 2382 1192 2436 sed
1207 2388 1448 2450 tantum,
1470 2402 1599 2440 cum
1627 2389 1704 2443 sis
1733 2407 1827 2445 rex
1854 2397 2095 2446 aeternus
2176 2400 2232 2449 et
2259 2395 2385 2449 illos
2413 2411 2555 2465 quos
2590 2393 2898 2448 indefessos
2926 2393 3080 2447 intus
3105 2392 3179 2447 ad
3209 2392 3431 2448 laudem
3470 2391 3550 2447 sui
3574 2394 3714 2454 tenet,

500 2463 604 2520 sub
632 2466 1138 2539 nulliusimperans
1154 2478 1452 2541 potestate,
1475 2481 1696 2531 tantum
1719 2479 1809 2534 dic
1834 2480 2019 2545 verbo,
2040 2484 2098 2535 et
2177 2501 2371 2539 omnes
2390 2463 2461 2538 ad
2484 2501 2544 2538 se
2572 2482 2761 2537 venire
2784 2481 2965 2553 jubet.
2997 2482 3123 2537 Non
3154 2482 3307 2553 quod
3331 2481 3400 2537 ab
3424 2497 3486 2536 eo
3512 2494 3719 2550 unquam

504 2554 794 2610 sanabitur
812 2574 952 2629 puer
971 2576 1148 2614 meus.
1165 2561 1309 2615 Nam
1325 2568 1381 2616 et
1400 2580 1522 2635 ego,
1547 2565 1680 2621 licet
1693 2568 1796 2622 sub
1819 2575 2094 2641 potestate
2175 2570 2394 2630 exeant,
2409 2564 2619 2619 scilicet
2636 2563 2705 2617 ab
2729 2563 2827 2617 illa
2839 2568 3059 2617 aeternae
3073 2562 3301 2618 visionis
3313 2561 3600 2627 dulcedine,
3612 2559 3718 2614 dum

500 2645 733 2701 alterius
765 2646 923 2713 (forte
951 2647 1125 2715 ducis,
1158 2657 1259 2705 aut
1286 2653 1475 2723 regis),
1527 2657 1789 2725 praelatus
1842 2660 1901 2714 in
1932 2661 2096 2716 mini-
2174 2660 2367 2722 ΔΙθῦ
2378 2654 2448 2708 3d
2468 2670 2570 2707 nos
2587 2653 2847 2720 veniunt;
2877 2652 2975 2707 sed
2997 2653 3100 2708 hoc
3133 2658 3224 2707 θεῖ
3245 2652 3356 2707 illis
3381 2653 3493 2717 Ῐηθν
3517 2648 3721 2722 (λυπῶ

502 2736 673 2791 sterio
705 2736 951 2802 honoris,
983 2738 1162 2794 habeo
1191 2740 1295 2795 sub
1323 2758 1413 2795 me
1442 2744 1667 2813 milites,
1693 2753 1751 2802 et
1777 2748 1899 2803 dico
1926 2750 2054 2805 huic
2078 2769 2089 2804 :
2180 2761 2287 2816 que
2306 2749 2710 2808 creaturarum,
2736 2749 2793 2797 et
2812 2748 3061 2797 nostram
3090 2742 3385 2837 ίξιῖθηάξπθ
3404 2736 3721 2837 causam'Ye'

500 2824 675 2894 Vade,
706 2832 764 2882 et
787 2834 977 2883 tamen
1011 2831 1181 2899 vadit,
1213 2849 1277 2886 ac
1317 2838 1555 2901 caetera;
1597 2843 1806 2907 quanto
1828 2839 2007 2909 magis
2035 2845 2097 2894 tu
2179 2834 2301 2889 nire
2325 2850 2451 2887 vero
2470 2833 2530 2887 in
2557 2831 3084 2904 contemplationem
3114 2830 3272 2887 illius
3298 2831 3569 2886 immensae
3584 2826 3722 2926 maje-

502 2931 615 2970 non
636 2916 739 2971 sub
768 2918 957 2989 aliquo
988 2919 1199 2975 habens
1218 2923 1525 2977 exercitum
1555 2927 1903 2994 angelorum,
1922 2932 1979 2981 et
2006 2945 2099 2983 eo-
2180 2923 2343 2978 statis
2371 2939 2593 2993 semper
2620 2921 2951 2993 pr0pensius
2980 2922 3251 2993 aspicere.
3274 2921 3430 2976 Unde
3456 2924 3593 2973 recte
3611 2915 3721 2971 dici-

502 3020 630 3058 rum
650 3005 917 3077 obsequio
938 3024 1107 3078 quam
1140 3016 1397 3080 potenter
1413 3018 1612 3066 cuncta
1631 3014 2099 3084 disponis?Prius
2117 3068 2155 3084 η
2178 3019 2274 3068 tur
2304 3031 2315 3067 :
2351 3014 2419 3067 In
2452 3028 2613 3081 quem
2655 3013 2970 3066 desiderant
2998 3013 3187 3078 αηθϐῑί
3223 3013 3518 3081 ρνοερίοεῖε
3544 3008 3587 3073 (Ῑ
3604 3008 3719 3060 Pw“

501 3108 747 3164 namque
769 3095 941 3150 .verbo
965 3103 1162 3152 cuncta
1191 3105 1372 3169 potes,
1402 3100 1604 3161 deinde
1633 3119 1967 3173 magnorum
1994 3095 2157 3160 mi-U
2176 3117 2217 3172 I,
2243 3101 2351 3169 12).
2377 3102 2454 3156 Eo
2482 3117 2726 3172 namque
2754 3099 3051 3165 desiderio,
3085 3115 3198 3170 quo
3228 3099 3406 3169 magis
3429 3096 3721 3158 desiderant,

502 3180 666 3235 litum
696 3183 876 3238 ofﬁcio
901 3187 1232 3255 potestative
1259 3189 1510 3260 possides
1536 3208 1547 3243 :
1581 3191 1640 3245 in
1671 3192 1847 3247 altero
1870 3195 2096 3265 quidem
2176 3191 2356 3263 magis
2384 3192 2455 3245 ad
2476 3207 2606 3245 eum
2626 3189 2815 3244 venire
2842 3189 3169 3258 creduntur,
3193 3189 3330 3262 quia
3353 3188 3636 3242 immensus
3659 3186 3725 3236 est

501 3271 817 3342 majestatis
836 3272 1049 3329 habens
1062 3275 1362 3347 imperium
1374 3278 1450 3337 .in
1468 3279 1645 3333 altero
1660 3297 1788 3335 vero
1802 3281 2095 3352 dignitatis
2177 3291 2235 3337 et
2251 3298 2475 3337 summa
2494 3280 2801 3345 beatitudo,
2816 3295 2982 3350 quem
3005 3278 3306 3369 aspiciunt.
3325 3269 3724 3369 Caeterumqucul

502 3359 852 3432 obsequium.
873 3361 1032 3426 Quod
1050 3363 1097 3418 si
1123 3381 1226 3435 ego
1255 3365 1359 3420 sub
1383 3373 1657 3437 potestate
1687 3370 1918 3427 alterius
1938 3378 2097 3429 tanta
2178 3372 2293 3426 ait:
2328 3371 2393 3425 Et
2420 3386 2571 3425 servo
2603 3386 2718 3423 meo
2744 3387 2755 3422 :
2784 3369 2886 3423 Fac
2914 3370 3028 3434 hoc,
3061 3373 3112 3421 et
3138 3368 3298 3435 facit,
3326 3366 3538 3421 videtur
3559 3362 3621 3418 ab
3655 3359 3723 3414 his

504 3467 648 3523 queo
677 3450 799 3507 sine
825 3450 1015 3506 labore
1033 3469 1135 3524 per
1162 3454 1460 3525 subjectos,
1480 3465 1689 3529 quanto
1702 3462 1880 3532 magis
1906 3468 1969 3517 tu
1989 3465 2097 3519 uti-
2178 3461 2496 3515 daemonum
2521 3458 2748 3513 servitia
2762 3457 3067 3529 prudenter
3086 3456 3406 3549 secrevisse,
3427 3470 3556 3525 quos
3570 3455 3620 3506 et
3634 3465 3723 3549 ser-

504 3558 614 3613 que
627 3558 730 3614 per
756 3541 986 3597 eximios
1013 3545 1381 3616 apparitores,
1402 3548 1497 3618 qui
1517 3549 1683 3604 verbo
1711 3551 1878 3607 simul
1907 3554 2097 3608 omnia
2180 3567 2275 3605 vos
2286 3550 2548 3621 appellat,
2569 3553 2626 3601 et
2644 3547 2713 3601 ab
2742 3562 2807 3601 eo
2828 3547 2970 3601 sicut
2998 3562 3101 3600 nec
3118 3546 3327 3642 redire,
3349 3545 3426 3600 ita
3445 3554 3721 3642 nec-venire,

502 3631 862 3703 potes?Facit
875 3632 1024 3688 enim
1040 3633 2094 3709 hicnosterpbilosophusinductionem
2177 3656 2277 3695 suo
2308 3638 2559 3710 exemplo
2585 3652 2835 3706 unquam
2864 3635 3139 3706 designat.
3161 3635 3445 3690 Nimirum
3472 3632 3592 3704 quia
3614 3643 3727 3684 sem-

503 3720 939 3801 comparationis
977 3739 1012 3776 a
1040 3722 1255 3778 minore
1280 3725 1352 3780 ad
1382 3727 1673 3798 majorem.
1699 3729 1908 3786 Idcirco
1928 3732 2052 3788 inﬁt
2078 3752 2089 3787 :
2180 3745 2280 3800 per
2307 3745 2368 3783 se
2388 3744 2631 3799 suasque
2659 3724 3039 3797 nequitiarum
3068 3722 3616 3821 fraudes‘intend‘el‘ea
3636 3732 3727 3771 non

500 3810 561 3866 Si
578 3826 681 3881 ego
696 3810 800 3866 sub
817 3794 1092 3883 potestate
1104 3819 1290 3880 404
1306 3794 1538 3872 alterius
1552 3823 1711 3873 tanta
1724 3821 2097 3888 valeo,osten-
2179 3794 2245 3872 ex
2272 3817 2458 3872 divino
2488 3794 2665 3911 iussu,
2698 3794 2797 3911 sed
2818 3832 2934 3911 pro
2962 3830 3065 3869 sua
3092 3796 3318 3911 pellecti
3347 3809 3608 3911 superbia,
3634 3820 3725 3911 nqu

504 3899 641 3955 dens
663 3901 809 3972 quod
850 3902 1126 3970 Christus,
1148 3904 1313 3976 juxta
1338 3906 1707 3974 divinitatem,
1740 3909 1844 3964 sub
1888 3911 2095 3966 nullius
2177 3906 2461 3962 omittunt.
2494 3906 2656 3970 Qnia,
2689 3904 2833 3959 Sicut
2861 3920 3056 3959 eorum
3084 3910 3170 3959 est
3196 3904 3299 3970 ire,
3330 3919 3431 3958 nec
3466 3894 3724 3991 aliqua“?

504 3989 580 4044 sit
627 3996 926 4061 potestate,
966 3999 1025 4048 et
1062 3998 1252 4049 tamen
1293 3996 1484 4066 prmsit
1528 3998 1880 4067 exercitibus,
1923 4001 2094 4056 etiam
2175 3996 2245 4052 ab
2274 3996 2363 4050 his
2390 3995 2663 4056 desinere,
2709 3994 2809 4061 ita,
2860 3997 3136 4064 potestate
3164 3992 3392 4048 Domini
3420 3993 3624 4061 888“th
3649 3989 3725 4081 ‘1'.11

496 4079 659 4148 juxta
682 4080 1113 4136 humanitatem.
1153 4083 1311 4138 Unde
1340 4090 1398 4138 et
1423 4085 1541 4140 Rea:
1569 4090 1843 4155 sabbaoth,
1878 4089 1982 4144 hoc
2010 4096 2096 4146 est
2176 4084 2526 4141 eorumbene
2546 4083 2726 4138 utitur
2745 4082 3116 4144 malis,velint
3128 4080 3556 4151 nolint,explent
3571 4079 3726 4130 omnia

502 4167 863 4234 exercituum,
879 4172 1278 4226 vocatur.Nam
1298 4175 1496 4238 omnis,
1521 4182 1586 4231 ut
1603 4177 1781 4241 aiunt,
1801 4194 2096 4249 argumen-
2142 4247 2157 4249 _
2177 4192 2300 4247 quae
2328 4173 2433 4229 sibi
2451 4178 2584 4228 sunt
2609 4172 2903 4243 imperata.
2931 4172 3076 4226 Nam
3110 4176 3168 4225 et
3211 4171 3271 4225 in
3300 4168 3526 4239 antiquo
3554 4160 3724 4236 Ροῐη¹¹⁰

501 4255 641 4310 tatio
662 4257 879 4312 duobus
904 4259 969 4313 ﬁt
985 4260 1194 4314 modis:
1218 4266 1319 4316 aut
1340 4279 1440 4333 per
1458 4263 1856 4324 inductionem.
1875 4247 1980 4322 aut
1996 4286 2096 4339 per
2140 4247 2159 4257 ’
2176 4266 2448 4331 Romano,
2480 4279 2619 4334 quos
2671 4261 2900 4316 libertas
2925 4260 3150 4331 generis
3191 4256 3536 4321 nobilitabat,
3570 4249 3726 4307 nullus

499 4344 1004 4401 ratiocinationem.
1029 4348 1139 4403 Sed
1153 4349 1403 4405 inductio
1422 4351 1491 4404 ab
1512 4353 1791 4423 aliquibus
1806 4357 1990 4410 saeculi
2003 4375 2093 4413 sa-
2118 4430 2163 4440 _
2177 4371 2370 4408 eorum
2403 4370 2541 4425 quos
2573 4350 2874 4440 judiciaria
2910 4349 3229 4440 damnabat,
3245 4346 3540 4440 sententia.
3562 4353 3726 4440 quflf'

499 4434 783 4506 pientibus
807 4436 1014 4491 sensim
1032 4455 1133 4508 per
1147 4440 1462 4510 exemplum
1482 4442 1687 4505 studet,
1713 4447 1777 4496 ut
1795 4444 1885 4497 hic
1905 4454 2096 4501 noster
2115 4430 2322 4515 Dpiam
2354 4440 2653 4513 torquebat
2692 4438 3032 4495 cruciatibus
3065 4457 3077 4506 ;
3137 4438 3237 4493 sed
3279 4436 3492 4493 servilis
3519 4429 3727 4489 conditio

503 4528 710 4592 orator,
739 4525 989 4580 animum
1007 4527 1214 4597 judicis
1234 4544 1556 4599 permovere
1577 4531 1647 4586 ad
1664 4532 2094 4591 ell‘ectum.Hinc
2174 4533 2299 4587 illos
2327 4530 2506 4603 pmnis
2535 4528 2850 4596 afﬁciebat;
2885 4532 3094 4599 quanto
3146 4528 3330 4598 magis
3374 4527 3434 4581 in
3461 4525 3727 4579 electorum

499 4615 745 4681 certe,de
759 4632 820 4671 re
840 4633 953 4670 non
965 4617 1265 4690 dubiaipse
1281 4618 1441 4674 nobis
1456 4619 2088 4693 faciensargumentum,
2174 4622 2502 4692 angelorum
2531 4617 2838 4682 ordinibus.
2874 4616 3288 4711 quodammodo
3317 4615 3502 4711 “uillis

499 4703 613 4757 imo
634 4722 875 4776 pereum
898 4707 1138 4778 Spiritus
1158 4708 1572 4781 divinus,aquo
1594 4711 1999 4779 illustrabatur,
2021 4716 2092 4770 ad
2174 4725 2465 4782 poenarum
2491 4710 2619 4778 iure
2649 4707 2917 4762 credita“
2973 4707 3082 4762 sed
3113 4711 3360 4760 ωηοτθδ
3387 4703 3468 4789 illi
3494 4703 3730 4796 nimii“?

497 4793 838 4849 credendum
857 4795 913 4851 id
929 4797 1077 4867 quod
1097 4798 1279 4853 adhuc
1298 4798 1530 4854 dubium
1550 4801 1917 4872 erat,planius
1931 4803 2093 4859 indu-
2172 4799 2582 4892 intelliguntur,
2608 4814 2751 4892 quos
2781 4802 2835 4892 et
2866 4801 3114 4892 potestas
3141 4795 3371 4892 premit
3411 4784 3477 4892 ut
3503 4784 3732 4892 οδίξάίξιξί

498 4883 661 4939 citur.
693 4884 876 4940 Simili
897 4904 1118 4959 quoque
1147 4888 1313 4943 modo
1332 4896 1634 4961 exaggerat
1648 4891 1814 4961 paulo
1837 4893 2092 4963 superius
2173 4886 2480 4960 imperatis,
2507 4891 2566 4940 οι
2592 4885 2838 4941 Conditio
2866 4884 3078 4956 Peccati
3104 4883 3282 4950 vniat,
3317 4887 3383 4938 ut
3408 4882 3465 4936 in
3494 4876 3630 4934 malo
3647 4876 3731 4926 mi.

498 4974 787 5029 exordium
815 4976 1084 5031 narrandi
1105 4976 1177 5031 ad
1205 4977 1525 5044 Dominum,
1550 4983 1665 5032 tam
1694 4996 1795 5050 per
1818 4962 2089 5051 se,7quam
2174 4976 2337 5032 nistri
2380 4991 2671 5047 pmnarum
2718 4974 2850 5040 sint,
2869 4973 2978 5069 qui
3018 4989 3309 5069 nunquam
3355 4969 3505 5069 εὶὶιξξί

500 5064 671 5120 etiam
683 5065 1352 5137 perinternuntios,more
1362 5067 1930 5124 rhetorum.Primum
1943 5071 2093 5125 enim
2176 5064 2430 5138 quamvis
2440 5065 2586 5119 male
2610 5064 2801 5128 velint,
2826 5062 2937 5117 nisi
2954 5062 3102 5133 quod
3122 5061 3309 5116 divina
3329 5059 3556 5131 aequitas
3573 5053 3732 5107 decre-

498 5161 694 5210 narrat
707 5154 977 5210 beneficia
996 5162 1052 5211 et
1067 5156 1621 5228 humanitates,quod
1637 5158 1992 5214 aediﬁcaverit
2005 5177 2095 5233 sy-
2173 5157 2334 5212 verit.
2360 5155 2520 5211 Unde
2550 5160 2610 5251 et
2624 5154 2683 5208 in
2709 5154 2816 5251 hoc
2843 5152 3036 5251 eodem
3381 5151 3506 5220 jure
3520 5148 3732 5251 ΐοῗοξίξδ

498 5260 777 5317 nagogam
806 5246 1030 5311 Judaeis,
1065 5252 1121 5301 et
1171 5247 1430 5302 dilexerit
1464 5227 1689 5318 gentem
1720 5248 1894 5315 illam,
1925 5227 2092 5320 quain
2176 5246 2546 5321 appellantur.
2572 5243 2726 5308 Quod
2749 5239 3528 5332 prudenteristeintelligens,
3547 5227 3732 5332 suppli-

499 5341 730 5388 noverat
747 5335 1050 5390 Dominum
1067 5336 1343 5391 dilexisse.
1372 5337 1584 5391 Deinde
1608 5338 1936 5409 suppliciter
1963 5356 2092 5394 eum
2176 5337 2316 5391 citer
2330 5333 2582 5405 suggerit
2602 5331 2901 5426 Dominum
2923 5347 3024 5401 per
3035 5330 3365 5426 angelorum
3381 5326 3734 5426 obsequia???

497 5422 802 5478 Dominum
824 5441 1048 5494 vocans,
1081 5426 1218 5481 dicit
1251 5445 1262 5479 :
1298 5429 1441 5481 Puer
1470 5444 1617 5480 meus
1650 5431 1795 5496 jacet
1826 5431 1887 5482 in
1915 5431 2088 5494 domo,
2176 5426 2272 5480 nia
2298 5424 2533 5495 implere
2561 5437 2739 5493 posse.
2775 5420 3026 5484 Quorum
3048 5418 3229 5473 ofﬁcio
3250 5415 3495 5488 corporis
3524 5410 3733 5505 inﬁrtnl'

499 5517 687 5568 etnon
716 5515 1194 5588 qualitercunque,
1213 5519 1302 5572 sed
1325 5519 1690 5585 paralyticus,
1715 5534 1780 5571 ac
1808 5517 2088 5588 deinceps,
2174 5520 2281 5582 tas,
2333 5512 2417 5608 vel
2455 5510 3123 5608 contrariis-potestates,
3142 5506 3357 5608 quibus

498 5608 547 5659 ct
576 5584 750 5675 male,
761 5603 965 5681 inquit,
995 5584 1298 5677 torquetur.
1318 5584 1478 5675 Quod
1502 5606 1683 5661 solum
1713 5584 2093 5663 sufﬁceret-ad
2175 5601 2561 5676 torquebatur;
2594 5600 2727 5673 quia
2754 5600 2838 5656 illi
2849 5598 3082 5670 maligni
3100 5598 3241 5654 nihil
3272 5595 3508 5668 amplius
3530 5584 3737 5663 possunt
