3918 6176
198 289 285 350 349
893 279 1276 337 EXPOSITIO
1314 280 1393 337 IN
1427 278 1873 336 MATTHIEUM.
1916 306 1983 322 -—
2020 277 2157 334 LIB.
2198 276 2267 344 V,
2310 275 2467 332 CAP.
2506 273 2658 330 VIII.
3316 268 3423 330 350

197 429 339 487 quam
366 410 501 483 quod
533 408 786 481 jubetur,
810 407 1001 479 procul
1030 406 1098 461 ab
1127 402 1355 458 homine
1383 403 1743 474 pellerentur,
1761 403 1814 464 A
1830 400 1933 457 sub
1951 405 2227 473 potestate
2250 404 2435 466 ειυς
2459 398 2690 453 alterius
2714 412 2835 453 esse
2854 396 3049 463 fertur,
3075 395 3291 450 habens
3305 412 3419 452 non

196 485 404 559 maxime
436 500 522 554 ille
550 516 678 554 cum
698 499 815 553 solo
836 503 1023 569 posset
1051 511 1249 550 curare
1270 492 1455 548 verbo.
1482 494 1656 547 Multa
1683 492 1752 547 si-
1833 493 2020 546 minus
2058 490 2161 544 sub
2189 507 2250 544 se
2291 489 2515 554 milites,
2547 505 2714 559 quam
2757 492 2815 542 et
2851 503 3020 558 super
3046 503 3105 540 se
3144 485 3418 552 dominos,

195 592 388 665 quidem
406 589 509 649 hic,
534 588 662 650 ﬁde,
688 585 938 657 quamvis
964 585 1147 639 adhuc
1164 581 1410 653 gentilis,
1435 581 1751 651 intelligere
1833 582 1927 653 qui
1958 581 2064 635 sibi
2084 580 2151 634 ad
2175 578 2432 634 universa
2451 595 2573 648 quae
2602 577 2785 647 carnis
2813 580 2993 641 erant,
3012 574 3420 629 officiosissime

195 663 353 754 potuit
378 678 443 731 de
471 676 694 741 divinis,
727 681 783 729 et
824 675 1128 746 prudenter
1157 672 1375 726 edicere
1402 671 1470 725 de
1509 671 1746 725 arcanis.
1833 672 1979 726 male
1999 669 2429 724 [amulabantur.
2450 668 2558 722 Sed
2577 673 2634 720 et
2645 668 2807 737 juxta
2823 664 3276 737 tropologiam,si
3298 663 3424 734 quis

195 752 373 826 Idcirco
415 765 666 836 sequitur
699 784 712 819 :
751 766 993 818 Audiens
1020 766 1172 818 Jesus
1202 764 1442 816 miratus
1480 765 1572 814 est.
1606 758 1752 823 Quid
1832 761 2208 816 centenarium
2231 758 2481 828 attigerit
2503 754 3095 829 perfectionem,quasi
3115 752 3418 817 Abraham,

195 876 305 930 ergo
318 857 541 910 miratus
560 855 684 909 est?
704 852 971 924 Nunquid
986 852 1348 921 ﬁdem,quam
1370 855 1469 904 aut
1483 849 1601 920 ipse
1620 855 1751 904 ante
1833 851 1988 905 Isaac
2007 866 2073 903 ex
2092 847 2521 919 repromissione
2539 862 2836 916 generans,
2862 843 3107 898 inveniet
3126 859 3235 913 quo
3256 842 3426 896 miser

194 964 285 1003 non
309 946 545 1007 dederat,
580 949 680 998 aut
723 959 853 997 eum
900 947 1071 996 tanta:
1122 940 1251 995 ﬁdei
1293 939 1449 1012 prius
1490 938 1607 993 fore
1637 954 1750 992 non
1832 939 2109 994 introrsus
2132 942 2339 1008 gemat.
2373 936 2519 1000 Quia
2546 942 2741 1006 partus
2768 933 2951 988 adhuc
2979 932 3036 986 in
3061 936 3241 997 utero,
3265 930 3427 1004 quasi

192 1032 516 1109 praesciebat?
547 1034 670 1087 Non
693 1033 920 1103 utique;
953 1030 1052 1085 sed
1079 1030 1246 1084 fidem
1266 1029 1462 1084 laudat
1483 1033 1539 1083 et
1555 1044 1752 1099 appro—
1831 1046 1973 1101 puer
2000 1028 2056 1081 in
2095 1028 2281 1090 domo,
2317 1026 2462 1079 male
2491 1024 2754 1078 vitiorum
2782 1020 3146 1093 languoribus
3173 1026 3420 1088 vexatus,

192 1126 284 1188 bat,
313 1140 466 1194 quam
500 1122 617 1193 ipse
638 1121 890 1185 dederat,
909 1126 967 1175 et
982 1120 1242 1179 miratur,
1258 1123 1323 1173 ut
1342 1135 1443 1172 nos
1464 1118 1751 1172 admiran-
1832 1117 2173 1189 paralyticus
2188 1117 2355 1187 jacet.
2391 1115 2581 1170 Altera
2592 1130 2721 1185 pars
2732 1112 2940 1168 etenim
2953 1117 3036 1166 est
3050 1110 3107 1164 in
3122 1109 3282 1164 nobis
3293 1126 3424 1166 cen-

191 1217 259 1265 tes
276 1209 446 1263 faciat.
473 1207 567 1261 Sic
590 1223 811 1277 quoque
832 1212 887 1259 et
914 1206 985 1260 ad
1012 1204 1295 1258 Abraham
1318 1203 1557 1257 dicitur:
1591 1203 1753 1257 Nunc
1833 1206 2152 1271 tenaria,de
2164 1222 2276 1277 qua
2289 1204 2570 1276 spiritales
2587 1203 2790 1268 simus;
2811 1202 3129 1255 alteravero
3141 1199 3421 1266 animalis,

191 1301 381 1367 cognovi
408 1298 552 1366 quod
594 1298 787 1350 timeas
829 1297 1002 1349 Deum
1022 1295 1174 1361 (Gen.
1215 1310 1345 1359 xxu,
1388 1291 1496 1361 12),
1541 1291 1598 1345 id
1645 1297 1748 1358 est,
1834 1296 1985 1352 unde
2022 1313 2143 1368 quae
2191 1296 2289 1350 Dei
2330 1300 2464 1349 sunt
2502 1293 2739 1347 necdum
2780 1297 2931 1345 recte
2969 1291 3249 1361 sapimus;
3292 1289 3428 1360 quia

194 1402 494 1458 cognoscere
519 1385 740 1439 fauiam-
761 1384 868 1448 Qui
888 1383 1155 1437 nimirum
1187 1381 1453 1453 loquendi
1477 1380 1676 1435 mOdus
1694 1381 1752 1435 in
1834 1387 2094 1441 animalis
2111 1386 2277 1439 homo
2294 1401 2405 1438 non
2424 1381 2661 1455 percipit
2675 1397 2743 1435 ea
2762 1397 2884 1452 quae
2904 1385 3037 1434 sunt
3051 1378 3291 1450 Spiritus
3301 1377 3422 1432 Dei.

192 1474 458 1547 scripturis
475 1473 650 1528 sacris
668 1473 1070 1528 “SitatiSSimus
1090 1476 1194 1533 BSt.
1213 1471 1322 1527 Sed
1335 1475 1756 1537 tamena406
1835 1477 1978 1530 Nam
2009 1492 2074 1530 ex
2104 1491 2169 1529 eo
2199 1474 2346 1546 quod
2374 1472 2641 1543 sapimus,
2675 1486 2776 1542 pro
2823 1468 3028 1524 nostris
3070 1467 3427 1522 obsecramus

191 1565 310 1619 sicut
334 1563 611 1635 perfectus
639 1563 810 1616 timor
827 1562 884 1615 in
905 1562 1192 1615 Abraham
1216 1560 1481 1615 divinitus
1510 1560 1568 1614 in
1595 1564 1753 1615 tanto
1836 1564 2133 1629 erratibus,
2168 1568 2225 1617 et
2252 1560 2499 1633 quotidie
2523 1560 2864 1614 clamamus:
2895 1560 2935 1614 Α
2973 1560 3168 1611 timore
3198 1561 3310 1619 tuo,
3332 1557 3429 1608 Do-

191 1653 297 1707 fidei
324 1670 486 1723 opere
518 1651 881 1723 approbatur,
906 1650 988 1704 ita
1014 1650 1071 1704 in
1091 1650 1197 1703 hoc
1217 1649 1565 1715 centurione,
1592 1650 1753 1720 quasi
1837 1657 2007 1720 mine,
2026 1654 2368 1720 concepimus
2394 1667 2459 1704 ac
2480 1652 2813 1719 peperimus,
2833 1652 2880 1701 et
2904 1648 3144 1715 facimus
3163 1647 3429 1715 spiritum

193 1742 237 1796 in
260 1741 516 1813 primitiis
535 1739 967 1810 gentiumﬁdes
982 1740 1229 1811 perfecta
1247 1755 1313 1793 ex
1337 1738 1560 1792 Domini
1580 1724 2059 1798 admi-Bsalutis.
2092 1741 2397 1796 Perfectior
2429 1739 2578 1794 enim
2616 1737 2846 1791 libertas
2878 1736 2981 1789 viri
3013 1751 3113 1806 pro
3144 1750 3303 1789 servo
3334 1750 3429 1787 ro-

190 1830 370 1885 ratione
398 1829 888 1899 ostenditur.Ergo
907 1829 963 1883 in
987 1829 1196 1883 mundo
1217 1827 1359 1882 nihil
1377 1827 1436 1881 in
1454 1833 1755 1899 conspectu
1833 1838 1948 1904 gat,
1985 1831 2112 1897 Qui,
2131 1829 2387 1902 quamvis
2417 1828 2657 1883 necdum
2685 1827 2760 1880 sit
2786 1831 3017 1879 renatus
3038 1841 3103 1878 ex
3128 1824 3262 1889 Deo,
3293 1822 3430 1877 dum

188 1921 285 1989 ejus
311 1918 586 1985 mirabile,
631 1924 689 1972 et
732 1924 952 1974 tantum
998 1917 1165 1973 unius
1209 1917 1526 1972 admiratur
1564 1917 1751 1971 ﬁdem.
1836 1922 2019 1976 adhuc
2047 1921 2105 1975 in
2132 1936 2300 1974 carne
2330 1918 2516 1988 fragili
2545 1922 2738 1988 peccat
2761 1915 2937 1986 [quia,
2964 1914 3010 1967 si
3040 1930 3106 1968 ex
3125 1914 3239 1967 Deo
3263 1917 3431 1967 natus

187 2009 392 2081 Ideoque
414 2006 790 2079 sequentibus
818 2007 936 2061 ait:
967 2009 1140 2061 Amen
1170 2009 1288 2060 dico
1317 2008 1464 2060 vobis
1489 2025 1504 2060 :
1529 2022 1640 2060 non
1670 2023 1756 2059 τη·
1837 2016 2001 2076 esset,
2034 2015 2099 2064 ut
2148 2010 2391 2064 Joannes
2435 2007 2517 2061 ait
2554 2010 2601 2061 ,Ι
2640 2009 2800 2060 Joan.
2834 2019 2916 2070 In,
2956 2001 3011 2070 9)
3051 2002 3276 2074 penitus
3315 2017 3429 2056 non

186 2103 287 2153 teni
309 2104 527 2153 tantum
553 2099 713 2166 ﬁdem
743 2100 807 2151 in
843 2099 1033 2151 Israel.
1062 2097 1188 2151 Non
1217 2096 1285 2149 de
1316 2095 1573 2150 omnibus
1600 2095 1753 2167 prio-
1836 2100 2134 2173 peccaret],
2163 2104 2374 2164 tamen,
2399 2097 2532 2168 quia
2550 2093 2924 2159 centenarius,
2945 2093 3125 2147 Deum
3148 2091 3219 2145 ad
3245 2090 3431 2144 dexte-

186 2187 309 2242 l'ibus
334 2187 604 2242 Patribus
634 2192 685 2241 ei
719 2186 927 2240 Sanctis
966 2186 1071 2239 hoc
1100 2185 1311 2239 dictum
1340 2191 1623 2256 putamus,
1656 2185 1754 2239 sed
1837 2206 1961 2245 ram
1988 2188 2343 2245 collocandus
2370 2186 2642 2250 obsecrat,
2666 2201 2731 2237 ex
2753 2183 2861 2237 ﬁde
2891 2180 3140 2253 quotidie
3164 2184 3424 2234 curatur:

185 2278 238 2331 de
260 2278 378 2331 solis
401 2276 667 2347 ejusdem
688 2275 960 2347 temporis
988 2275 1238 2346 loquitur
1263 2274 1600 2339 hominibus,
1625 2277 1755 2346 qui-
1833 2282 2086 2345 Domine,
2127 2277 2407 2348 inquiens,
2443 2291 2586 2344 puer
2629 2289 2777 2326 meus
2811 2275 2949 2340 jacet
2982 2272 3330 2340 paratyticus
3365 2271 3430 2323 in

185 2364 265 2421 bus
286 2366 401 2420 ideo
428 2365 606 2420 istius
634 2364 946 2419 antefertur
984 2364 1140 2429 ﬁdes,
1175 2364 1308 2434 quia
1338 2381 1454 2427 eos,
1493 2364 1625 2418 licet
1665 2364 1754 2418 lex
1834 2371 2008 2423 domo.
2044 2369 2110 2422 In
2138 2367 2324 2431 domo,
2347 2365 2599 2435 inquam,
2623 2362 2692 2416 de
2715 2377 2825 2432 qua
2850 2360 3061 2414 dictum
3088 2358 3330 2428 legimus
3358 2358 3431 2413 ad

184 2462 263 2510 aut
282 2457 589 2528 prophetae,
624 2461 813 2510 tamen
843 2454 1008 2524 longa
1039 2453 1355 2508 eruditione
1377 2454 1755 2524 perduxerant
1835 2458 2113 2512 animam:
2137 2457 2459 2511 Obliviscere
2471 2455 2742 2521 populum
2760 2456 2920 2504 tuum
2941 2454 2990 2503 et
3009 2450 3233 2503 domum
3251 2449 3432 2517 patris

183 2546 237 2598 ad
262 2546 447 2611 ﬁdem;
475 2546 645 2599 hunc
670 2560 819 2610 vero,
839 2544 992 2598 nullo
1009 2543 1242 2597 docente
1258 2543 1387 2603 alio.
1413 2544 1582 2597 Pater
1601 2544 1752 2597 solus
1836 2551 1921 2602 tui
1952 2546 2118 2616 (Psal.
2152 2558 2303 2609 xuv,
2336 2543 2447 2612 11).
2496 2542 2561 2596 In
2607 2542 2712 2595 hac
2750 2540 2957 2611 quippe
2986 2538 3174 2603 domo,
3222 2537 3434 2592 scilicet

182 2651 264 2705 per
299 2635 575 2706 Spiritum
612 2639 864 2688 sanctum
902 2632 1122 2704 plenius
1157 2632 1420 2687 instituit.
1444 2633 1571 2687 Non
1605 2633 1754 2687 enim
1832 2637 2003 2707 hujus
2031 2634 2238 2700 saeculi,
2262 2622 2444 2687 omnis
2474 2632 2664 2685 anima
2694 2628 3001 2701 paralytica
3022 2628 3235 2697 jacens,
3261 2626 3318 2680 id
3347 2631 3435 2681 est

188 2739 292 2778 caro
313 2732 363 2778 et
380 2723 619 2796 sanguis
636 2740 764 2778 eum
787 2723 893 2777 ista
913 2722 1222 2794 perdocuit,
1249 2723 1345 2776 sed
1361 2722 1529 2776 Pater
1545 2722 1753 2777 Christi
1834 2725 1987 2781 intus
2017 2725 2309 2791 dissoluta,
2341 2740 2444 2778 nec
2471 2720 2773 2785 immerito,
2807 2734 2873 2771 eo
2895 2717 3042 2788 quod
3066 2716 3337 2770 hactenus
3364 2732 3432 2770 ex

188 2813 370 2869 salitus
399 2814 696 2869 reseravit.
727 2813 886 2868 Unde
914 2829 1016 2883 per
1043 2828 1192 2877 eum,
1226 2827 1328 2865 nec
1356 2811 1660 2879 immerito,
1695 2814 1755 2866 ﬁ-
1833 2822 1994 2888 parte
2018 2814 2279 2869 animalis
2309 2813 2401 2879 sit,
2435 2827 2576 2883 puer
2615 2808 2947 2881 appellatur.
2984 2806 3053 2860 Et
3092 2822 3251 2876 puer,
3301 2804 3433 2859 licet

189 2901 269 2955 des
287 2904 534 2973 gentium
552 2901 925 2957 collaudatur.
947 2902 1092 2955 Nam
1112 2900 1169 2954 in
1193 2900 1367 2972 priori
1392 2901 1610 2971 leproso
1632 2901 1755 2956 uni-
1835 2911 2063 2960 centum
2118 2919 2413 2968 annorum,
2460 2905 2641 2955 morte
2679 2897 2983 2963 morietur;
3035 2894 3131 2966 qui
3185 2893 3430 2973 profecto

187 2993 387 3047 versitas
432 2992 778 3062 designatur
828 3008 966 3062 quos
1012 2991 1170 3062 lepra
1208 2990 1419 3062 peccati
1468 2991 1755 3061 originalis
1776 3044 1815 3067 η
1838 3012 2078 3067 semper,
2111 2994 2286 3049 donec
2310 3008 2450 3064 puer
2473 2996 2577 3056 est,
2606 2988 2752 3044 male
2777 3004 2811 3041 a
2838 2984 3183 3041 daemonibus
3209 2989 3436 3054 torque-

440 3044 643 3062 ~-v—...~
692 3044 725 3046 -ν
842 3044 899 3062 ιη
953 3044 957 3045 κ
1068 3044 1086 3062 ι
1208 3044 1227 3062 ι
1551 3044 1665 3061 om
1714 3044 1750 3046 η
1838 3044 1956 3050 -----
2003 3044 2078 3061 --ι
2118 3044 2435 3064 “Vm-pr
3318 3044 3338 3054 ο

186 3088 515 3151 resperserat,
552 3081 615 3135 in
661 3081 770 3135 isto
801 3097 928 3135 vero
956 3079 1285 3134 centurione
1316 3079 1435 3133 sola
1468 3080 1754 3149 gentilitas
1774 3044 1816 3104 C
1837 3044 2191 3141 turildcirco
2214 3088 2331 3137 tam
2361 3082 2458 3136 diu
2486 3096 2656 3152 quam
2684 3077 2812 3133 talis
2841 3082 2946 3142 est,
2978 3092 3091 3130 non
3120 3073 3433 3128 aestimatur

186 3178 512 3241 aggregatur.
543 3170 722 3240 Cujus
747 3168 1014 3223 nimirum
1045 3169 1204 3234 fides.
1232 3168 1382 3222 Ultra
1410 3168 1751 3237 Judaéorum,
1838 3174 2041 3244 dignus
2060 3178 2125 3228 ut
2145 3174 2173 3228 J
2179 3189 2306 3228 esus
2323 3171 2427 3226 sub
2444 3176 2657 3225 tectum
2677 3163 3433 3239 ejusingrediatur.Multum

188 3258 351 3313 multis
377 3260 433 3314 in
453 3258 618 3326 locis,
643 3263 871 3330 propter
890 3257 1099 3313 Christi
1116 3257 1379 3328 gratiam,
1400 3258 1751 3329 prmdicatur,
1837 3268 1924 3317 est
1951 3263 2122 3330 enim,
2162 3262 2234 3316 ad
2282 3278 2449 3333 quem
2493 3258 2747 3315 Christus
2791 3257 3005 3312 intrare
3045 3254 3328 3325 dignatur,
3371 3259 3438 3308 ut

186 3347 298 3417 quia
319 3356 513 3420 gentes
545 3365 699 3411 mox,
728 3348 911 3419 gratia
939 3347 1348 3419 praedicationis
1376 3353 1433 3401 et
1468 3348 1756 3418 signorum
1837 3353 2189 3407 mansionem
2215 3351 2364 3423 apud
2394 3366 2523 3404 eum
2568 3348 2753 3403 faciat.
2802 3347 3107 3418 Propterea
3145 3360 3278 3415 ergo
3316 3343 3435 3415 pri-

151 3448 158 3458 ‘
185 3446 435 3510 percepta,
462 3438 795 3511 plenissime
818 3437 1194 3492 crediderunt.
1220 3440 1391 3492 Israel
1421 3443 1627 3503 autem,
1668 3437 1756 3491 in-
1838 3458 1994 3495 mum
2023 3457 2124 3513 per
2155 3440 2423 3495 humilem
2456 3437 2861 3493 confessionem
2884 3433 3198 3490 exhibenda
3223 3437 3309 3487 est
3330 3448 3435 3487 no-

184 3527 299 3597 quit,
330 3546 411 3583 me
430 3546 547 3584 non
582 3531 828 3597 cognovit
867 3533 915 3581 et
940 3530 1174 3596 populus
1207 3530 1300 3582 ille
1335 3544 1420 3581 me
1450 3544 1562 3581 non
1593 3529 1758 3581 intel-
1835 3534 1954 3585 stra
1996 3529 2314 3595 inﬁrmitas,
2362 3527 2561 3599 quibus
2605 3527 2759 3581 intus
2794 3526 2853 3580 in
2900 3524 3129 3579 annimo
3165 3527 3434 3594 torquea-

187 3618 293 3670 tm‘t
323 3619 446 3674 (Isa.
477 3632 518 3685 ι,
557 3615 635 3683 3).
669 3618 795 3671 Non
822 3616 971 3687 quod
999 3615 1059 3670 in
1087 3617 1262 3672 Israel
1290 3616 1503 3671 salvato
1528 3621 1661 3670 tunc
1689 3616 1755 3669 ﬁ-
1835 3635 1963 3673 mur
2001 3619 2162 3672 malis
2189 3638 2203 3685 ;
2248 3625 2380 3672 tunc
2418 3617 2644 3670 demum
2696 3620 2821 3686 post
2862 3629 3078 3679 curam,
3121 3611 3433 3683 hospitium

186 3703 265 3760 des
289 3707 471 3779 aliqua
512 3723 634 3761 non
684 3706 869 3770 fuerit,
901 3706 999 3760 sed
1027 3706 1086 3760 in
1125 3706 1235 3760 isto
1263 3706 1508 3778 plurima
1537 3711 1594 3760 et
1621 3722 1758 3777 prae-
1837 3707 2114 3763 bonorum
2151 3723 2383 3778 Operum
2425 3703 2725 3759 virtutibus
2762 3701 3211 3775 praeparandum.
3253 3701 3436 3756 Inter-

184 3794 339 3864 cipua,
393 3796 560 3868 quasi
617 3796 678 3849 in
741 3795 1002 3850 omnibus
1050 3794 1331 3866 gentibus,
1391 3794 1754 3866 approbatur.
1840 3798 1976 3852 dum
2031 3802 2219 3852 tamen
2274 3796 2406 3850 licet
2457 3793 2633 3848 simus
2686 3791 2790 3847 sub
2839 3796 3115 3862 potestate
3169 3787 3435 3861 principis

186 3881 414 3940 Ostendit
442 3884 695 3955 denique
723 3884 781 3938 in
806 3884 900 3938 illo
920 3884 1124 3939 electos
1152 3900 1254 3955 per
1280 3884 1523 3955 gratiam
1542 3901 1609 3939 ex
1626 3901 1761 3955 gen—
1840 3887 2012 3957 hujus
2040 3885 2248 3951 saeculi,
2291 3884 2597 3938 creduntur
2623 3881 2852 3937 subesse
2880 3880 3042 3935 nobis
3071 3877 3315 3933 universi
3344 3893 3439 3950 ap-

182 3970 326 4039 tibus,
356 3981 663 4046 propterea
712 3973 850 4028 ﬁdes
898 3974 1019 4044 ejus
1062 3973 1259 4054 Israeli
1306 3990 1433 4028 cum
1464 3990 1761 4045 pomorum
1843 3976 2052 4048 petitus
2077 3975 2277 4040 carnis,
2308 3980 2364 4029 et
2391 3991 2494 4028 nos
2514 3989 2707 4028 eorum
2733 3972 2863 4042 jure
2886 3969 3262 4024 dominamur.
3290 3966 3436 4021 Hinc

184 4058 429 4117 fructibus
460 4062 830 4136 praeponitur.
856 4063 1091 4117 Fructus
1122 4067 1311 4117 autem
1342 4063 1473 4119 ﬁdei
1502 4063 1610 4118 fuit
1634 4064 1762 4118 cha—
1843 4081 2064 4137 quoque
2092 4064 2163 4118 ad
2184 4063 2323 4118 Cain
2353 4081 2477 4119 cum
2510 4062 2579 4118 de
2598 4066 2824 4134 peccato
2848 4060 2906 4114 in
2938 4058 3148 4114 foribus
3176 4059 3436 4130 loquere-

182 4150 299 4205 ritas
326 4171 433 4224 qua
460 4155 646 4208 Deum
677 4158 733 4206 et
760 4152 1074 4223 proximum
1103 4151 1330 4220 dilexit;
1373 4153 1674 4223 prudentia
1702 4158 1759 4207 et
1837 4159 1933 4209 tur
1963 4168 1975 4202 :
2005 4152 2118 4208 Sub
2153 4158 2218 4218 te,
2250 4152 2451 4224 inquit,
2481 4154 2589 4206 erit
2616 4152 2888 4221 appetitus
2931 4154 3090 4214 tuus;
3124 4164 3364 4220 quorum
3390 4145 3439 4201 si

185 4238 475 4297 intellectus
504 4241 713 4314 quibus
743 4242 801 4295 in
829 4241 1053 4296 homine
1074 4242 1425 4296 divinitatem
1453 4242 1759 4313 deprehen-
1839 4243 1979 4298 bene
2016 4241 2393 4308 dominamur,
2425 4242 2474 4296 si
2504 4258 2571 4296 ea
2593 4258 2716 4313 quae
2745 4238 3024 4313 libertatis
3051 4242 3184 4292 sunt
3214 4252 3438 4309 semper

183 4328 275 4395 dit;
304 4332 600 4386 humilitas
626 4330 1037 4396 fundatissima,
1058 4348 1168 4402 qua
1188 4347 1247 4386 se
1266 4330 1561 4401 indignum
1592 4349 1758 4403 quem
1774 4376 1823 4403 η
1842 4337 2141 4399 sectamur,
2156 4336 2222 4386 ut
2241 4332 2309 4386 de
2339 4330 2605 4386 servitute
2625 4331 2695 4384 ad
2725 4330 3008 4400 integrum
3028 4327 3440 4383 transferamur

185 4417 414 4476 Christus
442 4427 600 4476 tecto
641 4420 895 4492 accipiat,
927 4376 1244 4475 conﬁietur.
1277 4376 1627 4475 Jusiiﬁcatu:
1657 4376 1823 4475 au-D
1842 4422 1903 4476 in
1923 4376 2261 4488 libertaiem,
2284 4427 2406 4476 tum
2433 4422 2601 4475 fidem
2627 4376 2983 4475 rectaniium
3002 4418 3162 4473 bonis
3179 4416 3441 4490 operibus

182 4510 279 4562 tem
298 4526 360 4563 ex
381 4511 514 4576 ﬁde,
533 4515 594 4564 et
617 4510 856 4581 primam
873 4510 1058 4564 carnis
1080 4509 1456 4565 conditionem
1480 4526 1594 4565 non
1610 4527 1761 4582 sper-
1842 4511 2079 4566 Domino
2126 4511 2472 4566 exhibemus.
2516 4510 2731 4565 Revera
2784 4509 3028 4563 multum
3074 4507 3249 4563 distat
3291 4507 3440 4562 inter

182 4595 270 4661 nit,
299 4614 491 4653 curam
526 4615 735 4669 gerens
773 4616 873 4670 pro
903 4599 1243 4654 domesticis.
1281 4600 1633 4670 Quapropter
1659 4616 1761 4654 nec
1843 4601 2011 4655 ﬁdem
2042 4607 2100 4655 et
2127 4602 2315 4668 ﬁdem,
2349 4600 2480 4655 licet
2514 4604 2703 4664 408
2744 4615 2859 4653 una
2892 4598 2967 4652 sit
2992 4597 3131 4653 ﬁdes
3161 4597 3436 4665 omnium,

180 4682 465 4752 immerito,
487 4688 764 4743 virtutum
788 4688 992 4742 militia
1015 4688 1481 4754 circumvallatus,
1508 4688 1760 4744 centurio
1842 4691 1988 4745 sicut
2039 4691 2339 4762 Apostolus
2398 4689 2524 4743 ait:
2567 4689 2685 4743 Una
2727 4689 2874 4757 ﬁdes,
2926 4704 3110 4742 unum
3166 4687 3439 4757 baptisma

181 4777 508 4832 nominatur.
531 4777 799 4832 Centurio
831 4778 1034 4849 quippe
1063 4794 1097 4832 a
1121 4784 1347 4832 centum
1376 4794 1581 4833 nomen
1611 4794 1764 4833 acce-
1848 4781 2049 4849 (Ephes.
2080 4795 2157 4847 1v,
2185 4781 2255 4846 5).
2272 4780 2433 4835 Unde
2452 4784 2510 4834 et
2534 4777 2672 4833 ﬁdes
2685 4778 2815 4849 jure
2839 4776 3041 4832 dicitur
3059 4776 3433 4848 singulorum,

179 4865 268 4935 pit.
301 4868 677 4925 Centenarius
719 4886 846 4924 vero
877 4886 1147 4924 numerus
1175 4870 1244 4923 de
1288 4870 1426 4923 laeva
1453 4885 1675 4941 semper
1700 4870 1762 4924 in
1843 4885 1957 4923 non
1986 4869 2135 4941 quod
2164 4869 2274 4924 alia
2304 4869 2378 4923 sit
2396 4869 2536 4923 fides
2555 4867 2719 4922 alteri
2748 4872 2806 4922 et
2832 4866 2944 4921 alia
2971 4867 3151 4935 alteri,
3177 4884 3307 4923 cum
3325 4884 3440 4924 non

181 4953 467 5024 dexteram,
501 4975 771 5013 coronam
809 4958 1049 5013 celestis
1081 4964 1139 5013 et
1176 4957 1580 5013 beatitudinem
1612 4957 1761 5013 desi-
1844 4958 1918 5013 sit
1946 4958 2053 5013 nisi
2093 4975 2204 5013 una
2240 4959 2417 5025 ﬁdes;
2468 4958 2566 5012 sed
2599 4958 2659 5011 in
2688 4974 2801 5012 una
2830 4956 3139 5029 eademque
3178 4958 3308 5025 ﬁde,
3336 4974 3440 5030 pro

180 5058 362 5113 gnans,
386 5047 753 5114 transfertur,
772 5064 868 5102 eos
889 5048 1186 5102 ostendens
1208 5048 1267 5103 in
1294 5047 1459 5102 beata
1477 5047 1592 5101 vita
1616 5048 1764 5102 futu—
1843 5048 1991 5104 dono
2027 5049 2222 5119 gratiae
2252 5053 2311 5102 et
2342 5046 2548 5102 virtute
2588 5046 2781 5113 animi,
2820 5062 3030 5118 magna
3063 5046 3140 5101 sit
3174 5046 3446 5105 distantia

182 5148 279 5198 ros,
309 5138 403 5207 qui
432 5154 468 5191 a
497 5137 709 5193 dextris
737 5144 905 5192 erunt
932 5137 1169 5191 locandi.
1208 5138 1315 5202 Qui
1338 5136 1603 5208 profecto,
1631 5137 1765 5210 quia
1845 5137 2341 5212 quantitatislnde
2362 5136 2628 5191 nimirum
2645 5141 2731 5191 est
2751 5137 2900 5208 quod
2920 5142 2977 5192 et
2995 5136 3348 5208 singulorum
3362 5138 3445 5193 di-

183 5223 392 5292 perfecti
411 5232 572 5291 sunt,
593 5243 815 5281 necesse
837 5243 937 5298 pro
959 5226 1294 5298 imperfectis
1311 5228 1487 5281 Deum
1509 5234 1759 5294 exorent,
1844 5228 1989 5282 citur
2015 5227 2258 5298 propria,
2293 5231 2350 5280 et
2377 5231 2569 5281 tamen
2588 5226 2862 5281 catholice
2890 5242 3004 5282 una
3028 5226 3282 5282 omnium
3306 5245 3447 5300 pra:-

185 5325 239 5362 ρο
280 5315 425 5383 quod
473 5314 660 5369 adhuc
698 5315 802 5371 sub
832 5315 1034 5387 spiritu
1067 5315 1371 5380 servitutis,
1407 5315 1567 5385 quasi
1602 5317 1763 5387 pueri
1844 5315 2095 5382 dicatur;
2127 5316 2260 5387 quia
2280 5314 2388 5370 nisi
2409 5316 2525 5370 haec
2547 5330 2659 5370 una
2676 5316 2985 5388 eademque
3004 5321 3264 5371 teneatur
3288 5319 3448 5374 nulla

184 5397 366 5457 timore
388 5410 724 5475 premantur
747 5405 966 5475 servili;
996 5411 1273 5476 quatenus
1293 5404 1363 5459 ab
1389 5404 1469 5458 eis
1490 5405 1762 5476 paulatim
1846 5410 1931 5460 est
1958 5404 2153 5458 altera.
2178 5405 2413 5477 Propter
2441 5405 2590 5477 quod
2610 5406 2881 5461 Dominus
2902 5422 3257 5478 nequaquam
3277 5432 3288 5465 :
3318 5408 3447 5465 Non

188 5491 416 5557 perfecta
445 5492 693 5549 charitas
723 5495 871 5549 foras
905 5493 1095 5549 mittat
1122 5493 1402 5548 timorem.
1438 5493 1547 5549 Sed
1576 5499 1767 5552 tamen
1848 5494 2033 5551 inveni
2058 5494 2226 5550 istam
2256 5494 2424 5550 ﬁdem
2463 5496 2524 5551 in
2567 5497 2759 5562 Israel,
2792 5496 2926 5567 quia
2958 5495 3184 5550 omnino
3214 5496 3264 5550 si
3300 5498 3444 5553 dice-

191 5577 354 5636 adhuc
382 5582 589 5639 eadem
614 5583 915 5655 gentilitas,
945 5582 1097 5655 quia,
1120 5582 1360 5639 necdum
1388 5588 1606 5652 renata,
1641 5585 1766 5642 ideo
1847 5590 1954 5655 ret,
1972 5600 2165 5643 omnes
2194 5589 2356 5643 extra
2378 5586 2547 5643 ﬁdem
2575 5590 2784 5655 essent,
2804 5584 2903 5640 sed
2917 5585 2999 5640 ait
3023 5603 3035 5639 :
3069 5585 3196 5640 Non
3224 5589 3443 5649 tantum
