3918 6176
499 315 597 375 351

1263 314 1319 369 S.
1362 315 1741 373 PASCHASII
1777 311 2141 373 RADBERTI
2181 310 2487 367 ABBATIS
2529 309 3019 369 CORBEIENSIS.

3622 315 3707 377 352

496 442 685 498 inveni
714 441 902 504 ﬁdem,
933 444 997 492 ut
1025 438 1098 493 sit
1116 439 1303 493 unitas
1332 440 1388 493 in
1418 440 1733 496 substantia
1762 440 1892 495 ﬁdei
1922 439 2087 494 intel-
2108 438 2154 495 Α
2176 435 2267 489 hic
2293 440 2602 489 accesserat
2627 453 2639 494 :
2683 435 2739 489 id
2768 440 2854 489 est
2883 452 2894 487 :
2930 434 2999 489 Et
3026 434 3108 489 illi
3137 435 3471 506 requiescent
3497 439 3579 511 qui
3605 446 3710 495 ante

496 531 741 602 ligenda,
774 537 829 584 et
856 530 1138 601 quantitas
1171 531 1497 584 meritorum
1535 531 1591 584 in
1632 532 1753 602 ipsa
1790 533 2097 601 eademque

500 619 610 672 ﬁde
640 636 674 672 a
707 619 943 673 Domino
971 621 1468 690 recompensanda.
1502 620 1642 673 Hinc
1672 638 1892 691 quoque
1924 621 2100 674 Cana-

498 723 631 762 naeae
664 708 867 762 dicitur
902 708 1123 762 mulieri
1155 728 1167 762 :
1202 710 1243 763 0
1273 712 1475 762 mulier
1504 725 1710 776 magna
1739 715 1810 763 est
1839 711 1968 777 ﬁdes
2003 713 2101 762 tua

505 799 718 863 (Matth.
765 813 855 861 xv,
898 796 1009 868 98).
1054 798 1217 851 Petro
1261 810 1434 851 vero:
1475 799 1695 853 Modica!
1737 800 1883 866 ﬁdei,
1932 813 2102 867 quare

499 888 803 940 dubistati?
829 888 1037 957 (Matth.
1065 901 1174 949 xtv,
1204 886 1309 950 3|.)
1343 888 1496 951 Quae,
1526 887 1571 941 si
1603 904 1713 941 non
1745 888 1983 941 multum
2013 888 2101 941 in-

502 974 945 1040 teresset,necin
966 974 1074 1029 isto
1095 975 1313 1029 modica
1324 977 1663 1046 culparetur,
1688 992 1792 1029 nec
1815 976 1869 1028 in
1887 976 1983 1029 illa
2008 975 2104 1028 de-

498 1063 670 1134 nique
691 1080 891 1134 magna
919 1064 1263 1118 laudaretur.
1284 1066 1496 1119 Tamen
1519 1066 1576 1119 in
1593 1065 1845 1136 utrisque
1865 1064 2027 1118 sicuti
2046 1071 2102 1118 et

498 1151 558 1205 in
588 1151 847 1207 omnibus
876 1153 973 1224 qui
1011 1169 1143 1207 sane
1187 1153 1431 1224 sapiunt,
1475 1154 1613 1207 ﬁdes
1652 1170 1765 1207 una
1803 1153 1888 1207 vel
1933 1152 2102 1206 corri-

497 1240 671 1311 gitur,
705 1242 790 1295 vel
827 1242 1170 1313 provehitur.
1202 1244 1288 1296 vel
1320 1243 1651 1313 proponitur
1686 1259 1907 1314 quoque
1937 1248 2001 1296 ut
2033 1240 2103 1297 ab

502 1328 626 1384 aliis
643 1330 916 1385 imitetur.
932 1331 1229 1393 Caeterum,
1254 1332 1384 1386 ﬁcta
1402 1332 1540 1385 ﬁdes
1567 1332 1695 1387 licet
1724 1332 1962 1397 dicatur,
1990 1347 2104 1385 non

505 1425 592 1472 est
617 1419 775 1481 fides,
815 1421 947 1491 quia
996 1420 1065 1475 de
1094 1421 1260 1475 corde
1290 1422 1522 1492 ﬁngitur
1575 1421 1733 1486 Quod
1765 1421 1813 1474 si
1845 1421 1970 1475 falsi
1999 1421 2104 1475 fal-

503 1523 628 1561 sum
648 1508 717 1561 de
731 1508 1007 1563 Trinitate
1022 1510 1208 1563 credid
1216 1510 1636 1570 erimus,inanis
1652 1516 1737 1563 est
1752 1510 1877 1581 spes
1889 1515 2101 1569 nostra,

505 1596 749 1650 Charitas
769 1613 992 1668 quoque
1014 1597 1243 1651 incerta.
1270 1597 1431 1662 Quia,
1448 1597 1581 1651 dum
1596 1598 1799 1652 falsum
1828 1598 2100 1668 diligitur,

503 1700 637 1739 vera
683 1701 803 1740 esse
845 1702 957 1739 non
995 1686 1222 1756 poterit.
1270 1686 1506 1757 Propter
1534 1686 1679 1756 quod
1718 1686 1777 1740 in
1819 1687 1927 1741 isto
1957 1686 2106 1758 quod

2179 525 2485 578 adventum
2508 526 2630 594 ejus
2657 525 2825 595 digne
2849 524 3206 579 crediderunt
3229 526 3286 579 in
3309 543 3447 589 eum,
3470 535 3524 588 et
3544 529 3612 582 illi
3636 532 3713 601 qui

2181 621 2308 686 post
2355 615 2657 668 adventum
2712 614 2908 685 ipsius,
2940 631 3087 676 cum,
3123 631 3234 669 non
3273 630 3338 670 ex
3376 618 3712 688 sanguiuibus,

2183 721 2365 774 neque
2396 720 2463 757 ex
2493 705 2779 758 voluntate
2807 703 3006 769 carnis,
3041 704 3157 769 sed,
3191 721 3256 758 ex
3285 705 3392 759 Deo
3424 708 3602 770 renati,
3629 708 3717 763 ﬁde

2184 799 2568 864 susceperunt.
2603 794 2712 847 Seu
2760 793 2923 847 aliter
2955 812 2966 846 :
3010 792 3078 846 ab
3116 793 3330 848 oriente
3367 801 3419 850 et
3455 795 3715 861 occidente,

2182 883 2287 937 hoc
2315 889 2419 947 est,
2451 899 2517 936 ex
2557 882 2709 936 omni
2750 888 2917 953 gente
2950 899 3070 953 quae
3099 882 3203 936 sub
3245 883 3378 937 coelo
3407 890 3500 947 est,
3532 883 3593 938 ab
3617 894 3720 943 ortu

2184 974 2317 1026 solis
2341 973 2409 1026 ad
2433 989 2708 1026 occasum.
2731 972 2872 1035 Quia
2894 972 3036 1026 sicut
3056 989 3157 1043 per
3184 989 3375 1026 omnes
3393 980 3572 1043 gentes
3584 974 3723 1029 habet

2185 1062 2497 1134 praedicari,
2524 1062 2601 1115 sic
2632 1078 2697 1115 ex
2726 1060 2986 1115 omnibus
3012 1060 3276 1131 gentibus
3298 1062 3505 1116 venturi
3530 1070 3643 1116 sunt
3666 1065 3722 1118 ad

2182 1168 2417 1223 regnum
2433 1151 2719 1205 caelorum.
2735 1150 2799 1205 In
2815 1150 3016 1222 quibus
3039 1150 3303 1205 nimirum
3322 1151 3573 1222 partibus,
3586 1153 3723 1207 etiam

2185 1244 2307 1298 dua:
2337 1242 2553 1296 medim.
2585 1246 2651 1295 ut
2690 1242 3148 1313 conquadrentur
3175 1240 3245 1295 ad
3288 1241 3619 1308 soliditatem,
3645 1259 3723 1314 pro

2186 1339 2337 1387 certo
2359 1331 2770 1402 intelliguntur.
2788 1331 2897 1386 Sed
2919 1331 3101 1402 prima
3122 1337 3179 1385 et
3205 1331 3400 1385 ultima
3419 1331 3535 1386 ideo
3551 1348 3726 1403 ponun-

2186 1428 2297 1487 tur,
2332 1427 2610 1493 quatenus
2640 1421 2760 1475 dies
2806 1421 2899 1475 ille
2928 1437 3152 1492 semper
3178 1421 3238 1475 in
3281 1420 3538 1475 memoria
3561 1422 3727 1492 ﬁgatur

2188 1511 2411 1582 quando
2438 1510 2628 1580 fulgur
2654 1510 2799 1563 exiet
2828 1509 2897 1563 ab
2926 1509 3158 1572 oriente,
3188 1515 3246 1565 et
3274 1510 3487 1580 parebit
3511 1526 3662 1581 usque
3682 1511 3729 1565 in

2188 1600 2566 1666 occidentem;
2600 1599 2866 1671 quoniam
2894 1604 3029 1653 tunc
3063 1599 3172 1653 erit
3203 1601 3468 1655 adventus
3505 1599 3610 1654 Filii
3649 1600 3726 1653 ho-

2190 1689 2373 1743 minis.
2408 1690 2551 1743 Nam
2583 1697 2637 1743 et
2686 1688 2769 1742 illi
2818 1689 2922 1742 soli
2955 1694 3092 1743 tunc
3138 1689 3197 1743 in
3238 1706 3407 1760 regno
3434 1687 3726 1752 recumbent,

501 1790 692 1828 veram
747 1774 1009 1829 habuerit
1043 1775 1210 1829 ﬁdem
1260 1781 1315 1829 et
1367 1792 1651 1845 magnam,
1684 1792 1796 1830 non
1846 1775 1915 1829 ob
1952 1776 2103 1830 aliud
2125 1780 2169 1842 Β
2194 1796 2333 1850 quos
2367 1778 2638 1832 nimirum
2669 1777 2892 1832 initium
2933 1783 3097 1831 rectm
3129 1778 3259 1833 ﬁdei
3299 1786 3354 1834 et
3378 1776 3729 1832 consummatio

502 1862 768 1918 laudatur
786 1864 894 1918 nisi
916 1869 980 1918 ut
1007 1864 1279 1919 imitetur.
1300 1865 1457 1929 Quod
1485 1865 1533 1919 si
1564 1866 1820 1919 volumus
1845 1866 1967 1934 ejus
1987 1865 2110 1919 imi-

476 1958 714 2008 .tatores
744 1955 977 2020 censeri,
1020 1972 1133 2009 non
1165 1955 1478 2010 audiendus
1509 1955 1776 2021 Marcion,
1805 1972 1868 2009 ac
1900 1955 2105 2022 caeteri,

506 2044 602 2115 qui
620 2045 957 2116 phantasma
980 2046 1267 2101 Christum
1295 2047 1416 2100 sine
1435 2063 1563 2100 vera
1585 2064 1670 2099 car
1683 2063 1752 2100 ne
1772 2046 1941 2100 fuisse
1964 2048 2111 2102 dixe-

502 2141 653 2191 runt.
686 2136 813 2190 Non
860 2137 1045 2204 Arius,
1096 2137 1192 2208 qui
1230 2143 1544 2191 creaturam
1592 2154 1718 2190 eum
1769 2142 1930 2207 putat
1982 2153 2109 2190 cum

502 2224 709 2291 Verbo,
749 2225 897 2297 quod
942 2225 1002 2278 iu
1045 2226 1318 2297 principio
1357 2231 1477 2279 erat
1528 2227 1674 2296 apud
1720 2226 1919 2288 Deum,
1959 2231 2113 2280 creat

506 2314 713 2379 omnia,
736 2319 793 2368 et
811 2315 929 2368 solo
951 2330 1207 2368 sermone
1224 2320 1507 2369 restaurat
1526 2315 1802 2369 universa.
1827 2316 1951 2369 Non
1970 2332 2112 2369 nova

505 2402 736 2457 haeresis
753 2403 1051 2469 Feliciana,
1077 2420 1197 2475 qua:
1217 2410 1467 2457 veterum
1484 2404 1701 2457 cineres
1724 2405 1897 2458 \oluit
1927 2421 2111 2459 remo-

505 2509 654 2559 vere,
669 2492 809 2547 duas
836 2509 1102 2564 personas
1130 2493 1189 2546 in
1220 2493 1444 2548 Christo
1475 2494 1834 2548 introducens
1864 2493 2109 2548 Verbum

503 2580 734 2647 scilicet,
782 2581 1070 2653 proprium
1126 2583 1227 2637 Dei
1282 2583 1509 2648 Filium,
1561 2591 1617 2637 et
1673 2584 1993 2654 adoptivum
2052 2584 2111 2638 in

502 2671 680 2725 Deum
710 2672 953 2725 hominis
982 2671 1182 2734 ﬁlium,
1213 2688 1336 2726 eum
1379 2673 1465 2725 hic
1497 2673 1778 2726 hominem
1814 2674 1987 2727 Deum
2021 2673 2111 2727 in-

503 2761 740 2834 telligat,
771 2777 897 2816 cum
954 2761 1035 2815 ait
1068 2780 1078 2813 :
1123 2764 1224 2816 Dic
1268 2764 1444 2815 verba.
1496 2762 1781 2832 Alioquin,
1818 2762 1926 2815 nisi
1964 2779 2111 2816 unus

504 2850 755 2921 itemque
803 2855 951 2905 esset
990 2851 1140 2905 Deus
1180 2856 1237 2904 et
1280 2850 1465 2916 homo,
1507 2851 1693 2921 potius
1724 2851 1793 2904 ad
1829 2852 2002 2905 Deum
2030 2851 2113 2904 in-

505 2940 702 3005 terius,
735 2956 904 3009 quam
935 2939 1179 2993 exterius
1220 2939 1292 2993 ad
1327 2939 1608 2992 hominem
1636 2941 1910 2993 orandum
1938 2946 2107 2993 esset.

505 3028 681 3091 Quem
718 3028 823 3081 etsi
875 3027 1219 3081 minoratum
1250 3027 1319 3080 ab
1349 3027 1564 3098 angelis
1594 3028 1875 3093 cernebat,
1918 3034 2109 3083 tamen

2189 1868 2320 1923 boni
2345 1869 2530 1939 operis
2552 1867 2871 1939 probaverit
2897 1868 3147 1922 idoneos.
3165 1869 3326 1924 Unde
3347 1874 3402 1922 et
3420 1868 3473 1922 hi
3492 1868 3659 1921 Patres
3676 1866 3731 1919 ad

2192 1958 2437 2012 medium
2455 1957 2827 2023 deducuntur,
2846 1974 3085 2028 quorum
3100 1975 3214 2012 non
3234 1956 3576 2012 confunditur
3586 1955 3729 2009 vocari

2191 2048 2372 2105 Deus;
2411 2047 2508 2101 sed
2548 2047 2661 2100 ait:
2690 2047 2799 2115 Ego
2819 2063 2941 2100 sum
2964 2048 3104 2101 Deus
3129 2048 3426 2113 Abraham,
3449 2046 3576 2103 Deus
3594 2047 3727 2109 Isaac,

2192 2142 2240 2191 et
2298 2138 2435 2190 Deus
2491 2138 2654 2189 Jacob
2694 2137 2880 2200 (Exod.
2914 2150 2990 2201 ιιι,
3031 2132 3125 2204 6);
3168 2136 3319 2190 Deus
3360 2134 3542 2206 utique
3576 2149 3729 2187 eorum

2193 2241 2429 2296 quorum
2461 2225 2553 2278 isti
2585 2225 2732 2295 apud
2762 2241 2891 2279 eum
2924 2224 3019 2296 qui
3058 2230 3290 2280 cunctos
3321 2224 3485 2288 novit,
3513 2226 3731 2276 tenentur

2195 2315 2496 2386 exemplar.
2516 2315 2660 2368 Nam
2688 2313 2748 2368 in
2776 2313 3058 2367 Abraham
3092 2314 3253 2381 ﬁdes,
3282 2330 3391 2385 qua
3412 2312 3604 2384 placuit
3625 2311 3728 2374 Deo,

2195 2412 2251 2460 et
2275 2410 2597 2476 reputatum
2622 2408 2708 2457 est
2729 2404 2780 2457 ei
2803 2404 2874 2457 ad
2900 2404 3183 2474 justitiam
3213 2423 3223 2459 :
3252 2404 3308 2458 in
3335 2405 3485 2459 Isaac
3501 2418 3615 2455 vero
3634 2415 3731 2470 spes

2194 2495 2355 2568 quasi
2383 2498 2797 2547 sacramentum
2821 2492 2949 2547 ﬁdei
2971 2498 3027 2546 et
3044 2493 3264 2563 gratiae,
3280 2496 3582 2563 generatur.
3596 2490 3731 2543 Porro

2192 2602 2294 2658 per
2319 2583 2489 2638 Jacob
2515 2582 2759 2637 Charitas
2785 2581 3131 2652 designatur,
3164 2599 3287 2653 quae
3313 2598 3409 2653 per
3433 2579 3572 2634 varia
3594 2582 3733 2632 certa-

2194 2675 2367 2739 mina,
2400 2679 2458 2737 4
2479 2677 2592 2737 |0
2619 2672 2793 2725 donec
2822 2672 2994 2725 Israel
3023 2672 3206 2725 Deum
3236 2671 3410 2743 possit
3449 2669 3653 2724 deorum
3688 2665 3733 2718 in

2195 2763 2328 2818 Sion
2357 2761 2563 2827 videre,
2596 2759 2870 2814 laboriose
2910 2760 3045 2814 satis
3086 2760 3345 2815 desudat.
3378 2759 3451 2814 Ex
3477 2773 3578 2829 qua
3600 2753 3733 2809 nimi-

2194 2869 2319 2908 rum
2350 2850 2642 2905 duodecim
2664 2849 2863 2913 tribus,
2889 2850 3146 2904 videlicet
3170 2850 3353 2904 omnis
3375 2846 3737 2920 praedestinato-

2193 2956 2317 2995 rum
2348 2940 2487 2992 ordo
2510 2944 2877 3010 propagatur.
2905 2938 3065 2993 Unde
3085 2944 3142 2991 et
3160 2938 3225 2991 in
3246 2936 3552 2999 novissimo,
3572 2928 3737 2986 duode-

2193 3030 2300 3084 cim
2326 3027 2564 3100 apostoli
2588 3044 2758 3099 super
2775 3043 2968 3081 omnes
2986 3027 3286 3081 duodecim
3309 3025 3481 3080 tribus
3499 3026 3643 3077 erunt
3652 3035 3738 3073 ses-

503 3115 764 3169 eumdem
803 3116 988 3186 ipsum
1015 3116 1323 3178 hominem,
1364 3133 1465 3187 per
1493 3117 1597 3170 hoc
1634 3117 1781 3187 quod
1810 3134 1956 3171 unus
1988 3124 2110 3172 erat
2132 3103 2175 3161 ί]
2193 3118 2333 3184 suri,
2352 3116 2445 3171 ubi
2474 3117 2611 3171 nulli
2640 3116 3087 3170 numerabantur
3105 3116 3228 3183 alii,
3253 3116 3358 3170 nisi
3378 3129 3594 3186 quorum
3612 3108 3732 3172 ﬁdes,

504 3219 633 3257 cum
662 3203 865 3269 Verbo,
908 3203 1187 3258 dominari
1217 3221 1386 3275 super
1432 3204 1732 3259 exercitum
1777 3207 2109 3275 angelorum

506 3309 607 3347 suo
641 3293 892 3364 exemplo
922 3293 1274 3364 apertissime
1305 3294 1485 3348 docet.
1510 3294 1722 3347 Idcirco
1745 3295 2106 3361 credendum,

505 3386 654 3457 quod
684 3387 868 3452 homo,
892 3386 986 3456 qui
1019 3386 1295 3440 medicina
1325 3386 1485 3440 nobis
1516 3404 1551 3440 a
1581 3388 1696 3442 Deo
1728 3389 1894 3442 Patre
1926 3388 2104 3444 factus

504 3479 607 3539 est,
642 3474 825 3529 Verbo
850 3475 988 3529 dicit
1016 3480 1073 3529 et
1099 3482 1275 3530 curat.
1307 3477 1431 3530 Non
1464 3482 1652 3531 tamen
1684 3477 1827 3532 alius
1864 3478 2002 3550 ipse,
2047 3484 2102 3533 et

502 3565 613 3618 alia
637 3581 877 3636 persona
907 3565 1106 3632 Verbi;
1146 3565 1279 3636 quia
1317 3567 1545 3620 Verbum
1584 3583 1712 3621 caro
1741 3568 1953 3634 factum
2002 3574 2096 3636 est,

505 3657 554 3706 et
574 3642 766 3719 ειυς)
790 3653 1059 3708 habitavit
1088 3657 1150 3708 in
1182 3657 1337 3709 nobis
1366 3672 1512 3710 unus
1541 3656 1821 3728 idemque.

574 3744 724 3808 Dico,
758 3743 959 3814 inquit,
992 3746 1155 3803 vobis.
1191 3746 1336 3813 quod
1382 3748 1553 3799 multi
1587 3748 1654 3799 ab
1693 3750 1900 3800 oriente
1938 3753 1984 3800 et
2023 3763 2104 3801 oc-

2192 3225 2319 3279 spes
2339 3213 2395 3261 et
2416 3206 2662 3260 Charitas
2680 3206 2864 3261 Deum
2885 3206 3122 3260 istorum
3142 3205 3403 3267 credidit,
3428 3200 3660 3274 speravit,
3676 3201 3737 3250 at-

2192 3314 2300 3368 que
2317 3296 2469 3350 omni
2485 3296 2760 3349 charitate
2781 3295 2954 3348 coluit
2991 3294 3214 3359 Quibus
3236 3310 3368 3348 sane
3385 3288 3652 3346 virtutibus
3670 3301 3735 3338 re-

2191 3387 2310 3441 nati
2330 3384 2662 3440 accumbcnt
2676 3401 2799 3455 cum
2823 3384 2946 3438 istis
2958 3400 3071 3438 non
3086 3384 3390 3439 carnaliter
3398 3383 3647 3453 jacentes,
3660 3372 3734 3428 sed

2186 3477 2557 3548 spiritualiter
2596 3475 2944 3537 quiescentes
2982 3490 3015 3527 a
3052 3473 3345 3528 laboribus
3375 3471 3503 3526 suis.
3543 3468 3604 3523 Et
3633 3477 3733 3519 cum

2183 3566 2377 3637 utique
2406 3583 2471 3619 ex
2500 3563 2730 3618 diversis
2768 3563 3020 3634 partibus
3055 3562 3367 3634 aggregati,
3401 3563 3555 3615 erunt
3589 3567 3727 3610 unum

2185 3655 2327 3710 ovile
2358 3661 2414 3709 et
2443 3671 2588 3709 unus
2618 3658 2827 3724 pastor.

2256 3745 2390 3798 Filii
2410 3749 2594 3797 autem
2614 3746 2774 3810 regni
2794 3744 3092 3810 rjicz’entur
3114 3743 3177 3795 in.
3198 3744 3440 3797 tenebras
3462 3738 3728 3793 arteriam.

504 3834 712 3888 cidente
748 3837 982 3897 venient,
1018 3838 1074 3887 et
1094 3840 1292 3888 czetera
1323 3852 1447 3905 quae
1475 3841 1809 3906 sequuntur.
1843 3836 2104 3901 Quzeren-
2184 3832 2329 3903 Ergo
2373 3832 2529 3902 regni
2579 3831 2680 3884 ﬁlii
2716 3831 2891 3885 Judaei
2930 3830 3303 3900 accipiuntur,
3345 3845 3478 3900 quos
3522 3827 3651 3879 Deus
3680 3834 3731 3871 ex

503 3922 637 3977 dum
660 3939 792 3993 ergo
814 3923 1091 3993 quomodo
1113 3924 1370 3978 venient?
1400 3925 1665 3995 Nunquid
1695 3924 1982 3995 gressibus
2011 3942 2102 3996 pe-
2184 3921 2427 3993 IEgypto
2459 3920 3041 3987 educens,'constituit
3063 3920 3119 3972 in
3148 3936 3405 3990 regnum,
3437 3923 3491 3971 et
3512 3913 3602 3969 sibi
3629 3908 3731 3963 ado-

505 4010 669 4066 dum!
725 4013 850 4065 Non
896 4012 1109 4083 utique,
1141 4013 1238 4066 sed
1269 4014 1377 4067 ﬁde
1403 4030 1467 4066 ac
1493 4014 1766 4068 charitate
1795 4019 1964 4085 atque
1992 4015 2101 4069 hu-
2182 4011 2362 4082 ptavit
2386 4010 2444 4063 in
2474 4011 2636 4064 filios.
2662 4011 2726 4065 In
2758 4008 2959 4080 quibus
2987 4025 3224 4078 regnum
3258 4009 3353 4063 diu
3382 4006 3570 4067 tenuit,
3590 4002 3732 4055 donec

503 4101 762 4167 militate,
793 4100 993 4170 quibus
1022 4100 1092 4153 ad
1122 4117 1251 4154 eum
1280 4101 1384 4156 iste
1415 4104 1649 4157 accessit
1679 4104 1987 4173 gressibus.
2020 4104 2098 4158 Eo
2181 4100 2466 4177 Christum
2489 4100 2656 4170 Regis
2681 4098 2885 4152 Filium
2911 4099 2982 4152 ad
3012 4115 3071 4152 se
3092 4098 3407 4153 venientem
3437 4091 3725 4166 rejecerunt.

505 4205 727 4259 quoque
756 4188 991 4258 quisque
1017 4189 1197 4258 magis
1224 4191 1527 4259 perveniet,
1560 4208 1668 4261 quo
1698 4194 1878 4263 magis
1906 4210 2006 4264 per
2029 4193 2096 4247 ﬁ-
2179 4190 2416 4260 Propter
2438 4178 2603 4260 quod,
2624 4188 2755 4259 quia
2774 4189 3001 4243 credere
3023 4188 3327 4242 noluerunt
3344 4204 3464 4241 cum
3484 4178 3722 4273 gentibus:

503 4275 652 4341 dem,
696 4293 817 4346 quae
870 4276 1222 4330 dilectionem
1281 4287 1564 4348 operatur,
1624 4282 1947 4338 crediderit.
1988 4283 2096 4337 Sed
2179 4294 2416 4350 quarum
2462 4277 2552 4331 hic
2601 4278 2853 4330 centurio
2901 4277 3069 4330 ﬁdem
3118 4276 3341 4339 obtulit,
3387 4273 3653 4344 ejicientur
3680 4278 3726 4317 ιη

505 4364 783 4435 quomodo
813 4379 943 4418 vere
990 4366 1154 4419 multi
1197 4367 1418 4421 venturi
1448 4368 1770 4435 creduntur,
1804 4387 1929 4424 cum
1969 4371 2098 4425 alibi

503 4452 715 4508 dictum
735 4453 826 4516 sit,
842 4454 988 4525 quod
1005 4458 1171 4508 multi
1184 4459 1359 4509 vocati
1368 4503 1374 4512 ,
1392 4459 1558 4524 pauci
1573 4473 1696 4511 vero
1710 4462 1864 4511 electi
1876 4460 2070 4524 (Matth
2082 4501 2094 4514 .

503 4558 630 4610 xxn,
665 4542 769 4609 14).
794 4543 960 4598 Pauci
982 4542 1206 4614 quidem
1228 4544 1297 4598 ab
1326 4545 1487 4599 initio
1511 4562 1688 4618 usque
1712 4548 1782 4601 ad
1804 4549 1972 4602 ﬁnem
1996 4567 2098 4605 sae-

2180 4366 2441 4421 tenebras
2487 4368 2729 4421 Possunt
2753 4372 2938 4420 autem
2973 4372 3029 4420 et
3055 4366 3213 4435 regni
3244 4366 3363 4432 ﬁlii,
3395 4360 3566 4419 saculi
3593 4354 3726 4410 istius

2181 4457 2563 4528 interpretari,
2583 4472 2750 4527 super
2770 4472 2909 4526 quos
2942 4455 3329 4526 principantur
3353 4459 3582 4509 rectores
3605 4451 3726 4499 tene-

2184 4544 2443 4613 brarum;
2478 4551 2540 4600 ut
2568 4545 2735 4599 simul
2771 4546 2952 4599 omnis
2992 4545 3387 4600 damnatorum
3425 4541 3551 4596 ordo
3589 4529 3725 4590 intel‘

506 4633 636 4701 culi,
674 4633 806 4687 licet
832 4634 997 4687 multi
1025 4639 1309 4701 vocentur,
1342 4636 1400 4689 in
1429 4638 1844 4708 comparatione
1875 4639 2097 4694 illorum
2181 4634 2411 4706 ligatur,
2426 4634 2558 4706 quia
2578 4652 2692 4688 non
2716 4634 2899 4689 minus
2917 4635 2984 4688 de
3003 4634 3267 4706 gentibus
3289 4649 3453 4706 quam
3477 4631 3542 4685 de
3558 4619 3728 4708 Iudaeis

508 4721 604 4793 qui
641 4727 896 4793 pereunt,
925 4739 991 4777 ex
1016 4723 1276 4777 omnibus
1305 4707 1663 4796 colliguntur,
1696 4727 1981 4783 venientes
2017 4734 2099 4782 ta-
2180 4726 2239 4780 in
2288 4725 2511 4779 easdem
2545 4723 2807 4778 tenebras
2852 4724 3032 4778 ibunt.
3072 4725 3217 4778 Nam
3257 4724 3327 4779 ab
3363 4721 3516 4777 initio
3552 4707 3726 4772 saeculi,

430 4816 444 4827 ’
506 4826 638 4865 men
661 4810 827 4866 simul
849 4811 977 4866 hinc
995 4812 1126 4865 inde
1154 4815 1497 4885 congregati,
1522 4815 1683 4870 multi
1706 4816 1914 4887 absque
1929 4817 2097 4873 dubio
2180 4816 2297 4869 haec
2343 4815 2452 4868 duo
2490 4830 2682 4884 regna,
2725 4813 3077 4868 Hierusalem
3116 4814 3327 4868 scilicet
3359 4819 3415 4867 et
3450 4799 3724 4887 Babylonis,

503 4901 877 4955 invenientur.
906 4902 986 4956 De
1014 4901 1215 4972 quibus
1247 4903 1526 4975 PrOpheta
1552 4921 1563 4955 :
1598 4908 1703 4960 Din
1714 4886 1991 4974 umerabo,
2018 4907 2100 4961 in-
2181 4904 2550 4974 colliguntur;
2579 4909 2636 4957 et
2654 4903 2965 4958 aediﬁcatur
2984 4903 3079 4957 illa
3095 4903 3444 4959 Hierusalem
3459 4900 3515 4954 in
3533 4886 3730 4950 caelesti-

504 4990 647 5063 quit,
689 5008 790 5057 eos,
830 4997 879 5044 et
925 5008 1088 5059 super
1139 5008 1371 5047 arenam
1421 4998 1953 5063 multiplicabuntur
1994 4998 2094 5065 (Ps.
2180 4994 2284 5048 bus
2309 5013 2321 5048 :
2346 4992 2594 5065 Babylon
2622 5010 2749 5047 vero
2781 4993 2910 5064 quia
2941 5010 3041 5064 per
3069 5010 3127 5046 se
3158 5009 3396 5065 semper,
3416 4990 3529 5045 sine
3546 4977 3729 5045 Βθονίη

504 5093 775 5144 Gxxxvm,
812 5078 917 5147 17).
969 5080 1126 5145 Quod
1159 5088 1347 5136 autem
1380 5082 1450 5137 ab
1481 5085 1695 5138 oriente
1731 5089 1787 5139 et
1816 5085 2098 5142 occidente
2179 5083 2418 5139 terrenis
2447 5099 2684 5153 regnare
2713 5083 2902 5147 voluit,
2923 5082 3215 5153 projicitur
3242 5099 3354 5137 uno
3379 5081 3577 5150 impetu
3599 5071 3650 5125 in
3666 5072 3729 5120 te-

504 5170 658 5232 dicit,
684 5187 794 5224 non
823 5170 983 5241 quasi
1012 5170 1081 5223 ab
1112 5171 1195 5224 his
1225 5172 1441 5227 duabus
1466 5174 1645 5245 plagis
1675 5175 1854 5229 solum
1881 5177 2098 5231 venturi
2180 5173 2401 5239 nebras,
2444 5178 2500 5227 et
2545 5173 2602 5226 in
2631 5172 2911 5225 caminum
2947 5172 3093 5243 ignis
3122 5172 3388 5226 ardentis.
3429 5165 3542 5223 Filii
3570 5164 3728 5216 autem

504 5259 831 5324 creduntur,
866 5276 1054 5313 verum
1086 5260 1255 5314 etiam
1299 5279 1333 5315 a
1360 5263 1593 5316 meridie
1622 5268 1679 5316 et
1717 5264 1785 5317 ab
1815 5265 2091 5335 aquilone.
2182 5263 2339 5334 regni
2369 5263 2449 5317 sic
2478 5263 2761 5318 dicuntur.
2794 5262 3267 5332 quemadmodum
3299 5268 3354 5315 et
3384 5258 3477 5313 ﬁlii
3504 5248 3729 5343 tenebra‘

506 5348 616 5403 Sed
643 5348 748 5402 hoc
773 5355 859 5402 est
886 5350 1029 5419 quod
1062 5351 1197 5405 dicit
1225 5352 1294 5405 ab
1326 5353 1561 5418 oriente,
1586 5353 1718 5423 quia
1754 5354 1939 5425 prima
1968 5372 2098 5426 pars
2181 5370 2330 5419 rum,
2363 5357 2461 5406 aut
2492 5352 2761 5422 gehennae
2795 5351 2912 5417 ﬁlii,
2945 5357 3045 5406 aut
3076 5352 3176 5405 ﬁlii
3211 5352 3325 5412 iraa,
3360 5346 3497 5420 quod
3528 5358 3617 5398 nos
3642 5335 3729 5426 illi:

502 5437 699 5493 mundi
731 5444 834 5505 est,
884 5439 1043 5508 quasi
1083 5440 1153 5493 ab
1200 5441 1360 5494 initio
1408 5419 1620 5503 saeculi:
1666 5449 1722 5495 et
1754 5419 1835 5497 “ab
1875 5419 2093 5513 occasu,
2179 5459 2326 5503 mus,
2360 5441 2454 5496 sed
2488 5419 2590 5513 per
2634 5441 2839 5495 Christi
2879 5441 3120 5511 gratiam
3162 5419 3471 5513 adoptionis
3497 5429 3604 5488 ﬁlii.
3641 5419 3729 5519 Sed

503 5527 663 5601 quasi
693 5527 804 5582 ﬁne
829 5527 974 5593 vitae,
998 5546 1191 5584 omnes
1221 5531 1348 5584 hinc
1381 5531 1507 5585 inde
1537 5532 1603 5584 ad
1634 5548 1807 5586 unum
1830 5534 2097 5588 mediato-
2179 5531 2541 5605 quaerendum
2593 5531 2872 5601 quomodo
2925 5531 2982 5585 in
3033 5530 3295 5585 tenebras
3333 5524 3613 5583 exteriores
3645 5513 3729 5605 ejl:

500 5634 622 5674 rem
649 5618 829 5675 Deum
854 5623 912 5675 et
937 5618 1224 5675 hominem
1250 5620 1473 5676 venient
1498 5638 1601 5693 per
1626 5621 1814 5689 ﬁdem,
1834 5623 1904 5676 ad
1925 5640 2091 5695 quem
2176 5597 2357 5679 ciendi
2388 5621 2521 5688 sint,
2563 5636 2689 5676 cum
2722 5620 2965 5676 tenebra:
3009 5637 3232 5693 semper
3267 5615 3546 5676 interiores
3579 5597 3730 5664 ﬁant?
