3918 6176
163 252 248 312 353

899 254 1280 311 EXPOSITIO
1321 256 1397 311 IN
1436 256 1880 314 MATTHIEUM.
1916 287 1979 297 -—
2008 258 2143 313 LIB.
2190 258 2253 324 V,
2298 257 2454 312 CAP.
2499 257 2647 311 VIII.

3312 258 3413 318 354

161 379 261 435 Nisi
287 379 422 450 quia
443 396 563 435 non
576 381 647 437 de
666 381 756 436 his
769 380 905 436 dicit
932 382 1196 445 tenebris,
1234 399 1374 453 quas
1398 382 1648 439 videmus
1677 400 1745 440 ex
1759 386 1808 445 A
1824 388 1937 447 tur,
1959 390 2023 439 ut
2046 391 2103 439 et
2122 385 2327 439 veritas
2344 390 2534 455 pateat
2547 385 2749 455 operis,
2774 392 2833 439 et
2859 386 3115 441 doctrina
3140 388 3411 458 spiritalis

163 468 471 539 corporibus
495 468 881 536 obscurari,in
911 487 1151 543 quarum
1185 472 1369 526 medio
1397 488 1566 543 quam
1595 489 1742 544 saepe

164 564 212 613 et
226 558 325 629 ipsi
346 559 788 630 requiescimus;
810 559 906 614 sed
928 560 996 614 de
1017 560 1105 614 his
1125 578 1264 631 quas
1279 561 1459 631 caligo
1478 561 1741 617 vitiorum

165 654 211 703 et
224 646 522 702 inﬁdelitas
535 648 705 703 simul
724 665 850 703 cum
878 648 1098 703 diabolo
1119 648 1223 702 sibi
1247 649 1594 719 praeparavit.
1629 649 1741 704 Ex-

164 738 379 793 teriores
400 738 529 791 ideo
559 737 840 799 dicuntur,
859 738 991 809 quia
1012 744 1264 792 extorres
1289 756 1322 791 a
1345 755 1516 808 regno
1534 737 1741 793 Christi

164 835 328 880 erunt.
342 826 488 880 Nam
506 828 779 898 quidquid
799 827 943 880 infra
956 827 1092 881 illud
1112 843 1347 897 regnum
1372 827 1593 881 cceleste
1611 827 1737 894 erit,

160 922 323 971 totum
356 916 555 987 utique
585 916 677 971 lux
703 916 829 981 erit,
864 916 1007 971 sicut
1035 922 1093 972 et
1119 916 1265 982 vita;
1300 914 1432 988 quia
1460 932 1655 972 omnes
1683 916 1742 971 in

162 1007 266 1060 luce
284 1005 466 1078 ipsius
483 1012 542 1060 et
560 1006 694 1072 vita,
720 1005 865 1060 beati
880 1012 1064 1060 erunt.
1100 1006 1274 1060 Porro
1297 1004 1570 1077 quidquid
1586 1010 1743 1059 extra

158 1093 300 1155 illud.
338 1111 455 1150 non
494 1095 646 1149 aliud
677 1112 843 1167 quam
872 1094 1115 1150 tenebrae
1150 1111 1215 1149 ac
1258 1111 1408 1149 mors
1438 1094 1577 1162 erit;
1610 1094 1744 1166 quia

159 1200 339 1239 omnes
356 1184 558 1257 inigne
580 1190 1009 1249 tormentorum,
1034 1185 1131 1256 qui
1151 1190 1381 1257 paratus
1398 1188 1485 1238 est
1497 1182 1737 1251 diabolo,

156 1273 260 1330 sine
289 1276 407 1330 ﬁne
432 1274 624 1329 miseri
646 1281 829 1330 erunt.
862 1274 1051 1329 Miseri
1081 1290 1229 1344 ergo.
1263 1274 1395 1345 quia
1425 1272 1742 1328 dilexerunt

157 1363 326 1434 magis
352 1362 621 1419 tenebras
663 1380 832 1434 quam
869 1364 1072 1418 lucem.
1106 1363 1175 1418 Et
1198 1364 1331 1434 quia
1376 1379 1564 1418 secum
1601 1361 1742 1416 inte-

155 1453 319 1508 riores
337 1453 400 1508 in
422 1452 613 1507 animo
635 1450 896 1508 tenebras
915 1453 1209 1523 tulerunt,j
1219 1458 1340 1507 uste
1360 1451 1416 1505 in
1438 1450 1742 1506 exteriores

156 1543 433 1614 pelluntur
451 1558 488 1597 a
515 1542 639 1598 luce
667 1542 855 1609 alieni,
879 1558 1046 1613 quam
1069 1557 1359 1613 nunquam
1388 1546 1736 1596 amaverunt.

155 1634 226 1687 Ibi
242 1636 371 1701 erit,
408 1632 614 1704 inquit,
642 1636 800 1702 ﬂetus
824 1637 871 1685 et
895 1634 1103 1686 stridor
1147 1632 1420 1695 dentium,
1456 1636 1513 1695 4
1533 1637 1568 1696 |
1597 1636 1632 1696 |
1671 1646 1738 1686 ex

1823 474 2052 528 uberius
2078 480 2347 545 appareat
2367 492 2428 528 ex
2452 473 2867 529 circumstantia
2883 476 3154 531 lectionis.
3171 478 3415 546 Nam,ut

1823 562 1958 629 dixi,
1996 564 2247 633 leprosus
2298 563 2389 616 ille
2435 562 2756 617 universum
2803 564 3062 635 designat
3104 566 3414 624 humanum

1819 668 2019 723 genus,
2039 652 2093 705 id
2119 658 2204 706 est
2232 652 2385 722 lepra
2403 651 2693 721 originalis
2722 653 2920 707 delecti
2952 655 3408 727 coinquinatum:

1822 746 1882 806 4
1901 748 1933 806 |
1952 747 2011 805 σε
2042 759 2181 811 puer
2200 740 2546 795 centurionis
2583 742 3186 813 gentilitatemsnlam,
3219 747 3414 803 morbo

1823 829 2167 894 idololatriae,
2204 830 2362 901 quasi
2395 830 2659 901 paralysi,
2693 830 3043 895 dissolutam,
3076 839 3133 888 et
3162 835 3232 889 ab
3261 836 3417 892 omni

1824 918 2150 989 compagine
2195 918 2321 973 vitae
2365 935 2506 990 pene
2550 926 2886 975 emortuam.
2938 921 3153 985 Quibus
3181 926 3413 993 curatis,

1823 1007 2320 1062 clementissimum
2361 1012 2483 1061 erat
2510 1013 2574 1062 ut
2605 1009 2824 1073 mulier,
2855 1027 2977 1080 quae
3007 1010 3191 1066 fuerat
3219 1020 3416 1070 auctor
3508 1048 3523 1057 κ

1823 1096 2147 1151 morborum
2185 1102 2243 1151 et
2266 1096 2483 1161 mortis,
2513 1104 2639 1168 post
2664 1098 2842 1153 virum
2870 1106 3164 1155 curaretur
3185 1107 3244 1156 et
3270 1102 3412 1174 ipsa.

1823 1185 2136 1257 Utrumque
2158 1186 2308 1241 enim
2338 1202 2528 1241 sexum
2552 1187 2821 1243 Dominus
2849 1195 3148 1245 curaturus
3174 1191 3417 1247 advene-

1820 1280 1912 1329 rat
1958 1275 2065 1330 Sed
2097 1275 2250 1346 prior
2277 1275 2462 1329 curari
2491 1274 2683 1330 debuit
2712 1277 2808 1347 qui
2852 1278 3006 1349 prior
3047 1286 3269 1335 creatus
3307 1286 3411 1348 est,

1820 1369 1944 1418 tum
1973 1364 2201 1420 demum
2232 1370 2289 1419 et
2314 1365 2413 1419 illa
2430 1364 2500 1419 ab
2513 1364 2710 1435 opiﬁce
2725 1382 2827 1421 nec
2855 1368 3230 1438 praetermitti.
3256 1369 3416 1426 Unde

1822 1458 1880 1507 et
1909 1452 2199 1525 Scriptura
2234 1473 2246 1508 :

1899 1543 2112 1606 Tenuit,
2130 1542 2332 1613 inquit,
2352 1550 2659 1611 manum,“
2679 1546 2895 1599 dimisit
2914 1561 3035 1600 eam
3054 1548 3244 1615 febris.
3269 1547 3416 1614 Quid

1819 1631 2027 1702 putas?
2055 1632 2319 1703 Nunquid
2346 1631 2509 1687 verbo
2538 1650 2650 1688 non
2677 1634 2858 1705 potuit
2886 1652 3013 1690 eam
3039 1653 3256 1703 curare,
3282 1638 3415 1709 quia

155 1739 245 1794 quo
264 1738 406 1777 vera
435 1720 775 1777 resurrectio
804 1719 987 1776 carnis
1016 1720 1356 1792 praedicatur
1373 1724 1583 1784 tutura,
1607 1718 1739 1774 licet
1757 1739 1799 1798 Β
1817 1721 2002 1776 tenuit
2022 1738 2252 1776 manum
2274 1721 2431 1791 ejus?
2461 1721 2560 1775 Vel
2589 1740 2691 1776 cur
2718 1724 3004 1795 leprosum
3022 1726 3228 1797 tangit,
3241 1732 3299 1781 et
3315 1743 3415 1782 cu-

156 1811 377 1882 qualitas
410 1826 707 1883 poenarum
726 1809 1089 1881 designetur;
1120 1814 1184 1863 ut
1202 1814 1260 1863 et
1282 1808 1505 1862 animus
1532 1807 1740 1863 deﬂeat

154 1897 252 1953 sine
270 1899 389 1955 ﬁne
404 1915 509 1971 per
521 1898 733 1964 oculos,
768 1896 978 1969 absque
996 1896 1181 1951 fructu
1194 1896 1554 1967 poenitentiae,
1575 1911 1698 1966 qua
1713 1904 1737 1931 ⁸

155 1988 275 2043 male
297 1987 597 2043 consensit
620 2006 633 2055 ;
663 1992 721 2043 et
748 1987 944 2042 dentes
969 1985 1247 2041 strideant
1273 1985 1341 2039 de
1370 1984 1601 2039 horrore
1626 1990 1739 2039 tor-

150 2084 476 2144 mentorum,
526 2082 593 2131 ut
633 2091 733 2148 per
772 2091 866 2130 eos
908 2073 1310 2145 intelligamus,
1360 2073 1566 2128 misera
1607 2089 1736 2129 caro

153 2174 337 2238 quanta
368 2181 478 2237 pro
523 2165 688 2219 malis
723 2163 1017 2220 sustineat.
1065 2164 1222 2218 Tunc
1259 2163 1341 2218 ait
1367 2162 1681 2218 centurioni
1718 2181 1730 2217 :

162 2256 348 2321 Vad,et
366 2258 519 2309 sicut
548 2256 851 2320 credidisti,
878 2256 974 2322 flat
999 2254 1101 2307 tibi
1121 2254 1299 2320 (Joan.
1317 2252 1737 2324 xx,25).Absque

153 2344 296 2400 dubio
332 2346 428 2399 ita
455 2349 515 2400 et
550 2343 854 2415 unicuique
883 2342 1198 2398 secundum
1243 2358 1566 2398 mensuram
1606 2342 1737 2396 ﬁdei

155 2434 514 2506 promittitur.
532 2435 663 2489 Haec
676 2439 764 2488 est
781 2449 1025 2505 namque
1041 2432 1138 2486 illa
1165 2437 1432 2504 potestas,
1454 2447 1565 2504 qua
1583 2431 1740 2486 dedit

154 2523 290 2580 nobis
315 2524 651 2581 libertatem
680 2522 824 2578 ﬁlios
843 2521 945 2577 Dei
976 2521 1117 2588 ﬁeri,
1151 2527 1216 2576 ut
1235 2537 1301 2576 ex
1330 2521 1446 2577 Deo
1487 2520 1546 2574 in
1574 2519 1738 2576 Chri-

155 2620 227 2669 sto
250 2631 346 2687 per
378 2614 558 2668 fidem
590 2611 839 2686 quotidie
878 2627 1260 2678 reuascamur,
1304 2615 1380 2678 et,
1431 2609 1737 2665 secundum

153 2719 466 2759 mensuram
482 2703 627 2774 ejus,
650 2708 869 2768 caetera,
882 2702 1053 2773 juxta
1066 2700 1418 2773 Apostolum,
1438 2698 1743 2754 charisma-

154 2798 257 2849 tum
284 2793 446 2850 dona
480 2791 786 2863 unicuique
812 2790 1155 2847 tribuantur.
1182 2790 1425 2861 Ideoque
1457 2789 1538 2843 ait
1566 2788 1695 2843 huic
1723 2805 1737 2842 :

1820 1816 1910 1866 rat
1937 1810 2143 1877 verbo;
2178 1812 2345 1880 hujus
2374 1827 2503 1865 vero
2551 1816 2707 1866 tenet
2752 1829 3003 1879 manum,
3046 1820 3105 1869 et
3146 1816 3413 1872 continuo

1820 1899 2054 1954 discedit
2069 1898 2450 1953 febris?lllum
2474 1916 2607 1970 ergo
2635 1900 2838 1971 tangit,
2864 1902 3011 1973 quod
3029 1903 3118 1959 lex
3140 1910 3412 1973 vetuerat,

1818 1994 1884 2043 ut
1912 2006 1972 2043 se
2000 2005 2171 2059 supra
2201 1989 2384 2059 legem
2404 1989 2743 2056 ostenderet,
2768 1989 2838 2044 de
2868 2008 2977 2063 quo
2993 1993 3130 2047 satis
3136 1995 3257 2064 jam
3274 1994 3416 2050 dixi-

1818 2094 1965 2133 mus.
1982 2079 2161 2148 Hujus
2178 2095 2304 2131 vero
2326 2078 2510 2132 tenuit
2530 2096 2778 2145 manum,
2795 2097 2966 2151 quam
2988 2081 3189 2136 mulier
3217 2088 3414 2138 contra

1818 2168 2148 2221 mandatum
2177 2167 2504 2222 extenderat
2526 2167 2598 2221 ad
2625 2167 2905 2236 arborem,
2950 2169 3020 2223 de
3050 2188 3160 2242 qua
3184 2172 3412 2228 noxium

1820 2256 2035 2311 arboris
2063 2262 2292 2326 gustum
2324 2262 2572 2311 sumeret
2633 2258 2939 2329 Propterea
2967 2276 3100 2330 ergo
3134 2260 3279 2315 ratio
3307 2261 3414 2316 fuit

1821 2346 1942 2417 ejus
1960 2353 2153 2400 tenere
2175 2362 2425 2409 manum,
2450 2351 2515 2400 ut
2532 2346 2704 2400 vitam
2721 2354 3062 2417 resumeret;
3087 2348 3220 2421 quia
3232 2350 3414 2406 Adam

1820 2435 1890 2489 de
1939 2452 2108 2489 manu
2165 2436 2413 2489 mulieris
2453 2441 2746 2507 acceperat
2797 2443 3056 2492 mortem.
3092 2438 3182 2493 Sic
3225 2441 3416 2495 omnia

1822 2524 2127 2579 Salvatoris
2158 2525 2462 2578 concinunt
2489 2542 2678 2596 opera.
2710 2526 2738 2579 J
2747 2531 2935 2581 ustum
2965 2527 3172 2599 quippe
3198 2535 3323 2584 erat
3348 2535 3412 2585 ut

1823 2614 1970 2684 quod
1994 2630 2192 2667 manus
2216 2614 2603 2683 praesumentis
2622 2614 2947 2683 admiserat,
2965 2632 3164 2675 manus
3185 2634 3414 2689 repara-

1822 2708 1912 2757 ret
1946 2703 2211 2767 auctoris,
2241 2709 2297 2755 et
2325 2702 2735 2773 indulgentiam
2764 2703 3037 2776 reciperet
3061 2722 3182 2777 quae
3203 2707 3416 2762 cunctis

1822 2790 2095 2846 intulerat
2132 2798 2388 2845 mortem.

159 2883 291 2949 Vade,
319 2889 371 2938 et
403 2885 551 2936 sicut
573 2881 878 2946 credidisti,
901 2882 1000 2948 ﬁat
1031 2881 1152 2935 tibi.
1187 2878 1496 2935 Credamus
1524 2894 1658 2949 ergo
1680 2881 1738 2932 et
1891 2882 2015 2949 Qus
2042 2884 2308 2945 surrexit,
2347 2887 2395 2935 et
2418 2884 2871 2937 ministrabateis.
2896 2884 3104 2939 Contra
3123 2891 3417 2942 consuetu-

148 2972 405 3044 nos,qui.1
440 2970 490 3026 si
521 2969 649 3042 quis
674 2968 977 3026 crediderit
994 2969 1052 3024 in
1081 2985 1211 3025 eum
1234 2974 1319 3036 (ut
1336 2967 1457 3041 ipse
1474 2971 1733 3030 testatur)
1818 2969 2006 3025 dinem
2018 2970 3135 3044 febricitantium,quiasolent,incipiente
3148 2975 3409 3041 sanitate,

147 3062 346 3117 etiamsi
366 3064 640 3116 mortuus
659 3057 848 3127 fuerit,
865 3059 1028 3115 vivet.
1053 3058 1116 3114 Et
1136 3063 1367 3114 sanatus
1396 3062 1470 3112 est
1506 3073 1645 3127 puer
1672 3059 1801 3119 etcf}
1820 3061 2141 3126 lassescere,
2172 3066 2229 3115 et
2257 3061 2638 3132 aegrotationis
2674 3062 2882 3117 sentire
2921 3062 3234 3117 molestiam
3259 3081 3274 3131 ;
3316 3063 3414 3118 sed

148 3153 238 3206 illa
256 3152 424 3207 hora.
450 3150 530 3205 Ex
545 3149 687 3204 hora
716 3148 929 3203 scilicet
950 3148 1065 3216 illa,
1090 3164 1203 3221 qua
1228 3147 1369 3203 dixit
1395 3148 1576 3207 Jesus,
1598 3149 1741 3202 sicut
1821 3149 2052 3212 sanitas,
2086 3165 2209 3220 quae
2240 3148 2463 3203 Domini
2492 3148 2777 3204 confertur
2802 3150 3059 3220 imperio,
3093 3156 3214 3206 tota
3242 3150 3411 3206 simul

147 3242 442 3306 credidisti,
471 3241 571 3309 fiat
601 3240 721 3294 tibi.
746 3238 1073 3310 Reportavit
1099 3237 1248 3293 enim
1271 3237 1410 3292 ﬁdes
1441 3235 1739 3309 praimium
1822 3238 1987 3298 redit.
2020 3238 2165 3295 licet.
2208 3239 2279 3293 ad
2325 3238 2542 3293 altioris
2579 3256 2759 3294 causa;
2806 3239 3102 3306 rationem,
3145 3240 3414 3296 continuo

146 3328 354 3395 salutis;
413 3327 553 3400 quia
607 3333 942 3400 potestatem
997 3327 1218 3399 accipit.
1268 3327 1427 3392 Quod
1467 3325 1740 3399 quidquid
1825 3328 1949 3398 ipsa
1978 3327 2399 3382 ministraverit.
2422 3328 2688 3400 Alioquin
2710 3344 2822 3383 non
2844 3333 2967 3383 erat
2990 3330 3049 3384 in
3077 3329 3243 3385 domo
3264 3328 3419 3385 Petri

145 3418 337 3473 orando
376 3417 638 3491 petierit,
690 3416 941 3489 accipiet,
973 3416 1021 3472 si
1048 3422 1197 3473 recte
1250 3416 1588 3484 crediderit;
1644 3414 1743 3471 sed
1826 3418 2072 3480 vernula,
2110 3434 2223 3472 non
2252 3418 2508 3472 minister
2544 3418 2769 3489 aliquis,
2800 3435 2911 3474 non
2954 3419 3266 3484 familiaris,
3306 3436 3418 3475 non

146 3509 345 3578 quoties
368 3524 499 3563 non
515 3506 842 3579 accipimus,
857 3512 957 3563 aut
979 3522 1093 3562 non
1122 3511 1271 3562 recte
1311 3505 1611 3573 credimus,
1645 3510 1741 3560 aut
1825 3508 2192 3581 propinquus,
2224 3512 2373 3561 certe
2404 3507 2491 3560 vel
2518 3523 2676 3572 uxor,
2706 3525 2829 3578 quae
2860 3508 3058 3562 matris
3087 3507 3418 3581 obsequium

145 3602 278 3653 certe
301 3597 472 3653 mala
508 3596 774 3669 petimus.
1820 3596 2014 3668 junior
2032 3596 2391 3667 praaveniret;
2416 3595 2513 3650 sed
2528 3612 2672 3650 anus
2692 3596 2811 3650 sola
2823 3596 2920 3651 diu
2952 3602 3149 3651 vexata
3164 3597 3414 3654 febribus

205 3688 429 3743 Etcum
464 3689 694 3742 venisset
721 3688 873 3742 Jcsus
906 3688 969 3741 in
998 3686 1226 3741 domum
1254 3687 1424 3749 Petri,
1467 3684 1607 3739 vidit
1654 3700 1744 3739 so-
1824 3686 1930 3741 hoc
1956 3686 2165 3739 faceret
2192 3686 2483 3755 magistro,
2503 3685 2653 3756 quod
2684 3684 3009 3755 discipulus,
3032 3687 3194 3755 cujus
3217 3686 3416 3741 domus

146 3790 286 3832 crum
324 3783 460 3848 ejus
474 3780 773 3847 jacentem,
806 3780 864 3831 et
885 3774 1118 3846 reliqua.
1137 3774 1223 3829 Ad
1244 3774 1348 3829 hoc
1367 3790 1500 3845 ergo
1514 3779 1744 3828 venerat
1822 3775 1991 3831 fuisse
2034 3774 2259 3838 dicitur,
2304 3774 2485 3827 facere
2529 3772 2817 3827 debuerat.
2867 3775 3066 3827 Fuerat
3102 3774 3251 3829 enim
3282 3774 3414 3841 dixi,

147 3870 204 3919 ut
223 3866 442 3922 videret
458 3865 897 3932 febricitantem,
929 3870 987 3919 et
1016 3863 1143 3919 ideo
1172 3880 1300 3918 mox
1325 3880 1451 3919 cum
1476 3863 1738 3932 venisset,
1825 3864 1958 3936 quia
1982 3864 2111 3919 licet
2129 3864 2250 3933 ejus
2274 3861 2512 3925 dicatur,
2532 3878 2598 3915 eo
2629 3860 2776 3931 quod
2806 3861 2960 3931 prius
2989 3861 3158 3916 fuisse
3187 3877 3298 3916 non
3318 3862 3418 3917 du-

150 3955 271 4010 vidit
304 3973 433 4012 eam
464 3971 537 4010 ac
562 3953 800 4010 sanavit.
834 3956 1019 4010 Causa
1046 3970 1291 4026 namque
1318 3954 1589 4010 adventus
1618 3954 1741 4023 ejus
1777 3982 1793 3994 ο
1822 3952 2012 4017 bium;
2044 3958 2178 4006 tunc
2203 3956 2395 4004 tamen
2416 3950 2536 4019 jam
2567 3965 2676 4003 non
2697 3966 2819 4003 esse
2844 3948 2974 4003 inde
2996 3949 3269 4020 probatur
3286 3949 3419 4021 quia

144 4043 372 4113 jacentis
397 4043 731 4105 inﬁrmitas,
762 4048 821 4099 et
863 4059 975 4098 non
1021 4043 1222 4098 edendi
1266 4043 1567 4098 necessitas
1598 4041 1733 4111 fuit;
1823 4042 2012 4096 omnia
2032 4041 2353 4113 reliquerat.
2379 4041 2553 4095 Erant
2572 4045 2759 4094 autem
2790 4055 2917 4093 cum
2943 4055 3008 4093 eo
3028 4045 3083 4094 et
3099 4038 3195 4093 alii
3228 4056 3422 4111 quam-

151 4133 268 4203 quia
288 4135 345 4190 in
374 4135 554 4190 domo
593 4150 706 4204 qua
726 4131 933 4187 misera
960 4131 1129 4188 febris
1161 4133 1442 4188 hominem
1470 4131 1732 4197 laniabat,
1824 4132 2013 4204 plures
2032 4130 2304 4196 ministri;
2327 4130 2535 4183 idcirco
2558 4146 2670 4183 non
2700 4128 2847 4200 quod
2878 4128 3029 4183 illius
3049 4134 3240 4201 egeret
3255 4129 3419 4185 Chri-

148 4238 249 4277 non
287 4241 428 4280 cura
455 4223 691 4299 prandii
716 4240 782 4278 ac
808 4223 1034 4289 laetitiae,
1064 4223 1162 4278 sed
1209 4223 1586 4295 lacrymarum
1617 4225 1740 4276 erat
1819 4225 1940 4275 stus
1971 4219 2302 4277 ministerio.
2318 4218 2414 4273 sed
2436 4218 2505 4273 ad
2540 4217 2741 4271 altiora
2772 4234 2872 4271 nos
2896 4217 3265 4287 intelligenda
3294 4234 3420 4289 pro-

149 4312 349 4370 eﬁusio.
376 4315 526 4374 Mira
538 4313 939 4385 omnipotentis
956 4313 1056 4368 Dei
1076 4311 1549 4385 dispensatio,qui
1569 4310 1738 4365 etiam
1764 4384 1777 4385 γ
1821 4311 1989 4365 vehit.
2025 4311 2169 4364 Nam
2190 4314 2257 4364 et
2282 4308 2483 4362 domus
2515 4306 2681 4369 Petri,
2700 4322 2810 4360 non
2841 4306 3051 4378 absque
3075 4307 3330 4378 mystica.
3356 4313 3422 4364 ut

146 4416 247 4458 non
275 4408 606 4476 quzrrentes
627 4419 688 4457 se
704 4384 927 4475 quaerit,
957 4408 1017 4457 et
1044 4419 1156 4457 non
1174 4384 1433 4457 valentes
1461 4400 1532 4455 ad
1561 4416 1621 4455 se
1645 4417 1739 4455 ve-
1761 4384 2007 4457 I)credo.
2025 4398 2436 4469 signiﬁcatione
2455 4402 2945 4451 commemoratur.
2976 4397 3062 4450 Ita
3082 4398 3250 4468 hujus
3266 4398 3421 4454 obse-

148 4491 275 4558 nire,
304 4495 380 4548 ad
424 4510 530 4549 eos
574 4491 883 4547 clementer
917 4492 1108 4557 venit;
1158 4490 1291 4562 quia
1328 4490 1376 4544 si
1408 4506 1518 4545 non
1547 4489 1640 4544 ille
1670 4490 1740 4543 ad
1823 4492 2039 4564 quium,
2070 4489 2218 4560 quod
2240 4488 2288 4542 si
2318 4504 2432 4542 non
2462 4486 2530 4541 ob
2561 4486 2732 4549 aliud,
2764 4487 3103 4557 tropologice
3124 4488 3323 4543 saltem
3345 4488 3419 4543 ad

145 4596 238 4637 nos
262 4584 427 4655 prior
456 4582 727 4647 venisset,
750 4597 1036 4652 nunquam
1063 4580 1133 4634 ad
1164 4596 1292 4634 eum
1316 4579 1497 4633 redire
1528 4578 1741 4650 potuis-
1822 4578 2343 4642 demonstrandum,
2376 4577 2679 4633 secundum
2703 4577 3050 4647 Apostolum,
3077 4583 3140 4632 ut
3168 4577 3421 4634 membra

148 4686 343 4727 scmus.
379 4673 496 4728 Sed
532 4672 694 4734 bene,
728 4679 1024 4742 postquam
1052 4669 1358 4732 descendit,
1398 4669 1514 4724 haec
1541 4668 1743 4722 mulier
1824 4685 1946 4739 qua:
1973 4668 2288 4721 servierunt
2314 4666 2597 4736 iniquitati
2642 4667 2708 4719 ad
2757 4666 3134 4737 iniquitatem,
3180 4669 3419 4723 fructiﬁ-

144 4762 301 4817 tertio
330 4762 462 4817 loco
495 4772 690 4817 curata
719 4759 945 4831 legitur,
977 4758 1231 4832 quamvis
1258 4757 1352 4813 alii
1386 4757 1740 4829 evangelista;
1823 4762 1951 4811 cent
1978 4761 2035 4810 et
2062 4755 2311 4809 serviant
2327 4755 2562 4824 justitiae
2594 4755 2649 4809 in
2665 4755 3184 4811 sanctiﬁcationem.
3208 4758 3420 4813 Verum

147 4851 246 4906 alio
271 4852 331 4907 in
361 4854 495 4907 loco
543 4868 668 4907 eam
716 4849 1275 4906 commemoraverint
1322 4849 1514 4916 (Marc.
1553 4862 1593 4916 ι,
1632 4846 1737 4916 30;

145 4940 260 4995 Luc.
293 4959 367 5008 xv,
403 4939 523 5000 38).
546 4940 703 4995 Nihil
731 4940 880 4995 enim
905 4940 1143 4995 interest
1168 4938 1239 4994 ad
1262 4937 1510 4993 historiae
1532 4937 1739 4992 veritas

143 5034 247 5084 tem
267 5030 400 5102 quis
415 5047 536 5103 quo
545 5030 668 5085 loco
689 5035 879 5101 ponat.
893 5028 1009 5084 sive
1031 5028 1179 5100 quod
1197 5044 1265 5082 ex
1283 5027 1481 5082 ordine
1501 5028 1740 5083 intersc-

141 5116 224 5182 rit,
254 5120 372 5175 sive
405 5119 563 5192 quod
588 5118 803 5183 recolit,
833 5117 947 5173 sive
976 5117 1123 5189 quod
1146 5122 1339 5189 postea
1365 5116 1575 5172 factum
1606 5122 1737 5172 ante

143 5209 650 5281 prcoccupaverit;
680 5208 816 5262 dum
838 5213 1028 5262 tamen
1046 5206 1281 5262 invicem
1306 5223 1418 5262 non
1447 5206 1740 5262 adversen-

143 5299 240 5362 tur,
272 5299 431 5370 quod
457 5313 751 5370 nunquam
784 5298 1046 5368 reperies.
1082 5297 1323 5351 Multum
1355 5312 1483 5351 vero
1520 5296 1591 5351 ad
1622 5312 1740 5367 my-

147 5386 331 5442 sticam
351 5404 590 5459 semper
617 5387 836 5458 proﬁcit
858 5386 1310 5456 intelligentiam,
1336 5392 1400 5441 ut
1429 5402 1495 5440 eo
1525 5385 1643 5440 loco
1669 5383 1739 5439 ab

147 5489 509 5550 unoquoque.
540 5477 750 5548 Spiritu
775 5484 969 5532 sancto
998 5477 1250 5543 docente,
1284 5474 1508 5547 singula
1525 5489 1741 5546 ponan-

210 5603 398 5660 ‘Ante
428 5603 545 5658 hoc
575 5620 712 5675 quae,
746 5602 984 5661 subaudi
1013 5619 1094 5673 ea,
1118 5601 1205 5658 vel
1232 5603 1484 5674 peccata.

1823 4845 1994 4900 etiam
2023 4860 2146 4898 eam
2177 4844 2301 4898 ideo
2330 4843 2538 4897 servire
2554 4844 2743 4907 voluit,
2764 4850 2813 4907 1
2836 4850 2869 4909 |
2888 4849 2948 4909 τι
2967 4851 3030 4899 ut
3049 4845 3319 4901 indicium
3333 4863 3419 4901 es-

1820 4940 1908 4989 set
1929 4933 2159 4989 redditae
2188 4932 2467 4987 sanitatis.
2502 4932 2642 4996 Quia
2675 4932 2767 4986 ubi
2800 4932 2974 4987 virtus
3002 4940 3181 4998 curat,
3198 4935 3419 4990 nullum

1820 5024 2067 5080 residere
2100 5021 2266 5077 debet
2316 5020 2613 5091 vestigium
2656 5020 3021 5076 inﬁrmitatis.
3070 5024 3236 5078 Venit
3285 5041 3419 5096 ergo

1820 5116 1981 5169 Jesus
2010 5113 2067 5167 in
2091 5112 2321 5166 domum
2350 5110 2811 5180 Petri,quatenus
2837 5110 2909 5164 ad
2938 5127 3066 5165 eum
3097 5111 3301 5167 domus
3320 5113 3420 5168 Pe-

1818 5204 1892 5258 tri
1925 5202 2151 5256 veniret.
2188 5202 2254 5254 Et
2282 5207 2417 5253 tunc
2448 5199 2636 5268 itaque
2685 5200 2837 5253 venit
2890 5201 3114 5269 quando
3159 5201 3419 5258 habitum

1822 5276 2026 5348 nostrae
2042 5290 2225 5344 carnis
2254 5287 2577 5359 assumpsit.
2600 5288 2809 5342 Domus
2832 5289 2981 5343 enim
3000 5290 3168 5347 Petri.
3188 5290 3310 5362 ipsa
3336 5298 3423 5348 est

1821 5382 2023 5436 domus
2049 5381 2076 5433 ,Ι
2085 5379 2211 5440 uda,
2248 5379 2330 5431 vel
2367 5378 2667 5438 Bethleem,
2687 5395 2809 5449 quae
2835 5382 3027 5434 .tomus
3054 5384 3220 5449 panis
3242 5382 3420 5438 inter-

1823 5475 2097 5542 pretatur,
2129 5484 2196 5522 ex
2244 5483 2359 5538 qua
2398 5466 2654 5521 Christus
2691 5468 2999 5523 secundum
3055 5486 3301 5525 carnem.
3334 5471 3420 5526 Ad
