3918 6176
543 285 646 343 355
1216 344 1220 348 ι
1301 278 1356 329 s.
1400 272 1777 329 PASCHASII
1815 256 2178 327 RADBERTI
2214 268 2519 327 ABBATIS
2559 268 3046 326 CORBEIENSIS.
3650 278 3732 335 355

541 425 713 482 quam
733 423 868 463 sane
897 406 1129 461 domum
1152 418 1279 457 cum
1297 401 1559 464 venisset,
1585 398 1723 453 vidit
1742 414 1961 452 socrum
1980 397 2131 452 Petri
2148 398 2200 458 Α
2219 394 2499 452 dzemonia
2523 396 2753 467 ejiceret
2790 411 2824 449 a
2861 394 3039 463 nobis,
3067 400 3124 450 et
3164 400 3357 451 cuncta
3388 396 3443 451 in
3475 398 3646 454 melius
3672 419 3737 457 re-

532 500 817 570 jacentem
864 501 921 551 et
962 493 1388 556 febricitantem,
1425 491 1777 561 Synagogam
1807 487 2018 542 scilicet
2040 488 2132 557 ja-
2215 491 2517 541 stauraret.

539 594 758 644 centem
788 588 845 641 in
875 584 1110 657 perﬁdia
1138 599 1255 645 sua,
1274 586 1331 635 et
1357 579 1415 632 in
1446 578 1648 632 lectulo
1678 577 1942 631 vitiorum
1963 576 2132 630 decu-
2295 579 2485 632 Videns
2502 582 2685 631 autem
2705 579 2858 631 Jesus
2873 578 3062 631 turbas
3078 580 3285 632 circum
3305 593 3353 629 sc
3360 580 3516 646 jussit
3529 580 3600 632 ire
3614 584 3737 634 trans

535 678 784 733 bantem.
819 675 993 744 Cujus
1036 669 1219 724 tenuit
1261 683 1522 733 manum;
1574 666 1707 737 quia
1753 682 1865 720 non
1907 670 2130 719 tantum
2212 667 2440 735 fretum.
2474 665 2733 720 Habebat
2758 667 2908 721 enim
2948 667 3221 721 Dominus
3263 665 3739 737 refugiumaturbis

537 766 725 832 verbo,
760 778 948 818 verum
979 758 1240 814 manibus
1267 756 1510 811 Judaicaa
1552 755 1730 827 plebis
1757 759 2022 826 operatus
2047 758 2132 808 est
2212 756 2512 827 aliquando
2543 756 2600 809 in
2630 755 2794 819 mari,
2819 756 3117 826 aliquando
3138 756 3196 809 in
3219 756 3502 820 montibus,
3538 756 3743 827 aliquan-

540 857 801 911 salutem.
851 851 1010 907 Unde
1040 847 1322 918 Propheta
1352 864 1364 898 ε
1402 846 1665 915 Operatus
1695 849 1767 898 est
1800 848 2035 899 salutem
2066 846 2129 898 in
2212 844 2282 899 do
2303 844 2359 899 in
2385 846 2626 900 deserto.
2654 843 2721 899 Et
2742 844 2871 898 hinc
2901 849 2987 898 est
3015 844 3163 914 quod
3172 844 3332 915 jubet
3358 861 3497 898 nunc
3524 844 3595 898 ire
3617 852 3741 901 trans

538 947 714 1000 medio
734 948 891 996 terra;
909 941 1027 1011 (νδ.
1062 951 1243 1002 Lntn,
1281 935 1390 992 12).
1423 936 1503 988 De
1532 950 1640 1005 qua
1677 950 1880 988 manus
1908 932 2126 987 confor-
2210 934 2437 999 fretum,
2468 938 2584 988 uta
2602 932 2784 988 turbis
2813 938 2928 987 tam
2960 933 3096 1004 ipse,
3128 950 3296 1004 quam
3320 938 3376 987 et
3394 932 3475 987 sui
3503 932 3741 1003 paululum

537 1033 677 1088 tavit
704 1032 897 1095 lassas,
912 1034 970 1083 et
983 1042 1172 1098 genua
1189 1024 1493 1081 trementia
1512 1024 1789 1078 solidavit.
1808 1023 1986 1093 Cujus
2005 1038 2131 1076 cum
2209 1024 2630 1095 requiescerent
2667 1039 2700 1076 a
2725 1023 2974 1077 tumultu
3013 1038 3209 1077 eorum
3237 1026 3295 1076 et
3327 1020 3605 1075 laboribus.
3632 1021 3744 1075 Hinc

537 1121 811 1177 tenuisset
834 1133 1088 1183 manum,
1119 1114 1356 1170 tradidit
1374 1118 1790 1168 sacramentum
1817 1113 1942 1166 vitae
1971 1128 2093 1183 quae
2114 1118 2132 1142 '
2211 1128 2433 1184 quoque
2462 1111 2630 1166 datur
2657 1111 2926 1165 indicium
2956 1110 3296 1177 doctoribus,
3329 1111 3468 1182 quod
3497 1109 3744 1180 aliquando

506 1212 641 1267 'sibi
660 1212 970 1264 attraxerat
992 1208 1326 1268 mortem,et
1345 1202 1588 1258 surrexit
1611 1202 1939 1256 ministrans
1967 1201 2133 1255 Chri-
2209 1201 2452 1256 debeant
2480 1200 2739 1273 occupari
2787 1200 2845 1254 in
2896 1199 3403 1272 praedicationibus,
3454 1204 3507 1253 et
3552 1198 3746 1268 negotiis

537 1307 645 1366 sto,
676 1316 802 1372 qua:
826 1298 980 1370 prius
992 1295 1218 1367 jacebat
1233 1293 1557 1348 febricitans
1587 1293 1645 1346 in
1674 1293 1815 1347 lecto
1837 1291 2134 1345 inﬁrmita-
2215 1291 2621 1357 Ecclesiarum;
2678 1290 2980 1361 aliquando
3021 1306 3150 1344 vero
3186 1288 3449 1344 remotius
3493 1288 3666 1352 vivere,
3704 1293 3746 1341 et

535 1391 630 1445 tis.
655 1388 927 1444 Febribus
943 1402 1076 1456 ergo
1097 1385 1394 1455 Synagoga
1412 1381 1787 1450 cruciabatur,
1805 1381 1939 1435 dum
1962 1379 2132 1435 libido
2215 1379 2319 1436 soli
2359 1381 2475 1434 Deo
2524 1395 2719 1434 vacare
2772 1378 3030 1450 precibus
3071 1395 3137 1433 ac
3172 1378 3358 1433 studio
3395 1375 3744 1448 contemplandi

538 1474 1118 1548 concupiscentiarum
1141 1478 1198 1526 et
1217 1471 1461 1526 avaritiae
1483 1470 1716 1524 miseras
1746 1468 2136 1523 inﬂammabat
2216 1470 2414 1524 Deum.
2430 1468 2610 1524 Aliter
2630 1474 2839 1535 autem,
2856 1467 3130 1522 Dominus
3154 1467 3347 1522 videns
3361 1465 3545 1521 turbas
3559 1467 3679 1519 circa
3701 1481 3744 1519 se

538 1571 777 1632 mentes,
798 1570 856 1619 et
873 1564 1050 1634 frigus
1060 1561 1412 1616 inﬁdelitatis
1432 1560 1601 1614 corda
1614 1575 1807 1613 eorum
1827 1557 2131 1629 gelidabat,
2214 1558 2453 1614 necdum
2478 1558 2588 1612 ﬁde
2611 1557 2906 1624 ferventes,
2940 1557 3039 1611 sed
3080 1573 3312 1628 corpore
3344 1561 3553 1610 tantum
3578 1554 3746 1609 tumul-

541 1655 744 1728 quibus
802 1653 1071 1707 nimirum
1127 1650 1298 1705 febris
1353 1666 1575 1721 semper
1627 1649 1931 1714 alternans,
1985 1652 2459 1756 nunthuantes,
2479 1647 2617 1701 vidit
2637 1646 2783 1717 quod
2805 1646 2863 1700 in
2893 1645 3233 1700 conscientia
3261 1644 3590 1700 inﬁdelitatis
3606 1643 3748 1698 adhuc

545 1747 575 1756 ,-
742 1744 752 1754 ι
997 1741 1019 1756 ρ
1046 1740 1057 1751 ι
1282 1738 1292 1751 ι
1403 1755 1408 1756 ,
1450 1739 1464 1756 ι
1527 1755 1548 1756 η
1587 1738 1630 1756 θη
1650 1755 1656 1756 ,
1705 1755 1731 1756 η
1845 1755 1887 1756 κη
1922 1737 1969 1756 1,,
2000 1754 2012 1756 Α
2063 1738 2100 1756 1ο
2219 1754 2306 1756 ad-
2331 1737 2448 1756 -41]-
2493 1735 2891 1756 -_IIS_I,-I_-_L____
2952 1752 3007 1756 -4
3049 1735 3408 1756 _-_L2-L__4-__.
3447 1732 3743 1756 _---l‘_-..2.-...

540 1744 807 1809 ﬂammis,
823 1757 971 1797 nunc
992 1740 1197 1810 frigore
1219 1738 1426 1794 misera
1450 1738 1743 1792 hominum
1773 1737 2025 1792 membra
2048 1738 2134 1791 di-
2150 1732 2197 1756 "
2216 1737 2459 1809 procella
2485 1735 2913 1801 collidebantur,
2946 1752 3011 1789 ac
3048 1735 3409 1806 patiebantur
3447 1732 3748 1803 naufragium

539 1834 737 1888 laniat.
773 1831 912 1886 Hinc
932 1847 1065 1900 ergo
1087 1835 1192 1888 est.
1216 1828 1362 1900 quod
1393 1845 1564 1882 manu
1586 1828 1827 1898 erigitur
1845 1844 1968 1899 quae
1990 1828 2136 1897 jace-
2217 1827 2574 1892 ﬂuctuantes,
2589 1826 2760 1897 jussit
2782 1825 2864 1879 ire
2883 1831 3042 1879 trans
3056 1825 3286 1891 fretum,
3301 1829 3363 1878 ut
3381 1840 3471 1878 eos
3490 1839 3522 1877 a
3540 1821 3749 1877 ﬂuctibus

538 1922 654 1988 bat,
684 1926 742 1976 et
766 1920 1053 1975 ministrat
1072 1918 1312 1981 Christo,
1337 1918 1471 1972 dum
1494 1917 1807 1972 sanctiﬁcat
1834 1916 2001 1971 modo
2021 1933 2137 1970 ma-
2216 1921 2519 1982 amoveret,
2553 1920 2610 1969 et
2638 1920 2763 1986 post
2789 1931 2917 1969 eum
2944 1916 3093 1969 irent
3118 1920 3281 1969 trans
3310 1914 3509 1968 fretum
3535 1911 3749 1966 tentatio-

538 2026 646 2065 nus
677 2025 808 2064 suas
835 2009 894 2062 in
915 2007 1177 2079 operibus
1216 2005 1393 2073 bonis,
1411 2023 1549 2078 quas
1565 2011 1696 2060 ante
1713 2005 1829 2060 suis
1851 2004 2136 2077 polluebat
2216 2005 2331 2075 nis;
2368 2004 2568 2077 quibus
2597 2004 2877 2059 interdum
2913 2004 3069 2058 dedit
3087 2003 3342 2058 inducias
3361 1999 3681 2058 convertendi
3696 1998 3747 2052 ab

538 2098 885 2156 criminibus.
2214 2094 2539 2165 insipientia
2569 2111 2689 2148 sua.
2726 2094 2851 2165 Ipse
2883 2093 3159 2148 duntaxat
3192 2092 3354 2165 jubet
3388 2093 3468 2147 ire
3499 2098 3637 2146 trans
3662 2091 3749 2143 fre-

610 2190 821 2258 Vespere
837 2192 1020 2241 autem
1030 2188 1564 2254 factoobtuleruntci
1578 2188 1781 2238 mullos
1796 2185 2132 2239 dwmonium
2213 2187 2356 2248 tum,
2386 2188 2451 2239 ut
2477 2184 2547 2238 ad
2580 2183 2843 2255 patriam,
2876 2183 3109 2254 expletis
3156 2182 3552 2238 tentationibus
3585 2178 3747 2244 saeculi,

537 2279 807 2343 habentes,
842 2282 891 2330 et
919 2277 1163 2344 ejiciebat
1192 2277 1423 2343 spiritus
1455 2276 1631 2328 verba.
1665 2273 1867 2328 Mirum
1898 2273 1943 2327 si
1970 2278 2131 2328 tanta
2211 2273 2622 2345 perveniamus.
2655 2274 2775 2337 Quo
2801 2272 3055 2343 jubente,

537 2364 841 2435 multitudo
870 2369 1011 2426 erat.
1042 2368 1142 2417 aut
1167 2363 1481 2417 defer-entes
1510 2368 1625 2416 tam
1671 2362 1839 2429 tardi,
1878 2367 1960 2429 ut,
1995 2379 2129 2416 con-
2283 2364 2511 2418 Accessit
2546 2379 2695 2416 unus
2725 2364 2924 2427 scriba,
2960 2367 3008 2416 et
3025 2365 3109 2417 ait
3142 2365 3236 2417 illi
3266 2382 3276 2416 :
3309 2363 3571 2429 Magister,
3593 2371 3750 2429 sequar

536 2460 754 2527 tempto
770 2453 877 2518 die,
900 2469 1128 2524 vespere
1145 2452 1350 2506 multos
1370 2452 1518 2505 male
1534 2451 1808 2507 habentes
1826 2451 2126 2506 deferrent.
2217 2456 2264 2506 te
2285 2468 2607 2521 quocunque
2633 2455 2785 2505 ieris.
2817 2452 3066 2505 Accessit
3090 2457 3286 2506 autem
3311 2468 3421 2505 non
3444 2450 3563 2515 ﬁde,
3582 2455 3637 2502 ut
3652 2462 3751 2502 cen-

539 2545 671 2603 Sed,
697 2543 827 2597 licet
853 2542 932 2597 ita
952 2541 1026 2596 sit
1062 2540 1132 2596 ob
1161 2541 1397 2595 nimiam
1426 2541 1849 2612 occupationem
1881 2541 2132 2595 Salvato-
2214 2540 2366 2594 turio
2391 2540 2587 2608 ille,de
2610 2557 2718 2611 quo
2747 2540 3025 2608 diximus;
3058 2540 3158 2595 sed
3188 2546 3410 2596 tantum
3436 2538 3588 2593 labiis
3610 2536 3754 2590 dicen-

536 2634 637 2701 ris,
659 2639 850 2687 tamen
870 2639 988 2686 tam
1004 2631 1305 2701 diligenter
1321 2630 1447 2684 ideo
1467 2630 1817 2701 exprimitur,
1850 2635 1914 2684 ut
1937 2630 2133 2702 mysti-
2214 2628 2314 2684 do:
2339 2629 2617 2697 Magister,
2651 2646 2851 2698 sequar
2879 2635 2945 2684 te.
2980 2630 3071 2685 Sic
3098 2630 3295 2701 itaque
3323 2629 3520 2685 decidit
3546 2627 3629 2698 qui
3654 2640 3745 2697 pro-

538 2739 602 2778 ce
626 2723 732 2778 hoc
757 2723 967 2777 factum
1010 2721 1410 2791 intelligamus.
1442 2722 1585 2775 Nam
1614 2737 1843 2791 vespere
1871 2725 1974 2784 est,
2004 2736 2131 2774 cum
2214 2720 2409 2785 mittit,
2432 2726 2531 2773 aut
2549 2720 2773 2774 incaute
2794 2725 2894 2773 aut
2905 2720 3050 2775 ﬁcte.
3075 2736 3137 2775 se
3158 2721 3339 2775 Deum
3351 2720 3421 2774 ad
3436 2717 3609 2773 omnia
3630 2712 3754 2784 sequi

536 2813 734 2868 ﬁnitur
762 2813 901 2878 dies,
932 2811 1013 2866 sic
1042 2816 1100 2864 et
1136 2811 1265 2864 finis
1296 2810 1502 2876 saeculi,
1535 2826 1661 2864 cum
1685 2811 1805 2880 jam
1837 2809 2081 2864 mundus
2100 2826 2136 2863 a
2215 2824 2396 2880 posse.
2430 2807 2698 2879 Displicet
2727 2809 2876 2863 enim
2907 2809 3021 2863 Deo
3050 2808 3298 2864 inﬁdelis
3328 2814 3385 2863 et
3409 2814 3464 2874 4
3482 2813 3584 2873 [5
3619 2803 3755 2859 stulta

535 2903 660 2958 luce
721 2908 1043 2973 temporum
1082 2900 1338 2954 ultimam
1386 2905 1579 2969 ageret
1632 2904 1874 2965 aetatem,
1916 2899 1976 2952 in
2024 2915 2136 2969 qua
2216 2897 2531 2968 promissio.
2556 2898 2807 2953 Necdum
2830 2898 3040 2953 sciebat
3055 2899 3248 2963 miser,
3276 2899 3501 2970 quinam
3527 2896 3601 2948 vel
3620 2907 3756 2964 quan-

537 2992 794 3047 Christus
822 2989 981 3044 nobis
1011 2988 1160 3043 diem
1186 2988 1428 3042 reddidit
1456 2988 1880 3058 sempiternum.
1934 2989 1999 3042 In
2027 2988 2132 3042 hoc
2148 3020 2191 3080 Ο
2214 2990 2305 3039 tus
2336 2991 2503 3052 esset,
2536 3003 2701 3057 quem
2756 2987 2915 3058 sequi
2957 3004 3017 3042 se
3064 2987 3433 3059 promittebat
3478 2995 3757 3057 quocunque

538 3081 745 3152 quippe
779 3095 1025 3149 vespere,
1074 3076 1246 3131 oblati
1275 3082 1406 3132 sunt
1430 3094 1495 3130 ex
1540 3076 1722 3131 ofﬁcio
1750 3077 2131 3147 apostolorum
2157 3075 2191 3080 ⁷
2212 3075 2339 3141 iret;
2366 3075 2614 3147 alioquin
2632 3077 2909 3148 quomodo
2927 3077 3289 3148 promitteret
3300 3077 3445 3148 quod
3474 3089 3621 3128 nemo
3646 3085 3757 3124 mor-

537 3168 701 3223 multi
725 3168 870 3221 male
898 3167 1189 3232 habentes,
1216 3166 1387 3219 etiam
1412 3171 1468 3219 et
1481 3182 1581 3220 nos
1601 3165 1669 3219 de
1687 3165 1952 3236 gentibus
1977 3165 2133 3236 igno-
2214 3164 2414 3219 talium
2430 3165 2487 3219 in
2510 3166 2737 3220 hacvita
2767 3171 2968 3237 potest,
3002 3166 3133 3220 licet
3162 3171 3294 3238 post
3319 3167 3483 3219 ﬁnem
3512 3163 3624 3217 vitae
3644 3160 3757 3213 dica-

536 3262 728 3312 rantes
752 3272 929 3311 unum
962 3272 1155 3309 verum
1173 3255 1372 3320 Deum,
1397 3254 1466 3309 de
1495 3254 1698 3325 quibus
1722 3254 1886 3309 verbo
1910 3255 2132 3309 virtutis
2213 3258 2309 3307 tur
2332 3254 2402 3308 de
2431 3255 2656 3321 sanctis,
2685 3255 2781 3326 qui
2808 3255 2982 3327 empti
3013 3259 3148 3310 sunt
3177 3256 3248 3311 de
3278 3261 3430 3310 terra
3456 3271 3519 3308 ex
3546 3248 3757 3306 omnibus

537 3362 651 3402 suae
672 3345 903 3417 spiritus
927 3344 1095 3416 ejecit
1112 3344 1450 3398 immundos.
1484 3343 1643 3399 Unde
1671 3343 1937 3398 scribitur
1965 3362 1975 3397 :
2012 3345 2135 3400 0m-
2214 3342 2603 3415 primitiseDeo
2623 3350 2679 3398 et
2706 3347 2865 3415 Agno
2893 3346 3067 3415 (Apoc.
3084 3359 3201 3412 XIV,
3234 3344 3311 3411 43,
3337 3343 3480 3417 quod
3502 3343 3760 3412 sequantur

537 3452 630 3491 nes
660 3437 745 3489 dii
772 3437 1024 3502 gentium
1054 3435 1327 3487 daemonia
1355 3436 1516 3499 (Psal.
1541 3447 1664 3500 xcv,
1698 3434 1771 3501 5).
1792 3432 1938 3509 Nam
1971 3433 2133 3489 Chri-
2218 3449 2346 3487 eum
2379 3449 2710 3505 quocunque
2742 3434 2888 3488 ierit.
2910 3434 3161 3499 Quorum
3183 3435 3430 3506 profecto
3451 3448 3569 3486 mox
3582 3424 3758 3483 addidit

539 3530 661 3597 stus
685 3522 852 3578 verbo
882 3523 951 3577 ad
984 3538 1088 3577 nos
1115 3521 1301 3590 venit;
1344 3522 1475 3593 quia
1521 3523 1659 3577 ﬁdes
1688 3539 1753 3577 ex
1792 3522 1988 3577 auditu
2027 3528 2130 3591 est,
2218 3538 2465 3589 causam,
2502 3523 2650 3594 quod
2680 3523 2922 3594 virgines
2952 3523 3083 3591 sint,
3118 3528 3177 3577 et
3218 3523 3393 3595 empti
3448 3523 3512 3576 de
3558 3527 3689 3575 terra
3712 3529 3760 3567 ex

537 3616 764 3671 auditus
793 3621 981 3670 autem
1009 3630 1111 3685 per
1135 3612 1365 3667 verbum
1396 3612 1517 3668 Dei.
1545 3614 1665 3677 Quo
1694 3614 1858 3685 plane
1889 3614 2135 3685 captivos
2217 3611 2495 3675 omnibus,
2521 3618 2586 3666 ut
2598 3612 2856 3683 primitise
2874 3613 2988 3666 Deo
3018 3618 3076 3667 et
3101 3613 3266 3683 Agno
3293 3617 3479 3668 essent
3490 3610 3643 3665 etiam
3667 3605 3761 3659 sine

537 3705 609 3760 ab
626 3705 801 3777 impia
829 3704 1195 3759 damnatione
1224 3702 1472 3758 reddidit
1493 3702 1716 3768 liberos,
1733 3708 1791 3757 et
1819 3720 2012 3759 omnes
2031 3720 2132 3758 nos
2215 3701 2455 3755 macula.
2476 3700 2585 3755 Sed
2606 3701 2711 3755 iste
2728 3717 2829 3755 nec
2842 3717 3001 3755 suam
3023 3702 3328 3772 perpendit
3344 3714 3663 3759 mensuram,
3683 3706 3762 3747 nec

535 3795 753 3851 sanavit
780 3799 1038 3865 aegrotos.
1065 3792 1151 3848 Ad
1180 3792 1285 3848 hoc
1314 3793 1520 3864 quippe
1548 3793 1817 3864 scriptum
1850 3798 1971 3847 erat
1992 3815 2004 3850 :
2023 3795 2132 3848 Mi-
2215 3789 2423 3845 Christi
2453 3790 2771 3844 considerat
2799 3791 3208 3857 celsitudinem,
3262 3792 3524 3863 ignorans
3558 3784 3671 3858 quid
3697 3779 3762 3834 vel

534 3888 607 3941 sit
648 3886 871 3940 Verbum
899 3900 1066 3938 suum
1094 3888 1143 3937 et
1167 3886 1387 3937 sanavit
1408 3888 1468 3947 4
1489 3891 1518 3946 Ι
1536 3887 1594 3946 4
1627 3899 1727 3946 eos,
1754 3888 1802 3936 et
1830 3884 2036 3950 eripuit
2049 3898 2131 3936 eos
2213 3886 2486 3949 quantum
2516 3880 2664 3933 inter
2692 3897 2750 3935 se
2780 3885 2839 3933 et
2883 3881 3040 3935 illum
3088 3886 3260 3935 esset.
3293 3880 3453 3936 Unde
3479 3882 3621 3950 patet
3646 3868 3763 3944 quod

533 3976 597 4029 de
627 3977 863 4029 interitu
886 3990 1076 4027 eorum
1109 3974 1270 4043 (Psal.
1296 3986 1399 4037 CVI,
1419 3971 1528 4027 20:.
1559 3971 1717 4034 Quod
1746 3972 1935 4024 volens
1961 3987 2130 4026 evan—
2213 3968 2352 4022 nihil
2380 3985 2508 4024 eum
2534 3969 2774 4041 amplius
2790 3986 2959 4041 quam
2988 3968 3279 4024 hominem
3309 3969 3554 4041 putabat.
3575 3963 3703 4020 unde
3718 3963 3761 4012 et

530 4063 737 4133 gelista
783 4078 1059 4133 exponere
1111 4078 1124 4115 :
1173 4065 1240 4114 ut
1276 4060 1697 4131 adimpleretur,
1748 4060 1948 4131 inquit,
1982 4060 2130 4131 quod
2214 4057 2547 4128 magistrum
2589 4075 2716 4112 eum
2764 4064 2941 4112 vocat.
2977 4058 3232 4112 Credidit
3280 4060 3429 4113 enim
3472 4053 3608 4127 quod
3643 4063 3759 4105 unus

533 4150 743 4204 dictum
775 4155 861 4203 est
889 4166 987 4219 per
1014 4149 1219 4204 Isaiam
1252 4150 1609 4220 prophetam:
1633 4152 1747 4217 Ipse
1769 4151 2128 4216 inﬁrmitates
2212 4153 2359 4202 esset
2388 4165 2453 4201 ex
2484 4148 2803 4202 doctoribus
2835 4147 2992 4219 legis,
3023 4152 3080 4202 et
3107 4147 3236 4202 ideo
3268 4148 3348 4202 sic
3378 4164 3506 4201 eum
3535 4140 3754 4215 appellat.

531 4245 750 4293 nostras
764 4241 986 4306 accepit,
1019 4243 1067 4291 et
1096 4241 1472 4304 aegrotationes
1489 4242 1705 4292 nostras
1720 4242 1971 4306 portavit
1995 4241 2121 4304 (Isa.
2209 4236 2343 4291 Vult
2360 4254 2493 4308 ergo
2514 4238 2692 4309 sequi,
2725 4255 2837 4292 non
2865 4245 2930 4292 ut
2953 4238 3229 4303 imitetur,
3267 4236 3366 4293 sed
3396 4240 3459 4291 ut
3478 4235 3544 4288 de
3565 4231 3758 4285 miracu-

531 4339 655 4391 LIII,
689 4328 762 4389 4).
810 4326 1061 4380 Audiant
1101 4326 1197 4397 qui
1242 4326 1439 4381 dicunt
1467 4326 1615 4394 quod
1669 4326 1939 4392 Salvator,
1995 4327 2186 4398 licet“
2206 4325 2275 4379 lis
2304 4332 2362 4380 et
2384 4326 2936 4392 virtutibuslucrum,
2960 4331 3059 4381 aut
3077 4342 3282 4381 vanam
3302 4330 3515 4398 quaerat
3531 4319 3751 4393 gloriam.

529 4431 729 4488 passus
757 4415 993 4482 dicatur,
1027 4420 1127 4469 aut
1150 4415 1348 4481 lassus,
1390 4420 1490 4468 aut
1514 4414 1783 4480 esuriens,
1802 4416 2125 4486 hujusmodi
2141 4382 2189 4441 Β
2208 4415 2299 4471 Sic
2318 4415 2508 4487 itaque
2524 4423 2579 4471 et
2590 4416 2783 4471 Simon
2803 4432 3041 4485 magnus
3059 4415 3509 4486 sequidesiderat
3526 4413 3642 4466 ιΑσι.
3661 4416 3754 4467 "II.

529 4505 817 4577 passiones
828 4504 1039 4575 absque
1053 4503 1262 4558 doloris
1274 4501 1545 4557 etlaboris
1558 4505 1758 4557 aﬂectu
1772 4504 2119 4560 sustinuerit.
2205 4502 2312 4575 13).
2349 4505 2494 4560 Nam
2523 4506 2722 4559 Petrus
2766 4505 3023 4576 princeps
3067 4505 3453 4575 apostolorum
3502 4516 3598 4574 per
3633 4507 3756 4551 mare

529 4594 692 4660 Quod
721 4594 769 4648 si
793 4609 984 4648 verum
1014 4598 1120 4660 est,
1152 4609 1254 4647 nec
1305 4597 1526 4648 nostras
1566 4593 1924 4648 inﬁrmitates
1970 4594 2120 4659 tulit,
2206 4593 2481 4665 sequitur,
2514 4594 2610 4648 sed
2642 4592 2915 4663 mergitur
2939 4594 3152 4657 (Matth.
3183 4607 3293 4658 x1v,
3329 4591 3416 4664 30)
3449 4611 3460 4645 :
3491 4590 3557 4644 ad
3583 4583 3757 4659 passio-

528 4699 632 4738 nec
659 4682 947 4754 passiones
963 4681 1224 4753 portavit.
1249 4681 1369 4737 Imo
1385 4697 1513 4736 vere
1536 4699 1731 4753 passus
1759 4682 1890 4754 quia
1920 4682 2118 4749 doluit,
2206 4697 2336 4737 nem
2349 4683 2695 4753 quoque,sed
2716 4682 3069 4752 negat.Quod
3082 4682 3130 4735 si
3149 4687 3345 4737 tantus
3363 4697 3476 4737 una
3493 4694 3610 4735 cum
3628 4677 3757 4729 caete-

529 4770 881 4828 etlaboribus
906 4771 1174 4843 fatigatus
1200 4770 1590 4825 inﬁrmitatem
1618 4771 1802 4825 carnis
1829 4772 2117 4827 sustinuit.
2203 4770 2282 4826 ris
2323 4771 2549 4836 deserit,
2599 4787 2701 4825 nec
2726 4771 2884 4842 sequi
2911 4770 3059 4824 valet
3086 4770 3156 4824 ad
3207 4771 3400 4826 omnia
3426 4790 3438 4838 ;
3471 4766 3597 4841 quid
3622 4766 3756 4836 putas

527 4861 791 4933 Alioquin
811 4862 979 4916 homo
999 4860 1093 4914 ille
1113 4858 1438 4914 Dominicus
1459 4859 1798 4914 insensibilis
1819 4866 1984 4925 esset,
2020 4877 2121 4914 nec
2203 4859 2308 4916 iste
2338 4860 2595 4915 incautus
2623 4860 2948 4932 promissor,
2973 4859 3022 4913 si
3051 4865 3185 4915 tunc
3214 4857 3476 4915 adesset?
3504 4856 3758 4912 Verumta-

524 4967 657 5007 vera
681 4951 886 5024 passio,
913 4951 1058 5005 sicut
1084 4965 1187 5003 nec
1213 4962 1347 5004 vera
1363 4948 1671 5021 redemptio
1685 4950 1862 5003 ﬁeret.
1881 4950 2121 5019 Propter
2201 4965 2330 5004 men
2342 4950 2420 5003 sic
2434 4948 2584 5014 dicit,
2608 4948 2768 5021 quasi
2798 4966 2925 5005 cum
2951 4966 3016 5003 eo
3047 4956 3235 5021 posset
3260 4950 3409 5005 ferre
3428 4946 3600 5003 crucis
3620 4943 3756 5012 igno-

524 5042 674 5115 quod
703 5040 972 5096 catholice
1000 5039 1335 5094 conﬁtemur
1353 5055 1578 5093 omnem
1592 5039 1981 5092 inﬁrmitatem
2001 5054 2120 5092 car-
2200 5039 2452 5106 miniam,
2512 5044 2703 5110 portas
2748 5038 3100 5110 confringere
3143 5038 3452 5093 inferorum
3474 5077 3488 5105 ,
3547 5035 3756 5088 mortem

520 5132 608 5186 nis
630 5130 845 5202 absque
877 5134 1104 5201 peccato
1136 5128 1466 5199 suscepisse,
1496 5133 1561 5183 ut
1603 5145 1707 5182 nos
1749 5144 1850 5183 sua
1891 5131 2119 5182 sanaret
2201 5144 2422 5200 quoque
2452 5132 2634 5182 morte
2664 5128 2972 5191 destruere,
2999 5128 3241 5182 etvitam
3262 5124 3599 5197 resurgendo
3624 5114 3757 5173 resti-

520 5221 868 5286 inﬁrmitate,
927 5224 986 5273 et
1023 5217 1258 5291 spiritus
1307 5218 1627 5272 immundos
1677 5234 1712 5271 a
1747 5217 1907 5272 nobis
1948 5217 2117 5273 verbo
2199 5222 2450 5285 tuere,ac
2473 5223 2677 5273 caetera
2702 5233 2823 5288 qum
2852 5218 2921 5270 de
2949 5217 3173 5271 Christo
3202 5217 3425 5272 difﬁcile
3455 5218 3537 5269 est
3554 5219 3755 5266 enume‘

520 5308 771 5379 pelleret,
806 5314 975 5381 atque
996 5325 1099 5380 per
1109 5308 1699 5363 veraminﬁrmitatem
1715 5308 1899 5362 carnis
1923 5313 2119 5361 nostra
2198 5322 2343 5363 rare.
2366 5307 2576 5362 Idcirco
2597 5307 2899 5378 unicuique
2911 5306 3066 5378 prius
3080 5307 3436 5379 cogitandum
3448 5302 3576 5376 quid
3589 5295 3752 5371 possit.

520 5396 760 5451 crimina
794 5398 972 5452 factus
1002 5398 1282 5453 medicina
1330 5404 1556 5452 curaret
1582 5416 1594 5451 :
1637 5416 1737 5470 per
1766 5398 2118 5452 divinitatem
2201 5403 2300 5451 aut
2326 5398 2433 5463 cui,
2464 5397 2549 5450 vel
2581 5396 2715 5468 quid
2745 5402 2958 5463 voveat,
2978 5413 3157 5468 quove
3170 5397 3377 5461 animo,
3396 5410 3506 5466 qua
3528 5384 3756 5446 intentius

518 5501 648 5542 vero
678 5486 851 5554 verbi,
883 5503 1030 5544 unus
1057 5488 1320 5561 idemque
1348 5487 1606 5543 Christus
1655 5489 1805 5543 Deus
1856 5494 1913 5543 et
1948 5488 2118 5542 homo
2199 5502 2290 5541 ne.
2344 5486 2453 5541 Sed
2484 5486 2633 5557 quod
2661 5486 2768 5540 iste
2798 5485 2987 5541 dolose
3035 5487 3156 5541 haec
3201 5484 3539 5558 promiserit,
3584 5470 3754 5551 pandit

589 5625 612 5653 ι
634 5613 781 5675 Ante
808 5613 915 5671 hoc
938 5629 1074 5686 quae,
1105 5612 1346 5672 subaudi
1373 5615 1484 5681 illi,
1513 5629 1635 5687 quas
1664 5629 1767 5669 vox
1792 5612 2020 5682 scilicet,
2039 5610 2220 5685 ellipsi
2246 5611 2368 5695 jam
2397 5627 2431 5667 a
2454 5609 2615 5669 nobis
2644 5610 2908 5694 indicata,
2940 5611 3151 5669 omissa
3176 5617 3280 5668 est.
