3918 6176
201 267 279 326 357

910 257 1290 314 EXPOSITIO
1328 258 1406 315 IN
1444 246 1887 314 MA'I'I‘HAEUM.
1932 284 1995 297 --
2035 255 2171 310 LIB.
2215 254 2279 323 V,
2324 254 2479 312 CAP.
2522 255 2672 312 VIII.

3314 265 3422 324 358

209 408 309 448 mox
324 389 642 457 conspector
659 383 929 451 omnium,
954 384 1051 457 qui
1074 384 1243 439 corda
1260 384 1488 456 inspicit
1509 384 1750 457 singulo—
1768 384 1817 443 A
1835 387 1954 437 stus
1983 382 2132 437 hunc
2160 382 2398 436 scribam
2423 398 2536 437 non
2562 382 2839 437 volentem
2870 385 3029 456 sequi
3057 387 3156 442 sed
3202 389 3420 462 ﬁngen-

273 496 334 534 ω.

273 498 334 534 m.

218 498 452 635 ml’ulpes,
475 564 679 636 inquit,
700 566 878 632 foveas
899 565 1118 627 habent,
1142 569 1189 618 et
1210 568 1451 619 volucres
1467 566 1586 619 cali
1599 565 1755 617 nidos

218 663 261 713 et
276 656 474 725 reliqua.
498 655 624 708 Non
643 655 791 725 quod
802 670 929 708 eum
950 653 1146 708 devote
1156 654 1482 708 offerentem
1497 653 1751 723 repellat,

214 747 291 801 sed
308 743 620 799 insinuando
649 743 832 814 qualis
862 748 1013 799 esset
1034 743 1160 801 iste.
1188 743 1556 798 demonstrat.
1581 743 1756 797 Tenet

215 836 334 891 enim
359 833 439 887 hic
464 833 854 888 hereticorum
903 839 1004 888 aut
1049 833 1466 904 hypocritarum
1495 832 1751 897 formam,

212 925 287 997 qui
307 939 509 994 semper
531 922 602 976 ob
631 923 786 977 aliud
807 923 985 977 Deum
1024 923 1278 977 conﬁteri
1310 927 1367 977 et
1405 922 1563 993 sequi
1592 938 1651 976 se
1678 920 1755 975 si-

210 1014 421 1069 mulant:
450 1028 691 1082 quorum
714 1028 826 1066 non
841 1012 1185 1083 approbatur
1206 1012 1472 1077 ofﬁcium,
1494 1011 1626 1082 quia
1644 1025 1757 1064 non

207 1102 380 1158 habent
391 1101 445 1155 in
465 1101 634 1155 corde
654 1101 785 1156 ﬁdei
804 1101 1130 1173 hospitium.
1156 1102 1299 1155 Hinc
1317 1116 1452 1155 sane
1469 1105 1596 1171 apte
1617 1099 1754 1154 dici-

207 1198 311 1247 tur:
348 1193 523 1260 Vulpes
551 1192 730 1259 foveas
752 1189 1247 1261 habent.Alioquin
1267 1190 1427 1255 tales,
1443 1188 1551 1243 nisi
1572 1188 1757 1242 foveas

1834 477 1949 526 tem
1980 472 2244 542 prodidit,
2276 480 2440 542 quem
2471 472 2762 527 exhorruit
2787 483 3237 545 praesumentem.
3270 481 3423 535 Alio-

1837 561 1971 632 quin
2002 563 2280 632 quomodo
2304 562 2581 616 volentem
2602 562 2773 616 istum
2791 565 3104 636 repelleret,
3135 568 3231 638 qui
3251 569 3423 625 alium

1836 650 1918 704 ire
1961 651 2274 722 cupientem
2307 650 2594 721 prohibuit
2640 668 2711 706 ne
2757 652 2977 709 abiret?
3023 656 3427 714 Verumtamen

1835 739 1892 793 in
1931 739 2183 811 utrisque
2212 741 2488 812 stupenda
2506 746 2564 795 et
2589 741 2941 798 formidanda
2951 745 3166 814 judicia
3191 748 3427 803 Redem-

1836 829 2031 900 ptoris.
2065 829 2160 900 qui
2191 837 2250 883 et
2273 831 2441 884 istum
2468 831 2622 900 juste
2649 832 2860 902 rejecit,
2907 850 3073 904 quem
3118 837 3274 907 prius
3313 854 3427 894 non

1837 918 1990 972 intus
2017 934 2051 971 a
2066 935 2166 973 suo
2183 919 2531 973 inﬁdelitatis
2544 920 2751 991 frigore
2762 938 2864 992 per
2886 924 3205 980 unctionem
3237 933 3294 994 4
3312 934 3350 993 ι
3372 933 3425 993 α

1836 1007 2066 1078 spiritus
2096 1009 2350 1074 removit,
2375 1014 2432 1062 et
2446 1009 2594 1063 hunc
2613 1010 2916 1065 clementer
2934 1014 3211 1068 volentem
3228 1015 3311 1070 ire
3340 1033 3431 1071 re-

1836 1096 2027 1159 tinuit,
2050 1114 2216 1167 quem
2233 1097 2389 1168 prius
2405 1098 2861 1169 praedestinatum
2883 1101 2953 1155 ad
2974 1102 3145 1157 vitam
3164 1104 3434 1161 divinitus

1840 1186 2031 1256 elegit.
2059 1186 2218 1241 Unde
2241 1187 2309 1241 ad
2336 1187 2453 1240 haec
2473 1187 2607 1258 quid
2619 1188 2771 1242 aliud
2789 1190 3047 1253 dicimus,
3084 1208 3255 1263 quam
3292 1194 3433 1249 illud

205 1280 436 1336 haberent
454 1284 514 1334 et
539 1278 697 1341 dolos
736 1295 801 1333 ac
837 1279 1082 1345 fraudes,
1133 1279 1323 1349 vulpes
1381 1294 1494 1333 non
1548 1282 1754 1332 essent.
1837 1274 2115 1345 Apostoli:
2143 1275 2183 1331 0
2205 1278 2444 1330 altitudo
2457 1278 2791 1332 divitiarum
2815 1282 3096 1347 sapientiae
3119 1287 3173 1335 et
3195 1286 3435 1339 scientia

206 1369 293 1425 Sed
315 1373 367 1423 et
388 1368 493 1422 nisi
516 1368 651 1439 quia
690 1367 874 1422 foveas
894 1366 1123 1432 habent,
1165 1372 1223 1421 et
1246 1370 1597 1425 terrenarum
1628 1381 1757 1436 spe-
1841 1364 1955 1428 Dei,
1990 1380 2157 1433 quam
2177 1365 2751 1434 incomprehensibilia
2763 1372 2893 1421 sunt
2896 1372 2927 1437 j
2934 1371 3119 1425 udicia
3139 1375 3273 1440 ejus,
3289 1378 3337 1426 et
3349 1376 3437 1429 in-

202 1459 363 1514 luncas
379 1457 711 1512 insidiarum
736 1476 750 1525 ;
771 1456 1023 1511 volucres
1042 1456 1185 1522 cceli,
1208 1455 1265 1509 id
1293 1461 1380 1510 est
1397 1453 1674 1509 daemonia
1700 1454 1760 1507 in
1840 1454 2178 1520 vestigabiles
2205 1456 2305 1507 viz
2328 1458 2481 1523 ejus!
2515 1455 2686 1520 (Rom.
2718 1469 2792 1521 ιιι,
2827 1455 2939 1525 33.)
2982 1457 3084 1512 Cui
3127 1459 3276 1515 enim
3318 1460 3436 1516 vult

204 1564 308 1602 aere
331 1547 430 1601 isto
456 1547 728 1613 volantia,
758 1546 920 1601 nidos
936 1546 995 1601 in
1016 1546 1097 1600 eis
1118 1545 1351 1599 minime
1380 1544 1668 1599 haberent.
1694 1544 1763 1598 Et
1843 1542 2161 1609 miseretur,
2191 1549 2250 1598 et
2278 1559 2445 1615 quem
2484 1545 2602 1599 vult
2640 1544 2886 1600 indurat.
2919 1547 2989 1601 Et
3010 1547 3057 1602 si
3088 1564 3190 1604 nos
3219 1566 3286 1604 ea
3312 1566 3437 1622 quae

202 1636 238 1692 si
259 1653 355 1691 non
381 1636 538 1708 prius
564 1635 624 1691 in
653 1636 736 1690 eis
763 1636 1165 1700 nidiﬁcassent,
1205 1635 1301 1689 isti
1330 1633 1438 1689 sibi
1475 1634 1661 1688 foveas
1701 1632 1761 1687 in
1779 1701 1818 1708 _
1843 1636 1977 1686 sunt
1993 1632 2282 1703 hominum
2305 1633 2550 1687 exterius
2567 1636 2856 1701 sentimus,
2892 1636 3164 1693 Dominus
3182 1638 3439 1695 intuetur

201 1725 404 1781 terrenis
432 1725 806 1797 pravitatibus
832 1741 944 1779 non
961 1724 1284 1780 effoderent.
1304 1725 1466 1778 Nunc
1486 1738 1614 1777 vero
1633 1701 1955 1788 ideoBcor,
1989 1727 2047 1776 et
2092 1738 2215 1792 quae
2261 1728 2395 1776 sunt
2436 1723 2496 1777 in
2542 1724 2776 1795 singulis
2830 1726 3307 1798 perspicacissime
3360 1728 3440 1783 vi-

202 1831 389 1886 semper
414 1815 666 1870 heretici
712 1820 971 1886 quaerunt
1013 1814 1217 1878 foveas,
1254 1813 1388 1885 quia
1430 1813 1489 1867 in
1550 1812 1762 1866 eisdem
1842 1810 1955 1865 det.

201 1904 443 1960 daemones
460 1904 733 1959 vitiorum
749 1904 911 1959 nidos
930 1903 1156 1958 habent.
1181 1909 1241 1968 4
1258 1910 1293 1969 Ι
1307 1904 1512 1967 61stae
1530 1906 1665 1957 sunt
1678 1918 1763 1956 er-
1916 1902 2066 1956 Tunc
2083 1903 2232 1956 alius
2252 1904 2558 1971 discipulus
2570 1905 2651 1956 ait
2671 1905 2763 1958 illi
2782 1923 2797 1957 :
2817 1905 3065 1972 Domine,
3076 1910 3334 1975 permitte
3353 1922 3439 1963 me

201 2010 257 2064 go
280 1995 538 2061 volucres,
562 1982 703 2065 quas
713 1993 998 2048 Abraham
1039 2010 1106 2047 ex
1150 1992 1475 2046 holocausto
1504 2008 1607 2045 suo
1639 2006 1761 2044 ves-
1838 1994 2094 2060 primum
2114 1995 2199 2046 ire
2212 1997 2261 2046 et
2279 1996 2502 2062 sepelire
2516 1999 2756 2062 patrem.
2780 1995 2864 2048 Ad
2878 1995 2983 2050 hoc
2993 1996 3199 2068 quippe
3218 1996 3442 2069 dispen-

200 2099 308 2155 pere
332 2082 537 2151 aiebat,
558 2084 811 2138 volucres
828 2088 1270 2154 semperparatae
1281 2082 1351 2135 ad
1383 2071 1765 2135 devorandum
1846 2086 2002 2135 sator
2029 2081 2279 2136 omnium
2308 2087 2434 2152 post
2460 2082 2573 2136 tria
2599 2082 2695 2137 illa
2722 2083 2992 2138 miracula
3037 2085 3139 2139 hos
3177 2086 3317 2141 duos
3366 2085 3440 2142 ad

204 2173 324 2242 (Gen.
351 2188 434 2239 xv,
471 2172 589 2239 11).
622 2173 803 2236 Quam
831 2172 973 2227 bene
988 2172 1237 2227 haeretici
1254 2170 1514 2241 vulpibus
1536 2185 1763 2240 compa-
1846 2170 2095 2224 medium
2125 2170 2376 2237 deduxit,
2402 2182 2467 2226 ut
2488 2172 2729 2227 disceres
2751 2189 2854 2227 nec
2868 2173 2993 2228 illos
3016 2174 3111 2245 qui
3127 2175 3435 2243 salvantur,

202 2268 398 2317 rantur:
430 2260 607 2317 fallax
631 2262 780 2317 enim
802 2262 1011 2316 animal
1034 2261 1189 2322 satis,
1215 2266 1271 2315 et
1300 2276 1523 2331 semper
1544 2258 1765 2313 insidiis
1847 2276 2042 2314 eorum
2070 2260 2306 2324 meritis,
2340 2277 2443 2314 nec
2473 2278 2567 2315 eos
2589 2262 2684 2333 qui
2716 2269 2971 2333 pereunt,
3006 2264 3113 2318 nisi
3148 2265 3302 2334 justo
3341 2264 3444 2321 Dei

204 2350 462 2418 intentum,
496 2350 721 2406 fraudis
750 2350 1007 2422 rapinam
1037 2349 1245 2421 passim
1292 2365 1572 2414 exercens,
1614 2363 1765 2402 nunc
1841 2349 2052 2419 judicio
2076 2368 2089 2416 ;
2123 2355 2399 2420 quatenus
2430 2367 2595 2405 nemo
2621 2351 2897 2421 glorietur
2924 2352 2993 2407 de
3022 2369 3101 2420 se,
3125 2355 3223 2408 sed
3248 2370 3444 2411 omnes

202 2444 346 2505 extra,
374 2456 535 2495 nunc
558 2438 725 2506 infra,
756 2455 906 2493 nunc
928 2439 1076 2493 circa
1105 2438 1301 2492 domos
1328 2438 1478 2492 inter
1514 2437 1637 2507 ipsa
1662 2437 1764 2490 ho-
1845 2437 2171 2508 confugiant
2198 2439 2269 2492 ad
2297 2439 2573 2494 medicum
2594 2440 2807 2495 salutis.
2844 2441 3002 2505 Quod
3029 2452 3218 2498 autem
3257 2443 3393 2499 dicit
3424 2462 3438 2499 :

200 2529 641 2599 spitiahominum
656 2527 911 2583 fraudem
924 2528 1235 2599 requirens,
1246 2526 1653 2598 jugiterfoveas
1670 2541 1764 2596 pa-
1847 2529 2106 2583 Permitte
2124 2530 2383 2596 primum
2408 2531 2508 2592 ire,
2549 2529 2778 2596 fallitur,
2810 2530 2941 2585 licet
2965 2547 3077 2586 non
3125 2533 3194 2587 de
3231 2533 3438 2600 studio,

199 2624 285 2684 rat,
300 2618 354 2673 in
379 2619 592 2691 quibus
610 2634 835 2689 semper
847 2622 948 2672 aut
962 2617 1138 2672 latere
1167 2622 1267 2671 aut
1284 2616 1542 2686 refugere
1553 2619 1760 2686 captat.
1847 2616 1979 2670 dum
1997 2615 2067 2670 ad
2084 2633 2224 2687 opus
2234 2616 2550 2687 pietatisire
2570 2617 2813 2672 festinat.
2830 2620 2947 2674 Hoc
2965 2620 3115 2675 enim
3128 2622 3178 2675 ei
3191 2638 3305 2676 non
3324 2622 3443 2694 pri-

203 2705 410 2779 Denique
427 2707 1201 2765 insidiatrixdomesticarum
1222 2705 1429 2770 avium,
1453 2704 1637 2776 pullos
1649 2703 1766 2773 gal-
1846 2721 2002 2759 mum
2021 2721 2142 2760 esse
2153 2705 2440 2770 debuerat,
2470 2706 2567 2760 sed
2589 2708 2913 2762 secundum.
2942 2708 3082 2772 Quia
3101 2710 3258 2780 prius
3278 2716 3365 2765 est
3382 2710 3442 2766 in

197 2795 422 2865 lirarum,
438 2797 731 2853 indefessa
747 2812 946 2868 rapere
955 2802 1117 2852 curat
1136 2815 1149 2865 ;
1183 2796 1252 2850 de
1272 2795 1473 2866 quibus
1492 2794 1765 2849 Dominus
1848 2794 2029 2866 prima
2046 2795 2186 2865 legis
2204 2794 2397 2849 tabula
2408 2796 2586 2850 Deum
2598 2796 2851 2868 diligere,
2866 2797 2924 2851 in
2936 2799 3181 2853 secunda
3192 2816 3326 2854 vero
3346 2816 3444 2872 pa-

198 2886 253 2939 ad
282 2887 651 2953 Hierusalem,
694 2886 881 2958 inquit
912 2905 924 2940 :
976 2887 1188 2953 Quoties
1233 2887 1385 2939 volui
1437 2899 1767 2952 congregare
1846 2888 1990 2939 trem
2023 2885 2319 2939 honorare.
2344 2885 2623 2939 Terrenus
2648 2902 2891 2957 namque
2921 2893 3082 2959 pater
3110 2894 3446 2961 postponen-

196 2976 314 3041 ﬁlios
342 2982 470 3043 tuos,
506 2976 982 3047 quemadmodum
1015 2977 1234 3042 gallina
1265 2978 1555 3041 congregat
1578 2975 1762 3041 pullos
1779 3026 1819 3047 η
1846 2973 1952 3028 dus
1975 2980 2097 3028 erat
2115 2973 2327 3028 caelesti
2353 2993 2366 3041 ;
2391 2979 2448 3028 et
2473 2974 2599 3028 ideo
2620 2991 2747 3029 mox
2787 2976 2867 3029 ait
2892 2995 2904 3029 :
2932 2975 3164 3046 Sequere
3192 2994 3297 3035 me.
3326 2979 3446 3035 Hoc

193 3080 295 3118 suos
323 3068 416 3119 sub
441 3068 565 3121 alis
591 3067 745 3119 suis?
767 3064 976 3132 (Matth.
1000 3076 1159 3130 mn,
1190 3061 1307 3133 37.)
1344 3063 1487 3116 Istos
1514 3076 1761 3132 namque
1778 3061 1820 3084 υ
1842 3063 2087 3134 profecto
2107 3062 2269 3133 jubet
2287 3063 2544 3117 omnibus
2561 3080 2700 3135 quos
2724 3065 2795 3118 ad
2816 3064 2986 3119 vitam
3008 3071 3182 3122 vocat.
3215 3072 3447 3138 propter

193 3153 597 3227 pullossemper
612 3151 1302 3211 insectanturhaeretici.et
1315 3168 1512 3222 rapere
1525 3150 1764 3205 moliun—
1844 3152 1993 3223 quod
2014 3153 2167 3206 venit
2189 3158 2255 3207 ut
2296 3152 2542 3224 seipsum
2574 3153 2787 3208 cunctis
2824 3155 3139 3226 exemplum
3170 3155 3436 3227 praebeat.

190 3246 268 3296 tur
283 3244 347 3298 de
364 3244 465 3299 sub
483 3244 605 3299 alis
651 3242 895 3298 Domini.
916 3242 1075 3306 Quod
1095 3257 1230 3296 sane
1250 3241 1459 3295 animal
1474 3257 1764 3311 nunquam
1848 3241 1917 3296 Et
1945 3242 2049 3295 hoc
2074 3247 2160 3295 est
2187 3240 2389 3306 dicere,
2414 3258 2636 3311 sequere
2656 3259 2759 3305 me,
2794 3243 2865 3297 ad
2896 3243 3185 3314 passiones
3213 3245 3442 3314 scilicet,

191 3328 257 3384 ita
277 3332 637 3399 mansuescit,
660 3337 727 3386 ut
753 3331 907 3386 dolos
932 3330 1174 3385 deserat.
1195 3332 1433 3401 Pr0pter
1466 3329 1612 3401 quod
1651 3330 1765 3383 Do-
1846 3330 1918 3384 ad
1949 3329 2342 3394 obedientiam,
2368 3330 2449 3385 ad.
2462 3330 2857 3398 humilitatem,
2887 3332 2957 3386 ad
2989 3333 3178 3388 omnia
3196 3350 3318 3405 quae
3343 3334 3447 3388 Pa-

192 3420 504 3478 minushunc
528 3420 747 3492 rejecit,
776 3420 910 3490 quia
924 3419 984 3473 in
1003 3419 1131 3473 felle
1176 3417 1571 3472 amaritudinis
1606 3415 1766 3487 sequi
1846 3419 1951 3474 tris
1974 3424 2122 3479 sunt.
2160 3420 2463 3491 implenda.
2510 3420 2665 3474 Fidei
2707 3421 2857 3475 enim
2895 3421 3066 3485 ﬁlius,
3106 3422 3176 3477 ad
3216 3423 3446 3479 domum

195 3522 244 3561 se
266 3510 656 3580 pollicebatur;
680 3525 794 3564 non
806 3507 1034 3580 quidem
1049 3514 1114 3562 ut
1154 3506 1534 3572 fructiﬁcaret,
1577 3506 1675 3561 sed
1703 3510 1769 3560 ut

193 3596 552 3683 demoliretur.
587 3600 671 3654 De
689 3597 892 3670 quibus
920 3598 1039 3668 ipse
1056 3596 1116 3651 in
1138 3596 1385 3651 Canticis
1408 3616 1419 3648 :
1454 3597 1643 3664 Capite
1674 3611 1768 3649 no-

197 3686 261 3739 bis
284 3693 475 3759 cu'pes,
508 3706 637 3760 qua:
655 3690 1039 3743 demoliuntur
1062 3690 1249 3741 vineas
1278 3687 1454 3755 (Cant.
1478 3698 1540 3751 ιι,
1569 3685 1679 3753 15).
1699 3684 1768 3738 Et

195 3774 402 3833 Samson
456 3778 590 3834 ideo
635 3777 703 3831 ad
746 3776 952 3831 caudas
998 3792 1192 3830 earum
1236 3776 1383 3830 faces
1427 3774 1567 3845 ligat
1613 3774 1762 3841 (Jud.

195 3876 325 3928 mu.
345 3867 416 3937 4),
440 3868 583 3939 quia
605 3866 855 3921 haeretici
886 3882 1108 3936 semper
1127 3870 1253 3936 post
1270 3882 1329 3919 se
1350 3864 1420 3919 ad
1434 3863 1771 3919 succenden-

192 3952 275 4008 das
298 3963 510 4027 segetes
532 3958 729 4028 ignem
747 3954 1000 4009 trahunt.
1024 3956 1173 4009 Bene
1194 3956 1342 4009 hunc
1376 3954 1648 4008 Dominus
1678 3969 1768 4007 re-

194 4044 347 4113 pellit,
375 4046 836 4117 nediscipulatus
845 4045 1134 4100 occasione
1151 4061 1389 4099 messem
1405 4043 1630 4098 Domini
1641 4059 1771 4098 con-

191 4142 431 4192 sumeret.
450 4130 661 4192 Potest
686 4141 880 4190 tamen
907 4140 965 4189 et
992 4135 1257 4189 lectorem
1294 4134 1589 4199 aediﬁcare,
1620 4132 1771 4204 quod

191 4219 437 4280 Dominus
460 4232 643 4281 tantae
672 4223 1023 4296 paupertatis
1050 4224 1237 4290 fuerit,
1270 4229 1336 4278 ut
1366 4223 1453 4277 vel
1476 4223 1769 4294 tugurium

1846 3509 2091 3580 perﬁdiae
2115 3508 2198 3563 ire
2230 3525 2341 3563 non
2365 3508 2576 3563 debuit.
2613 3510 2899 3581 Siquidem
2950 3527 3054 3566 nec
3102 3511 3153 3566 ei
3197 3512 3442 3583 juberet,

1846 3614 2064 3667 sequere
2085 3615 2189 3661 me,
2214 3597 2261 3652 si
2282 3614 2395 3652 non
2417 3604 2671 3652 mortuus
2694 3605 2841 3653 esset
2863 3605 3025 3670 pater
3050 3602 3191 3670 ejus,
3221 3602 3291 3656 de
3336 3617 3446 3674 quo

1848 3686 2055 3741 dicitur
2075 3705 2086 3740 :
2106 3688 2425 3742 Obliviscere
2435 3688 2658 3741 domum
2678 3692 2855 3756 patris
2877 3691 2964 3742 tui
2990 3690 3155 3756 (Psal.
3180 3691 3359 3756 xva
3374 3690 3443 3761 1).

1850 3775 1972 3840 Quo
2001 3781 2242 3839 mortuo,
2260 3775 2520 3830 misertus
2546 3792 2694 3843 eum,
2714 3777 2969 3847 quamvis
3004 3777 3444 3849 imprudentem,

1851 3865 1922 3919 ad
1951 3864 2346 3937 discipulatum
2368 3871 2544 3929 vocat,
2561 3865 2657 3919 sed
2680 3882 2805 3919 mox
2823 3866 3073 3932 instruit,
3095 3866 3276 3921 sciens
3296 3867 3447 3940 quod

1850 3971 1963 4010 non
1989 3954 2381 4026 discipulatum
2404 3960 2694 4026 respueret
2705 3954 2913 4021 animo,
2938 3955 3157 4027 expleta
3178 3955 3351 4012 debiti
3369 3956 3448 4012 of-

1851 4044 1961 4099 ﬁcii
1989 4043 2166 4114 patris
2185 4043 2393 4115 pietate
2410 4050 2475 4098 ut
2493 4043 2723 4098 liberior
2761 4061 2889 4098 eum
2926 4050 3278 4116 sequeretur.
3320 4048 3448 4101 Per-

1851 4136 2023 4199 mitte,
2053 4133 2152 4199 ait,
2186 4140 2429 4187 mortuos
2453 4137 2678 4202 sepelire
2708 4140 2953 4188 mortuos
2992 4150 3136 4190 suos.
3177 4134 3448 4206 Nunquid

1850 4222 2139 4292 religionis
2151 4221 2396 4277 officium
2414 4222 2706 4289 humandi,
2723 4223 2870 4294 quod
2882 4222 2952 4277 ab
2969 4224 3304 4280 auctoritate
3322 4241 3449 4279 san-

188 4311 380 4369 nullum
405 4315 650 4371 haberet
666 4315 725 4369 in
742 4314 930 4369 terris.
954 4316 1035 4370 Ac
1056 4314 1103 4369 si
1132 4315 1344 4368 diceret
1365 4333 1376 4368 :
1400 4314 1514 4368 Cur
1542 4318 1773 4384 propter
1788 4349 1836 4409 D
1852 4318 2068 4367 ctarum
2082 4312 2498 4383 Scripturarum
2515 4313 2885 4384 percepimus,
2901 4312 3210 4378 vetat,dum
3226 4313 3449 4386 paterni

188 4400 573 4460 ambitioneset
600 4406 760 4459 lucra
779 4404 1052 4475 sequeris,
1091 4404 1186 4475 qui
1218 4409 1388 4458 tantae
1424 4402 1770 4474 paupertatis

186 4503 290 4545 esse
308 4494 535 4562 probor,
570 4500 637 4548 ut
664 4509 767 4547 nec
798 4499 968 4564 caput
1008 4492 1243 4547 habeam
1288 4509 1398 4564 quo
1454 4491 1770 4547 reclinem?

186 4576 280 4633 Sed
298 4581 465 4638 altius
490 4582 929 4654 intelligendum
962 4582 1023 4636 in
1055 4582 1184 4648 isto,
1211 4586 1267 4636 et
1297 4582 1356 4636 in
1387 4580 1647 4637 omnibus
1674 4579 1772 4652 qui

183 4664 307 4723 forte
324 4670 512 4728 foveas
532 4672 749 4727 habent
762 4671 1072 4745 pravitatis,
1097 4671 1443 4726 etdaamones
1453 4670 1764 4735 nidiﬁcant,

183 4754 368 4814 Filium
382 4761 642 4817 hominis
661 4778 776 4816 non
794 4761 1002 4815 habere
1018 4761 1077 4815 in
1095 4760 1175 4815 eis
1195 4777 1304 4832 quo
1326 4765 1496 4832 caput
1514 4760 1763 4815 reclinet.

187 4846 349 4922 Caput
368 4870 501 4909 vero
532 4854 746 4909 Christi
776 4855 945 4919 Deus,
989 4854 1138 4907 Deus
1192 4858 1382 4908 autem
1411 4870 1522 4908 non
1552 4853 1661 4908 nisi
1710 4853 1771 4908 in

185 4943 392 4997 mundis
418 4961 483 4998 se
530 4944 771 4999 reclinat
808 4942 1109 5007 mentibus,
1144 4942 1253 4997 ﬁde
1295 4942 1450 5014 prius
1493 4943 1771 4998 mundans

187 5030 337 5084 corda
364 5049 592 5088 eorum.
622 5034 899 5088 Caeterum
928 5033 986 5086 in
1013 5031 1094 5086 eis
1146 5032 1241 5102 qui
1282 5038 1382 5085 aut
1424 5032 1610 5087 foveas
1665 5032 1771 5087 sibi

184 5115 381 5176 fodiunt
395 5123 719 5193 pravitatis.
741 5129 807 5177 ut
819 5124 876 5176 in
893 5121 1094 5193 quibus
1104 5121 1354 5175 volucres
1368 5122 1772 5176 daemoniorum

186 5206 462 5266 nidiﬁcant
488 5212 759 5267 vitiorum
787 5212 1022 5275 artibus,
1050 5211 1200 5265 Deus
1230 5212 1504 5266 reclinare
1523 5227 1634 5266 non
1658 5227 1774 5267 cre-

187 5293 339 5353 ditur.
379 5302 608 5357 Idcirco
655 5320 721 5357 ex
765 5300 1037 5356 universis
1063 5317 1193 5355 suos
1219 5301 1456 5372 requirit
1501 5300 1773 5356 Dominus

187 5393 497 5456 sectatores,
524 5392 591 5445 in
620 5391 821 5464 quibus
852 5407 954 5463 per
981 5391 1151 5445 ﬁdem
1196 5408 1263 5445 ea
1312 5408 1434 5462 quae
1482 5389 1772 5445 charitatis

185 5484 301 5533 mut
334 5480 711 5553 impleantur.
741 5483 905 5537 Patet
924 5481 1117 5552 igitur,
1150 5488 1213 5536 ut
1240 5480 1371 5551 dixi,
1415 5480 1563 5552 quod
1608 5480 1772 5536 Chri-

333 5604 676 5680 Legendum
698 5605 925 5691 videtur
948 5608 1273 5666 intentione.

1850 4402 2062 4457 funeris
2078 4402 2369 4474 sepultura
2382 4401 2745 4473 prohibetur?
2762 4402 2957 4473 Itaque
2971 4418 3326 4473 nequaquam
3343 4403 3450 4457 hoc

1850 4491 2111 4559 dixerim,
2134 4508 2199 4546 eo
2219 4491 2368 4563 quod
2384 4491 2535 4546 aliud
2548 4492 2622 4544 sit
2634 4490 2899 4562 perfectio
2914 4490 3278 4563 discipulatus
3291 4491 3453 4547 Chri-

1852 4581 1941 4646 sti,
1967 4580 2119 4635 aliud
2137 4580 2362 4636 initium
2378 4580 2665 4651 religionis
2689 4599 2701 4646 ;
2732 4581 2982 4636 humana
3010 4597 3255 4653 namque
3291 4587 3449 4654 post-

1846 4669 2107 4725 habenda
2132 4686 2355 4741 semper
2380 4668 2599 4735 divinis,
2625 4674 2682 4723 et
2704 4669 3049 4740 pmferenda
3078 4687 3202 4742 qua:
3228 4686 3453 4727 summa

1851 4763 1985 4815 sunt
2003 4758 2266 4813 humanis
2289 4777 2301 4813 :
2322 4758 2587 4831 quoniam
2602 4774 2727 4814 cum
2748 4759 3015 4824 studium,
3034 4758 3132 4827 ait,
3151 4760 3388 4816 intentio
3401 4767 3447 4829 ³,

1851 4848 2117 4905 dividitur
2136 4865 2238 4921 per
2264 4848 2461 4915 multa,
2484 4849 2548 4902 ﬁt
2568 4847 2753 4903 minor
2780 4848 2851 4903 ad
2873 4848 3095 4903 eximia.
3112 4849 3325 4905 Idcirco
3345 4851 3456 4905 Doa

1853 4939 2040 4995 minus
2055 4938 2513 5011 praedicatoribus
2528 4939 2812 5010 Evangelii
2824 4939 3109 4994 neminem
3124 4941 3185 4995 in
3197 4940 3286 4996 via
3298 4941 3453 4996 salu-

1853 5034 1975 5084 tare
1997 5028 2272 5102 permittit
2291 5029 2439 5095 (Luc.
2452 5045 2504 5093 κ,
2518 5029 2577 5093 4)
2596 5047 2608 5095 ;
2624 5045 2738 5083 non
2754 5030 2901 5100 quod
2922 5030 3038 5084 Deo
3053 5028 3453 5087 benevolentia

1854 5120 2148 5191 displiceat
2164 5117 2429 5185 ofﬁcium,
2444 5118 2540 5172 sed
2556 5118 2704 5189 quod
2735 5118 3114 5173 irrevocabilis
3148 5119 3450 5189 exsecutio,

1854 5215 1912 5274 4
1929 5217 1964 5275 Ι
1983 5214 2041 5274 8
2071 5213 2129 5263 et
2145 5207 2560 5278 evangelizandi
2590 5208 2714 5279 plus
2741 5207 2960 5279 placeat
3006 5209 3266 5263 intentio.
3308 5208 3454 5265 Hinc

1854 5303 1912 5354 et
1935 5299 2172 5370 apostoli
2204 5297 2491 5352 ministros
2513 5297 2732 5367 eligunt
2757 5298 2829 5353 ad
2850 5298 3226 5353 ministerium
3249 5315 3457 5371 paupe-

1852 5405 2001 5457 rum,
2022 5406 2093 5443 ne
2116 5388 2222 5461 ipsi
2240 5397 2667 5461 occuparentur,
2684 5394 2742 5444 et
2760 5405 2795 5443 a
2810 5389 2998 5444 studio
3012 5390 3298 5445 interdum
3320 5406 3460 5462 prae-

1854 5478 2150 5535 dicationis
2197 5485 2500 5537 cessarent.
2559 5479 2937 5548 Quaerendum
2982 5495 3115 5552 ergo
3173 5479 3455 5551 quomodo
