3918 6176
502 258 610 316 359

1268 256 1324 310 S.
1367 253 1746 310 PASCHASII
1786 247 2146 306 RADBERTI
2182 248 2486 307 ABBATIS
2526 252 3020 311 CORBEIENSIS.

3621 266 3704 324 360

502 384 713 438 mortui
734 381 1015 453 sepeliunt
1043 385 1292 435 mortuos
1322 382 1473 446 suos,
1506 378 1615 433 nisi
1644 393 1773 432 cum
1813 374 1883 430 ab
1913 373 2157 445 impiisA
2175 373 2299 429 bus.
2330 376 2401 430 Et
2428 376 2533 432 hoc
2555 384 2660 442 est,
2688 380 2837 450 quod
2858 380 2918 435 in
2948 381 3168 436 Psalmo
3186 385 3449 441 canimus:
3470 390 3702 459 Exsurge;

504 480 562 527 et
591 470 827 526 mortuis
858 471 969 524 Deo
999 470 1307 524 humantur
1355 470 1625 523 cadavera
1672 463 2100 520 defunctorum?

503 560 665 618 Unde
690 559 1049 614 manifestum
1067 559 1234 630 quod,
1258 558 1402 612 sicut
1430 557 1670 611 moritur
1695 571 1823 608 caro
1852 570 1981 608 cum
2000 552 2099 606 de-

505 652 713 707 seritur
741 649 812 704 ab
842 648 1048 713 anima,
1082 648 1162 703 ita
1178 664 1372 702 rursus
1394 646 1585 700 anima
1613 661 1744 699 cum
1773 642 2102 698 deseritura

503 741 641 797 Deo.
667 740 736 794 Et
753 738 882 792 inde
898 743 985 792 est
1003 736 1150 808 quod
1170 736 1249 790 ait
1273 751 1283 782 ε
1298 734 1431 791 Sine
1451 739 1694 790 mortuos
1710 735 1933 802 sepelire
1950 746 2101 785 mor-

506 836 625 884 tuos
655 846 797 894 suos,
831 827 1084 882 inﬁdeles
1113 825 1322 879 scilicet
1366 842 1461 880 eos
1514 825 1611 896 qui
1655 820 1900 877 defuncti
1940 826 2103 875 erant

505 936 698 976 carne.
734 920 813 973 Ac
849 917 895 970 si
924 920 1181 987 patenter
1208 915 1388 969 dicat:
1422 914 1506 969 Tu
1536 913 1632 984 qui
1684 912 1795 966 ﬁde
1840 910 1993 964 vivis.
2044 915 2103 964 et

505 1015 765 1064 mortuus
794 1005 994 1061 szeculo
1021 1003 1294 1076 probaris,
1340 1002 1481 1057 nihil
1524 1001 1629 1055 tibi
1670 1018 1796 1055 cum
1840 998 2097 1066 mortuis,

439 1092 443 1096 ”
502 1098 631 1153 ideo
654 1096 791 1151 illud
823 1093 1172 1149 consortibus
1198 1093 1452 1164 relinque
1481 1111 1492 1145 :
1522 1099 1584 1146 tu
1613 1097 1801 1145 autem
1833 1106 1946 1143 una
1973 1105 2100 1142 cum

503 1186 695 1242 electis
724 1201 961 1257 sequere
990 1200 1080 1237 me
1108 1183 1167 1237 in
1194 1181 1366 1237 vitam
1391 1201 1405 1250 ;
1428 1180 1677 1252 alioquin
1707 1196 1833 1234 cum
1865 1177 2102 1233 mortuis

503 1274 881 1348 deputaberis.
915 1274 1044 1328 Haec
1072 1288 1185 1326 non
1210 1271 1357 1342 quod
1389 1270 1589 1325 funera
1616 1266 1894 1323 defunctis
1925 1267 2100 1321 abne-

501 1370 616 1436 get,
651 1363 751 1417 sed
778 1369 842 1417 ut
875 1361 1188 1416 doctrinam
1214 1359 1422 1430 ubique
1452 1357 1812 1412 credentibus
1839 1355 2056 1428 aperiat
2082 1373 2094 1409 :

502 1470 689 1525 neque
714 1458 780 1507 ut
807 1450 877 1505 ab
907 1449 1089 1504 ofﬁcio
1120 1448 1296 1520 patris
1325 1448 1503 1503 ﬁlium
1532 1452 1754 1502 revocet
1778 1464 1790 1513 ;
1843 1445 1939 1499 sed
1970 1449 2033 1499 ut
2067 1461 2103 1498 a

503 1541 784 1598 consortio
812 1539 1116 1611 impiorum
1158 1554 1287 1592 eum
1335 1542 1608 1602 secernat,
1668 1540 1724 1590 et
1763 1533 1951 1588 omnia
1999 1549 2100 1605 pro

501 1638 776 1703 tempore,
801 1645 901 1701 pro
938 1626 1210 1693 doctrina,
1252 1642 1354 1697 pro
1392 1624 1574 1680 ofﬁcio
1601 1624 1837 1696 mystice
1873 1622 2100 1694 dispen—

504 1726 609 1776 set.

573 1811 641 1865 Et
666 1809 981 1864 ascendente
1009 1824 1066 1861 eo
1096 1808 1156 1860 in
1187 1807 1533 1872 naviculam,
1577 1805 1748 1858 secuti
1784 1802 1923 1855 ‘sunt
1974 1817 2100 1855 eum

500 1900 768 1969 discipuli
807 1901 941 1966 ejus.
998 1896 1117 1951 Hoc
1172 1901 1259 1950 est
1313 1894 1462 1965 quod
1509 1910 1680 1965 supra
1729 1892 1979 1963 jusserat
2037 1895 2102 1944 ut

501 1987 651 2043 irent
678 1993 838 2042 trans
865 1985 1091 2052 fretum,
1124 1989 1179 2038 et
1208 1983 1419 2038 occurit
1456 1982 1527 2036 ad
1558 1981 1805 2036 medium
1843 1979 1993 2051 quod
2029 1978 2099 2035 de

501 2077 589 2132 his
619 2075 837 2131 duobus
864 2080 1146 2128 narratur.
1171 2072 1330 2127 Unde
1355 2072 1445 2125 hic
1470 2087 1618 2125 unus
1643 2090 1656 2123 :
1710 2072 1969 2124 Permitte
2016 2084 2101 2122 me

493 2169 774 2238 primum,
805 2163 1010 2234 inquit,
1043 2162 1098 2217 id
1123 2167 1209 2217 est
1236 2166 1538 2231 antequam
1570 2160 1679 2213 iret
1707 2174 1835 2212 cum
1859 2174 1924 2211 eo
1944 2162 2100 2212 trans

499 2255 729 2333 factum.
755 2253 898 2316 Quia
928 2252 1174 2323 profecto
1202 2251 1368 2304 rudes
1385 2255 1443 2303 et
1460 2248 1633 2319 tepidi
1662 2247 1843 2302 adhuc
1872 2262 2099 2300 moven-

499 2350 597 2400 tur
619 2347 919 2415 parentum
964 2338 1371 2399 affectionibus,
1420 2336 1623 2409 quibus
1679 2336 2099 2407 praepediuntur

499 2433 586 2487 ire
614 2437 741 2502 post
761 2429 1048 2485 Christum
1069 2428 1139 2482 ad
1156 2427 1443 2499 passiones
1473 2433 1531 2480 et
1557 2425 1802 2480 ofﬁcium
1829 2424 2097 2496 praedica-

498 2521 686 2576 tionis.
711 2520 820 2575 Sed
838 2518 1110 2573 Dominus
1130 2516 1318 2571 omnia
1335 2521 1691 2587 postponere,
1715 2530 2015 2586 secumque
2040 2514 2099 2568 in

499 2610 776 2677 navicula,
811 2625 932 2679 quae
957 2612 1042 2661 est
1070 2606 1245 2677 ipsius
1282 2605 1544 2667 Ecclesia,
1578 2604 1726 2658 inter
1772 2603 1953 2658 varios
1998 2604 2101 2658 ﬂu-

500 2706 625 2757 ctus
647 2705 705 2754 et
723 2698 995 2770 procellas
1025 2695 1209 2751 saeculi
1239 2695 1320 2748 ire
1355 2701 1513 2748 trans
1557 2694 1761 2748 fretum
1787 2693 1950 2763 jubet
1981 2711 1994 2760 ;
2028 2708 2099 2747 ne

499 2790 622 2846 sine
650 2788 773 2860 ipso
791 2786 992 2841 mediis
1017 2783 1725 2855 obvolvanturgurgitibus.
1741 2782 1901 2837 Unde
1916 2781 2100 2852 sequi-

496 2884 630 2934 tur:
671 2879 800 2933 Ecce
820 2881 999 2930 molus
1032 2891 1268 2943 magnus
1298 2875 1477 2941 factus
1508 2879 1580 2926 est
1612 2876 1675 2927 in
1714 2874 1883 2938 mari,
1916 2874 1997 2924 ita
2035 2875 2100 2925 ut

496 2970 761 3023 navicula
787 2968 1100 3034 operiretur
1126 2964 1403 3033 ﬂuctibus.
1433 2960 1574 3015 Mira
1599 2959 1944 3031 dispensatio
1972 2959 2094 3014 Dei.

498 3056 673 3119 Mare,
709 3053 857 3124 quod
888 3052 1120 3124 pedibus
1150 3052 1198 3121 ej
1208 3068 1272 3105 us
1292 3055 1576 3104 tumentes
1592 3050 1794 3103 ﬂuctus
1812 3048 2092 3115 submisit,

498 3149 557 3198 et
584 3142 863 3197 undarum
878 3140 1108 3193 vertices
1129 3138 1351 3209 redegit
1370 3138 1427 3191 in
1450 3139 1698 3208 planum,
1724 3137 1871 3208 quod
1884 3137 2099 3208 liquen-

495 3238 612 3287 tem
642 3230 788 3284 viam
817 3229 1077 3283 solidavit
1105 3227 1274 3282 veluti
1303 3227 1542 3291 aridam,
1574 3233 1639 3280 ut
1656 3242 1825 3297 super
1853 3243 1978 3281 eam
1992 3227 2097 3281 Do-

498 3320 687 3375 minus
706 3319 851 3373 sicco
872 3317 1105 3387 vestigio
1126 3316 1415 3379 incideret,
1451 3316 1615 3369 modo
1647 3315 1779 3386 quid
1811 3322 1896 3369 est
1922 3314 2093 3386 quod,

496 3408 735 3464 Domino
774 3406 1109 3461 ascendente
1156 3405 1214 3458 in
1254 3404 1582 3470 naviculam,
1638 3409 1860 3458 tantum
1900 3404 2097 3459 saevit?

502 3498 606 3553 Vel
634 3496 889 3568 nunquid
931 3496 1049 3567 ipse
1078 3495 1341 3567 praescius
1365 3494 1703 3557 futurorum,
1737 3495 2097 3565 praesentium

496 3588 577 3643 sic
602 3593 726 3642 erat
752 3587 1003 3657 ignarus,
1044 3590 1110 3639 ut
1131 3584 1435 3638 instantem
1456 3588 1848 3654 tempestatem
1882 3588 1939 3637 et
1958 3588 2097 3638 tem-

494 3694 602 3750 pus
627 3675 873 3748 periculi,
893 3691 1004 3729 non
1032 3673 1406 3746 praecaveret?
1435 3674 1533 3727 sed
1579 3680 1643 3727 ut
1685 3672 1838 3726 aliud
1882 3690 1946 3726 ex
1992 3673 2096 3726 hoc

496 3767 797 3825 minueret.
829 3765 953 3819 ideo
983 3770 1041 3818 et
1066 3763 1257 3818 navim
1278 3762 1615 3825 ascendisse,
1640 3779 1705 3817 ac
1735 3767 1926 3816 ventos
1956 3761 2095 3815 exci-

493 3861 644 3911 tasse
666 3854 965 3909 credimus.
984 3853 1247 3925 Alioquin
1268 3852 1327 3906 in
1346 3858 1503 3906 tanto
1521 3851 1787 3922 pexic'ulo,
1812 3851 2091 3922 quomodo

492 3946 663 4009 solus,
697 3951 762 3999 ut
783 3945 983 3998 Jonam
1031 3942 1163 3997 olim
1203 3941 1401 3995 fecisse
1448 3941 1687 4011 legimus
1735 3942 1878 4006 (Jan.
1914 3956 1948 4005 ι,
2011 3938 2086 4009 5),

492 4051 690 4090 somno
699 4031 1135 4104 gravaretur,ita
1145 4036 1209 4084 ut
1221 4030 1649 4095 obdormiret,se
1661 4029 1889 4099 suisque
1902 4035 1955 4092 με
1978 4036 2010 4093 |
2026 4034 2093 4093 9

491 4127 651 4176 tanto
683 4121 1005 4175 discrimine
1034 4119 1488 4190 comprehensis?
1537 4119 1665 4183 Sed,
1711 4119 1808 4181 ait,
1864 4118 2094 4190 provida

493 4210 701 4265 Christi
728 4210 906 4264 virtus
939 4208 1149 4273 omnia,
1175 4213 1453 4279 quatenus
1486 4214 1543 4262 et
1569 4208 1707 4262 ﬁdes
1738 4209 2091 4278 augeaturde

492 4299 783 4361 miraculo,
820 4305 877 4351 et
900 4297 1052 4350 aliud
1081 4296 1351 4351 doceatur
1392 4295 1631 4351 interius
1680 4313 1744 4349 ex
1796 4298 2081 4367 mysterio.

490 4388 633 4443 Nam
674 4385 1067 4457 gubernatoris
1099 4384 1363 4457 peritiam
1400 4400 1513 4438 non
1552 4384 1749 4455 probat
1788 4387 2089 4457 temperies

491 4476 828 4540 serenitatis,
862 4476 958 4530 sed
1003 4474 1330 4529 immanitas
1356 4474 1708 4544 tempestatis
1762 4475 1905 4545 Ergo
1926 4475 2089 4530 Chri-

494 4572 613 4621 stus
638 4572 773 4621 tunc
800 4565 1052 4620 ascendit
1075 4565 1133 4618 in
1167 4563 1498 4627 naviculam,
1525 4563 1747 4634 quando
1769 4581 1836 4618 ex
1862 4565 1967 4619 hoc
1994 4565 2090 4619 do-

491 4661 643 4711 ceret
670 4654 818 4726 quod
848 4654 918 4708 ab
948 4653 1110 4708 initio
1141 4653 1325 4707 saeculi
1360 4660 1556 4724 potens
1584 4653 1643 4707 in
1672 4670 1792 4720 sua,
1825 4654 1960 4708 dum
1991 4671 2089 4725 pe-

491 4746 788 4812 riclitatur,
817 4744 935 4815 agit
960 4744 1219 4799 Ecclesia.
1256 4743 1329 4798 Et
1357 4744 1505 4815 quod
1542 4744 1794 4798 fecerunt
1829 4746 2087 4815 apostoli,

495 4840 797 4908 postquam
826 4833 1087 4888 viderunt
1119 4832 1379 4905 peritiam
1409 4832 1692 4903 deperisse
1736 4832 2092 4904 gubernandi

490 4924 755 4979 humanae
785 4922 1124 4994 fragilitatis,
1156 4928 1446 4977 cernentes
1472 4939 1627 4977 mare
1666 4923 1814 4994 quod
1846 4924 2089 4994 amplius

491 5013 728 5081 saeviret,
760 5019 817 5068 et
841 5013 1097 5068 turbines
1126 5017 1418 5067 ventorum
1450 5012 1598 5083 quod
1644 5017 1841 5066 contra
1888 5012 2089 5068 ﬂuctus

492 5103 674 5174 magis
704 5102 993 5174 magisque
1023 5100 1386 5169 colliderent;
1414 5102 1519 5155 hoc
1548 5101 1798 5172 quotidie
1828 5101 2086 5172 discipuli

492 5192 697 5249 Christi
728 5197 923 5264 agunt,
957 5191 1087 5246 dum
1112 5191 1461 5263 periclitatur
1505 5190 1922 5245 Ecclesia.Mox
1952 5208 2084 5262 ergo

484 5283 614 5353 jure
640 5282 969 5353 confugiunt
996 5281 1065 5335 ad
1086 5280 1523 5351 gubernatorem
1553 5297 1762 5344 verum,
1791 5280 1862 5335 ad
1889 5280 2085 5334 trium—

489 5371 781 5443 phatorem
815 5371 1019 5432 saeculi,
1065 5371 1136 5425 ad
1174 5373 1579 5425 elementorum
1621 5371 1944 5437 Dominum,
1986 5388 2082 5442 pe-

485 5465 672 5531 tentes
704 5467 768 5514 ut
806 5462 1009 5515 ﬂuctus
1038 5460 1259 5532 mitiget
1303 5477 1712 5532 pressurarum,
1772 5462 2082 5532 periculum

488 5549 816 5607 submoveat
844 5550 1189 5619 tentationis,
1223 5550 1461 5606 salutem
1482 5548 1746 5605 restituat
1773 5550 2082 5607 laboranti-

2182 480 2354 534 quare
2384 468 2678 533 obdormis,
2709 470 2977 524 Domine?
2997 488 3241 540 exsurge,
3274 479 3320 527 et
3348 492 3409 529 ne
3434 481 3633 547 repellas
3657 484 3709 535 in

2180 555 2350 621 ﬁnem
2375 558 2537 633 (Psal.
2560 571 2715 624 XLIII,
2749 557 2860 630 '23).
2894 560 3019 614 Non
3066 562 3210 632 quod
3244 579 3471 634 unquam
3509 566 3710 624 dormiat

2183 642 2281 713 qui
2307 645 2551 700 custodit
2569 646 2719 701 inter
2744 648 2995 719 fragores
3022 652 3207 704 saeculi
3250 652 3525 707 Ecclesiam
3555 662 3605 710 et
3626 674 3711 728 gu-

2184 730 2400 799 bernat,
2423 734 2521 788 sed
2554 736 2774 806 quoties
2792 738 3235 807 periclitantibus
3262 758 3370 795 non
3397 742 3713 813 praebetauxi-

2183 820 2340 887 lium,
2375 823 2535 893 quasi
2566 823 2912 881 obdormisse
2935 827 3155 882 dicitur.
3190 830 3331 900 Ergo
3358 831 3495 885 unde
3528 833 3611 888 ille
3634 832 3713 889 ob-

2183 911 2409 975 dormit,
2441 912 2571 967 inde
2596 914 2777 979 navis,
2815 915 3070 971 videlicet
3098 918 3361 983 Ecclesia,
3391 925 3444 973 et
3482 921 3566 991 qui
3591 922 3640 976 in
3664 940 3717 978 ea

2183 1007 2333 1066 sunt,
2366 1003 2601 1073 regitur,
2632 1004 2766 1075 quia
2796 1005 2994 1060 exinde
3022 1007 3159 1062 ﬁdes
3196 1015 3387 1063 contra
3427 1012 3717 1068 tentationes

2183 1090 2426 1161 amplius
2449 1092 2519 1146 ad
2548 1092 2836 1148 victoriam
2857 1095 3128 1150 eruditur.
3171 1096 3327 1152 Hanc
3354 1115 3481 1152 sane
3504 1100 3717 1156 Christus

2183 1180 2438 1235 ascendit
2462 1197 2679 1249 navem,
2709 1184 2933 1254 quando
2974 1185 3046 1239 ad
3085 1201 3187 1239 nos
3234 1186 3540 1242 incarnatus
3578 1190 3715 1256 venit,

2183 1268 2353 1339 hujus
2379 1270 2567 1325 saeculi
2596 1288 2750 1326 mare
2777 1274 3259 1330 transfretaturus.
3295 1276 3401 1331 Sed
3430 1294 3546 1331 mox
3584 1278 3718 1333 turbo

2185 1362 2243 1411 et
2268 1360 2670 1429 persecutionis
2699 1363 3225 1432 procellainsiliens,
3243 1365 3497 1420 turbatur
3514 1367 3718 1421 Herodes

2184 1462 2300 1514 rex,
2323 1451 2379 1503 et
2398 1451 2582 1504 omnis
2605 1450 2992 1523 Hierosolyma
3032 1469 3159 1508 cum
3203 1470 3288 1508 eo.
3336 1454 3536 1508 Deinde
3576 1471 3720 1527 usque

2183 1536 2255 1591 ad
2274 1537 2445 1592 ﬁnem
2471 1538 2659 1594 seculi
2680 1547 2877 1595 contra
2897 1558 3049 1604 eum,
3078 1558 3341 1614 suosque,
3363 1543 3533 1598 acrior
3550 1544 3722 1599 daemo-

2184 1642 2317 1681 num
2335 1631 2639 1699 tempestas
2658 1629 2814 1684 saevit
2834 1648 2848 1692 ;
2863 1631 3039 1685 totius
3057 1632 3256 1687 mundi
3269 1632 3454 1687 fremit
3469 1633 3723 1696 rabies,re-

2119 1692 2165 1752 Β
2180 1731 2316 1786 gum
2337 1692 2606 1787 spumant
2621 1718 2862 1773 vicissim
2877 1720 3102 1787 ﬂuctus,
3119 1721 3313 1792 populi
3320 1721 3558 1792 gurgites
3574 1692 3724 1776 rotan-

2181 1809 2276 1860 tur
2295 1805 2529 1877 perﬁdia
2543 1807 2900 1863 credentibus
2919 1824 3143 1881 semper
3151 1815 3317 1881 parat
3341 1810 3628 1881 naufragia.
3640 1811 3724 1865 Ne-

2183 1909 2466 1967 quaquam
2513 1895 2690 1966 igitur
2719 1897 2778 1951 in
2822 1897 2930 1953 hoc
2978 1898 3121 1952 mari
3168 1915 3375 1973 magno
3420 1904 3474 1954 et
3522 1899 3723 1971 spatioso

2182 1982 2369 2050 draco,
2402 1985 2499 2056 qui
2523 1985 2583 2040 in
2612 2002 2677 2040 eo
2694 1992 2781 2040 est
2807 1986 2877 2041 ad
2898 1987 3268 2054 illudendum,
3292 2004 3532 2061 unquam
3556 1995 3725 2044 autus-

2184 2088 2353 2149 quam
2387 2080 2586 2129 cessat.
2612 2075 2719 2130 Sed
2742 2083 2934 2131 tamen
2964 2076 3187 2147 quoties
3215 2079 3483 2134 accedunt
3506 2078 3569 2132 ad
3596 2078 3723 2132 Chri-

2182 2167 2333 2216 stum
2354 2162 2610 2234 discipuli
2638 2164 2912 2219 suscitant
2934 2181 3063 2219 eum
3092 2167 3259 2236 quasi
3287 2166 3357 2221 de
3400 2182 3585 2239 sopore
3620 2166 3724 2219 dor-

2182 2250 2475 2306 mientem.
2508 2252 2633 2322 Ipse
2670 2270 2802 2307 vero
2828 2270 2955 2308 mox
3003 2254 3250 2325 imperat
3293 2256 3483 2323 ventis,
3538 2255 3726 2325 corripit

2180 2339 2501 2410 procellam,
2535 2341 3001 2412 tranquillitatem
3031 2342 3218 2398 reddit
3248 2344 3514 2410 Ecclesiae,
3546 2342 3728 2412 mitigat

2180 2434 2489 2499 potestates
2548 2430 2752 2495 saeculi,
2804 2439 2861 2485 et
2906 2448 3101 2502 pacem
3152 2434 3438 2505 componit
3488 2431 3722 2488 omnibus.

2181 2517 2325 2571 Hinc
2336 2523 2423 2572 est
2442 2519 2588 2589 quod
2607 2536 2774 2589 quam
2794 2537 2938 2591 saepe
2948 2519 3298 2576 obdormisse
3310 2521 3609 2593 putabatur,
3621 2520 3727 2574 dum

2179 2621 2309 2660 vero
2358 2607 2482 2676 ejus
2520 2606 2823 2660 Ecclesium
2864 2608 3143 2678 perimere
3189 2609 3571 2675 moliebantur,
3620 2608 3727 2662 dum

2179 2694 2560 2750 Diocletianus
2588 2695 2928 2761 subvertere,
2962 2697 3167 2752 Decius
3198 2699 3559 2770 exstinguere,
3586 2695 3728 2752 Maxi-

2180 2783 2402 2839 mianus
2430 2801 2560 2838 vero
2590 2785 2852 2840 ﬂuctibus
2881 2785 3234 2859 obmergere,
3264 2795 3323 2844 et
3349 2789 3445 2843 alii
3472 2785 3727 2860 quamplu-

2180 2888 2270 2927 res
2301 2888 2460 2927 arma
2480 2873 2687 2928 diaboli
2717 2874 2903 2930 ferire.

2257 2962 2426 3029 Tunc,
2457 2962 2662 3034 inquit,
2698 2980 2927 3034 surgens
2964 2970 3271 3035 imperavit
3308 2970 3477 3024 ventis
3510 2968 3731 3032 4208‘

2116 3050 2159 3109 Ο
2179 3055 2349 3106 mari.
2375 3051 2621 3123 Surgeus
2639 3053 2833 3125 utique
2852 3060 3124 3126 utpotens
3139 3074 3173 3111 a
3186 3074 3389 3112 somno
3409 3054 3732 3121 mortis,deje-

2178 3140 2257 3195 cit
2270 3140 2478 3207 hostes,
2495 3142 3085 3213 quipriusdormiebat
3113 3145 3257 3200 dum
3284 3145 3433 3200 venti
3463 3146 3659 3207 ﬂarent,
3685 3145 3730 3195 et

2178 3246 2334 3285 mare
2355 3230 2616 3286 ﬂuctibus
2630 3230 2886 3286 ferveret.
2910 3234 3142 3299 Tamen,
3175 3233 3315 3290 licet
3341 3252 3441 3307 per
3459 3231 3732 3288 humanita-

2179 3323 2293 3373 tem
2313 3319 2558 3374 dormiat
2574 3336 2825 3393 corpore,
2841 3338 2941 3393 per
2953 3322 3309 3379 divinitatem
3324 3324 3551 3395 vigilans
3582 3325 3732 3375 custo-

2179 3408 2263 3463 dit
2276 3409 2484 3476 omnia,
2506 3414 2565 3464 et
2576 3427 2812 3481 surgens
2830 3410 3048 3483 impera
3070 3415 3389 3485 majestate.
3427 3412 3730 3481 Quandoque

2178 3496 2314 3552 dum
2343 3497 2553 3553 dormit
2578 3498 2878 3555 conturbat
2905 3501 3102 3566 maria,
3132 3503 3229 3573 qui
3265 3503 3527 3574 evigilans
3544 3502 3732 3555 serenat

2177 3587 2468 3656 universa;
2498 3593 2634 3644 tunc
2656 3589 2903 3660 quidem,
2937 3597 2997 3646 et
3013 3608 3180 3658 nunc,
3216 3599 3281 3648 ut
3309 3598 3427 3648 suis
3455 3608 3602 3647 suam
3626 3587 3732 3644 insi-

2177 3682 2380 3731 nuaret
2402 3678 2777 3748 majestatem,
2808 3684 2867 3734 et
2888 3680 3059 3735 corda
3087 3681 3435 3737 credentium
3458 3680 3656 3737 erudiat
3676 3673 3733 3730 ad

2176 3765 2365 3819 ﬁdem.
2394 3766 2482 3820 Ad
2510 3767 2616 3821 hoc
2644 3767 2851 3840 quippe
2869 3768 3153 3825 interdum
3180 3771 3395 3827 dormit
3415 3771 3670 3828 Christus,
3683 3769 3735 3819 ut

2178 3853 2520 3909 dormientes
2551 3855 2755 3910 excitet
2803 3856 3124 3928 discipulos.
3184 3860 3515 3915 Excitantur
3555 3862 3729 3916 autem,

2177 3942 2311 3996 dum
2341 3949 2398 3998 et
2420 3960 2578 3998 suam
2604 3954 3011 4016 recognoscunt
3029 3947 3442 4009 inﬁrmitatem.
3467 3956 3521 4004 et
3546 3949 3652 4017 ejus
3669 3942 3734 3996 in-

2176 4033 2455 4104 telligunt,
2478 4035 2627 4089 inter
2637 4036 2926 4107 angustias
2939 4038 3204 4102 conclusi,
3222 4042 3336 4111 maj
3344 4046 3586 4095 estatem.
3601 4032 3731 4091 Unde

2173 4124 2438 4193 profecto,
2484 4125 2782 4196 inquiunt:
2830 4128 3081 4194 Domine,
3121 4134 3279 4183 salva
3329 4148 3456 4193 nos;
3499 4129 3728 4198 perimus.

2174 4212 2424 4276 Quorum
2444 4214 2700 4286 precibus
2712 4215 2838 4270 ideo
2859 4216 3152 4278 excitatur,
3172 4218 3308 4288 quia
3334 4218 3500 4273 hemo
3528 4216 3733 4285 imperat

2176 4303 2492 4373 majestate,
2524 4304 2657 4375 quia
2675 4305 2846 4360 Deus.
2879 4305 2988 4360 Sed
3016 4322 3145 4360 mox
3165 4307 3429 4363 timorem
3464 4320 3645 4363 eorum
3667 4301 3733 4354 in-

2173 4399 2380 4463 crepat,
2407 4393 2625 4448 dicens:

2240 4484 2460 4537 Modica
2478 4485 2606 4549 ﬁdei
2612 4524 2625 4545 .
2647 4486 2784 4553 quid
2801 4487 2991 4539 timidi
3011 4489 3134 4540 estis
3156 4492 3179 4539 ?
3194 4486 3340 4542 Nam
3357 4487 3428 4542 ad
3439 4487 3539 4541 hoc
3557 4482 3730 4555 quippe

2171 4568 2551 4625 obdormierat
2577 4577 2642 4626 ut
2668 4573 2807 4627 ﬁdes
2833 4591 3025 4628 eorum
3058 4575 3515 4646 pulsaretur.Qui
3532 4589 3645 4629 cum
3670 4570 3731 4623 ti-

2173 4659 2465 4723 muissent,
2493 4661 2672 4731 magis
2685 4663 2976 4734 magisque
2993 4664 3239 4734 periculo
3250 4665 3651 4736 premebantur.
3659 4659 3733 4714 Sic

2174 4754 2229 4803 et
2240 4749 2439 4803 Petrus
2452 4748 2645 4803 videns
2654 4759 2879 4806 ventum
2898 4753 3139 4806 validum
3150 4753 3426 4819 timuit,et
3440 4769 3564 4807 mox
3591 4747 3733 4820 erepit

2174 4837 2370 4907 mergi.
2398 4837 2557 4893 Unde
2588 4840 2946 4895 maniféstum
2982 4842 3126 4912 quod
3159 4843 3297 4897 ﬁdes
3326 4843 3447 4897 sine
3476 4840 3658 4896 ﬁducia
3686 4842 3734 4890 et

2173 4926 2519 4995 fortitudine,
2552 4929 2759 5001 ubique
2786 4930 3129 4985 inﬁrmatur.
3161 4932 3288 4986 Non
3313 4933 3465 4987 enim
3494 4948 3556 4987 ex
3583 4946 3637 4985 se
3650 4924 3731 4981 sed

2170 5034 2238 5071 ex
2255 5017 2371 5072 Deo
2401 5018 2640 5090 quisque
2668 5019 2837 5074 debet
2863 5021 3161 5087 conﬁdere,
3202 5021 3366 5076 sicuti
3399 5022 3587 5077 eadem
3614 5017 3732 5072 ﬁdes

2168 5123 2363 5162 revera
2389 5124 2458 5162 ex
2485 5107 2599 5163 Deo
2623 5126 2744 5163 esse
2769 5108 3057 5180 probatur.
3084 5110 3154 5164 Et
3188 5110 3312 5166 ideo
3360 5117 3423 5167 ut
3468 5124 3658 5179 magna
3683 5109 3733 5159 et

2168 5195 2382 5263 efﬁcax,
2418 5197 2509 5262 sit,
2541 5203 2785 5268 quantus
2806 5208 2891 5253 est
2912 5216 2979 5253 ex
2998 5216 3110 5269 quo
3125 5204 3213 5255 est
3231 5201 3370 5272 ipsa,
3389 5206 3602 5256 tantum
3621 5209 3730 5250 cum

2166 5284 2422 5356 precibus
2450 5302 2510 5340 se
2536 5285 2701 5340 debet
2729 5287 2985 5348 dilatare,
3021 5293 3192 5359 atque
3233 5289 3438 5344 ﬁducia
3481 5283 3730 5357 largitatis

2167 5374 2375 5429 Christi
2394 5392 2657 5430 crescere.
2674 5377 2808 5440 Quae
2830 5377 3099 5433 nimirum
3120 5384 3329 5450 quanto
3341 5380 3463 5449 plus
3482 5373 3726 5438 timuerit,

2164 5469 2324 5519 tanto
2352 5465 2537 5521 minus
2567 5466 2747 5533 valet;
2786 5467 2918 5537 quia
2938 5468 3057 5538 ipse
3084 5469 3255 5524 timor
3281 5469 3350 5523 de
3387 5474 3576 5524 nostra
3596 5465 3729 5519 inﬁr-

2163 5553 2363 5609 mitate
2392 5554 2581 5624 venit;
2613 5554 2820 5612 ﬁducia
2842 5571 2973 5612 vero
3002 5555 3132 5612 ﬁdei
3161 5574 3227 5614 ex
3252 5557 3505 5631 potentia
3518 5562 3573 5610 et
3595 5550 3730 5608 boni-
