3918 6176
141 289 222 349 361

872 287 1250 343 EXPOSITIO
1289 287 1368 343 IN
1406 285 1852 344 MATTHEUM.
1894 318 1958 331 —
1998 288 2135 345 LIB.
2176 290 2244 359 V,
2286 290 2443 347 CAP.
2486 290 2637 347 VIII.

3283 292 3390 351 362

141 422 238 471 tate
263 414 435 468 divini
465 415 755 485 adjutorii,
789 412 994 485 ubique
1024 419 1081 467 et
1108 430 1334 485 semper
1360 414 1565 469 solidat
1591 431 1715 469 cre-
1732 418 1778 476 A
1801 416 1974 487 igitur
1999 433 2065 469 ex
2090 417 2195 470 hoc
2223 416 2514 483 miraculo,
2556 416 2701 471 sicut
2733 422 2789 471 et
2828 417 2888 472 in
2926 417 3204 486 omnibus,
3237 422 3386 491 quod

141 509 313 561 dentes
346 510 405 558 et
423 504 678 559 efﬁcaces
708 504 856 558 facit.
890 506 1011 559 Haec
1039 509 1133 569 est,
1166 505 1248 558 ait
1287 505 1607 575 Apostolus,
1642 507 1721 558 vi-

140 598 293 651 ctoria
313 599 507 648 nostra
520 610 641 663 qua:
654 596 821 647 vincit
842 595 1138 659 mundum,
1147 596 1274 661 ﬁdes
1294 598 1479 647 nostra
1499 595 1715 660 (IJoan.

140 702 182 750 v,
214 682 284 748 4).
317 683 587 754 Alioquin
627 682 749 737 sine
777 682 885 737 ﬁde
916 698 1019 737 nos
1047 683 1182 754 quid
1212 683 1448 738 sumus?
1485 683 1646 748 Quod
1674 685 1722 739 si

138 774 257 828 ﬁdes
272 773 521 844 perfecta
548 772 681 839 illis,
696 772 894 838 fateor,
923 778 1090 837 esset,
1109 772 1218 843 ipsi
1238 777 1435 827 contra
1462 771 1718 827 eamdem

139 863 491 917 tentationem
516 877 618 933 per
633 877 756 916 eam
770 866 1015 932 possent.
1041 863 1279 933 Propter
1293 862 1442 932 quod
1464 862 1721 917 Christus

140 950 420 1016 obdormit,
460 956 527 1005 ut
564 950 898 1022 probaretur
931 951 1184 1017 inﬁrma;
1218 950 1453 1021 probata
1497 966 1629 1005 vero
1658 956 1724 1005 ut

140 1040 438 1094 nutriretur
465 1040 536 1094 de
560 1039 849 1104 miraculo,
884 1046 942 1093 et
970 1038 1197 1094 doceret
1226 1040 1495 1110 magister
1520 1040 1578 1094 in
1598 1055 1722 1094 mo-

140 1130 245 1184 dico
259 1129 395 1199 quid
410 1129 530 1200 ipse
538 1145 702 1183 suam
715 1128 1037 1199 gubernans
1047 1128 1351 1183 Ecclesium
1363 1129 1513 1183 inter
1530 1129 1721 1183 omnia

136 1218 303 1273 saeculi
342 1218 671 1272 discrimina
698 1219 852 1272 omni
880 1224 1134 1289 tempore
1178 1224 1359 1288 gerat.
1407 1219 1542 1289 Legi
1586 1235 1721 1289 ergo

140 1308 429 1379 quemdam
450 1308 737 1362 doctorem
757 1306 960 1361 dixisse
982 1307 1130 1378 quod
1152 1324 1308 1362 mare
1330 1307 1589 1362 exsiliens
1609 1325 1722 1380 pre

138 1397 329 1468 gaudio
357 1397 449 1450 sui
467 1397 768 1451 adventum
787 1397 1069 1451 Creatoris
1087 1396 1175 1450 vix
1203 1396 1349 1451 ferre
1373 1397 1634 1467 quivisse,
1667 1402 1725 1452 et

1803 521 1946 559 unus
1997 505 2258 576 idemque
2304 504 2560 560 Christus
2589 522 2704 560 una
2751 506 2827 560 sit
2864 523 3125 578 persona,
3167 509 3305 563 dum
3333 514 3392 564 et

1800 594 1921 665 ipse
1948 595 2024 650 sit
2051 594 2147 665 qui
2190 593 2451 666 imperat,
2482 594 2602 667 ipse
2648 612 2780 651 vero
2821 596 2920 667 qui
2950 596 3176 652 dormit.
3208 596 3287 653 Ex
3323 613 3391 652 eo

1801 698 2045 754 namque
2077 684 2225 755 quod
2248 683 2475 749 dormit,
2506 683 2712 752 homo;
2755 700 2823 740 ex
2850 702 2917 741 eo
2948 701 3077 740 vero
3106 686 3255 758 quod
3284 688 3392 741 im-

1802 778 1982 843 perat,
2016 773 2183 828 Deus.
2217 772 2288 827 Et
2315 789 2383 827 ex
2426 778 2686 845 utroque,
2738 775 2889 846 quod
2937 792 3083 833 unus
3128 775 3395 847 idemque

1803 860 2011 932 ubique
2065 861 2289 927 dicitur,
2328 878 2443 916 non
2481 862 2625 917 sicut
2672 863 2892 918 naviter
2933 870 3125 931 ᾼωπ
3161 865 3392 937 quidam

1805 950 1983 1015 ﬁnxit,
2018 950 2117 1005 sed
2153 966 2270 1005 una
2298 966 2540 1021 persona
2566 951 2668 1006 Dei
2690 952 2884 1020 Filius,
2917 954 3014 1025 qui
3062 959 3121 1009 et
3147 953 3394 1009 hominis

1804 1040 1952 1095 ﬁlius
1989 1040 2258 1095 catholica
2279 1039 2630 1111 praedicatur.

1873 1130 1941 1184 Et
1956 1145 2085 1183 cum
2101 1131 2333 1183 venisset
2351 1134 2511 1183 trans
2521 1130 2727 1196 fretum
2741 1132 2805 1185 in
2816 1134 3092 1200 regionem
3105 1131 3397 1189 Geraseno-

1805 1222 2324 1283 rum,occurrerunt
2343 1220 2395 1272 ei
2403 1220 2511 1272 duo
2532 1220 2785 1273 habentes
2804 1221 3078 1276 damonia
3106 1222 3169 1275 de
3198 1237 3396 1276 monu-

1806 1311 2004 1363 mentis
2022 1312 2292 1373 exeuntes,
2318 1309 2445 1363 saevi
2454 1309 2647 1374 nimis,
2671 1312 2729 1361 et
2741 1308 2976 1379 reliqua.
2998 1310 3182 1364 Causa
3198 1310 3397 1367 salutis

1804 1397 2066 1451 humanae
2096 1396 2353 1451 Christus
2379 1399 2640 1464 venerat;
2665 1395 2872 1451 idcirco
2900 1396 3169 1463 ambulat,
3193 1415 3306 1454 non
3333 1404 3401 1456 ut

140 1486 252 1539 hinc
275 1502 407 1540 esse
436 1502 550 1539 non
580 1486 728 1556 quod
757 1492 1063 1557 tempestas
1092 1485 1264 1539 fuerit
1302 1502 1587 1547 aurarum,
1621 1487 1719 1540 sed
1804 1487 1927 1541 loca
1963 1486 2167 1551 videat,
2200 1484 2299 1539 sed
2328 1490 2395 1539 ut
2421 1501 2518 1539 eos
2560 1485 2656 1556 qui
2699 1485 2859 1539 illum
2887 1502 2991 1540 nec
3017 1503 3272 1558 qumrere
3297 1504 3400 1543 nec

142 1576 329 1630 latitia:
342 1582 554 1629 motus.
572 1575 673 1630 Pia
690 1574 935 1646 quidem,
959 1576 1065 1629 etsi
1086 1592 1198 1629 non
1213 1576 1723 1631 consonalectionis
1804 1574 2055 1631 invenire
2082 1579 2346 1646 poterant
2368 1573 2662 1628 inveniret.
2706 1574 2851 1629 Hinc
2878 1574 3082 1646 quippe
3111 1575 3287 1631 voluit
3315 1576 3400 1631 ire

141 1664 520 1734 intelligentia.
552 1663 698 1727 Quia
722 1669 778 1717 et
802 1664 970 1729 venti,
1007 1664 1209 1735 quibus
1241 1681 1386 1735 saepe
1417 1681 1572 1718 mare
1601 1670 1724 1718 tur-
1755 1732 1785 1735 _
1806 1670 1963 1719 trans
1981 1665 2205 1727 fretum,
2237 1668 2302 1717 ut
2329 1668 2387 1717 et
2411 1663 2551 1718 istos
2570 1664 2642 1717 ad
2662 1680 2724 1717 se
2743 1663 3015 1731 traheret,
3032 1680 3171 1735 quos
3189 1663 3401 1721 ibidem

141 1752 1263 1824 batur,Dominicompescunturimperio.
1286 1760 1351 1807 ut
1363 1754 1437 1807 sit
1459 1732 1962 1827 indiciumerius
1991 1754 2185 1825 plenos
2212 1751 2559 1807 demonibus
2587 1752 2815 1807 sciebat.
2847 1753 2955 1817 Qui
2992 1769 3121 1807 mox
3150 1768 3404 1809 occurre-

145 1843 270 1913 quod
297 1842 353 1897 ei
386 1842 583 1895 omnia
606 1842 829 1906 cedunt,
854 1847 909 1895 et
936 1842 1187 1895 sentiunt
1204 1842 1595 1913 imperantem.
1616 1842 1725 1897 Sed
1807 1850 1942 1898 runt
1962 1844 2012 1897 ei
2042 1843 2111 1897 de
2137 1842 2518 1897 monumentis
2541 1848 2826 1907 exeuntes,
2859 1843 2987 1896 saevi
3016 1842 3203 1907 nimis,
3225 1842 3308 1898 ita
3341 1848 3406 1899 ut

143 1937 294 1997 43]
338 1932 530 2000 magis
542 1932 708 1985 credo
730 1930 811 1984 illi
840 1937 1134 1985 ventorum
1156 1941 1182 1970 ι
1203 1930 1368 1985 verbo
1398 1932 1722 2002 imperasse,
1807 1949 1972 1986 nemo
1996 1937 2184 2003 posset
2204 1932 2447 1985 transire
2478 1948 2578 2002 per
2605 1930 2752 1985 viam
2781 1924 2956 1986 illam.
2991 1931 3244 2003 Denique
3256 1949 3401 2003 prte-

144 2021 201 2074 dc
224 2037 327 2091 quo
362 2020 618 2074 Ecclesia
639 2020 697 2073 in
726 2020 969 2074 Canticis
996 2037 1007 2073 :
1037 2020 1231 2087 Surge,
1259 2022 1486 2088 Aquilo;
1512 2026 1559 2074 et
1581 2024 1722 2083 veni,
1808 2022 1964 2085 vidit,
1995 2028 2296 2092 antequam
2325 2020 2738 2087 transfretaret,
2772 2020 2909 2091 quid
2936 2020 3070 2074 mali
3101 2020 3161 2074 in
3190 2021 3402 2077 eisdem

143 2109 319 2165 Auster
366 2110 563 2180 (Cant.
606 2125 678 2173 IV,
716 2108 819 2177 16).
873 2109 1016 2172 Quia
1058 2109 1305 2180 profecto
1353 2108 1499 2163 idem
1533 2115 1727 2163 ventus
1810 2111 1945 2165 locis
1982 2116 2146 2177 esset,
2178 2110 2423 2164 decrevit
2462 2126 2574 2163 non
2612 2110 2780 2163 modo
2827 2108 3049 2163 afﬂictis
3078 2115 3136 2163 et
3181 2109 3402 2164 miseris

145 2199 247 2267 ejus
272 2199 371 2269 qui
404 2198 480 2252 ad
502 2197 822 2268 aquilonem
853 2198 1045 2251 sedem
1074 2198 1281 2269 posuit,
1306 2215 1529 2269 semper
1550 2199 1726 2269 signi-
1810 2198 2134 2266 subvenire;
2185 2215 2376 2253 verum
2418 2198 2590 2252 etiam
2631 2197 2729 2268 qui
2757 2196 2784 2237 ι)
2814 2214 3011 2252 eorum
3047 2197 3409 2268 patiebantur

145 2287 255 2341 ﬁcat
275 2289 466 2358 frigus
495 2286 861 2352 inﬁdelitatis,
892 2287 1038 2358 quod
1067 2287 1270 2341 excitat
1297 2293 1491 2342 contra
1521 2287 1730 2342 Christi
1812 2287 2120 2342 vesaniam.
2152 2286 2244 2343 Sic
2271 2285 2423 2340 enim
2453 2301 2677 2356 semper
2703 2284 2959 2340 diabolus
2979 2301 3143 2340 suam
3174 2302 3409 2357 exagge-

147 2376 464 2432 Erclesiam.
500 2377 643 2430 Hinc
670 2393 891 2448 quoque
922 2376 1312 2447 periclitantur
1352 2377 1521 2431 etiam
1561 2377 1731 2431 disci-
1814 2382 1904 2430 rat
1915 2376 2327 2441 malitiam,non
2346 2380 2463 2428 tam
2483 2391 2578 2429 eos
2594 2390 2734 2445 quos
2754 2373 3221 2445 possidet,verum
3236 2375 3410 2432 etiam

147 2466 260 2536 puli,
291 2466 529 2538 quando
554 2466 692 2519 ﬁdes
713 2482 906 2520 eorum
931 2466 1300 2535 refrigeravit.
1314 2466 1474 2521 Tunc
1490 2466 1731 2537 denique
1814 2470 2172 2519 transeuntes
2183 2479 2285 2535 per
2297 2463 2445 2517 viam
2464 2478 2606 2533 (quae
2618 2462 2873 2517 Christus
2888 2466 2992 2525 est)
3013 2462 3083 2517 de
3094 2462 3198 2518 hoc
3207 2464 3410 2519 saeculo

148 2557 283 2625 quasi
303 2555 677 2610 obdormiens
693 2555 947 2609 Christus
967 2571 1132 2609 suum
1156 2556 1440 2627 paulisper
1458 2554 1734 2610 subtraxit
1815 2555 1884 2609 ad
1913 2553 2176 2625 patriam,
2196 2552 2507 2606 insectatur
2524 2551 2780 2605 incautos
2799 2555 2856 2605 et
2882 2550 3146 2618 inermes,
3177 2558 3243 2607 ut
3260 2552 3411 2608 deci-

148 2638 425 2709 auxili'um,
446 2644 751 2699 ostendens
766 2661 876 2698 non
898 2645 1083 2716 potius
1103 2643 1468 2711 obdormisse,
1494 2646 1588 2716 qui
1610 2651 1733 2699 tan-
1814 2644 1951 2715 piat.
1970 2642 2128 2697 Unde
2147 2657 2339 2706 saevos,
2361 2657 2501 2711 quos
2515 2644 2710 2694 contra
2724 2639 3117 2710 conspicimus,
3151 2641 3410 2698 homines

149 2733 256 2787 dem
273 2734 510 2789 excitati
534 2750 567 2787 a
587 2750 803 2787 sommo
819 2733 1123 2787 dubietatis
1141 2739 1240 2788 aut
1264 2734 1483 2788 timoris
1507 2751 1731 2789 necesse
1814 2749 1927 2787 non
1958 2732 2086 2786 odio
2113 2730 2440 2793 habeamus,
2475 2728 2574 2783 sed
2601 2744 2796 2783 eorum
2824 2728 3047 2784 saevitia
3075 2729 3411 2800 deputemus

150 2829 220 2878 est
241 2840 365 2878 vera
396 2823 518 2876 ﬁde
548 2823 799 2876 dicamus
825 2841 836 2875 :
871 2824 1117 2889 Domine,
1133 2827 1283 2877 salva
1308 2840 1405 2877 nos
1424 2842 1437 2890 ;
1459 2827 1730 2892 perimus.
1816 2822 1912 2894 qui
1943 2838 2044 2892 per
2072 2836 2167 2874 eos
2190 2823 2369 2889 agunt
2398 2822 2677 2889 quatenus
2705 2833 2871 2871 nemo
2898 2816 3104 2872 illesus
3134 2834 3235 2888 per
3262 2818 3411 2875 viam

152 2911 302 2967 Porro
327 2912 603 2967 homines
633 2912 820 2965 mirati
851 2917 1000 2977 sunt,
1020 2912 1286 2968 dicentes.
1308 2913 1453 2967 Nam
1475 2912 1734 2985 discipuli

149 3003 447 3057 ascendunt
461 3001 534 3055 ad
568 3000 944 3055 Dominumin
966 3002 1169 3068 navim,
1194 3002 1288 3073 qui
1312 3001 1585 3073 suscitant
1603 3018 1733 3057 eum
1816 3000 2135 3070 discerpant
2160 2996 2437 3051 manibus.
2461 2994 2605 3049 Hinc
2621 3011 2842 3066 quoque
2862 2999 3023 3050 tanta
3042 2995 3416 3052 Ecclesiarum

149 3092 230 3162 qui
254 3091 470 3147 salvari
499 3090 700 3145 humili
728 3091 1135 3162 supplicatione
1172 3093 1497 3164 deposcunt.
1534 3093 1730 3147 Homi-

1817 3103 2094 3160 pressura,
2152 3092 2209 3140 et
2246 3083 2562 3157 persecutio
2591 3084 2993 3155 proximorum.
3048 3084 3220 3138 Porro
3248 3090 3307 3140 et
3353 3086 3414 3140 hi

150 3197 233 3235 nes
256 3180 963 3237 verodicunturelementa
982 3181 1172 3235 mirati
1193 3180 1465 3246 obedisse,
1484 3183 1736 3237 nescien-
1818 3179 1961 3232 tales
1990 3176 2140 3231 unde
2167 3174 2410 3229 exeunt?
2438 3173 2519 3228 De
2548 3172 2927 3228 monumentis
2955 3172 3168 3243 utique.
3194 3174 3327 3244 quia
3351 3190 3416 3229 os

1814 2893 2083 2975 transeat,
2132 2908 2231 2963 sed
2278 2923 2471 2961 omnes
2515 2911 2617 2960 aut
2656 2904 2936 2960 morsibus
2963 2911 3266 2962 attrectent
3311 2912 3412 2962 aut
3500 2893 3512 2908 ’

148 3276 219 3324 tes
261 3273 409 3343 quod
479 3269 681 3333 omnis,
741 3275 806 3324 ut
850 3270 982 3347 dixi,
1024 3276 1282 3325 creatura
1328 3272 1537 3325 sentiat
1577 3273 1739 3342 jussa

150 3362 387 3415 creantis.
412 3361 571 3414 Vere
602 3360 877 3424 homines,
898 3366 954 3412 et
974 3376 1084 3413 non
1115 3359 1389 3431 discipuli,
1419 3360 1513 3431 qui
1536 3366 1739 3431 putant

148 3448 493 3505 insensibilia
522 3465 637 3503 non
666 3449 737 3502 ad
756 3450 977 3518 jussum
1004 3449 1103 3502 Dei
1128 3466 1289 3520 posse
1316 3450 1545 3515 sentire,
1571 3450 1735 3505 sicuti
1770 3492 1777 3497 ι

148 3544 194 3591 et
221 3540 401 3594 saeculi
439 3538 707 3592 homines
728 3537 820 3607 qui
854 3538 1136 3591 mirantur
1164 3538 1233 3593 ad
1256 3539 1556 3610 imperium
1576 3544 1633 3593 et
1646 3556 1737 3593 vo.

148 3627 401 3684 luutatem
464 3627 678 3681 Christi
708 3627 981 3680 mundum
1026 3628 1106 3681 sic
1150 3627 1335 3681 subito
1362 3628 1726 3687 convertisse.

146 3714 332 3771 Tamen
360 3734 475 3772 eos
493 3716 591 3786 qui
624 3715 917 3779 mirantur,
944 3722 1164 3784 nautas,
1196 3723 1295 3772 aut
1316 3723 1467 3772 certe
1486 3718 1553 3773 de
1571 3717 1738 3773 turba

148 3806 227 3875 qui
252 3806 656 3871 ascenderant,
689 3805 971 3860 credimus
995 3805 1189 3873 fuisse,
1207 3812 1265 3861 et
1292 3823 1405 3861 non
1432 3809 1733 3880 apostolos,

148 3892 261 3949 licet
285 3898 498 3951 timore
525 3894 719 3959 victos,
751 3895 811 3949 in
830 3901 1117 3967 stuporem
1146 3896 1448 3951 dubietatis
1476 3897 1546 3951 ob
1572 3898 1738 3952 mira-

151 3983 314 4039 culum
362 3986 608 4051 redisse,
654 3985 749 4055 qui
798 3985 917 4055 jam
971 3986 1135 4056 plura
1160 3986 1418 4041 viderant
1448 3986 1735 4057 signorum

150 4074 735 4147 prodigia,pra:sertim
752 4091 879 4129 cum
897 4091 1172 4147 nusquam
1188 4077 1503 4145 invenimus
1517 4077 1737 4131 Domini

150 4161 430 4235 discipulos
460 4170 674 4237 praeter
701 4164 971 4219 honorem
994 4166 1435 4237 cognominatos,
1468 4167 1565 4221 sed
1595 4183 1737 4222 sem-

148 4268 235 4321 per
258 4264 355 4308 aut
373 4253 646 4326 apostoli,
670 4259 770 4308 aut
783 4254 1058 4327 discipuli,
1084 4262 1183 4310 aut
1196 4261 1347 4310 certe
1368 4255 1580 4327 aliquid
1602 4257 1733 4320 tale,

1819 3283 2015 3321 eorum
2065 3264 2385 3336 sepulcrum
2436 3267 2636 3333 patens
2665 3267 2770 3328 est,
2818 3261 2914 3316 ubi
2959 3262 3234 3334 sepeliant
3275 3280 3414 3334 quos

1820 3356 2116 3409 verborum
2148 3351 2427 3407 morsibus
2455 3355 2835 3423 peremerunt.
2863 3349 2987 3406 Aut
3010 3356 3161 3406 certe
3188 3352 3295 3423 ipsi
3322 3369 3413 3408 se-

1818 3445 2014 3516 pulcra
2038 3442 2317 3506 dealbata,
2349 3440 2502 3512 pleni
2549 3445 2683 3495 sunt
2713 3438 2931 3495 ossibus
2976 3445 3349 3506 mortuorum,
3379 3459 3417 3497 a

1820 3527 2022 3605 quibus
2049 3532 2159 3586 nisi
2187 3531 2419 3595 exirent,
2461 3545 2753 3600 nunquam
2780 3535 3140 3584 occurrerent
3167 3530 3413 3586 Redem-

1818 3623 1984 3695 ptori.
2015 3622 2142 3675 Non
2171 3619 2321 3690 quod
2345 3619 2466 3688 jam
2492 3616 2643 3671 exuti
2673 3633 2708 3671 a
2750 3622 3031 3688 potestate
3069 3618 3409 3687 daemonum,

1818 3712 1917 3768 sed
1945 3715 2009 3765 ut
2032 3713 2326 3772 exuantur,
2350 3706 2433 3761 uti
2459 3706 2607 3760 ﬁlius
2632 3705 2723 3759 ille
2745 3705 3033 3776 prodigus,
3052 3706 3148 3776 qui
3172 3708 3413 3763 necdum

1819 3819 1879 3856 se
1901 3801 2133 3872 dignum
2153 3796 2339 3851 vocari
2367 3796 2545 3850 ﬁlium
2569 3794 2885 3849 conﬁtetur.
2930 3794 3285 3866 Quapmpter
3321 3802 3411 3852 at-

1819 3891 2012 3956 tende,
2042 3890 2233 3951 lector,
2264 3902 2387 3957 quae
2432 3883 2642 3939 saevitia
2670 3884 3008 3945 daemonum,
3042 3883 3204 3955 quive
3232 3884 3408 3952 furor,

1820 3986 1919 4035 aut
1939 3997 2061 4051 quae
2073 3977 2256 4033 rabies
2281 3991 2419 4045 erga
2446 3974 2758 4027 humanum
2786 3989 2985 4044 genus,
3005 3973 3137 4027 dum
3153 3973 3297 4029 ferre
3317 3991 3414 4031 ne-

1819 4074 2035 4141 queunt
2064 4066 2205 4121 mori
2227 4063 2501 4129 homines,
2523 4061 2622 4133 qui
2642 4061 2792 4116 vivos
2808 4062 3062 4132 gestiunt
3082 4063 3338 4134 sepelire,
3355 4069 3413 4119 et

1818 4160 2031 4230 seipsos
2059 4153 2330 4227 sepulcris
2360 4152 2651 4217 mandant,
2682 4156 2748 4206 ut
2773 4151 3031 4206 homines
3065 4152 3326 4223 redigant
3353 4153 3412 4210 in

1819 4250 2093 4321 sepulcra.
2119 4245 2301 4316 Digna
2320 4243 2549 4314 quidem
2566 4246 2937 4312 utrorumque
2954 4242 3218 4308 conditio,
3239 4248 3301 4299 ut
3315 4244 3414 4315 qui

151 4344 522 4401 nominantur.
562 4343 913 4399 Mirabantur
936 4362 1068 4416 ergo
1098 4346 1351 4399 homines
1376 4346 1626 4399 dicentes
1651 4364 1662 4398 :
1755 4339 1960 4426 Dcoelo
1988 4335 2288 4409 praesidere
2337 4332 2556 4426 nolunt,
2579 4335 2923 4426 pascantur
2945 4330 3324 4426 cadaveribus,
3357 4338 3415 4388 et

209 4434 394 4499 Qualis
414 4439 495 4488 est
517 4434 628 4500 hic,
659 4436 792 4501 quia
815 4450 970 4488 mare
997 4440 1046 4488 et
1066 4438 1215 4489 venti
1233 4437 1491 4489 obediunt
1511 4438 1561 4488 ei
1573 4440 1596 4488 ?
1615 4418 1799 4506 Non
1822 4421 2455 4499 saginenturputredine
2475 4439 2487 4487 ;
2505 4419 2839 4474 ἀειίοίθηιυτ
2857 4418 3052 4485 feto”,
3070 4419 3273 4490 quibus
3293 4426 3413 4477 tota

153 4519 359 4588 quidem
389 4523 808 4592 interrogantis
837 4522 1056 4590 atl'ectu,
1080 4524 1177 4578 sed
1207 4522 1506 4578 asserentis
1537 4523 1649 4578 ista
1662 4523 1742 4577 di-

150 4616 354 4664 cuntur.
416 4610 624 4676 Qualis
677 4616 764 4666 est
798 4611 923 4679 iste,
955 4613 1061 4667 hoc
1106 4618 1192 4668 est
1236 4612 1438 4677 dicere,
1473 4618 1736 4684 quantus,

152 4711 301 4767 quam
317 4700 507 4758 fortis.
538 4716 711 4772 quam
731 4706 946 4772 potens.
974 4718 1142 4773 quam
1166 4719 1426 4773 magnus,
1457 4703 1545 4758 cui
1576 4708 1633 4757 et
1659 4702 1741 4758 in-

149 4789 423 4844 sensibilia
444 4789 727 4844 obediunt
747 4791 1041 4859 elementa,
1064 4791 1267 4863 quibus
1294 4808 1478 4864 neque
1492 4793 1738 4859 auditus,

152 4889 315 4947 neque
334 4878 594 4950 loquela,
615 4894 800 4950 neque
828 4896 1027 4935 sensus
1048 4887 1135 4936 est
1146 4881 1329 4937 ullus?
1344 4883 1407 4937 In
1430 4882 1625 4937 eadem
1654 4888 1743 4937 ta-

153 4978 265 5019 men
294 4966 631 5022 substantia
659 4967 718 5021 in
745 4985 855 5039 qua
873 4974 1024 5036 sunt,
1054 4970 1224 5043 hujus
1254 4977 1395 5027 nutu
1425 4978 1739 5039 moventur,

155 5056 201 5105 et
217 5055 458 5123 jussioni
492 5057 822 5113 deserviunt
849 5058 1197 5131 imperantis.
1233 5061 1347 5115 Nec
1385 5065 1577 5115 tamen
1617 5061 1743 5116 ideo

154 5146 544 5201 contendimus
591 5146 736 5217 quod
790 5148 1091 5219 aliquando
1136 5166 1235 5221 per
1264 5150 1511 5221 angelos,
1549 5149 1744 5205 mundi

156 5244 249 5285 non
296 5242 533 5289 moveat
592 5242 923 5293 creaturam.
957 5239 1054 5293 sed
1100 5240 1372 5295 veraciter
1425 5240 1746 5309 asserimus,

158 5333 251 5375 non
277 5322 401 5379 dico
420 5322 629 5394 jussis,
664 5341 853 5380 verum
871 5327 1146 5383 voluntati
1169 5330 1291 5400 ejus
1320 5329 1509 5384 omnia
1528 5329 1744 5396 cedere,

1821 4519 2076 4588 voluptas
2106 4519 2194 4569 est
2219 4511 2369 4566 vitiis
2410 4509 2719 4565 deservire.
2757 4507 2866 4563 Sed
2893 4508 3250 4563 tremendum
3275 4511 3414 4566 satis

1823 4605 2163 4677 exemplum,
2191 4600 2339 4673 quod
2365 4605 2483 4654 tam
2504 4598 2633 4653 saevi
2655 4597 2920 4651 dicuntur
2950 4603 3014 4651 ut
3042 4613 3209 4653 nemo
3239 4600 3419 4670 possit

1819 4695 2063 4753 transire
2090 4708 2193 4764 per
2214 4690 2363 4744 viam
2390 4687 2585 4753 illam;
2634 4685 3024 4741 concluserant
3065 4687 3215 4742 enim
3245 4688 3413 4758 viam,

1821 4782 2083 4842 veniendi
2110 4780 2181 4836 ad
2211 4779 2391 4834 Deum
2443 4774 2747 4830 transitum
2791 4774 3156 4845 denegarant.
3199 4776 3269 4831 Et
3290 4777 3420 4835 ideo

1824 4890 1990 4932 nemo
2010 4875 2170 4945 putet
2197 4866 2346 4941 quod
2375 4866 2496 4920 sine
2526 4864 2749 4919 Christo
2778 4862 2850 4918 ad
2879 4862 3058 4919 Deum
3082 4864 3262 4936 possit
3286 4883 3418 4938 per-

1825 4964 2035 5020 venire.
2075 4958 2235 5016 Unde
2262 4959 2454 5022 423
2478 4954 2658 5009 tactus
2688 4957 2775 5007 est
2798 4951 2958 5008 nobis
3004 4953 3125 5024 ipse
3149 4954 3255 5020 via,
3285 4956 3421 5027 quia

1827 5055 2002 5128 prius,
2036 5051 2179 5105 sicut
2206 5047 2497 5117 signanter
2541 5041 2887 5112 evangelista
2927 5041 3080 5107 dicit,
3123 5059 3288 5098 nemo
3319 5061 3420 5116 po-

1826 5149 1975 5199 terat
1994 5138 2233 5196 transire
2261 5151 2363 5207 per
2398 5133 2545 5188 viam
2573 5131 2749 5185 illam.
2794 5131 2903 5185 Per
2937 5130 3093 5185 illam
3123 5132 3320 5203 utique
3364 5140 3423 5189 et

1831 5249 1945 5288 non
1973 5247 2074 5302 per
2101 5230 2266 5283 istam
2296 5240 2420 5296 quae
2450 5221 2705 5277 Christus
2734 5225 2820 5274 est
2844 5238 2857 5285 ;
2889 5219 3021 5290 quia
3051 5236 3151 5289 per
3175 5221 3321 5276 viam
3349 5223 3424 5279 ad

1830 5323 1997 5385 viam,
2030 5325 2088 5373 et
2131 5332 2232 5388 per
2260 5315 2440 5368 Deum
2468 5310 2541 5366 ad
2570 5310 2746 5365 Deum
2778 5307 3126 5364 venientibus
3153 5310 3427 5370 obsistere
3496 5316 3503 5324 '

161 5414 206 5460 et
228 5427 412 5467 rerum
445 5418 718 5468 naturam
758 5416 1057 5487 imperanti
1108 5398 1513 5491 obtemperare.
1561 5418 1751 5474 Claret
1831 5412 1989 5469 nulla
2022 5408 2107 5461 vis
2136 5406 2454 5459 daemonum
2480 5404 2682 5473 potest.
2716 5398 2827 5453 Sed
2854 5398 2924 5453 ad
2952 5398 3152 5467 Deum,
3194 5400 3300 5457 nisi
3328 5419 3430 5475 per

218 5536 428 5606 ‘Post.,
452 5542 773 5606 ventorum,
803 5541 1040 5599 subaudi
1076 5546 1285 5613 furori,
1298 5550 1362 5600 ut
1381 5544 1455 5600 sit
1476 5560 1489 5601 :
1512 5546 1603 5601 illi
1618 5560 1749 5600 ven-

169 5627 330 5681 torum
352 5628 566 5698 furori
594 5631 745 5685 verba
770 5633 1082 5702 imperasse.

395 5729 681 5793 PATROL.
727 5729 886 5793 CXX
902 5776 917 5791 .

1902 5537 1929 5578 δ
1959 5536 2106 5591 Ante
2130 5531 2237 5586 hoc
2261 5530 2379 5599 qui,
2410 5523 2651 5582 subaudi
2680 5526 2815 5580 illis.

3119 5707 3196 5773 12
