3918 6176
499 330 601 392 363

498 458 680 512 Deum
735 447 967 503 minime
1023 436 1372 512 pervenitur.
1407 425 1565 482 Unde
1611 422 1767 492 patet

502 543 726 600 Christo
747 537 864 592 suis
883 531 1182 590 occurrunt
1203 521 1369 584 votis;
1394 515 1492 571 sed
1511 507 1741 566 exhibiti
1763 522 1800 558 u

505 639 637 690 ante
679 627 958 702 judicem;
1011 613 1235 673 attracti
1259 607 1508 680 quidem,
1539 616 1652 655 non
1681 595 1948 653 volentes,

507 675 637 690 ...ην
679 675 923 702 ,νη----η
948 675 958 688 ,
1276 675 1293 680 _

507 739 635 779 cum
663 735 777 774 suae
803 711 1016 769 fraudis
1044 703 1248 778 praada.
1279 700 1348 752 Et
1376 694 1517 748 mira
1545 687 1758 743 ordinis
1785 675 2088 735 CunVCI‘SiO.

504 815 670 876 Ante,
720 802 1087 862 latrocinante
1117 787 1356 847 diabolo,
1400 779 1703 836 vexabatur
1745 773 1910 825 homo
1939 767 2098 819 inno-

507 856 670 876 .-.πη
721 856 814 862 -__,

507 918 645 959 cuus
679 917 689 951 :
725 909 870 950 nunc
899 891 1066 943 homo
1096 879 1272 937 currit
1299 875 1369 930 ad
1401 888 1530 928 eum
1559 867 1655 939 qui
1703 868 1789 917 est
1814 856 2094 926 refugium

506 989 686 1053 nobis,
705 990 761 1040 et
779 979 1030 1037 diabolus
1046 985 1268 1045 pcenam
1290 960 1528 1020 incurrit
1548 973 1664 1012 suae
1680 950 1914 1008 fraudis.
1940 944 2094 999 Alio-

507 1030 686 1053 ΙΙυυιυ,
706 1030 761 1040 ν-
782 1030 868 1037 νυ-..
884 1030 898 1033 -
919 1030 932 1032 -
947 1030 956 1031 η
977 1030 980 1031 ,
1048 1030 1066 1045 ι

507 1080 643 1153 quin
671 1076 718 1130 si
737 1089 848 1128 non
872 1062 1095 1136 religati
1112 1059 1476 1115 traherentur
1495 1045 1672 1110 inviti,
1689 1058 1791 1096 nec
1813 1036 1916 1110 ipsi
1942 1030 2096 1087 veni-

1175 1149 1185 1153 Δ
1250 1147 1259 1153 ·
1346 1143 1360 1153 “
1441 1141 1455 1153 ‘
1620 1135 1731 1153 ¹“““⁸⁴
1783 1125 2071 1153 Α---ι-ιΛνιι-ιη4ι

508 1125 643 1153 ’1⁸⁵⁵⁸⁵
671 1125 718 1130 "
737 1125 773 1128 --
788 1125 796 1126 ί
977 1125 1013 1136 ν

503 1174 632 1227 rent
659 1170 790 1220 ante
809 1161 1011 1222 lucem,
1042 1167 1148 1207 nec
1173 1147 1266 1202 isti
1295 1143 1366 1198 ad
1391 1135 1740 1195 adorandum
1778 1125 2092 1184 currerent.

502 1253 780 1316 Fortassis
824 1263 956 1319 ergo
1003 1241 1160 1315 prius
1201 1234 1296 1290 isti
1327 1248 1392 1286 ex
1420 1225 1698 1300 permissu
1743 1213 2098 1272 concitarunt

501 1353 696 1404 ventos
723 1341 990 1397 adversus
1015 1345 1164 1394 eum,
1198 1329 1254 1378 et
1277 1321 1574 1376 moverunt
1596 1314 1814 1372 ﬂuctus,
1833 1322 1902 1359 ne
1917 1309 2097 1356 trans-

507 1438 681 1494 misso
710 1433 853 1486 freto
881 1425 952 1479 ad
973 1438 1067 1476 eos
1094 1415 1307 1471 veniret
1347 1408 1537 1480 judex.
1566 1404 1686 1466 Quo
1710 1396 1980 1452 nimirum
1999 1390 2101 1443 ﬂu-

515 1521 760 1582 ctuantis
786 1511 984 1571 mundi
1011 1505 1254 1562 termino
1279 1497 1458 1554 crucis
1481 1489 1702 1560 navigio
1741 1479 2102 1552 transposito,

516 1611 677 1687 quasi
706 1608 777 1662 ad
803 1605 999 1658 littora
1024 1593 1222 1652 salutis
1250 1594 1454 1644 nostra:
1475 1581 1758 1638 Christum
1788 1568 2108 1646 pervenisse

1159 1682 1169 1687 -
1246 1679 1274 1687 ..
1392 1677 1405 1687 .
1501 1673 1516 1687 .
1631 1666 1767 1687 ,___,_
1789 1678 1900 1687 mm
1920 1657 2106 1687 “mpm

517 1657 644 1768 guit,
668 1703 726 1752 et
743 1693 1031 1766 regionem
1047 1679 1310 1740 caecitatis
1325 1673 1618 1747 splendore
1631 1666 1770 1722 lucis
1788 1678 1902 1718 sum
1919 1657 2106 1731 perfu-

519 1757 689 1848 disse.
717 1757 878 1841 Unde
908 1791 1036 1832 mox
1064 1774 1196 1836 duo,
1229 1765 1390 1840 quasi
1419 1780 1484 1816 ex
1512 1757 1730 1814 duobus
1760 1767 1906 1824 popu

520 1880 690 1936 ﬁdem
705 1870 1008 1940 resurgunt
1017 1865 1087 1918 de
1117 1853 1520 1916 monumentis,
1539 1849 1597 1902 in
1610 1845 1810 1918 quibus
1831 1840 1924 1895 diu
1941 1834 2108 1890 variis

519 1928 804 2024 latronum
824 1928 1170 2014 vexabantur
1197 1943 1475 2002 ludibriis.
1508 1938 1616 1994 Sed
1646 1951 1774 1989 mox
1804 1932 2012 1993 hostes,
2047 1928 2110 1978 ut

519 2053 888 2132 praesentiunt
909 2047 1174 2100 virtutem
1207 2032 1434 2099 Christi,
1465 2029 1711 2084 clamant
1739 2042 1752 2076 :

595 2142 900 2214 Quidnobis
921 2141 969 2191 et
989 2135 1109 2198 tibi,
1145 2132 1292 2190 Jesu,
1314 2125 1422 2178 Fili
1442 2121 1582 2175 Dei?
1612 2112 1814 2169 Venisti
1845 2110 1951 2161 huc
1985 2107 2113 2158 ante

519 2319 823 2379 voluntatis
863 2318 966 2379 est,

519 2412 724 2469 invitos
754 2400 1054 2476 aliquando
1090 2389 1386 2451 tormentis
1430 2396 1722 2458 pcenarum
1767 2391 1889 2446 qua:
1917 2371 2118 2426 nolunt

524 2465 807 2558 conﬁteri.
836 2465 1006 2546 ilelut
1033 2487 1081 2540 si
1109 2481 1253 2539 servi
1277 2474 1519 2548 fugitivi,
1549 2474 1676 2543 post
1701 2465 1943 2520 multum
1971 2466 2118 2513 tem-

527 2591 680 2666 poris
712 2587 936 2640 videant
961 2574 1253 2632 dominum
1279 2582 1464 2631 suum,
1496 2561 1638 2616 nihil
1687 2554 1839 2611 aliud
1886 2550 1996 2605 nisi
2044 2548 2113 2601 de

1535 2658 1542 2666 ·
1609 2649 1662 2666 ἰι
1759 2637 2084 2666 --..-..ε,.νιιζη

527 2637 618 2666 ι.--
633 2637 678 2644 --

520 2677 846 2736 verberibus
873 2669 1264 2740 deprecantur,
1286 2658 1585 2712 accusante
1606 2649 1732 2703 illos
1750 2637 2109 2699 conscientia.

521 2772 613 2828 Sic
661 2769 853 2837 itaque
899 2760 1198 2816 damones,
1233 2749 1526 2803 cernentes
1560 2756 1625 2793 ex
1651 2736 1974 2804 conjectura
2000 2729 2112 2781 Do-

518 2860 740 2917 minum
776 2855 836 2907 in
863 2847 1031 2904 terris
1071 2843 1303 2912 repente
1330 2830 1558 2895 versari,
1592 2827 1661 2881 ad
1687 2819 2020 2895 judicandos
2054 2831 2114 2868 se

515 2951 638 3020 jam
682 2943 900 2998 venisse
941 2931 1268 2990 credebant.
1308 2925 1450 2978 Nam
1487 2913 1790 2990 prmsentia
1815 2902 2116 2963 Salvatoris

1387 3013 1393 3020 .
1482 3009 1513 3020 ..
1588 3011 1596 3020 .
1696 3015 1836 3020 ﬂ---“
1872 2990 2114 3020 “21......”

519 2990 638 3020 ν...
695 2990 894 2998 .-_--_-_

519 3038 807 3094 tormenta
834 3031 967 3082 sunt
992 3024 1329 3079 daemonum,
1354 3009 1519 3065 sicuti
1550 3011 1606 3060 et
1618 3015 1842 3057 reorum
1872 2990 2119 3050 tribunal

519 3123 744 3199 judicis.
770 3117 907 3174 Inde
946 3109 1215 3168 nimirum
1239 3103 1486 3157 clamant
1521 3115 1530 3148 :
1566 3093 1708 3161 Quid
1740 3089 1892 3142 nobis
1923 3089 1970 3137 et
1994 3082 2112 3146 tibi,

1315 3189 1350 3199 "
1471 3191 1477 3199 ·
1570 3183 1611 3199 Λ
1660 3181 1670 3191 ⁸
1694 3181 1708 3199 ι
1748 3172 1954 3199 ----ι.....ζ
1989 3170 2112 3199 “Nam

525 3170 635 3270 ’Fz'li
672 3210 769 3266 Dei
792 3214 814 3261 γ
841 3207 920 3259 Ac
947 3201 995 3255 si
1017 3200 1276 3270 patenter
1299 3189 1489 3243 dicant
1521 3203 1533 3236 :
1568 3181 1714 3246 Quid
1744 3172 1960 3232 auctori
1989 3170 2114 3223 vitae

524 3319 654 3359 cum
681 3293 939 3357 mortuis,
968 3280 1278 3342 habitatori
1331 3276 1599 3331 caelorum
1647 3283 1775 3322 cum
1822 3258 2112 3333 sepulcris,

520 3389 698 3465 judici
726 3401 853 3441 cum
882 3379 1033 3444 reis;
1088 3372 1184 3444 qui
1225 3370 1295 3423 de
1333 3360 1609 3438 paradisis
1657 3357 1922 3410 caelorum
1951 3347 2118 3420 ejecti

1121 3460 1174 3465 ἠ
1387 3454 1397 3464 ·
1421 3454 1435 3465 ’
1545 3449 1558 3465 ι
1585 3449 1595 3460 ο
1672 3451 1714 3465 -ι
1742 3443 1838 3465 ιειξ
1903 3430 2019 3465 4-»...
2053 3441 2112 3465 ι..

526 3430 633 3537 etsi
661 3473 817 3547 digni
837 3430 1032 3526 sumus
1059 3430 1282 3524 talibus,
1306 3430 1441 3527 quid
1470 3449 1630 3505 nobis
1661 3451 1718 3501 et
1741 3443 1866 3506 tibi,
1897 3430 2024 3494 cum
2053 3441 2117 3491 tu

525 3565 840 3644 prmsertim
872 3574 984 3614 non
1010 3554 1086 3610 sis
1107 3555 1268 3606 tanta
1295 3542 1505 3614 injuria
1536 3534 1780 3607 dignus?
1835 3531 2014 3601 Igitur
2053 3543 2120 3581 ex

1046 3643 1049 3644 ⁷
1220 3637 1240 3644 ⁸
1326 3635 1336 3644 ¹
1427 3633 1442 3644 ‘
1675 3643 1684 3644 κ
1709 3620 1954 3644 ημλ--ι--;
1979 3616 2117 3644 ..ειηςι

529 3616 583 3644 ι..
598 3616 725 3624 η---

529 3657 682 3718 omni
701 3657 861 3727 parte
880 3643 1096 3720 perﬁda
1107 3635 1377 3695 confessio
1388 3674 1401 3699 ,
1412 3633 1695 3699 denegans
1707 3620 1960 3679 Creatori
1979 3616 2122 3672 nihil

1384 3723 1411 3727 “
1454 3721 1467 3727 ⁵
1551 3725 1556 3727 ·
1637 3716 1647 3726 ¹
1917 3726 1920 3727 ν
1939 3725 1959 3727 ν.
1974 3706 2094 3727 ,ιξιξ-

530 3706 682 3718 vm—'
703 3706 729 3727 Γ
745 3706 769 3708 “⁷
883 3706 900 3720 ι

529 3761 555 3792 ι
586 3763 709 3804 esse
742 3757 871 3798 cum
917 3739 1193 3795 creatura,
1225 3742 1329 3782 nec
1378 3716 1652 3777 Salvatori
1695 3729 1822 3768 cum
1864 3706 2117 3781 perditis,

531 3853 660 3894 cum
689 3831 932 3888 multum
959 3820 1120 3880 nobis
1148 3813 1300 3871 etilli
1324 3811 1415 3877 sit,
1445 3812 1511 3863 ut
1541 3805 1592 3859 ei
1621 3820 1654 3858 a
1684 3818 1793 3872 quo
1808 3813 2001 3853 sumus
2030 3793 2123 3847 de-

528 3926 644 3983 voti
672 3931 1002 3979 maneamus
1025 3930 1038 3980 ;
1071 3908 1154 3963 illi
1183 3903 1410 3977 quidem
1438 3902 1504 3951 ut
1522 3899 1683 3964 regat
1713 3906 1852 3960 quos
1874 3881 2125 3940 condidit

531 4015 802 4077 etsalvet;
830 4004 994 4062 nobis
1020 3974 1232 4060 autem,
1251 3998 1318 4046 ut
1331 3990 1381 4044 ei
1392 3983 1683 4042 charitatis
1709 3982 1898 4043 424
1921 3974 2124 4028 aﬂ'ectu

532 4099 774 4160 devincti
790 4061 996 4150 ’ﬁdeles
1026 4105 1090 4143 ac
1117 4081 1303 4138 devoti
1357 4075 1713 4131 famulemus.
1758 4064 1918 4130 Quod
1967 4061 2015 4116 si
2043 4076 2126 4114 re-

534 4204 739 4264 sponso
790 4181 945 4252 digni
974 4179 1183 4237 essent,
1216 4169 1348 4240 quia
1372 4163 1545 4220 semel
1571 4157 1776 4232 perditi
1802 4153 1983 4209 redire
2033 4165 2128 4204 ne-

1267 4258 1300 4264 ,ν
1535 4256 1542 4264 ,
1659 4248 1712 4264 ,.
1759 4246 1793 4264 ,.
1847 4241 2101 4264 ιημεηκ

536 4241 768 4353 qiieunt,
804 4241 1181 4340 objiciendum
1202 4258 1402 4312 saltem
1437 4273 1448 4307 :
1486 4256 1553 4306 ut
1581 4246 1826 4304 reddatis
1847 4241 2123 4303 homines,

537 4328 611 4353 ‘1'-
621 4328 642 4332 -
655 4328 723 4332 -τη
737 4328 746 4330 -
758 4328 767 4340 ι
871 4328 892 4340 υ

535 4383 675 4440 quos
686 4357 965 4418 invasistis
973 4397 985 4421 ,
1003 4359 1060 4408 et
1070 4346 1380 4405 restituatis
1401 4339 1632 4406 auctori,
1640 4352 1778 4407 quos
1787 4332 2000 4403 captiva
2006 4328 2125 4382 stis.

1108 4439 1111 4440 ⁷
1504 4428 1536 4440 "
1567 4427 1577 4438 ⁸
1690 4429 1699 4440 ι
1843 4419 2118 4440 γ--ι-ξ--.-...

538 4419 635 4440 τ--
663 4419 666 4420 ν
974 4419 980 4421 ,

535 4453 697 4524 Quod
726 4451 773 4507 si
799 4447 955 4503 vobis
999 4439 1141 4498 nihil
1167 4449 1409 4498 mecum,
1442 4427 1583 4483 mihi
1607 4429 1800 4499 autem
1841 4419 2190 4480 vobiscumD

535 4546 779 4604 multum
826 4552 948 4592 esse
994 4530 1128 4596 scio,
1163 4525 1296 4598 quia
1323 4527 1380 4577 et
1409 4536 1504 4573 vos
1535 4515 1646 4570 mei
1673 4512 1824 4577 estis,
1859 4515 1916 4563 et
1942 4523 2125 4578 neque

531 4598 768 4710 potestis
792 4638 1025 4682 manum
1050 4633 1236 4673 meam
1267 4612 1528 4682 eﬁugere.
1562 4607 1637 4660 At
1663 4601 1818 4656 vobis
1841 4598 1980 4654 nihil
1999 4613 2128 4652 cum

533 4686 658 4710 τ---
678 4686 710 4688 η

533 4725 643 4791 his,
676 4736 814 4793 quos
853 4715 924 4770 ad
952 4708 1258 4779 imaginem
1296 4715 1481 4756 meam
1509 4693 1708 4759 creavi,
1739 4707 1876 4762 quos
1930 4686 2129 4741 vestris

537 4775 827 4874 fraudibus
854 4775 1171 4874 decepistis.
1200 4793 1403 4849 Filium
1451 4792 1640 4842 autem
1678 4781 1780 4838 Dei
1823 4775 2130 4834 dubitative

539 4900 913 4974 suspicantur.
969 4890 1276 4946 Senserant
1330 4879 1479 4934 enim
1534 4876 1811 4930 introrsus
1865 4869 2130 4921 virtutem

537 4987 851 5064 majestatis
867 4984 1008 5056 ejus,
1032 4992 1202 5050 quam
1222 4969 1410 5026 miseri
1428 4963 1674 5021 haeretici
1687 4961 1888 5016 nolunt
1897 4955 2125 5011 sentire.

537 5046 650 5142 Isti
667 5046 945 5150 siquidem
966 5046 1170 5125 Filium
1184 5062 1286 5120 Dei
1319 5075 1447 5116 cum
1461 5057 1727 5116 clamant,
1753 5055 1810 5104 et
1828 5046 1996 5102 Arius
2008 5050 2131 5098 tan-

535 5180 660 5230 tum
680 5169 859 5224 ﬁlium
875 5158 1117 5218 hominis
1140 5151 1420 5227 praedicat.
1453 5145 1654 5201 Venisti
1667 5134 2126 5206 enim,inquiunt,

535 5266 664 5319 ante
695 5264 902 5325 tempus
939 5221 1187 5316 torquere
1207 5257 1322 5303 nos,
1342 5242 1400 5292 et
1415 5230 1783 5307 praescribunt
1797 5225 1953 5289 illud,
1974 5221 2136 5296 quasi

536 5347 794 5406 noverint
818 5349 1040 5412 tempus
1057 5331 1270 5407 judicii.
1292 5326 1646 5383 Praesumunt
1669 5318 1818 5373 enim
1843 5315 1968 5387 plus
1993 5313 2134 5368 scire

537 5453 709 5512 quam
736 5434 933 5496 sciant,
967 5443 1080 5482 non
1107 5424 1367 5476 curantes
1397 5416 1465 5469 de
1493 5408 1803 5466 mendacio.
1829 5406 2136 5475 Propterea

535 5494 594 5586 et
619 5524 827 5583 Filium
844 5494 948 5576 Dei
973 5514 1334 5579 conﬁtentur,
1359 5509 1415 5562 et
1441 5501 1690 5575 judicem
1720 5494 2012 5550 advenisse
2039 5509 2134 5546 ex-

1248 311 1304 365 S.
1348 295 1730 360 PASCHASII
1767 279 2126 348 RADBERTI
2165 267 2466 329 ABBATIS
2505 257 2993 321 CORBEIENSIS.

1798 412 1946 486 quod
1993 409 2086 462 isti
2105 403 2150 463 A
2174 399 2437 458 clamant,
2469 395 2527 445 et
2544 389 2613 442 de
2641 393 2892 455 tempore
2919 380 3080 452 quasi
3108 383 3236 432 ante
3263 382 3467 446 tempus
3486 371 3700 444 praescie-

1803 463 1899 486 ,ιη
1920 463 1945 464 η

1803 503 1943 556 tlati
1958 511 2092 551 ones
2175 488 2320 552 rint;
2374 481 2600 536 omnino
2639 493 2764 530 cum
2793 481 3017 543 tempus
3059 469 3193 524 illud
3222 483 3329 520 non
3355 463 3517 518 solum
3541 477 3702 515 eorum

1979 602 2094 641 una
2175 593 2288 632 non
2335 573 2407 626 sit
2452 585 2634 632 nosse,
2672 580 2864 618 verum
2914 577 3016 614 nec
3041 557 3205 612 alicui
3233 556 3557 614 Sanctorum,
3585 549 3703 619 quod

3612 245 3695 304 364

2179 668 2345 720 Pater
2392 657 2580 731 posuit
2608 655 2665 708 in
2706 669 2808 705 sua
2855 653 3158 720 potestate.
3196 644 3302 698 Sed
3329 640 3477 694 malis
3503 652 3702 707 semper,

2179 755 2311 809 licet
2340 723 2503 818 longa
2533 741 2806 816 patientia
2830 738 3012 791 brevis
3043 735 3277 799 videtur,
3328 728 3476 783 sicuti
3509 733 3559 780 et
3579 723 3708 778 bonis

2178 841 2317 896 ultio
2347 811 2550 892 tarda.—
2575 831 2787 887 Idcirco
2841 825 2953 888 isti,
3006 839 3118 877 non
3167 819 3310 891 quod
3340 817 3504 870 sciant
3527 811 3708 883 quando

2179 929 2382 985 debeat
2411 940 2549 988 csse,
2585 920 2681 975 sed
2713 916 2862 988 quod
2908 914 3041 967 licet
3063 908 3441 980 longissimum
3473 903 3548 958 eis
3579 901 3712 954 breve

2179 1020 2453 1080 videatur,
2469 1030 2534 1067 eo
2566 1009 2713 1081 quod
2743 1005 2926 1060 acrior
2949 1003 3122 1056 instet
3141 997 3433 1060 cruciatus,
3452 998 3503 1046 et
3527 997 3711 1060 tempus

2180 1100 2776 1176 concupiscentiarum,
2810 1110 2938 1148 cum
2975 1085 3382 1162 pcrtransierit,
3427 1081 3501 1136 sic
3527 1081 3583 1133 ﬁt
3605 1094 3657 1132 ac
3675 1077 3712 1131 si

2181 1214 2293 1253 non
2319 1198 2484 1250 esset.

2251 1287 2386 1341 Erat
2415 1285 2600 1336 autem
2632 1278 2710 1330 ibi
2738 1290 2850 1328 non
2876 1275 3029 1338 longe
3065 1271 3133 1323 ab
3173 1268 3287 1321 illis
3326 1277 3452 1331 gres;
3475 1271 3717 1328 porcorum

2185 1380 2494 1431 multorum
2509 1365 2902 1439 pascens.Grex
2915 1373 3209 1432 porcorum
3236 1352 3463 1425 mystice
3481 1364 3580 1403 non
3591 1347 3719 1415 longe

2191 1465 2261 1519 ab
2291 1463 2402 1517 illis
2425 1464 2562 1523 erat,
2603 1455 2734 1526 quia
2762 1467 2984 1522 semper
3004 1443 3282 1502 immundi
3302 1444 3457 1513 juxta
3475 1439 3585 1492 illos
3599 1439 3717 1499 sunt,

2191 1560 2249 1609 et
2273 1571 2305 1606 a
2337 1522 2759 1622 quibuscunque
2802 1539 3177 1611 expelluntur,
3219 1535 3441 1604 propter
3466 1522 3722 1581 immundi-

2189 1645 2328 1698 tiam
2351 1657 2445 1694 eos
2475 1639 2758 1709 repetunt.
2777 1631 2877 1686 Isti
2907 1634 3040 1683 sunt
3059 1641 3193 1680 sane
3216 1620 3514 1694 porci,ante
3531 1627 3723 1686 quorum

1919 1703 2003 1731 re.
2021 1703 2076 1710 __
2539 1703 2557 1709 _

1910 1749 1980 1802 [is
2008 1761 2108 1817 per
2125 1757 2171 1817 Β
2190 1733 2359 1805 pedes
2388 1726 2645 1800 superius
2675 1721 2944 1777 Dominus
2973 1713 3310 1784 margaritas
3338 1713 3484 1763 vetat
3505 1703 3728 1776 projicere

2547 1816 2551 1817 ,
2920 1806 2950 1817 η
2978 1807 2987 1816 ι
3049 1807 3058 1816 ι
3152 1803 3162 1813 ο
3260 1799 3330 1817 ηι·
3357 1815 3388 1817 η
3421 1790 3724 1817 ____:-L-o:m,

2193 1790 2403 1894 (Matth.
2425 1790 2602 1883 vino);
2627 1827 2865 1884 quorum
2886 1806 3022 1862 cibis
3039 1803 3236 1875 junior
3256 1799 3401 1882 filius
3412 1793 3641 1866 cupiebat
3651 1790 3728 1842 im-

2191 1877 2343 1983 plere
2363 1877 2776 1968 ventrem,cum
2791 1914 2955 1953 nemo
2975 1894 3057 1950 illi
3079 1894 3260 1947 daret.
3275 1877 3558 1958 Signiﬁcat
3576 1885 3726 1934 autem

2190 2017 2324 2072 grex
2347 1999 2452 2052 iste
2481 2006 2777 2066 porcorum
2799 2002 2996 2042 omnes
3017 1979 3359 2042 immundos,
3393 1990 3523 2046 quos
3549 1982 3727 2038 semper

2195 2092 2495 2152 daemones,
2547 2101 2580 2137 a
2630 2079 3054 2152 quibuscunque
3086 2069 3452 2142 expellantur,
3480 2058 3732 2133 possident.

2197 2179 2337 2234 Hinc
2353 2147 2594 2247 quoque,
2618 2147 2747 2224 licet
2761 2162 3070 2222 dubitativa
3098 2179 3108 2214 :
3136 2161 3201 2216 Si
3220 2159 3368 2226 ejicis
3387 2147 3733 2220 nos,inquiunt,

2198 2272 2352 2323 mitte
2383 2282 2477 2320 nos
2499 2267 2564 2318 in
2612 2274 2802 2329 porcos
2831 2276 2845 2321 ;
2898 2253 3030 2325 quia
3057 2249 3308 2322 profecto
3336 2245 3512 2299 sciunt
3546 2240 3734 2292 fetorem

2199 2361 2419 2412 mutare
2450 2358 2507 2407 et
2532 2345 3092 2407 immunditiam,nec
3122 2344 3316 2392 tamen
3337 2319 3737 2388 amittere.Ilaud

2200 2445 2433 2501 dubium
2451 2441 2587 2513 quin
2608 2437 2714 2508 ipsi
2735 2433 2886 2506 porci
2906 2435 3085 2495 erant,
3111 2428 3182 2482 de
3203 2424 3405 2498 quibus
3421 2415 3734 2492 pellebantur;

2200 2537 2325 2590 ideo
2355 2534 2412 2586 in
2445 2546 2640 2603 porcos
2665 2540 2860 2579 rursus
2882 2523 3152 2592 expetunt
3180 2514 3426 2570 introire.
3447 2505 3635 2572 Quibus
3652 2502 3736 2555 Do-

2197 2625 2403 2687 minus,
2429 2588 2520 2685 i‘te,
2546 2615 2746 2687 inquit.
2765 2610 2926 2666 Unde
2946 2588 3237 2662 iideudum
3259 2601 3404 2673 quod
3423 2597 3467 2652 si
3489 2611 3580 2650 nec
3596 2588 3740 2663 porcis

2194 2716 2432 2786 possunt
2454 2722 2674 2771 nocere,
2709 2701 2885 2756 multo
2917 2698 3106 2752 minus
3135 2689 3471 2752 hominibus,
3495 2682 3594 2739 nisi
3619 2679 3741 2750 prius

3213 2783 3222 2786 -
3418 2777 3428 2786 .
3508 2773 3536 2786 ..
3659 2763 3738 2786 τη,

2197 2763 2425 2786 ι-ηηηρ
2665 2763 2673 2771 ,

2195 2801 2304 2873 ipsi
2332 2816 2391 2853 se
2419 2793 2770 2851 subdiderint
2815 2804 3011 2843 eorum
3069 2783 3258 2856 pravis
3287 2773 3631 2835 suasionibus.
3659 2763 3742 2821 Sed

2196 2853 2240 2873 Ἰ
2267 2853 2302 2855 ,γ

2196 2897 2331 2945 tunc
2377 2887 2455 2942 eis
2511 2881 2858 2956 permittitur
2905 2883 2969 2931 ut
3008 2874 3354 2946 possideant,
3387 2882 3508 2921 cum
3534 2853 3739 2916 extranei

2200 2983 2390 3045 425
2420 2993 2454 3028 a
2481 2953 2597 3028 Deo
2626 2987 2727 3041 per
2754 2963 3172 3022 immunditiam
3215 2958 3369 3029 digni
3409 2953 3502 3008 tali
3531 2958 3742 3005 mansere

2203 3262 2313 3317 quo
2335 3216 2646 3298 notandum
2672 3241 2880 3307 quanto
2911 3231 3110 3286 melior
3138 3228 3220 3282 sit
3246 3227 3412 3280 homo
3435 3216 3748 3292 pecude,cum

2204 3300 2432 3408 propter
2460 3331 2600 3385 duos
2644 3300 2870 3381 tantum
2900 3320 3156 3386 homines
3187 3332 3326 3387 grex
3371 3320 3641 3384 porcorum
3663 3300 3751 3354 d8-

2203 3391 2462 3479 inonibus
2492 3417 2777 3490 expositus
2807 3411 3126 3467 suﬂ'ocetur.
3162 3407 3362 3475 Neque
3382 3409 3445 3455 ut
3467 3391 3751 3454 Manichacus

2202 3512 2466 3576 somniat,
2497 3507 2748 3562 omnium
2804 3498 3134 3556 animalium
3185 3492 3417 3565 aequalis
3465 3492 3544 3542 est
3581 3480 3748 3539 anima,

2203 3621 2330 3658 cum
2381 3603 2608 3672 propter
2653 3595 2809 3652 istos,
2853 3602 3092 3661 quorum
3142 3590 3270 3637 erat
3323 3573 3652 3636 immortalis,
3688 3567 3753 3619 tot

2204 3692 2404 3747 anima:
2444 3686 2654 3759 pariter
2702 3696 2830 3736 cum
2869 3681 3050 3731 morte
3077 3673 3224 3727 datae
3252 3675 3382 3726 sunt
3433 3671 3492 3721 ut
3518 3659 3747 3735 perirent.

2204 3779 2467 3850 Alioquin
2498 3789 2692 3830 earum
2715 3771 2762 3826 si
2791 3766 3020 3839 aequalis
3039 3761 3289 3817 conditio
3308 3762 3468 3821 esset,
3493 3747 3752 3808 absurdum

2206 3875 2329 3925 erat
2347 3874 2411 3923 ut
2436 3867 2506 3920 de
2535 3880 2706 3934 regno
2733 3875 2853 3924 suo,
2886 3857 3020 3921 imo,
3044 3857 3110 3908 ut
3137 3851 3249 3922 ipsi
3265 3849 3441 3912 aiunt,
3467 3845 3531 3898 de
3545 3839 3755 3896 substan-

2204 3961 2286 4014 tia
2313 3974 2434 4022 sua,
2475 3958 2705 4026 prOpter
2733 3950 2855 4011 hos,
2887 3950 2974 3999 tot
3003 3942 3227 3996 animas
3259 3937 3569 4010 perimeret.
3587 3930 3753 3982 Parum

2208 4055 2295 4104 est
2321 4063 2452 4116 ergo
2482 4045 2541 4098 in
2568 4036 2988 4110 comparatione
3013 4045 3326 4103 paucorum
3343 4026 3647 4081 electorum,
3667 4025 3753 4066 non

2209 4139 2331 4193 dico
2361 4133 2695 4190 animalium
2723 4124 3013 4195 multiplex
3031 4133 3325 4182 numerus,
3346 4127 3535 4168 verum
3557 4114 3754 4178 pereun-

2207 4229 2353 4283 tium
2371 4223 2664 4280 hominum
2686 4213 2989 4272 multitudo
3003 4257 3016 4271 .
3031 4208 3248 4264 Idcirco
3263 4201 3490 4277 plurimi
3505 4195 3758 4252 traduntur

2212 4335 2313 4391 pro
2343 4314 2553 4387 paucis,
2589 4309 2721 4381 quia
2743 4303 2925 4361 omnis
2955 4300 3135 4373 palea,
3169 4295 3358 4350 tritico
3391 4287 3639 4348 enutrito,
3670 4273 3761 4348 igni

2213 4361 2311 4391 r-v
2345 4361 2553 4387 r""‘"'1
2594 4361 2699 4381 -ιψν
2955 4361 2975 4373 ,
3125 4361 3132 4364 ,

2207 4408 2277 4462 ad
2333 4399 2773 4460 comburendum
2821 4391 3086 4448 traditur.
3129 4387 3380 4440 Caveant
3421 4395 3547 4449 ergo
3586 4361 3759 4427 imitari

2206 4497 2352 4551 hanc
2381 4489 2786 4548 confessionem
2830 4479 3039 4536 diaboli
3066 4474 3200 4530 mali
3233 4466 3536 4529 Christiani
3563 4467 3615 4516 et
3637 4451 3762 4512 mali-

2208 4586 2368 4650 tiam,
2405 4581 2500 4653 qui
2526 4596 2592 4633 ex
2619 4581 2780 4649 parte
2810 4570 2987 4643 ipsius
3039 4581 3161 4621 esse
3209 4560 3536 4634 probantur,
3577 4551 3692 4604 dum
3715 4545 3760 4594 et

2212 4629 2368 4650 ἠ’-ἠν
2407 4629 2500 4653 τιν--
2530 4629 2592 4633 νη
2620 4629 2640 4649 ι
2832 4629 2851 4643 ι
3209 4629 3230 4634 -

2209 4673 2446 4734 credunt
2495 4674 2553 4723 et
2601 4664 2767 4719 verbo
2816 4666 2981 4715 tenus
3033 4654 3392 4715 conﬁtentur,
3421 4662 3484 4700 ac
3506 4629 3762 4697 contremi-

3742 4715 3754 4734 .

2213 4767 2392 4826 scunt,
2420 4775 2533 4812 non
2559 4761 2622 4810 ut
2646 4751 3002 4821 corrigantur
3029 4750 3086 4799 et
3127 4742 3370 4796 salutem
3401 4734 3654 4808 quaerant,
3682 4715 3760 4776 sed

2212 4821 2461 4906 indurati
2480 4851 2544 4901 ut
2558 4842 2853 4916 proﬁciant
2870 4838 2928 4892 in
2949 4835 3138 4908 pejus;
3166 4833 3398 4902 propter
3415 4821 3557 4895 quod
3573 4821 3757 4882 θεωρεῖ

2213 4941 2513 4994 adventum
2539 4906 2744 5006 iudicis
2791 4906 3114 4984 formidant.
3173 4920 3242 4974 Et
3279 4921 3474 4970 contra
3493 4906 3624 4981 justi
3659 4912 3768 4970 εω-

2213 5030 2401 5092 deant,
2429 5025 2526 5097 qui
2539 4986 2851 5078 adventum
2868 5013 3028 5086 regni
3045 5007 3375 5081 suppliciter
3400 4996 3698 5071 implorant,
3731 4986 3775 5036 et

2215 5133 2326 5173 non
2357 5116 2536 5170 solum
2573 5126 2766 5184 poenas
2797 5123 2911 5162 non
2939 5101 3364 5176 pertimescunt,
3421 5102 3607 5145 verum
3635 5083 3683 5134 et
3706 5087 3774 5128 re-

2217 5223 2391 5278 gnum
2423 5202 2764 5258 desiderant.

2287 5297 2436 5362 Ecce,
2468 5291 2669 5362 inquit,
2700 5303 2825 5342 cum
2853 5287 3061 5353 impetu
3083 5281 3222 5334 abiit
3254 5280 3397 5330 tot-us
3425 5281 3556 5339 grex
3576 5265 3770 5332 Ρνιῗοφε

2216 5389 2279 5439 in
2311 5399 2483 5449 mare,
2516 5386 2564 5435 et
2592 5377 2804 5433 mortui
2826 5378 2958 5428 sunt
2979 5375 3041 5426 in
3071 5371 3248 5439 aquis.
3266 5363 3353 5418 Ad
3368 5363 3471 5415 hoc
3489 5367 3613 5409 sane
3631 5356 3770 5417 quos-

2219 5490 2326 5545 que
2357 5432 2611 5527 diabolus
2641 5465 2850 5539 expetit
2877 5469 2940 5519 ut
2972 5432 3387 5536 praecipitanter
3414 5439 3697 5510 demergat,
3725 5432 3771 5484 et

609 5662 634 5700 ι
658 5648 766 5716 Hic
792 5643 1033 5717 aliquid,
1065 5638 1135 5696 ob
1163 5632 1486 5708 negativum
1513 5629 1804 5695 denegans,
1832 5619 2232 5694 requireretur,
2264 5617 2386 5674 loco
2415 5611 2660 5688 negativi
2690 5612 2856 5669 nihil.
