3918 6176
186 270 278 327 365

911 272 1297 330 EXPOSITIO
1334 273 1412 330 IN
1460 264 1910 331 MATI‘HIEUM.
1952 303 2024 317 —
2061 275 2199 332 LIB.
2240 275 2307 344 ν,
2351 276 2509 333 CAP.
2550 277 2645 332 IX.

3332 284 3439 341 366

182 414 291 454 cum
310 398 533 469 impetu
562 402 793 454 ruentes
823 403 1142 470 exstinguat
1173 400 1231 453 in
1250 399 1411 471 aquis
1440 417 1623 471 prava;
1651 400 1766 454 col-
1783 401 2130 472 Agulorum,
2166 400 2366 473 probat
2391 418 2450 457 se
2477 402 2655 456 Deum
2695 418 2835 471 esse,
2885 402 2979 474 qui
3029 405 3200 460 ﬁdem
3241 423 3439 462 eorum

181 485 425 555 luvionis,
480 494 539 543 et
593 490 827 543 suﬁ‘ocet
866 489 1121 543 doctrina
1160 490 1321 543 malae
1370 490 1766 560 persuasionis.

182 578 279 631 Nec
309 578 863 648 praetermittendum
895 579 1046 650 quod
1075 579 1331 634 Salvator
1382 596 1496 633 non
1543 585 1774 651 propter

182 683 359 738 preces
374 683 575 721 eorum
595 667 677 721 ire
698 667 958 738 permisit
981 684 1076 723 eos
1093 667 1153 722 in
1174 684 1393 739 porcos,
1412 667 1509 722 sed
1546 673 1775 740 propter

183 756 411 810 salutem
437 773 681 828 quorum
712 761 874 811 erant
899 776 912 824 ;
948 762 1010 813 ut
1039 764 1315 829 pastores,
1339 757 1455 812 viso
1477 757 1768 825 miraculo,

183 845 277 899 illis
304 845 662 913 nuntiarent,
685 845 771 901 uti
787 845 1059 917 fecerunt,
1087 846 1157 902 de
1185 847 1274 901 his
1305 845 1584 902 omnibus.
1614 846 1773 902 Unde

184 935 430 1007 sequitur
452 953 467 990 :

242 1025 307 1079 Et
336 1041 451 1079 ecce
479 1030 591 1079 tota
620 1028 814 1080 civitas
837 1029 949 1079 exit
978 1027 1189 1080 obviam
1217 1028 1363 1080 Jesu.
1396 1026 1616 1082 Exeunt
1642 1042 1774 1097 ergo

182 1113 439 1168 commoti
470 1114 582 1169 ﬁde
613 1118 671 1168 et
712 1113 897 1168 devoti
930 1115 1221 1186 religione,
1255 1115 1385 1169 licet
1427 1115 1609 1171 adhuc
1646 1132 1775 1187 par-

183 1202 282 1256 vuli
310 1219 379 1256 ac
418 1201 607 1256 timidi
636 1208 843 1257 essent.
879 1204 991 1270 Quo
1038 1207 1174 1270 viso,
1222 1206 1491 1272 rogabant
1535 1220 1657 1258 eum
1716 1209 1778 1258 ut

186 1294 450 1346 transiret
478 1308 513 1344 α
543 1293 751 1360 ﬁnibus
779 1308 989 1346 eorum.
1024 1290 1099 1363 Et
1138 1292 1346 1347 mirum
1385 1293 1433 1346 si
1466 1293 1675 1363 aliquid
1720 1293 1779 1347 in

184 1387 402 1452 aspectu
428 1397 543 1434 non
564 1381 965 1451 praesenserint
1004 1398 1112 1452 quo
1147 1398 1274 1436 eum
1328 1380 1474 1436 ferre
1512 1381 1779 1453 nequive-

183 1471 304 1529 rint.
322 1470 426 1540 qui
456 1476 573 1524 tam
592 1469 789 1524 devote
819 1469 975 1540 prius
997 1470 1067 1524 ad
1088 1488 1216 1524 eum
1243 1470 1521 1525 exierunt.
1546 1472 1781 1543 Propter

184 1559 317 1630 quod
349 1558 644 1612 sciendum
666 1559 800 1630 quia
819 1576 929 1613 non
956 1560 1024 1613 de
1046 1558 1379 1614 inﬁdelitate
1410 1560 1516 1613 ista
1546 1560 1779 1630 loquun-

182 1655 280 1712 tur,
315 1648 420 1703 sed
446 1648 517 1701 de
541 1654 771 1718 stupore
798 1652 856 1701 et
879 1648 1194 1703 reverentia
1236 1647 1569 1719 majestatis.
1619 1648 1779 1708 Unde

185 1738 477 1801 etPetrus,
535 1737 650 1791 viso
683 1737 955 1791 miraculo
1005 1737 1263 1808 piscium,
1310 1753 1436 1791 mox
1480 1743 1774 1809 precatur:

1852 491 2004 545 videt
2026 495 2083 546 et
2109 491 2360 545 metitur.
2385 492 2500 546 Nec
2532 491 2763 546 dubium
2780 508 2845 546 ex
2864 492 2969 547 hoc
2989 494 3108 549 loco
3140 496 3445 552 auctoritas

1852 579 2027 633 totius
2057 580 2311 635 Ecclesiae
2340 580 2613 645 ﬁrmatur,
2659 581 2804 651 quod
2826 583 3043 653 parvuli
3072 583 3257 641 adhuc
3283 584 3446 641 inscii

1855 667 1964 721 ﬁde
1991 667 2226 723 alterius
2240 669 2552 723 offeruntur
2566 667 2903 739 baptizandi,
2927 674 2985 724 et
3000 670 3057 725 in
3087 672 3318 729 alterius
3333 674 3447 729 ﬁde

1853 755 2169 827 tinguntur,
2198 762 2261 811 ut
2291 774 2357 811 ex
2377 772 2444 812 ea
2479 762 2852 813 renascuntur
2880 759 3009 826 ﬁde,
3047 761 3212 817 sicuti
3241 767 3299 817 et
3340 763 3448 819 iste

1854 845 2094 901 aliorum
2116 846 2226 901 ﬁde
2256 847 2522 901 salvatur.
2546 846 2899 921 Quapropter
2916 848 3072 919 prius
3093 865 3286 907 eorum
3310 853 3449 909 ﬁdes

1856 934 2210 989 discutienda
2235 934 2330 1007 qui
2360 935 2620 999 oﬁ‘erunt,
2643 940 2709 991 ut
2724 935 3011 1008 probetur,
3044 938 3246 994 deinde
3265 941 3449 997 infans

1857 1029 1944 1079 est
1979 1029 2330 1079 sacramento
2362 1024 2493 1078 ﬁdei
2513 1025 2941 1081 consecrandus.
2971 1032 3155 1094 ινιτ
3186 1029 3451 1102 Alioquin

1857 1130 1969 1168 non
2000 1119 2185 1184 putas,
2228 1113 2383 1184 prius
2406 1113 2553 1184 quod
2584 1113 2840 1168 Christus
2868 1114 3149 1170 offerentis
3170 1117 3338 1172 ﬁdem
3367 1120 3450 1174 in-

1859 1202 2102 1273 spiciat?
2128 1202 2287 1267 Quod
2319 1207 2377 1256 et
2418 1202 2465 1255 si
2509 1202 2752 1256 inﬁdelis
2795 1203 2983 1269 fuerit,
3036 1205 3168 1276 quid
3208 1207 3450 1263 alterum

1856 1292 2054 1362 juvare
2090 1291 2341 1362 poterit?
2369 1290 2528 1345 Unde
2558 1290 2799 1361 eligendi
2830 1296 2963 1346 sunt
3002 1292 3061 1347 in
3098 1296 3302 1365 populo
3340 1296 3450 1351 ﬁde

1864 1378 2161 1446 oblatores,
2222 1385 2357 1435 tunc
2411 1379 2638 1434 demum
2686 1379 3008 1451 sequendus
3051 1386 3138 1436 est
3182 1383 3317 1439 ordo
3357 1401 3450 1439 sa-

1862 1468 1997 1522 lutis

1935 1558 2169 1625 Conﬁde,
2201 1557 2402 1628 inquit,
2428 1559 2532 1625 ﬁli,
2564 1560 2938 1613 remittuntur
2964 1562 3068 1614 tibi
3085 1566 3301 1630 peccata
3332 1566 3449 1618 tua.

1862 1646 2026 1700 Patet
2053 1663 2117 1700 ex
2146 1646 2251 1700 hoc
2280 1647 2400 1700 loco
2431 1646 2580 1717 quod
2609 1647 2799 1702 multa:
2830 1647 3185 1705 inﬁrmitates
3207 1666 3308 1722 pro
3338 1668 3463 1722 pec-

1862 1735 2000 1789 catis
2017 1735 2286 1790 eveniunt
2307 1754 2318 1788 :
2338 1735 2542 1789 idcirco
2553 1735 2676 1789 fons
2696 1742 2753 1790 et
2773 1737 2928 1808 origo
2942 1738 3287 1795 inﬁrmitatis
3303 1741 3460 1811 prius

182 1827 274 1881 Esi
301 1843 337 1880 α
370 1844 477 1884 me.
523 1827 753 1880 Domine
811 1829 946 1895 quia
987 1827 1144 1879 homo
1170 1832 1417 1894 peccator
1462 1843 1585 1879 sum
1631 1793 1897 1892 (Luc.Ba
1927 1840 2055 1877 vero
2105 1824 2319 1878 medico
2359 1829 2609 1878 sanatur.
2653 1824 2721 1878 Et
2762 1833 3045 1882 memento
3097 1829 3245 1900 quod
3280 1830 3460 1885 ﬁlium

183 1932 225 1983 γ,
266 1913 343 1984 8).
398 1916 489 1970 Ita
527 1914 806 1986 siquidem
864 1920 921 1969 et
973 1913 1088 1981 isti,
1152 1914 1483 1986 semetipsos
1535 1915 1783 1969 conside-
1862 1918 2039 1977 vocat,
2075 1930 2242 1984 quem
2274 1914 2456 1967 adhuc
2483 1913 2787 1967 inﬁdelitas
2819 1916 3043 1985 premit.
3076 1917 3181 1971 Sed
3212 1924 3363 1972 recte
3388 1920 3460 1974 ﬁ-

182 2011 383 2063 rantes.
418 2004 659 2059 necdum
692 2004 802 2059 ﬁde
833 2004 1053 2070 imbuti,
1088 2004 1498 2076 pertimescunt
1521 2023 1556 2059 a
1591 2011 1785 2070 .323
1863 2001 1971 2056 lius
1991 2007 2237 2068 vocatur,
2271 2019 2396 2057 cum
2422 2001 2762 2056 conﬁdentia
2791 2003 2920 2057 ﬁdei
2961 2011 3093 2060 ante
3119 2006 3461 2079 restituitur,

182 2101 326 2149 tanta
372 2092 699 2159 divinitate,
746 2111 847 2148 nec
893 2092 1039 2148 ferre
1087 2099 1324 2165 possunt
1363 2094 1509 2148 tanti
1554 2094 1783 2149 luminis
1866 2091 2111 2162 sinequa
2132 2091 2368 2162 quisque
2388 2096 2641 2145 mortuus
2656 2091 2945 2163 probatur.
2965 2094 3043 2148 Ac
3069 2111 3171 2166 per
3191 2094 3295 2151 hoc
3311 2096 3462 2169 quod

183 2184 512 2239 claritatem.
557 2184 673 2237 Nec
702 2183 929 2248 mirum,
965 2181 1112 2236 oculi
1163 2183 1258 2253 qui
1293 2183 1389 2237 diu
1434 2183 1624 2237 lumen
1671 2184 1783 2237 non
1866 2179 1947 2235 ait
1975 2182 2210 2247 Con/ide,
2244 2179 2599 2235 resuscitatio
2630 2184 2716 2233 est
2749 2180 2818 2235 ad
2836 2180 3026 2235 vitam.
3059 2183 3168 2238 Per
3197 2184 3302 2239 hoc
3330 2202 3461 2241 vero

181 2273 449 2340 viderant,
484 2272 535 2327 si
564 2272 871 2345 reperculsi
890 2276 1049 2326 tanto
1070 2271 1288 2343 fulgore
1303 2272 1589 2327 interdum
1608 2289 1784 2326 caecu-

183 2362 326 2417 tiant.

240 2454 397 2522 (CAP.
432 2450 555 2520 IX.)
593 2451 659 2505 Et
688 2451 982 2505 ascendens
1020 2453 1083 2504 in
1126 2452 1469 2516 naviculam,
1508 2451 1783 2516 transfre-

1867 2269 2014 2341 quod
2038 2269 2214 2323 ﬁlium
2248 2286 2374 2324 eum
2408 2274 2585 2335 vocat,
2610 2269 2903 2323 charitatis
2921 2270 3127 2326 infusio
3155 2278 3211 2327 et
3238 2273 3464 2345 pietatis

1864 2358 2096 2412 affectus
2124 2358 2382 2429 largitur.
2426 2358 2555 2412 Sine
2585 2358 2790 2429 quibus
2826 2375 2961 2414 sane
3000 2361 3239 2429 duobus,
3281 2364 3464 2421 omnis

1865 2447 2074 2523 anima,
2100 2463 2213 2502 non
2243 2447 2365 2501 dico
2388 2447 2717 2518 paralytica,
2735 2464 2932 2503 verum
2953 2455 3179 2506 mortua
3186 2452 3357 2522 jacet.
3377 2453 3464 2509 Ab

182 2545 321 2609 tavit,
344 2547 397 2596 et
424 2543 573 2595 venit
598 2543 659 2594 in
677 2543 956 2594 civitatem
974 2556 1154 2594 suam.
1186 2539 1303 2593 Nec
1325 2541 1534 2592 mirum
1555 2537 1780 2608 ubique,
1865 2537 1955 2590 his
2001 2536 2206 2607 quippe
2249 2536 2455 2590 delicta
2501 2536 2844 2605 relaxantur,
2898 2539 3031 2610 quia
3073 2540 3183 2595 ﬁde
3226 2542 3463 2597 mundat

177 2627 219 2681 si
246 2628 514 2682 Christus
536 2632 636 2681 aut
658 2627 717 2681 in
738 2644 941 2681 navem
972 2626 1242 2692 ascendit,
1278 2630 1388 2700 aut»
1421 2624 1645 2678 caducis
1696 2624 1784 2678 in—
1867 2625 2123 2680 Christus
2144 2624 2315 2679 corda
2341 2624 2707 2693 credentium,
2736 2632 2793 2680 et
2819 2626 3063 2685 Charitas
3091 2629 3272 2700 operit
3310 2632 3459 2685 mul-

176 2718 393 2773 terdum
430 2717 616 2771 utitur
643 2716 1005 2786 adjumentis,
1038 2716 1166 2770 licet
1194 2698 1602 2785 omnia‘possit.
1643 2713 1786 2777 Quia
1864 2714 2166 2769 titudinem
2194 2720 2566 2785 peccatorum.
2600 2715 2744 2786 Ergo
2780 2715 2936 2786 prius
2971 2716 3030 2771 in
3076 2698 3458 2790 oﬁ‘erentibus,

178 2807 491 2877 praesertim
521 2812 746 2861 nostras
784 2807 935 2860 venit
983 2804 1340 2859 inﬁrmitates
1382 2802 1686 2874 suscipere,
1729 2806 1786 2856 et
1867 2803 2013 2875 quod
2050 2803 2171 2875 ipse
2200 2802 2490 2875 approbat,
2525 2805 2629 2858 hoc
2671 2809 2880 2875 aegroto
2919 2805 3175 2877 largitur.
3223 2807 3456 2879 Deinde,

178 2912 298 2951 suas
330 2895 506 2952 nobis
537 2896 791 2951 conferre
820 2895 1074 2949 virtutes.
1113 2892 1325 2949 Idcirco
1375 2892 1608 2963 dignum
1656 2889 1780 2955 fuit,
1866 2892 2151 2964 quiaﬁdcs
2170 2892 2487 2947 animarum
2501 2897 2602 2959 est,
2622 2910 2750 2947 mox
2765 2893 3119 2949 offerentium
3138 2895 3248 2951 ﬁde
3268 2899 3461 2954 anima

172 2984 309 3040 sicut
328 2988 465 3057 jam
507 3002 682 3056 supra
710 2983 968 3043 diximus.
998 2989 1063 3037 ut
1089 2988 1310 3036 nostras
1341 2981 1647 3035 sustineret
1694 2979 1783 3033 in-

1865 2987 2113 3036 curatur.
2145 2981 2410 3048 Audiant,
2433 2998 2638 3052 quaso,
2659 2982 2970 3054 paralytici,
3005 2984 3242 3041 audiant
3267 2988 3460 3043 crimi-

170 3074 492 3129 ﬁrmitates.
528 3074 684 3128 Alias
706 3080 914 3137 autem,
945 3072 991 3126 si
1028 3073 1086 3125 in
1114 3072 1230 3126 suis
1260 3071 1561 3124 mansisset
1601 3069 1780 3123 virtu-
1798 3070 1840 3130 C
1863 3071 2028 3125 nibus
2057 3070 2335 3136 dissoluti,
2361 3070 2509 3141 quod
2538 3071 2677 3125 ﬁdes
2693 3071 2924 3126 alterius
2954 3089 3055 3144 pro
3085 3074 3195 3129 alio
3216 3075 3459 3132 multum

168 3162 329 3229 tibus,
393 3163 547 3218 nihil
568 3179 867 3217 commune
896 3179 1024 3216 cum
1060 3158 1382 3215 hominibus
1420 3158 1691 3225 haberet;
1725 3162 1782 3212 et

166 3252 265 3307 nisi
289 3254 600 3325 implesset
627 3252 810 3306 carnis
839 3252 1114 3316 ordinem,
1149 3250 1334 3305 carnis
1364 3249 1422 3302 in
1451 3249 1546 3303 illo
1599 3248 1781 3302 otiosa

165 3349 307 3397 esset
331 3342 651 3413 susceptio.
673 3341 981 3412 Propterea
1012 3357 1144 3410 ergo
1178 3339 1401 3411 quando
1444 3338 1532 3392 his
1576 3337 1774 3403 utitur,

161 3448 319 3487 verus
351 3435 540 3488 homo
569 3431 851 3494 credatur,
885 3437 942 3485 et
983 3428 1208 3500 quando
1256 3427 1508 3500 pedibus,
1564 3425 1778 3496 absque

160 3521 379 3592 navigio
403 3537 595 3592 supra
625 3536 778 3574 mare
817 3518 1088 3584 ambulat,
1127 3534 1274 3572 unus
1318 3516 1580 3586 idemque
1630 3515 1779 3568 Deus

160 3608 549 3682 intelligatur.
582 3610 697 3664 Cur
723 3616 913 3663 autem
940 3606 1193 3662 ascendit
1232 3607 1290 3662 in
1324 3622 1545 3671 navem,
1580 3609 1642 3659 ut
1672 3604 1782 3659 iret

163 3703 314 3754 trans
365 3701 615 3766 fretum,
667 3704 725 3753 et
772 3698 987 3752 veniret
1033 3697 1091 3752 in
1136 3695 1378 3768 patriam
1424 3711 1606 3757 suam,
1658 3694 1779 3765 jam

162 3803 327 3858 supra
389 3789 650 3844 diximus
692 3788 839 3859 quod
886 3785 1200 3841 ascenderit
1253 3785 1312 3839 in
1358 3800 1558 3839 navem
1598 3781 1781 3838 Eccle-

162 3876 251 3931 siae
278 3896 421 3946 suae,
459 3893 643 3949 quam
687 3876 837 3931 inter
870 3875 1050 3931 undas
1094 3874 1281 3931 saeculi
1318 3874 1438 3945 ipse
1476 3872 1772 3943 gubernat,

157 3971 219 4020 ut
244 3969 317 4022 ad
344 3969 653 4022 caelestem
682 3966 922 4038 patriam
946 3982 1141 4019 omnes
1171 3964 1268 4035 qui
1319 3979 1446 4017 cum
1496 3978 1560 4015 eo
1606 3961 1665 4015 in
1711 3977 1778 4015 ea

1862 3161 2026 3214 valet.
2056 3159 2266 3214 Idcirco
2298 3164 2356 3213 et
2380 3159 2429 3213 si
2456 3159 2641 3214 adhuc
2666 3176 2896 3231 surgere
2934 3166 3147 3232 optant,
3203 3173 3460 3236 quaerant

1862 3249 2055 3304 ﬁdeles
2080 3248 2498 3304 intercessores.
2522 3248 2673 3312 Quos
2702 3265 2824 3319 ego,
2858 3249 2954 3320 qui
2986 3249 3204 3323 loquor,
3240 3255 3455 3311 valeam

1860 3338 2128 3404 invenire,
2161 3354 2402 3408 quorum
2427 3337 2536 3391 ﬁde
2554 3337 2773 3391 oblatus
2786 3344 2919 3393 ante
2935 3338 2963 3393 J
2969 3356 3148 3408 esum,
3187 3342 3344 3414 prius
3363 3361 3457 3400 re-

1860 3427 2182 3481 missionem
2200 3431 2576 3498 peccatorum,
2608 3425 2810 3480 deinde
2834 3443 2867 3480 a
2881 3429 3127 3501 paralysi
3157 3447 3339 3501 pravae
3365 3434 3456 3489 in-

1862 3516 2145 3569 ﬁrmitatis
2175 3514 2451 3569 medelam
2482 3514 2681 3569 salutis
2706 3531 2926 3570 merear
2953 3516 3224 3575 obtinere.
3274 3522 3458 3579 Habet

1863 3603 2015 3657 enim
2042 3601 2247 3656 misera
2274 3606 2332 3656 et
2359 3601 2550 3656 infelix
2576 3602 2767 3656 anima
2794 3604 3080 3675 paralysin
3119 3624 3302 3678 suam,
3344 3629 3455 3683 quo

1860 3692 2151 3764 pravitatis
2181 3689 2375 3744 morbo
2411 3690 2555 3745 male
2572 3690 2842 3746 dissoluta
2860 3692 3014 3762 jacet
3037 3695 3097 3749 in
3125 3697 3268 3754 lecto
3299 3701 3456 3759 vitio-

1860 3799 2012 3837 rum.
2045 3782 2123 3835 De
2153 3796 2262 3851 quo
2282 3795 2418 3834 sane
2444 3780 2589 3833 lecto
2619 3780 2794 3835 David
2819 3798 2830 3833 :
2860 3782 3088 3851 Lavabo,
3106 3785 3317 3859 inquit,
3350 3807 3454 3862 per

1859 3873 2112 3939 singulas
2132 3874 2306 3923 noctes
2329 3872 2526 3923 lectum
2546 3885 2749 3934 meum;
2773 3873 3038 3939 lacrymis
3054 3878 3188 3929 meis
3210 3883 3455 3939 stratum

1860 3975 2044 4015 meum
2073 3961 2263 4027 rigabo
2286 3958 2456 4043 (Psag.
2489 3971 2562 4023 vI,
2596 3953 2672 4029 6).
2705 3958 2771 4013 In
2799 3959 2904 4014 hoc
2916 3976 3159 4035 namque
3180 3966 3325 4027 lecto
3343 3970 3453 4030 iste

160 4056 456 4126 navigant,
508 4055 850 4127 quandoque
890 4055 1035 4109 cives
1074 4053 1359 4125 perducat,
1413 4067 1776 4121 quoscunque
1853 4048 2078 4120 jacebat
2105 4048 2297 4114 miser,
2333 4052 2390 4101 et
2425 4046 2552 4101 ideo
2582 4064 2897 4119 exsurgere,
2930 4067 3034 4105 nec
3080 4060 3212 4110 ante
3258 4059 3451 4118 Jesum

155 4148 483 4219 municipes
514 4145 716 4217 patriae
744 4144 829 4198 vel
852 4144 1093 4199 civitatis
1112 4160 1227 4197 suae
1249 4158 1369 4196 esse
1399 4141 1597 4197 voluit.
1633 4140 1779 4204 Quia
1858 4139 2048 4194 venire
2072 4143 2309 4210 poterat.
2330 4136 2445 4193 Sed
2459 4136 2587 4191 felix
2608 4137 2703 4209 qui
2732 4139 3017 4195 adinvenit
3036 4142 3314 4203 oblatores
3333 4150 3346 4203 !
3364 4151 3452 4207 Ita

156 4234 428 4291 nimirum
459 4235 602 4291 navi
622 4250 736 4288 non
756 4234 894 4305 ipse,
928 4233 1026 4287 sed
1068 4232 1292 4287 Christo
1322 4230 1477 4285 navis
1514 4228 1774 4299 indiguit,
1859 4234 1916 4284 et
1943 4234 2005 4283 tu
2032 4228 2224 4282 anima
2249 4226 2454 4298 gravis,
2487 4225 2814 4282 criminibus
2842 4229 3109 4301 obligata,
3158 4234 3206 4289 si
3251 4254 3449 4308 pecca-

152 4322 268 4378 sine
288 4342 411 4396 quo
439 4325 607 4379 inter
636 4324 837 4377 ﬂuctus
858 4322 1027 4393 hujus
1048 4320 1233 4376 saeculi
1254 4319 1465 4390 absque
1485 4316 1776 4387 naufragio
1794 4395 1808 4396 ﬁ
1857 4324 2044 4373 torum
2097 4317 2305 4372 difﬁdis
2344 4316 2583 4383 veniam,
2616 4315 2818 4372 adhibe
2864 4326 3201 4391 precatores,
3245 4327 3450 4385 adhibe

150 4395 457 4480 pervenire
491 4412 571 4467 ad
600 4416 827 4483 portum
857 4428 970 4465 non
988 4411 1154 4464 valet.
1189 4411 1467 4464 Caeterum
1497 4407 1554 4461 in
1584 4405 1771 4473 terris,
1791 4395 1838 4453 D
1859 4406 2182 4473 Ecclesiam,
2231 4406 2400 4461 induc
2449 4423 2618 4477 super
2655 4411 2712 4460 te
2753 4402 3127 4480 presbyteros,
3175 4415 3446 4488 seniores,

148 4502 294 4559 unde
324 4502 556 4558 habuit
575 4500 839 4573 patriam,
874 4500 1004 4554 inde
1032 4499 1275 4569 indiguit
1304 4513 1463 4552 nave.
1496 4496 1582 4550 Ad
1603 4511 1771 4566 quam

146 4592 401 4660 profecto
424 4608 572 4647 cum
591 4589 953 4662 pervenisset,
978 4588 1305 4643 obtulerunt
1328 4587 1377 4641 ei
1401 4585 1773 4658 paralyticum

138 4680 435 4750 iacentem
470 4681 542 4735 in
564 4680 729 4736 lecto.
747 4679 954 4734 Videns
968 4683 1156 4732 autem
1177 4678 1205 4732 J
1211 4693 1338 4731 esus
1358 4675 1527 4730 ﬁdem
1547 4673 1773 4728 illorum

145 4771 237 4840 qui
263 4770 629 4835 offerebant,
662 4769 744 4823 ait
785 4768 1111 4840 paralytico.
1164 4767 1369 4837 Magna
1404 4764 1465 4819 in
1502 4764 1608 4818 hoc
1651 4762 1772 4817 loco

144 4858 406 4916 doctrina
437 4858 638 4916 sancti
659 4857 962 4929 Evangelii,
988 4874 1193 4928 magna
1206 4856 1381 4909 virtus
1420 4853 1547 4907 ﬁdei
1569 4851 1772 4924 praedi-

145 4959 319 5011 catur.
368 4967 516 5021 quae
539 4965 653 5003 non
679 4948 859 5003 solum
892 4964 992 5019 pro
1019 4964 1099 5011 se,
1143 4961 1336 5000 verum
1377 4949 1434 4997 et
1474 4959 1575 5014 pro
1623 4941 1767 5007 aliis,

145 5038 270 5095 licet
294 5040 431 5096 sine
456 5039 584 5094 ﬁde
605 5038 736 5101 sint,
772 5042 1029 5109 potenter
1054 5034 1329 5090 subvenit.
1363 5033 1648 5094 Potenter,
1682 5031 1775 5085 in-

148 5146 334 5199 quam,
362 5130 523 5201 quia
558 5127 779 5198 integra
807 5133 863 5181 et
880 5142 1011 5181 vera
1035 5124 1193 5189 ﬁdes,
1208 5138 1410 5194 magno
1427 5138 1491 5176 ex
1507 5120 1607 5176 Dei
1627 5120 1774 5175 dono

150 5224 325 5279 utitur
344 5220 692 5297 privilegio.
1135 5228 1143 5237 ο

224 5316 454 5381 Videns,
482 5311 701 5381 inquit,
742 5312 894 5364 Jesus
919 5311 1078 5375 ﬁdem
1112 5310 1361 5363 illorum.
1400 5301 1775 5370 Quaerendum

152 5402 352 5475 quibus
376 5400 588 5458 oculis
616 5400 674 5453 in
704 5399 880 5453 altero
916 5399 1053 5452 ﬁdes
1090 5395 1359 5462 videatur,
1412 5411 1539 5449 cum
1576 5408 1679 5447 nec
1718 5391 1776 5445 in

154 5510 207 5546 se
227 5492 489 5567 quisque
523 5504 657 5545 eam
675 5486 855 5560 possit
868 5485 1072 5554 videre,
1093 5484 1203 5541 nisi
1221 5483 1396 5541 oculis
1407 5480 1774 5555 spiritalibus.

154 5581 256 5640 Sed
283 5588 524 5649 tamen,
573 5578 709 5650 quia
730 5593 896 5634 nemo
916 5577 1025 5633 nisi
1042 5577 1193 5635 Deus
1213 5575 1383 5630 corda
1411 5571 1639 5645 inspicit
1660 5570 1780 5626 sin-

1854 4496 2065 4552 scilicet
2080 4495 2283 4567 quibus
2308 4495 2487 4561 Jesus,
2515 4495 2663 4566 quod
2698 4494 2800 4550 tibi
2835 4496 2978 4553 forte
3013 4515 3219 4571 negare
3248 4508 3445 4578 possit,

1854 4587 2177 4651 clementer,
2208 4584 2401 4638 videns
2426 4600 2617 4639 eorum
2658 4584 2846 4653 ﬁdem,
2893 4586 3162 4657 ignoscat.
3207 4590 3451 4654 Necesse

1855 4680 1941 4731 est
1960 4675 2134 4745 igitur
2152 4673 2358 4728 habeat
2377 4676 2661 4744 patronos,
2696 4674 2791 4745 qui
2812 4691 2913 4746 per
2930 4693 2990 4730 se
3009 4677 3198 4735 venire
3207 4684 3448 4742 necdum

1854 4769 2056 4837 potest.
2088 4763 2173 4817 Ad
2203 4762 2485 4817 Christum
2516 4767 2708 4817 autem
2747 4780 2860 4819 non
2902 4765 3011 4820 nisi
3053 4769 3162 4825 ﬁde
3202 4775 3446 4835 venitur.

1855 4855 1989 4919 Quae
2017 4852 2286 4907 nimirum
2330 4851 2485 4917 ﬁdes,
2515 4850 2564 4906 si
2605 4851 2775 4907 fuerit
2819 4854 3119 4915 virtutibus
3164 4862 3446 4934 roborata,

1853 4948 2041 5016 potest
2070 4958 2197 4996 mox
2221 4940 2545 5011 contingere
2573 4941 2643 4994 ad
2674 4941 2931 4999 salutem.
2981 4947 3123 5003 Hinc
3166 4956 3254 5007 est
3298 4957 3449 5028 quod

1856 5032 2000 5087 alius
2028 5029 2371 5102 evangelista
2397 5028 2585 5096 infert,
2618 5031 2765 5100 quod
2792 5048 2828 5087 a
2856 5040 3097 5104 quatuor
3125 5047 3452 5112 portaretur

1864 5123 2050 5176 'Marc.
2084 5133 2145 5184 II,
2181 5118 2255 5189 3).
2285 5120 2539 5182 Quatuor
2559 5123 2748 5173 autem
2778 5121 3012 5179 virtutes
3041 5126 3247 5185 scimus
3283 5149 3451 5203 gene-

1857 5210 2005 5265 rales
2026 5226 2165 5275 esse,
2199 5207 2555 5279 prudentiam
2586 5208 2813 5277 scilicet,
2824 5212 3126 5283 justitiam,
3173 5218 3453 5280 fortitudi-

1856 5315 1986 5354 nem
2017 5305 2203 5365 429
2224 5315 2287 5352 ac
2306 5298 2756 5368 temperantiam,
2773 5300 2973 5371 quibus
2991 5304 3247 5363 subvecta
3265 5312 3456 5372 anima

1858 5388 2108 5444 defertur
2134 5393 2266 5441 ante
2296 5386 2661 5451 Salvatorem,
2694 5388 2771 5442 ita
2809 5396 2998 5447 tamen
3029 5393 3077 5450 si
3107 5413 3171 5451 ex
3201 5399 3308 5455 ﬁde
3339 5419 3454 5459 ma-

1858 5482 1997 5534 nent
2037 5476 2321 5548 Quidquid
2343 5492 2476 5548 ergo
2499 5492 2612 5531 non
2630 5493 2695 5531 ex
2716 5478 2843 5544 ﬁde,
2867 5490 3158 5550 peccatum
3172 5492 3273 5540 est.
3294 5489 3456 5547 Unde

1860 5582 1975 5624 non
2000 5583 2097 5623 eos
2126 5566 2223 5639 qui
2246 5566 2572 5635 attulerant,
2603 5565 2701 5622 sed
2724 5567 3128 5630 ﬁdemillorum
3146 5573 3347 5629 vidisse
3375 5574 3459 5635 di-
