3918 6176
470 200 578 300 367°

1242 243 1297 297 S.
1342 241 1719 299 PASCHASII
1758 235 2117 299 RADBERTI
2152 236 2456 293 ABBATIS
2488 234 2983 292 CORBEIENSIS.

3561 241 3639 300 368

462 368 792 434 citur.Quia
812 370 1059 442 primum
1098 368 1236 424 ﬁdes
1256 367 1457 422 animae
1488 382 1709 439 semper
1747 366 2058 439 inspicitur.
2079 361 2297 423 Adicat
2330 379 2341 414 :
2378 362 2557 430 Surge
2587 361 2655 414 de
2685 359 2962 431 profunda
2985 358 3235 414 vitiorum
3265 362 3427 430 ruina,
3455 368 3503 418 et
3538 367 3643 420 vade

463 456 669 513 deinde
698 474 872 530 opera
899 458 1028 513 ﬁdei
1056 458 1373 528 exiguntur.

533 545 601 600 Et
629 562 741 603 ecce
767 548 1000 618 quidam
1021 548 1084 601 de
1105 546 1313 602 Scribis
1346 546 1797 607 di'merunt.i'ntra
1825 560 1877 598 se
1901 563 1915 597 :
1960 545 2061 598 Hic

466 633 820 705 blasphemi.
856 635 988 699 Quae
1014 633 1185 689 dictio
1229 632 1409 688 cordis
1454 631 1562 687 fuit
1606 632 1890 703 cogitatio,
1949 648 2058 703 quo

461 721 606 779 livor
621 722 1031 779 Pharisaeorum
1053 720 1213 777 nobis
1240 720 1485 776 ostendit
1509 722 1687 775 Deum
1706 738 1826 776 esse
1840 719 1935 792 qui
1956 720 2054 786 ait,

457 811 843 869 Dimittuntur
871 814 973 867 tibi
982 817 1202 882 peccata
1229 818 1326 865 tua
1350 831 1362 875 ;
1381 810 1809 875 calumniantes,
1833 815 1897 864 ut
1915 811 2059 864 Mar-

455 916 556 956 cus
605 901 705 965 ait,
754 918 868 956 non
894 918 1064 970 posse,
1109 903 1225 955 nisi
1267 902 1461 968 Deum,
1510 902 1791 954 dimittere
1838 904 2057 967 peccata

454 990 647 1055 (Marc.
682 1003 745 1057 ll,
779 991 850 1061 7).
878 989 1167 1062 Siquidem
1185 989 1409 1044 illorum
1437 988 2056 1044 testimonioDeusesse

455 1078 820 1147 convincitur,
883 1080 1136 1152 quamvis
1182 1078 1265 1135 illi
1305 1078 1713 1134 calumniantes
1769 1094 1907 1149 opus
1965 1093 2055 1131 as-

452 1171 649 1223 truant
669 1168 926 1235 Deitatis,
951 1184 1250 1240 personam
1261 1173 1489 1239 negent.
1512 1168 1690 1223 Deum
1712 1167 1909 1237 utique
1931 1183 2055 1222 con-

452 1256 707 1328 ﬁtentur,
739 1264 797 1313 et
820 1257 1115 1330 perﬁdiam
1140 1273 1253 1312 non
1293 1256 1578 1312 amittunt.
1613 1258 1788 1311 Porro
1820 1254 2058 1327 perﬁdia

455 1345 623 1401 verbo
650 1351 819 1402 tenus
848 1346 1104 1401 conﬁteri
1156 1350 1359 1418 potest,
1413 1345 1643 1401 credere
1684 1362 1795 1400 non
1843 1349 2051 1416 potest.

455 1432 566 1489 Sed
595 1434 847 1491 medicus
875 1434 1195 1490 animarum
1243 1451 1468 1507 semper
1495 1436 1658 1491 aﬁ‘ert
1682 1435 1931 1490 fomenta
1959 1451 2051 1489 sa-

450 1520 606 1576 Iutis.

534 1608 598 1665 Ut
620 1610 759 1681 quid
781 1613 1050 1679 cogitatis,
1066 1609 1270 1684 inquit,
1292 1613 1447 1666 mala
1468 1614 1531 1665 in
1552 1612 1807 1665 cordibus
1832 1613 2052 1665 vestris?

2144 450 2203 504 in
2235 450 2463 505 domum
2496 455 2716 504 aeternae
2739 449 3022 503 felicitatis
3050 449 3192 503 unde
3219 450 3647 518 cecideras,ettolle

2143 540 2361 594 interea
2378 540 2583 593 lectum
2614 524 2957 592 inﬁrmitatis
2985 542 3110 605 tuae,
3142 538 3305 593 donec
3338 540 3551 595 induaris
3570 542 3649 595 im-

2142 629 2487 685 mortalitate
2518 628 2701 699 plena.
2724 628 2867 681 Mira
2881 627 3280 682 Pharisaeorum
3323 630 3543 699 perﬁdia,
3576 631 3651 684 sed

2141 718 2449 773 mirabilior
2476 717 2865 771 hmreticorum
2904 715 3163 788 pravitas,
3194 717 3283 788 qui
3310 734 3401 772 nec
3435 718 3605 772 eisdem
3634 731 3653 757 ι

2141 808 2391 880 oppressi
2422 807 2654 861 veritate
2674 812 2880 861 tacent.
2904 807 3040 861 Ecce
3061 806 3202 861 ﬁlius
3229 806 3448 861 hominis
3463 813 3655 878 potesta-

2140 902 2253 951 tem
2284 896 2455 950 habet
2483 895 2812 961 divinitatis,
2845 901 2902 948 et
2920 895 3063 961 ideo,
3098 902 3161 950 ut
3182 896 3342 959 Deus,
3362 896 3547 950 relaxat
3563 913 3657 966 pec-

2139 992 2281 1049 cata,
2316 985 2682 1056 cogitationes
2713 984 2883 1049 novit,
2918 990 2975 1038 et
3025 985 3260 1063 imperat
3303 983 3577 1055 jacentibus
3609 990 3660 1039 ut

2138 1079 2455 1145 resurgant.
2488 1075 2614 1128 Non
2643 1074 2787 1127 alter
2815 1071 3042 1143 quidem
3071 1064 3251 1137 homo",
3274 1066 3352 1127 'ut
3378 1072 3450 1125 illi
3488 1072 3658 1136 volunt,

2138 1164 2282 1218 alter
2310 1164 2459 1218 Deus
2484 1182 2496 1231 ;
2525 1164 2622 1218 sed
2652 1163 2802 1217 Deus
2846 1169 2905 1216 et
2932 1163 3099 1217 homo
3123 1179 3264 1216 unus
3289 1161 3532 1216 Christus.
3578 1160 3662 1224 Qui

2138 1252 2383 1323 profecto
2422 1253 2527 1306 hoc
2551 1253 2691 1319 loco,
2715 1250 2860 1306 sicut
2907 1256 2965 1305 et
2990 1250 3047 1304 in
3070 1248 3492 1321 quamplurimis,
3522 1248 3663 1303 ﬁlium

2137 1341 2382 1396 hominis
2404 1341 2528 1396 ideo
2559 1358 2619 1395 se
2649 1339 2922 1407 nominat,
2958 1340 3089 1412 quia
3109 1340 3178 1394 de
3199 1339 3293 1394 illo
3321 1337 3556 1393 Pharisaei
3591 1352 3663 1390 ca-

2136 1429 2577 1497 lumniabantur,
2608 1447 2736 1484 cum
2764 1445 2929 1483 verus
2958 1430 3123 1483 homo
3144 1434 3305 1495 esset,
3335 1444 3428 1481 cur
3450 1426 3604 1481 Deum
3620 1440 3666 1479 se

2133 1520 2368 1589 faceret;
2393 1526 2460 1574 .et
2486 1518 2686 1591 probat
2714 1536 2780 1573 ex
2799 1519 2904 1573 hoc
2933 1535 3100 1591 opere
3129 1534 3187 1572 se
3203 1518 3376 1572 Deum
3394 1531 3521 1580 esse,
3548 1512 3666 1585 quod

2114 1615 2470 1680 potestatem
2498 1608 2732 1663 haberet
2749 1608 2809 1662 in
2839 1607 3098 1662 omnibus
3123 1605 3372 1661 Deitatis.
3401 1603 3671 1658 Nectamen

455 1696 617 1764 Quod
645 1704 731 1754 est
759 1699 943 1755 cordis
965 1699 1213 1755 verbum.
1246 1700 1653 1755 Verumtamen
1688 1699 2049 1771 quaerendum
2073 1704 2302 1783 Bnegat
2321 1715 2381 1753 se
2418 1715 2611 1753 verum
2642 1697 2821 1752 ﬁlium
2851 1696 3115 1763 hominis,
3132 1694 3279 1767 quod
3295 1691 3668 1783 Marcion‘tacit,

455 1788 735 1860 quomodo
755 1787 905 1844 mala
924 1788 1310 1860 cogitaverint,
1330 1806 1454 1845 cum
1476 1806 1667 1844 verum
1682 1789 1757 1843 sit
1770 1789 2051 1843 neminem
2073 1777 2115 1783 —
2135 1794 2194 1842 ct
2220 1788 2407 1843 caeteri
2437 1804 2505 1842 ex
2531 1787 2921 1842 haereticorum
2943 1786 3149 1840 schola.
3177 1782 3442 1838 Praevenit
3460 1781 3588 1836 enim
3601 1777 3671 1832 his

450 1883 681 1949 peccata
726 1893 908 1950 posse,
953 1877 1063 1934 nisi
1111 1878 1294 1934 solum
1328 1880 1529 1947 Deum,
1588 1878 1893 1934 dimittere.
1936 1879 2054 1933 Hoc

452 1964 658 2039 quippe
687 1965 812 2020 illos
841 1966 1116 2038 cogitasse
1146 1972 1361 2022 certum
1393 1973 1496 2022 est.
1548 1967 1657 2022 Sed
1710 1967 1814 2021 hoc
1866 1966 2053 2038 ipsum

450 2053 601 2112 male
629 2054 898 2127 cogitant,
930 2055 1065 2111 dum
1095 2056 1167 2110 ad
1195 2056 1302 2111 hoc
1329 2056 1597 2126 cogitant,
1631 2061 1696 2110 ut
1722 2054 2053 2110 convincant

450 2156 582 2200 eum
607 2159 675 2198 ex
706 2143 810 2198 hoc
839 2142 1278 2215 blasphemasse,
1329 2144 1498 2199 homo
1551 2160 1678 2198 cum
1730 2149 1895 2205 esset,
1950 2143 2052 2198 Dei

449 2230 625 2287 solius
641 2237 978 2303 potestatem
990 2232 1096 2287 sibi
1115 2249 1435 2305 usurpasse,
1450 2233 1705 2287 nolentes
1728 2248 1856 2286 eum
1870 2232 2050 2286 Deum

451 2319 698 2376 credere.
720 2321 807 2375 Ad
830 2322 978 2392 quod
1000 2320 1119 2394 ipse
1156 2338 1305 2387 mox,
1327 2338 1441 2376 non
1454 2322 1524 2376 ad
1540 2339 1735 2377 eorum
1775 2322 1923 2376 dicta
1950 2321 2048 2376 sed

450 2408 525 2464 ad
546 2408 810 2480 cogitata,
843 2415 909 2465 ut
934 2410 1102 2477 Deus,
1134 2410 1443 2483 respondit.
1476 2412 1557 2466 Ac
1582 2411 1630 2466 si
1658 2411 1869 2465 diceret
1897 2427 1908 2461 :
1935 2411 2049 2465 Cur

449 2514 566 2554 non
580 2498 953 2554 recordamini
974 2499 1147 2554 solius
1166 2500 1267 2554 Dei
1283 2516 1425 2566 esse,
1448 2499 1814 2572 cogitationes
1859 2499 2045 2554 homi-

448 2602 587 2644 num
605 2604 789 2656 nosse,
804 2588 949 2644 sicut
967 2589 1238 2661 scriptum
1276 2595 1387 2644 est:
1432 2590 1510 2644 Tu
1535 2592 1681 2643 solus
1712 2592 1857 2644 nosti
1880 2590 2045 2643 corda

446 2674 780 2732 hominum?
810 2678 885 2736 (ΙΙ
909 2679 1041 2734 Par.
1068 2691 1144 2746 v1,
1176 2676 1278 2741 30).
1312 2678 1587 2745 Profecto,
1619 2679 1751 2751 quia
1778 2680 1927 2734 sicut
1945 2680 2046 2735 Dei

447 2764 623 2822 solius
638 2771 725 2821 est
740 2766 1283 2838 peccatadimittere,
1321 2767 1402 2822 ita
1422 2774 1479 2822 et
1512 2767 1881 2839 cogitationes
1927 2769 2043 2823 sin-

445 2855 711 2926 gulorum
738 2855 946 2911 videre.
991 2856 1134 2911 Hinc
1161 2872 1383 2928 quoque
1411 2856 1525 2911 ait:
1579 2857 1725 2920 Quid
1765 2862 1851 2911 est
1895 2858 2044 2929 quod

450 2945 664 3017 cogitas
692 2945 860 3011 mala,
896 2960 988 2999 me
1009 2961 1209 3018 parum
1240 2945 1527 3000 hominem
1567 2944 1725 3000 esse?
1747 2946 1884 3000 Ecce
1909 2947 2045 3001 dum

2134 1877 2294 1932 factis
2324 1878 2474 1932 Deus
2502 1877 2774 1931 mentium
2807 1875 3054 1947 maligna
3092 1873 3339 1939 consilia,
3389 1876 3443 1926 et
3489 1866 3672 1925 deitatis

2136 1983 2249 2021 suae
2284 1966 2595 2038 potentiam
2625 1965 2810 2037 operis
2839 1964 3199 2018 attestatione
3212 1959 3541 2025 monstravit,
3567 1958 3674 2012 dum

2134 2056 2390 2111 dissoluti
2419 2056 2665 2128 corporis
2709 2054 2963 2109 membra
3009 2055 3217 2119 ﬁrmat,
3259 2050 3326 2106 et'
3354 2048 3451 2104 sub
3483 2044 3676 2117 imperio

2133 2146 2429 2217 pristinam
2445 2145 2689 2201 reddidit
2713 2144 3035 2199 sanitatem.
3071 2142 3178 2197 Ubi
3208 2142 3470 2196 duntaxat
3493 2138 3677 2206 integro

2133 2236 2451 2291 ostenditur
2469 2235 2824 2301 resurrectio,
2859 2234 3059 2288 animae
3087 2232 3347 2288 videlicet
3372 2235 3426 2285 et
3452 2225 3675 2298 corporis.

2134 2326 2203 2382 Et
2229 2342 2330 2396 per
2357 2327 2462 2380 hoc
2480 2324 2626 2396 quod
2652 2324 2836 2395 patuit
2848 2323 3114 2387 exterius,
3131 2318 3510 2376 etiamilludin
3524 2315 3680 2370 anima

2129 2415 2450 2486 provenisse
2462 2413 2872 2485 comprobatur.
2907 2412 3025 2465 Hoc
3052 2427 3300 2483 namque
3346 2408 3517 2463 adhuc
3548 2402 3682 2458 hodie

2130 2504 2387 2559 Christus
2408 2503 2526 2574 agit
2547 2503 2605 2557 in
2630 2501 2893 2566 Ecclesia,
2929 2501 3065 2555 dum
3089 2506 3147 2555 et.
3165 2504 3392 2572 peccata
3417 2501 3591 2551 nostra
3613 2507 3681 2546 so-

2128 2593 2216 2647 lus
2244 2593 2474 2658 relaxat,
2489 2597 2546 2645 et
2560 2608 2682 2663 quae
2704 2590 2887 2644 carnis
2917 2596 3049 2644 sunt
3077 2589 3366 2643 interdum
3394 2589 3562 2640 sanat.
3576 2578 3686 2646 Quis

2128 2683 2278 2745 enim
2307 2699 2421 2737 non
2451 2681 2651 2745 videat,
2676 2680 2925 2734 animam
2956 2678 3259 2733 virtutibus
3287 2675 3592 2730 destitutam
3614 2671 3687 2739 ja-

2128 2787 2253 2825 cere
2286 2771 2343 2825 in
2372 2776 2546 2825 strato
2572 2769 2880 2825 vitiorum?
2901 2768 3060 2824 Unde
3090 2766 3475 2822 indesinenter
3500 2772 3690 2816 curren-

2127 2861 2261 2915 dum
2293 2859 2363 2913 ad
2388 2859 2631 2913 veniam.
2669 2859 2737 2913 Et
2765 2858 2894 2929 quia
2924 2874 3027 2911 nos
3056 2856 3250 2912 minus
3283 2853 3467 2909 idonei
3505 2863 3689 2912 sumus,

2126 2949 2520 3004 intercessores
2548 2947 2868 3013 adhibendi,
2898 2947 3075 3001 donec
3102 2945 3448 3000 intrinsecus
3464 2951 3695 3007 resurga-

448 3034 818 3107 cogitationes
844 3039 1060 3090 vestras
1114 3034 1358 3101 intueor,
1389 3033 1627 3105 probare
1664 3035 1899 3106 potestis
1954 3045 2104 3104 mea
2126 3055 2272 3093 mus.
2310 3037 2393 3093 Ob
2424 3038 2583 3109 cujus
2610 3035 3000 3091 testimonium
3029 3035 3108 3089 ait
3142 3034 3482 3107 paralytico:
3524 3029 3690 3092 Surge,

446 3121 629 3179 Deum
658 3138 799 3189 esse,
832 3122 929 3194 qui
954 3138 1049 3177 eas
1078 3121 1306 3194 aspicio,
1353 3123 1501 3194 quod
1537 3139 1702 3178 nemo
1749 3124 1858 3178 nisi
1896 3124 2043 3180 Deus

442 3216 648 3292 potest.
678 3214 864 3283 Atque
892 3228 960 3265 ex
987 3210 1094 3266 hoc
1123 3210 1271 3282 quod
1291 3228 1499 3282 negare
1526 3211 1759 3267 minime
1785 3214 2039 3285 potestis,

442 3306 664 3358 vosmet
685 3300 1016 3368 convincite,
1053 3304 1110 3356 et
1137 3300 1433 3375 perﬁdiam
1474 3307 1756 3373 superate.

515 3390 660 3460 Quid
674 3395 750 3445 est
778 3393 929 3445 enim
950 3391 1178 3459 facilius
1197 3391 1402 3445 dicere:
1429 3391 1801 3446 dimittuntur
1814 3393 1915 3446 tibi
1928 3409 2046 3461 pec-

443 3482 570 3534 cata
599 3485 716 3549 tua,
745 3494 825 3536 an
852 3479 1068 3535 dicere:
1111 3479 1288 3548 Surge
1329 3484 1376 3534 et
1407 3480 1676 3535 ambula?
1711 3481 1856 3535 Nam
1894 3481 2045 3553 apud

442 3566 703 3625 homines
731 3568 883 3623 inter
910 3568 1092 3624 facere
1116 3573 1173 3623 et
1197 3567 1402 3636 dicere,
1435 3569 1615 3625 multa
1628 3568 1896 3624 distantia
1923 3577 2038 3640 est;

444 3657 596 3731 apud
627 3659 808 3714 Deum
834 3674 984 3726 vero,
1016 3663 1319 3731 utrumque
1340 3676 1406 3713 ex
1425 3664 1704 3731 potestate
1730 3659 2035 3728 descendit,

441 3753 509 3804 ut
535 3748 637 3804 ﬁat
650 3749 875 3821 signum
896 3747 1140 3818 visibile;
1164 3754 1442 3823 quatenus
1462 3750 1600 3803 illud
1618 3749 1870 3821 spiritale
1892 3750 2040 3821 quod

438 3837 538 3907 ait,
572 3839 946 3893 dimittuntur
974 3839 1080 3891 tibi
1089 3843 1310 3908 peccata
1340 3842 1456 3906 tua,
1490 3838 1698 3893 factum
1728 3838 1787 3893 in
1808 3838 2040 3893 veritate

440 3926 809 3998 intelligatur.
844 3925 1109 3999 Alioquin
1133 3926 1278 3982 sicut
1303 3926 1538 3998 imperio
1587 3928 1784 3983 vitium
1816 3928 2035 3995 anime,

440 4020 672 4089 peccata
699 4013 935 4078 scilicet,
968 4031 1133 4071 nemo
1176 4020 1365 4085 potest
1415 4031 1679 4089 purgare,
1728 4017 1838 4071 nisi
1887 4018 2038 4072 solus

438 4102 611 4171 Deus,
631 4102 714 4158 ita
741 4102 971 4158 omnino
989 4119 1092 4157 nec
1109 4104 1309 4159 vitium
1330 4105 1531 4159 carnis.
1563 4107 1641 4160 Ex
1661 4123 1771 4178 quo
1795 4112 2031 4174 constat,

437 4206 554 4248 non
583 4190 729 4246 sicut
754 4190 1096 4246 Manichmus
1124 4192 1347 4258 delirat,
1376 4193 1474 4246 sed
1502 4198 1686 4248 totum
1723 4201 1914 4261 439
1941 4196 2039 4251 ho-

440 4280 653 4338 minem
677 4280 748 4334 ab
777 4278 975 4351 opiﬁce
1004 4295 1118 4335 uno
1146 4286 1416 4335 creatum.
1452 4281 1665 4336 Idcirco
1687 4283 1825 4337 nihil
1850 4285 2038 4341 minus

2127 3131 2250 3183 tolle
2272 3132 2469 3182 lectum
2501 3132 2684 3193 tuum,
2713 3131 2761 3180 et
2790 3128 2922 3180 vade
2951 3129 3014 3180 in
3046 3128 3282 3180 domum
3336 3131 3506 3178 tuam.
3536 3118 3698 3183 430

2124 3216 2331 3272 Eadem
2358 3216 2564 3288 quippe
2580 3220 2827 3287 potestas
2850 3216 2973 3285 ejus
2995 3214 3103 3268 erit
3122 3215 3188 3269 in
3211 3209 3623 3271 resurrectione,
3649 3204 3699 3258 in

2126 3322 2239 3377 qua
2268 3305 2479 3361 mortui
2500 3305 2663 3378 quiin
2687 3304 2924 3359 Domino
2943 3310 3074 3358 sunt
3092 3308 3402 3374 resurgent
3418 3297 3593 3372 primi.
3608 3291 3700 3349 Sed

2126 3396 2275 3467 quod
2303 3395 2400 3457 ait,
2442 3397 2582 3449 Tolle
2605 3398 2803 3449 lectum
2834 3399 3017 3457 tuum,
3049 3392 3279 3447 duabus
3297 3393 3366 3446 de
3388 3388 3564 3444 causis
3589 3381 3701 3439 dici-

2123 3489 2251 3539 tur:
2286 3491 2351 3539 ut
2374 3490 2431 3539 et
2457 3501 2589 3538 vera
2616 3483 2847 3547 sanitas,
2896 3489 2953 3537 et
2983 3481 3165 3536 robur
3186 3480 3413 3536 virtutis
3427 3475 3699 3537 redditum,

2125 3573 2340 3628 cunctis
2369 3578 2709 3644 putesceret;
2731 3577 2787 3625 et
2808 3570 2939 3641 quid
2958 3587 3058 3642 per
3082 3570 3194 3624 hoc
3211 3569 3452 3642 mystice
3466 3568 3704 3637 ﬁgurare-

2122 3667 2218 3717 tur
2245 3662 2595 3717 manifestius
2623 3662 2973 3715 claresceret.
3011 3660 3162 3713 Nam
3193 3676 3299 3730 per
3336 3659 3537 3711 lectum
3565 3650 3701 3706 inﬁr-

2120 3752 2289 3806 mitas
2317 3751 2501 3805 carnis
2530 3751 2877 3821 designatur.
2914 3750 2983 3803 Et
3011 3748 3100 3803 hic
3122 3755 3213 3803 est
3238 3749 3423 3803 lectus
3443 3742 3636 3799 doloris
3655 3739 3705 3791 in

2122 3858 2231 3913 quo
2247 3841 2439 3896 anima
2457 3845 2649 3894 nostra
2663 3838 3017 3893 conscientiae
3034 3839 3298 3893 cruciatu
3305 3839 3501 3908 jacens
3525 3829 3706 3886 aﬂlicta

2120 3936 2434 4002 torquetur.
2467 3929 2692 3996 Mirum,
2727 3927 3207 4000 quandoquidem,
3235 3927 3378 3981 dum
3409 3925 3707 3979 relaxantur

2119 4026 2365 4092 peccata,
2398 4019 2580 4073 carnis
2608 4017 2907 4072 inﬁrmitas
2934 4033 3047 4070 non
3069 4016 3301 4071 tollitur
3329 4034 3342 4084 ;
3377 4015 3503 4068 ideo
3531 4012 3703 4070 lectus,

2118 4109 2178 4165 in
2207 4126 2316 4182 quo
2347 4109 2502 4181 prius
2532 4107 2861 4179 portabatur
2889 4106 3170 4170 inﬁrmus,
3190 4105 3265 4160 ab
3296 4105 3424 4177 ipso
3455 4103 3706 4175 portatur.

2118 4200 2235 4255 Nec
2254 4199 2485 4255 dubium
2508 4198 2641 4270 quin
2662 4214 2827 4252 nemo
2848 4196 2956 4251 nisi
2972 4213 3039 4251 ex
3052 4196 3398 4251 inﬁrmitate
3419 4190 3598 4249 carnis
3626 4188 3710 4241 aut

2119 4289 2320 4344 animae
2348 4287 2688 4354 dissolvitur,
2716 4292 2773 4341 et
2802 4285 3133 4340 mortalibus
3177 4286 3431 4341 nexibus
3459 4279 3709 4338 irretitur.

437 4368 706 4442 potentiae
717 4370 1208 4437 est,Dimittuntur
1222 4371 1324 4423 tibi
1324 4375 1547 4440 peccata
1565 4375 1680 4437 tua,
1697 4388 1865 4443 quam
1876 4389 2038 4444 surge
2055 4366 2103 4425 D
2122 4378 2227 4432 Sed
2255 4382 2484 4448 peccata
2511 4377 2570 4430 in
2590 4374 2884 4447 baptismo,
2909 4380 3008 4429 aut
3030 4381 3183 4429 certe
3215 4390 3452 4447 semper
3471 4388 3536 4426 ex
3553 4362 3713 4423 indul-

439 4464 491 4516 σε
517 4460 763 4515 ambula.
796 4457 950 4515 Fecit
971 4458 1121 4513 enim
1169 4458 1275 4514 hoc
1337 4464 1734 4531 argumentum
1785 4462 2040 4520 Salvator

439 4553 637 4605 contra
662 4547 958 4621 perﬁdiam
988 4563 1202 4615 eorum,
1235 4553 1301 4604 ut
1322 4548 1371 4605 si
1391 4548 1460 4604 de
1480 4549 1910 4621 cogitationibus
1928 4557 2038 4607 ter-

436 4637 875 4711 giversarentur,
891 4637 1053 4693 ﬁeret
1071 4637 1407 4694 miraculum
1432 4638 1666 4707 visibile,
1691 4640 1780 4696 cui
1800 4640 2037 4697 Deitatis

439 4741 582 4799 opus
607 4742 722 4783 non
748 4725 969 4799 possint
995 4726 1292 4799 denegare.

513 4816 577 4874 Ut
588 4818 795 4884 sciatis,
818 4814 1021 4888 inquit,
1045 4819 1179 4887 quia
1198 4819 1351 4885 ﬁlius
1373 4818 1616 4873 hominis
1637 4818 1794 4874 habet
1807 4826 2039 4890 potesta~

439 4909 548 4963 tem
575 4908 638 4961 in
670 4908 822 4961 terra
848 4906 1168 4961 dimittendi
1176 4912 1398 4976 peccata
1419 4926 1435 4962 :
1457 4911 1682 4963 tuncait
1694 4913 2032 4979 paralytico:

435 4998 615 5068 Surge
632 5003 682 5053 et
700 4995 951 5053 ambula.
980 4995 1104 5052 Hoc
1124 4996 1330 5069 quippe
1353 4999 1499 5070 quod
1521 4999 1620 5068 ait,
1644 5005 1706 5055 ut
1733 5003 1941 5065 sciatis,
1961 5001 2033 5058 ad

435 5086 658 5143 Iudaeos
684 5085 968 5159 loquitur;
1002 5086 1099 5141 sed
1142 5088 1325 5142 adhuc
1371 5087 1697 5160 imperfecto
1755 5090 2032 5161 pendente

435 5190 715 5242 sermone,
730 5175 1072 5247 evangelista
1082 5176 1409 5247 interponit,
1444 5179 1594 5232 Tunc
1607 5182 1688 5232 ait
1696 5183 2029 5250 paralytico,

437 5264 641 5320 deinde
669 5280 853 5322 sermo
880 5265 1136 5336 sequitur
1166 5265 1468 5320 Salvatoris
1498 5267 1694 5337 plenus
1722 5274 2023 5339 potestate:

432 5354 611 5423 Surge
639 5358 689 5407 et
705 5355 952 5409 ambula.
974 5353 1108 5409 Tria
1122 5355 1347 5425 quidem
1364 5354 1531 5408 simul
1551 5356 1808 5428 imperat,
1838 5374 2023 5429 surge,

434 5446 494 5499 et
512 5441 756 5510 ambula,
785 5447 842 5497 et
887 5443 1022 5499 tolle
1049 5443 1350 5514 grabatum
1376 5451 1574 5518 tuum;
1598 5464 1663 5503 ac
1689 5451 1738 5503 si
1766 5454 2028 5520 patenter

506 5578 535 5607 ι
559 5564 885 5638 Legendum
912 5567 1134 5625 videtur
1161 5571 1366 5627 eadem.

2117 4468 2308 4539 gentia
2337 4467 2655 4533 donantur;
2687 4463 2988 4519 inﬁrmitas
3014 4480 3146 4518 vero
3174 4462 3463 4536 peccandi
3492 4464 3589 4518 aut
3613 4469 3715 4511 cor-

2116 4554 2417 4627 rumpendi
2426 4560 2635 4609 manet.
2653 4554 2795 4609 Hinc
2816 4569 3037 4625 quoque
3049 4559 3106 4608 et
3121 4552 3181 4607 in
3196 4554 3472 4608 Psalmis:
3495 4551 3600 4619 Qui
3602 4559 3717 4616 pro-

2112 4647 2360 4715 pitiatur
2373 4646 2627 4698 omnibus
2655 4644 3052 4712 iniquitatibus
3082 4646 3334 4713 tuis,qui
3359 4644 3529 4697 sanat
3552 4648 3717 4693 omnes

2120 4735 2475 4800 inﬁrmitates
2498 4738 2620 4787 tuas
2646 4733 2815 4804 (Psal.
2848 4745 2943 4802 cn,
2971 4728 3042 4801 3).
3073 4730 3252 4786 Aliud
3283 4732 3523 4803 quidem
3552 4722 3718 4797 operis

2120 4823 2420 4878 ostendens
2441 4821 2960 4895 propitiandi,aliud
2984 4836 3112 4875 vero
3132 4820 3409 4876 sanandi.
3428 4820 3721 4889 Propterea

2118 4927 2250 4984 ergo
2280 4913 2553 4967 etlectum
2568 4911 2801 4984 jubetur
2818 4911 3033 4977 tollere,
3059 4910 3197 4965 licet
3214 4912 3367 4966 vitia
3387 4911 3720 4965 relaxentur,

2116 5008 2390 5074 quetenus
2399 5002 2784 5073 unusquisque
2800 5000 3304 5071 intelligat,secum
3319 5014 3555 5071 semper
3574 5005 3725 5051 suam

2113 5090 2503 5146 inﬁrmitatem
2537 5095 2779 5161 portare.
2822 5090 2887 5144 1n
2918 5104 3030 5159 qua
3075 5087 3365 5143 nimirum
3401 5083 3725 5142 inﬁrmitate

2113 5198 2225 5236 non
2240 5182 2513 5253 jacemus,
2538 5179 2788 5233 nisidum
2811 5176 3231 5233 succumbimus
3270 5226 3278 5235 .
3303 5177 3443 5249 quia
3462 5171 3726 5230 Dominus

2112 5288 2276 5343 opem
2305 5271 2415 5325 fert
2442 5285 2611 5341 super
2625 5269 2830 5322 lectum
2851 5266 3060 5322 doloris
3076 5266 3283 5334 nostri,
3342 5267 3485 5321 licet
3508 5264 3729 5320 univer—

2110 5376 2235 5415 sum
2265 5365 2474 5416 statum
2502 5357 2733 5412 humani
2760 5357 2983 5428 generis
3029 5357 3087 5410 in
3138 5356 3498 5410 inﬁrmitate
3554 5363 3728 5405 versa-

2108 5450 2269 5506 verit.
2302 5450 2512 5507 Idcirco
2561 5457 2689 5522 post
2717 5447 2996 5505 medelam
3024 5444 3248 5513 salutis,
3306 5451 3449 5519 post
3512 5441 3730 5499 veniam
