3918 6176
448 276 551 334 371
588 318 593 323 η

1208 271 1269 331 S.
1307 273 1689 332 PASCHASII
1728 271 2090 332 RADBERTI
2127 272 2432 332 ABBATIS
2471 271 2967 333 CORBEIENSIS.

3565 281 3649 340 372

452 415 530 465 est
556 413 620 465 in
646 410 870 479 ﬁgypto
900 407 1084 479 (Exod.
1117 421 1203 474 III,
1226 407 1303 477 9).
1336 408 1601 480 Alioquin
1630 422 1723 464 eos
1754 408 1862 464 nisi
1886 399 2110 481 priusA
2126 404 2411 472 spexerat;
2442 403 2501 455 et
2517 400 2643 455 ideo
2658 400 2966 474 praepedire
2984 400 3107 455 illos
3125 400 3262 456 nihil
3280 406 3489 474 poterat.
3510 404 3653 463 Poma

454 499 551 556 ille
577 499 810 563 videret,
845 497 977 552 licet
1003 498 1127 568 ejus
1154 502 1357 563 essent,
1392 497 1499 568 ipsi
1542 497 1611 551 ad
1648 514 1778 551 eum
1813 514 1925 551 non
1956 513 2044 551 re-

456 589 663 645 dirent.
697 588 790 644 Sic
820 592 879 641 et
910 588 1138 641 Petrum
1166 585 1235 640 de
1264 602 1444 652 cruce,
1479 586 1575 656 qui
1612 586 1758 640 male
1788 586 2046 657 negando

455 682 783 744 recesserat,
814 675 1074 747 respexit,
1107 674 1292 729 ﬂendo
1332 680 1397 729 ut
1432 674 1659 731 rediret.
1692 676 1781 731 Sic
1826 692 2040 741 omnes,

454 784 596 842 quos
625 767 697 822 ad
716 782 877 821 suam
903 764 1145 836 gratiam
1172 769 1351 831 vocat,
1382 781 1716 838 quocunque
1740 766 1798 821 in
1819 766 1938 820 loco
1959 782 2044 820 re-

456 856 747 921 cesserint,
779 854 934 927 prior
972 852 1124 907 videt
1167 852 1327 907 oculo
1370 853 1618 924 pietatis,
1651 854 1853 910 deinde
1886 859 2047 909 vocat

457 962 573 1001 sua:
600 942 936 1014 dignationis
962 941 1144 996 officio
1168 947 1233 996 ut
1260 958 1391 996 eum
1420 944 1579 1014 sequi
1620 944 1903 998 studeant.
1930 944 2045 998 Nec

454 1035 628 1091 istum
656 1032 781 1087 ideo
822 1031 1050 1086 divitem
1092 1037 1254 1086 vocat
1278 1036 1344 1086 ut
1367 1038 1698 1103 permaneat
1733 1033 1913 1101 dives;
1947 1036 2044 1089 sed

447 1129 532 1191 ut,
564 1121 773 1178 relictis
806 1119 1089 1188 omnibus,
1116 1118 1339 1175 beatam
1364 1126 1518 1175 amet
1544 1126 1952 1193 paupertatem,
1991 1127 2048 1177 et

450 1211 769 1284 exemplum
797 1216 1068 1281 sequatur
1086 1209 1452 1281 Praeceptoris
1475 1229 1485 1264 :
1512 1210 1791 1281 siquidem
1820 1228 1933 1266 non
1962 1228 2047 1266 so-

454 1302 570 1358 lum
595 1301 818 1356 incessu
848 1299 1076 1371 pedum,
1111 1315 1303 1353 verum
1334 1299 1651 1354 imitatione
1679 1300 1936 1371 perfectae
1963 1301 2046 1355 vi-

452 1396 540 1447 tae.
583 1390 939 1461 Quapropter
961 1404 1075 1441 non
1102 1387 1277 1442 alium
1307 1388 1379 1441 ad
1404 1388 1741 1443 imitandum
1787 1406 1956 1460 quam
1986 1406 2047 1445 se

450 1479 717 1552 proponit
765 1477 836 1533 Et
857 1476 1169 1531 notandum
1189 1476 1338 1546 quod
1366 1476 1648 1545 transian
1673 1493 1800 1531 eum
1829 1478 1968 1532 vidit
1990 1484 2047 1532 et

349 1568 355 1574 ”
449 1570 629 1639 vocat.
646 1565 732 1621 Ad
759 1567 865 1621 hoc
893 1565 1099 1637 quippe
1118 1570 1201 1630 ut,
1230 1569 1287 1619 et
1305 1565 1425 1636 ipse
1448 1565 1517 1619 de
1539 1566 1644 1620 hoc
1667 1567 1868 1620 saeculo
1896 1572 2048 1620 tran-

448 1656 618 1720 siens,
645 1655 716 1710 ad
738 1659 949 1709 aeterna
968 1652 1557 1724 quantociusiestinet.
1573 1655 1716 1708 Nam
1741 1660 1797 1709 et
1815 1656 2046 1710 Petrum

2128 496 2290 543 erant
2309 490 2638 544 convallium
2658 510 2669 557 ;
2694 490 2896 544 idcirco
2913 496 3108 545 contra
3123 492 3392 556 uncinum,
3418 510 3559 564 quem
3585 496 3652 551 di-

2126 577 2255 631 vina
2285 594 2487 632 manus
2514 578 2758 634 tenebat.
2784 579 3045 633 resistere
3074 580 3385 650 nequibant.
3417 582 3554 646 Quod
3577 587 3662 640 mi-

2128 667 2238 721 seri
2267 668 2578 722 nescientes
2596 668 2932 740 Porphyrius
2952 674 3120 739 atque
3135 669 3380 724 Julianus
3399 673 3656 742 Augustus,

2125 762 2391 827 arguunt,
2422 763 2487 811 ut
2514 757 2645 824 dixi,
2683 758 2765 812 vel
2794 758 3139 829 imperitiam
3170 759 3405 813 historici
3435 764 3659 817 mentien-

2126 846 2218 913 tis,
2241 845 2327 901 vel
2356 846 2654 901 stultitiam
2678 863 2893 914 eorum,
2913 848 3062 919 quod
3083 849 3240 919 quasi
3262 849 3663 907 irrationabiliter

2125 935 2300 989 secuti
2329 935 2445 990 sint
2473 936 2759 992 hominem
2789 938 3096 1011 quemlibet
3134 954 3193 992 se
3222 943 3521 1007 vocantem;
3564 956 3664 997 cum

2125 1028 2297 1079 tantae
2342 1025 2575 1081 virtutes
2621 1032 2890 1099 tantaque
2929 1029 3090 1099 signa
3138 1028 3516 1099 praecesserint,
3568 1044 3663 1101 qua

2127 1119 2259 1168 ante
2295 1114 2596 1186 apostolos,
2652 1133 2821 1188 quam
2882 1117 3193 1183 crederent,
3223 1116 3418 1171 vidisse
3453 1133 3551 1171 non
3590 1118 3667 1172 du-

2126 1202 2282 1257 bium
2327 1208 2428 1258 est.
2483 1204 2570 1270 Et,
2628 1210 2693 1260 ut
2742 1206 2920 1270 aiunt,
2967 1211 3189 1277 poterat
3226 1205 3296 1260 ad
3354 1222 3411 1260 se
3461 1206 3667 1261 videntes

2129 1297 2357 1364 aspectu
2389 1294 2633 1361 trahere,
2682 1295 2817 1350 dum
2855 1295 3041 1366 fulgor
3078 1297 3197 1367 ipse
3250 1300 3307 1350 et
3332 1297 3570 1366 majestas
3602 1312 3669 1350 oo

2128 1382 2279 1436 culta
2302 1382 2612 1437 divinitatis
2640 1383 2699 1438 in
2730 1384 2867 1439 facie
2898 1384 3201 1439 relucebat.
3235 1385 3340 1439 Sed
3368 1384 3454 1438 isti
3480 1386 3562 1455 qui
3587 1401 3669 1455 pu-

2096 1476 2099 1479 ’
2129 1488 2254 1526 rum
2285 1471 2571 1527 hominem
2613 1473 2789 1529 fuisse
2835 1474 2994 1528 illum
3026 1475 3393 1537 mentiuntur,
3431 1480 3673 1545 nequeunt

2129 1561 2460 1631 intelligere,
2493 1579 2604 1633 qua
2641 1563 2849 1619 virtute
2887 1564 3126 1636 apostoli
3178 1581 3303 1618 mox
3343 1564 3547 1617 odorem
3576 1563 3671 1618 vita:

2129 1657 2460 1722 sequuntur.

452 1749 624 1816 atque
660 1744 945 1799 Andream
974 1758 1089 1797 non
1125 1747 1280 1797 stans
1310 1747 1406 1797 aut
1437 1742 1656 1811 sedens,
1698 1744 1795 1797 sed
1824 1761 2047 1815 peram-
2066 1759 2114 1820 B
2205 1741 2270 1794 Et
2290 1741 2501 1808 factum
2528 1745 2624 1807 est,
2646 1742 3021 1795 discumbente
3041 1758 3104 1796 eo
3124 1744 3187 1796 in
3207 1744 3381 1806 domo,
3406 1758 3512 1796 ecce
3539 1744 3676 1794 multi

450 1831 655 1890 bulans
692 1849 851 1888 secus
902 1848 1079 1898 mare,
1118 1830 1334 1886 vocavit
1372 1831 1542 1886 simili
1584 1833 1770 1900 modo,
1803 1839 1868 1888 ut
1893 1835 2048 1888 Jaco-
2125 1830 2418 1898 publicani
2446 1835 2498 1883 et
2513 1836 2815 1898 peccatores
2846 1834 3135 1897 venientes,
3162 1833 3550 1886 discumbebant
3577 1847 3675 1885 cum

449 1921 586 1979 bum
642 1927 700 1978 et
743 1922 1017 1977 Joannem
1056 1921 1355 1988 transiens,
1390 1921 1864 1992 quemadmodum
1895 1922 2044 1978 idem
2126 1920 2273 1972 Jesu.
2306 1919 2422 1973 Nec
2450 1918 2682 1973 dubium
2716 1920 2852 1991 quin
2882 1926 2947 1974 ut
2974 1921 3153 1975 Lucas
3174 1920 3376 1975 astruit
3396 1922 3528 1988 (Luc.
3552 1919 3679 1989 v,29)

450 2012 747 2070 Mattheus
775 2015 1018 2066 testatur
1062 2011 1284 2077 (Matth.
1324 2026 1398 2076 1v,
1435 2007 1519 2075 l8,
1557 2008 1666 2080 2i).
1717 2011 2043 2083 Propterea,
2130 2014 2187 2061 et
2214 2008 2435 2062 Marcus
2465 2008 2522 2062 in
2564 2008 2729 2064 domo
2777 2009 2953 2080 ipsius
3012 2010 3253 2065 Matthmi
3285 2012 3465 2081 (Marc.
3506 2023 3556 2075 u,
3597 2007 3676 2075 15),

448 2102 644 2165 lector,
663 2099 1053 2175 hujuscemodi
1073 2105 1305 2154 eventus
1322 2116 1435 2154 non
1455 2116 1588 2155 casu
1612 2100 1913 2172 contigisse
1926 2118 2051 2156 cen-
2131 2096 2265 2167 quia
2289 2103 2585 2168 paraverat
2614 2098 2665 2151 ei
2688 2098 2819 2152 Levi
2845 2098 3161 2153 convivium
3190 2099 3249 2153 in
3287 2099 3449 2153 domo
3474 2114 3577 2152 sua.
3593 2097 3681 2151 Ma-

449 2207 594 2248 seas.
627 2191 747 2246 Imo
772 2188 1038 2245 divinitus
1056 2188 1126 2242 ad
1154 2188 1566 2243 institutionem
1590 2195 1840 2244 nostram
1862 2190 2050 2245 omnia

2134 2185 2332 2239 nifeste
2363 2187 2647 2258 complens
2675 2187 2812 2241 illud
2841 2188 3114 2258 Apostoli,
3136 2188 3203 2244 Si
3238 2190 3380 2243 vobis
3403 2187 3680 2256 spiritualia

449 2285 785 2357 praeparata,
821 2284 1098 2351 quatenus
1128 2282 1186 2332 et
1220 2277 1358 2331 fides
1385 2278 1626 2333 reniteat
1653 2278 1721 2332 de
1750 2285 2046 2352 praecepto,
2134 2278 2555 2342 seminavimus,
2589 2277 2825 2343 dignum
2855 2281 2948 2343 est,
2982 2282 3042 2330 ut
3078 2283 3259 2331 vestra
3281 2278 3525 2331 carnalia
3545 2278 3682 2327 meta-

452 2376 513 2427 et
539 2367 609 2427 de
631 2368 887 2425 doctrina
916 2368 1047 2422 hinc
1065 2366 1195 2422 inde
1213 2366 1443 2422 uberius
1473 2367 1829 2438 resplendeat
1859 2385 1925 2424 ex
1957 2385 2054 2423 ne-
2133 2380 2257 2417 mus
2281 2365 2329 2427 (Ι
2355 2365 2475 2419 Cor.
2501 2379 2575 2431 1x,
2610 2365 2711 2434 il).
2762 2366 2968 2420 Rectus
2997 2366 3171 2437 igitur
3197 2366 3350 2432 ordo,
3383 2371 3443 2420 ut
3469 2363 3605 2436 prius
3636 2362 3684 2415 ti-

450 2459 625 2531 gotio.
2135 2453 2263 2507 dem
2286 2453 2616 2525 susciperet,
2641 2454 2844 2509 deinde
2868 2456 3297 2510 renuntiaturus
3317 2453 3574 2519 omnibus,
3596 2468 3683 2506 non

524 2550 592 2606 Et
613 2564 844 2617 surgens
864 2551 1077 2602 secutus
1104 2550 1180 2600 est
1208 2562 1357 2602 eum.
1387 2545 1635 2618 Surgens
1659 2552 1852 2601 autem
1872 2547 2055 2619 sequi—
2135 2543 2417 2598 luxuriose
2446 2543 2803 2609 distribuens,
2831 2545 2928 2599 sed
2970 2560 3037 2599 ex
3061 2545 3180 2600 suis
3208 2545 3513 2617 sumptibus
3532 2541 3686 2613 hospi-

451 2643 566 2705 tur,
599 2637 734 2710 quia
770 2637 971 2692 sedens
1000 2635 1147 2691 male
1187 2648 1494 2691 corruerat.
1527 2637 1644 2691 Nec
1671 2636 1867 2708 utique
1902 2643 2053 2692 stare
2134 2632 2371 2687 talitatis
2391 2633 2701 2687 convivium
2727 2634 2966 2689 Domino
2987 2640 3347 2706 praepararet.
3363 2634 3516 2689 Prius
3533 2639 3689 2687 tamen

452 2728 725 2801 quiverat,
778 2727 1024 2799 pondere
1056 2742 1239 2797 pravae
1266 2726 1589 2798 cupiditatis
1624 2742 1869 2798 pressus.
1914 2727 2052 2782 Sur-
2136 2721 2273 2777 illud
2304 2721 2555 2777 exhibuit
2594 2722 2652 2777 in
2682 2728 2926 2795 pectore,
2963 2725 3127 2793 juxta
3171 2725 3332 2791 illud,
3378 2725 3499 2779 Ecce
3535 2728 3605 2776 sto
3634 2718 3690 2773 ad

455 2818 603 2874 rexit
673 2833 777 2873 nec
806 2816 993 2871 minus
1039 2816 1148 2871 ﬁde
1192 2831 1363 2887 quam
1402 2832 1653 2887 corpore.
1697 2816 1870 2870 Totus
1922 2832 2055 2886 ergo
2138 2815 2339 2865 ostium
2360 2818 2407 2865 et
2422 2815 3078 2881 pulso,siquisaperuerit
3098 2816 3490 2883 mihijanuam
3508 2811 3691 2865 intrabo

456 2905 719 2973 surrexit,
755 2906 886 2977 quia
914 2910 1069 2960 totus
1097 2903 1405 2971 ceciderat;
1450 2910 1506 2958 et
1537 2909 1761 2959 secutus
1795 2909 1882 2958 est
1926 2920 2057 2959 eum
2138 2902 2212 2954 ad
2235 2917 2381 2965 eum,
2402 2906 2450 2954 et
2472 2903 2685 2955 cwnabo
2705 2917 2831 2954 cum
2853 2905 2969 2968 illo,
2998 2908 3047 2956 et
3068 2904 3181 2971 ipse
3204 2920 3415 2957 mecum
3436 2901 3597 2970 (Apoc.
3624 2910 3690 2961 ιη,

461 2994 733 3056 moribus,
761 2972 1018 3048 doctrina
1054 2992 1204 3058 fidei,
1238 2992 1489 3064 exemplo
1516 2992 1901 3063 discipulatus.
1931 2993 2058 3048 Non
2075 3040 2118 3099 Ο
2140 2987 2250 3053 20).
2293 2985 2451 3053 Quod
2482 2990 2673 3061 itaque
2702 2990 3016 3045 convivium
3043 2997 3182 3047 tunc
3220 2992 3452 3064 paravit,
3477 3006 3590 3045 cum
3615 3000 3693 3059 per
3774 2972 3782 2985 ’

457 3089 525 3140 ut
553 3082 925 3154 quorumdam
956 3081 1179 3136 insania
1206 3086 1403 3135 contra
1434 3098 1536 3136 nos
1560 3082 1768 3136 latrare
1798 3098 1934 3137 ausa
1965 3098 2058 3136 ca-
2075 3075 2118 3099 υ
2144 3078 2311 3131 fidem
2336 3094 2462 3132 eum
2490 3078 2547 3132 in
2566 3079 2754 3133 animo
2774 3080 2843 3133 ad
2864 3079 3223 3135 dilectionem
3245 3080 3497 3152 suscepit.
3517 3075 3692 3141 Sic,sic,

460 3171 795 3234 lumniatur,
811 3171 1093 3242 apostolos
1123 3174 1304 3225 tatuos
1332 3186 1432 3225 seu
1461 3170 1661 3225 stultos
1689 3170 1882 3235 fuisse,
1909 3172 2057 3243 quod
2140 3167 2453 3222 convivium
2476 3168 2714 3239 quisque
2733 3169 2972 3223 Domino
2994 3176 3143 3224 recte
3170 3177 3356 3238 435
3378 3165 3633 3242 parat,qui
3650 3180 3697 3217 se

456 3265 576 3317 tam
604 3258 790 3315 subito
818 3258 1002 3314 adhuc
1026 3258 1185 3314 inscii
1224 3259 1400 3314 secuti
1429 3260 1543 3314 sint
1576 3276 1705 3315 eum
1731 3276 1898 3332 quem
1934 3277 2059 3317 nec-
2141 3256 2320 3328 prius,
2362 3262 2484 3311 tum
2544 3272 2665 3323 sua,
2725 3258 2956 3313 devotus
3002 3258 3301 3329 impen‘dit.
3350 3258 3531 3313 Voluit
3573 3254 3694 3310 enim

458 3349 596 3405 dum
636 3347 1028 3422 probaverant.
1060 3347 1384 3403 Nescientes
1413 3349 1624 3411 miseri,
1654 3350 1802 3420 quod
1834 3366 1900 3404 ex
1954 3367 2057 3404 au-
2142 3345 2364 3400 Christo
2388 3346 2562 3400 vicem
2590 3347 2916 3417 rependere,
2949 3352 3007 3401 et
3033 3346 3159 3401 ideo
3191 3365 3320 3403 mox
3345 3348 3396 3403 ei
3425 3344 3695 3401 convivium

460 3438 720 3495 ctoritate
748 3438 835 3493 vel
858 3438 1154 3508 majestate
1170 3436 1422 3508 jubentis
1452 3438 1657 3509 potius,
1690 3455 1859 3509 quam
1890 3456 1954 3493 ex
1985 3439 2059 3494 le-
2140 3435 2199 3489 in
2228 3435 2394 3489 domo
2425 3452 2528 3490 sua
2556 3442 2736 3506 parat,
2767 3441 2831 3490 ut
2854 3453 2888 3491 a
2910 3453 3019 3507 quo
3033 3438 3155 3507 jam
3183 3437 3452 3510 perennia
3478 3451 3582 3507 spei
3594 3432 3699 3486 abet

457 3528 630 3583 vitate
649 3527 765 3583 hac
789 3526 986 3582 fecere.
1023 3526 1082 3582 Si
1111 3526 1261 3581 enim
1290 3527 1349 3581 in
1381 3527 1639 3594 succinis,
1674 3533 1774 3582 aut
1796 3533 2058 3599 magnete
2139 3522 2304 3589 bona,
2338 3525 2390 3579 ei
2436 3541 2539 3579 sua
2578 3525 2881 3596 largiretur
2925 3527 3281 3597 temporalia.
3317 3528 3577 3582 Caeterum
3616 3522 3700 3576 Do-

458 3617 648 3690 lapide
677 3621 835 3672 tanta
861 3616 946 3671 vis
966 3615 1149 3671 inesse
1169 3616 1393 3682 dicitur,
1417 3622 1481 3671 ut
1509 3617 1707 3672 saltem
1739 3618 1885 3672 levia
1910 3635 2057 3689 quae-
2141 3612 2326 3667 minus
2350 3630 2461 3668 non
2483 3620 2713 3686 prapter
2741 3615 2934 3686 epulas
2956 3616 3166 3670 terreni
3198 3617 3375 3671 victus
3404 3616 3469 3670 ad
3489 3610 3701 3668 convivia

459 3706 600 3763 libet
625 3705 1005 3778 contraposita
1043 3705 1115 3760 ad
1145 3723 1205 3760 se
1241 3705 1489 3767 trahant,
1523 3711 1732 3778 quanto
1770 3707 1949 3778 magis
1978 3707 2059 3762 vis
2141 3707 2258 3757 tam
2284 3702 2609 3774 frequenter
2632 3703 2766 3757 ibat.
2792 3704 2885 3758 sed
2906 3709 2970 3759 ut
2987 3704 3338 3761 occasionem
3358 3705 3575 3759 haberet
3592 3716 3702 3774 pra:-

463 3800 523 3851 et
547 3795 721 3850 virtus
739 3795 938 3849 divinae
963 3795 1277 3866 majestatis
1304 3795 1541 3849 interius
1563 3812 1657 3850 eos
1686 3795 1985 3859 afﬁciebat,
2004 3801 2061 3850 et
2141 3792 2326 3846 standi
2362 3792 2627 3863 gratiam.
2662 3793 2805 3847 Hinc
2832 3810 2967 3848 sane
2995 3794 3214 3865 quoties
3254 3794 3563 3850 interfuisse
3589 3788 3702 3860 legi-

462 3902 579 3941 suae
606 3884 919 3940 dilectionis
950 3884 1179 3939 ﬂamma
1208 3901 1243 3938 a
1287 3890 1512 3956 torpore
1540 3884 1789 3939 solvebat
1817 3884 2058 3939 inﬁdeli-
2140 3887 2255 3946 tur,
2280 3886 2379 3935 aut
2406 3898 2472 3935 ea
2493 3899 2617 3952 quae
2646 3882 2835 3937 docuit
2855 3889 3265 3950 memorantur,
3287 3893 3386 3939 aut
3410 3899 3526 3956 quae
3537 3877 3700 3952 gessit,

459 3976 627 4031 tatis?
644 3977 760 4030 Nec
787 3980 1009 4046 poterat
1036 3973 1243 4029 durare
1279 3974 1455 4046 frigus
1483 3974 1809 4040 dubietatis,
1844 3990 1878 4028 a
1915 3974 2056 4029 facie
2144 3976 2421 4042 quatenus
2447 3987 2642 4025 omnes
2671 3988 2771 4042 per
2792 3972 2895 4026 hoc
2922 3972 2989 4026 ad
3021 3974 3149 4027 vita:
3174 3975 3375 4045 epulas
3399 3972 3576 4027 venire
3596 3965 3705 4023 invio

461 4065 665 4121 caloris
698 4080 807 4134 quo
840 4063 993 4117 intus
1016 4063 1317 4130 urebatur;
1343 4063 1440 4118 sed
1463 4063 1764 4134 liquefacta
1783 4080 1943 4118 mens
1977 4062 2055 4117 af-
2138 4065 2286 4114 taret
2339 4059 2497 4114 Unde
2526 4076 2639 4115 non
2670 4061 2856 4116 minus
2886 4063 2956 4116 ad
2987 4068 3330 4134 peccatores,
3366 4078 3528 4135 quam
3560 4058 3702 4114 etiam

462 4152 612 4206 fectu
650 4150 961 4215 charitatis,
994 4150 1255 4203 currebat
1300 4167 1428 4204 mox
1470 4158 1596 4222 post
1624 4152 1857 4217 fontem,
1901 4154 2062 4224 cujus
2144 4155 2201 4204 et
2229 4149 2299 4203 ad
2320 4166 2414 4204 eos
2443 4149 2538 4221 qui
2558 4167 2617 4205 se
2641 4152 2825 4221 justos
2854 4152 3226 4215 aestimabant,
3261 4154 3439 4208 intrat
3467 4157 3527 4206 ut
3551 4143 3707 4204 cuncti

467 4244 592 4294 erat
618 4237 910 4292 dulcedine
938 4254 1226 4309 respersa;
1269 4239 1523 4293 nesciens
1562 4241 1819 4297 dubitare
1848 4242 1916 4296 de
1943 4243 2056 4309 illo,
2145 4256 2205 4293 se
2234 4244 2551 4311 peccatores
2578 4239 2915 4310 intelligant,
2930 4246 2988 4295 et
3013 4240 3083 4294 ad
3104 4240 3317 4296 fontem
3350 4234 3705 4296 misericordia

471 4327 633 4398 cujus
651 4328 771 4397 jam
795 4325 997 4397 spiritu
1017 4331 1205 4393 434
1229 4326 1465 4381 interius
1479 4329 1767 4398 agebatur.
1789 4330 2106 4400 Currebatg
2146 4334 2393 4383 currant.
2420 4330 2564 4383 Nam
2590 4334 2647 4383 et
2676 4328 2769 4383 isti
2798 4329 2894 4400 qui
2917 4346 3041 4384 cum
3059 4330 3301 4385 Domino
3331 4332 3390 4385 in
3409 4331 3567 4386 domo
3593 4340 3706 4396 epu-

465 4421 658 4473 autem
672 4430 851 4482 mens,
871 4415 969 4469 sed
984 4414 1372 4481 trahebantur,
1389 4414 1457 4468 de
1482 4434 1590 4486 quo
1614 4434 1820 4488 sponsa
1838 4419 1898 4473 in
1920 4419 2061 4474 Can-
2077 4398 2128 4457 D
2146 4417 2353 4485 lantur,
2386 4435 2526 4490 quos
2574 4398 2891 4489 peccatores
2928 4426 3212 4485 accusant,
3258 4438 3372 4475 non
3410 4420 3488 4474 ita
3514 4432 3626 4473 cum
3655 4426 3705 4466 eo

468 4506 616 4573 ticis,
654 4505 827 4560 Trahe
861 4521 944 4558 me
982 4509 1100 4574 post
1130 4508 1177 4558 te
1212 4520 1501 4559 curremus
1533 4509 1595 4560 in
1620 4508 1779 4560 odore
1810 4525 2061 4576 unguen-
2142 4506 2504 4562 discumbunt
2526 4513 2589 4561 ut
2616 4512 2934 4578 peccatores
2966 4517 3359 4580 permaneant,
3380 4509 3477 4563 sed
3503 4512 3562 4562 ut
3579 4503 3708 4559 dein-

464 4602 651 4651 torum
697 4598 925 4648 tuorum
976 4594 1163 4664 (Cant.
1198 4608 1237 4660 Ι,
1272 4591 1361 4659 4);
1393 4611 1458 4649 ac
1506 4594 1554 4648 si
1601 4600 1860 4667 patenter
1887 4597 2054 4665 dicat,
2142 4613 2270 4667 ceps
2298 4614 2422 4651 cum
2454 4597 2715 4652 Matthaao
2740 4599 2862 4669 ejus
2893 4599 3217 4668 magisterio
3238 4600 3576 4654 adhaereant.
3594 4590 3705 4648 Inde

463 4683 631 4739 trahe
659 4682 817 4755 prius
846 4698 936 4737 me
965 4688 1029 4737 ut
1058 4697 1371 4754 exsurgant,
1421 4684 1597 4739 donec
1643 4683 1841 4739 debilis
1868 4691 1926 4740 et
1971 4687 2058 4741 in-
2141 4702 2383 4757 namque
2416 4692 2500 4740 est
2528 4687 2675 4757 quod
2702 4687 2912 4741 eisdem
2945 4688 3422 4744 calumniantibus
3454 4683 3705 4757 objicitur.

464 4774 632 4829 ﬁrma
652 4771 861 4839 videor,
880 4771 1056 4826 donec
1084 4772 1449 4842 mgrotatione
1479 4778 1734 4845 torpesco
1756 4776 1946 4843 ;trahe
1969 4793 2057 4830 me

462 4868 591 4936 post
623 4868 699 4927 te,
735 4866 799 4915 ut
826 4861 1227 4916 convalescam.
1256 4862 1458 4917 Postea
1486 4880 1613 4918 vero
1642 4880 2059 4931 curremus,nec

463 4952 584 5008 sine
614 4951 961 5023 adjumento,
976 4951 1074 5006 sed
1094 4950 1153 5004 in
1172 4950 1342 5006 odore
1371 4958 1788 5024 unguentorum
1807 4959 2053 5009 tuorum.

465 5041 679 5108 Quibus
727 5039 962 5095 recreati
1007 5040 1385 5096 odoramentis
1429 5042 1692 5097 indefessi
1747 5051 1874 5115 post
1929 5060 2058 5097 eum

461 5131 642 5188 ibant.
676 5130 1003 5202 Tetigerant
1031 5128 1202 5190 enim.
1233 5146 1305 5184 ne
1331 5130 1564 5185 dubium
1596 5132 1732 5203 quin
1756 5131 1865 5186 ista
1887 5132 2059 5187 virtu-

462 5227 585 5278 tum
615 5225 896 5289 aromata,
925 5235 1093 5274 nares
1143 5236 1357 5286 eorum,
1410 5222 1544 5275 dum
1590 5226 1721 5275 ante
1748 5221 1871 5275 illos
1922 5222 2061 5276 odor

461 5310 587 5365 vita:
617 5310 903 5364 transiret.
940 5310 1008 5363 Et
1031 5308 1154 5363 ideo
1179 5307 1389 5380 absque
1418 5309 1533 5364 ulla
1563 5311 1766 5365 mentis
1786 5317 2059 5366 retracta-

460 5400 635 5467 tione,
679 5399 887 5453 relictis
913 5396 1192 5464 omnibus,
1226 5415 1294 5452 ea
1322 5415 1444 5469 quae
1472 5400 1808 5456 intrinsecus
1840 5402 2056 5473 fragra-

460 5488 598 5546 bant
638 5487 792 5544 ocius
837 5488 1235 5560 sequebantur.
1270 5488 1388 5543 Imo
1428 5488 1688 5544 trahebat
1729 5506 1824 5546 eos
1851 5490 1933 5545 vis
1970 5490 2057 5544 di-

458 5578 604 5648 vina,
630 5577 867 5635 uncinus
892 5593 1188 5651 pomorum
1204 5576 1432 5647 scilicet,
1456 5595 1621 5654 quem
1639 5580 1910 5655 propheta
1930 5595 2058 5636 con-

2210 4777 2333 4830 Non
2372 4781 2445 4829 est
2473 4792 2605 4843 opus
2636 4780 2945 4831 valentibus
2971 4780 3230 4845 medicus,
3259 4781 3352 4834 sed
3380 4781 3523 4831 male
3541 4774 3711 4828 haben-

2142 4866 2305 4931 tibus,
2334 4869 2390 4918 et
2417 4864 2555 4918 illud
2584 4883 2594 4917 :
2641 4867 3081 4921 Misericordiam
3114 4872 3233 4923 υοιο
3274 4874 3325 4922 et
3381 4883 3493 4922 non
3520 4860 3709 4927 sacriﬁ-

2140 4956 2307 5008 cium.
2344 4952 2605 5018 Ostendit
2632 4955 2805 5025 igitur
2832 4957 2949 5011 suis
2977 4957 3278 5028 responsis,
3315 4973 3418 5012 cur
3458 4954 3525 5011 ad
3554 4945 3710 5006 convi-

2138 5041 2229 5096 via
2253 5047 2607 5113 peccatorum
2639 5044 2889 5099 intrarit:
2925 5047 3185 5117 equidem
3225 5063 3339 5101 non
3370 5051 3435 5100 ut
3463 5039 3711 5113 acciperet

2141 5148 2314 5199 escas,
2356 5148 2549 5187 verum
2592 5140 2657 5187 ut
2699 5141 2992 5205 praestaret
3022 5136 3485 5198 misericordiam,
3516 5124 3708 5185 miseris

2142 5227 2198 5276 et
2216 5222 2611 5293 languentibus
2630 5223 2983 5294 indulgentia
3006 5225 3345 5280 subveniret.
3372 5226 3484 5279 Nec
3510 5222 3709 5293 praeter-

2140 5312 2386 5367 eundum
2429 5313 2576 5384 quod
2614 5313 2910 5367 Mattheus
2956 5315 3025 5367 ob
3057 5315 3109 5369 id
3153 5317 3361 5369 electus
3387 5314 3462 5367 sit
3488 5312 3553 5366 de
3584 5306 3707 5361 telo-

2140 5401 2252 5466 nio,
2286 5407 2563 5471 quatenus
2596 5418 2761 5455 nemo
2803 5402 3166 5459 immanitate
3197 5406 3466 5459 scelerum
3502 5407 3708 5454 suorum

2139 5490 2435 5557 difﬁderet,
2484 5490 2708 5546 Domini
2756 5490 3004 5547 bonitate
3040 5499 3333 5558 attractus,
3367 5493 3463 5565 qui
3503 5490 3570 5543 de
3607 5491 3705 5538 tam

2138 5579 2268 5635 imis
2298 5585 2357 5638 et
2387 5579 2660 5638 obsccenis
2697 5582 3000 5656 quaestibus
3030 5583 3180 5639 videt
3206 5584 3355 5640 hunc
3408 5580 3705 5654 provectum
