3918 6176
208 271 294 382 έῗ3
955 315 1335 371 EXPOSITIO
1374 314 1453 370 IN
1491 315 1755 371 MA'I‘THi

1893 318 1936 371 Ι.
1980 349 2044 360 —
2083 321 2220 375 LIB.
2264 320 2331 385 V,
2373 318 2530 374 CAP.
2572 318 2666 372 IX.
3335 317 3440 376 374

220 448 334 502 etin
372 459 595 499 numero
641 440 1022 512 apostolorum
1057 439 1240 494 subito
1273 443 1961 504 connumeratum.Aimo
2007 445 2316 501 humilibus
2363 450 2418 501 et
2449 441 2833 516 peccatoribus
2865 458 2954 498 me
2982 441 3265 514 impendo.
3307 444 3438 499 Haec

222 536 349 590 Unde
399 550 514 586 mox
561 537 618 585 et
663 530 720 584 in
765 531 931 584 domo
971 530 1111 599 ejus,
1159 546 1282 599 quae
1319 529 1502 584 fuerat
1547 531 1768 585 ofﬁcina
1849 540 2042 589 contra
2062 552 2158 590 eos
2188 535 2341 589 dicta
2364 535 2587 605 gravius
2621 533 3000 605 proferuntur,
3017 533 3151 604 quia
3173 534 3356 603 justos
3377 549 3438 588 se

220 622 535 686 crudelitatis,
569 620 860 674 cellarium
889 618 1122 682 fraudis,
1147 624 1203 672 et
1218 619 1483 688 spelunca
1503 620 1766 690 iniquita-
1847 624 2301 691 mentiebantur;
2353 623 2659 678 humilibus
2714 628 2902 676 autem
2951 627 3008 676 et
3035 621 3435 676 conﬁtentibus

216 714 289 779 tis,
329 712 438 766 fons
484 715 710 764 emanat
754 709 980 780 pietatis
1011 726 1022 760 :
1077 713 1141 762 ut
1193 708 1355 762 multi
1387 708 1668 778 publicani
1699 725 1762 763 ac
1845 713 1996 766 salus
2025 714 2273 768 otl‘ertur.
2308 714 2613 784 Propterea
2639 711 2836 766 beatus
2852 712 3178 781 Apostolus:
3201 713 3436 768 Conclu-

214 807 484 874 peccatores
513 799 672 871 quasi
700 799 770 852 ad
798 799 971 852 vitam
1003 797 1340 863 resuscitati,
1366 815 1493 851 cum
1522 799 1761 853 Domino
1843 803 1914 853 sit
1929 804 2082 854 enim
2103 803 2241 856 Deus
2256 803 2446 856 omnia
2471 803 2570 854 sub
2585 801 3157 869 peccato,utomnibus
3188 802 3439 854 miserea-

212 888 868 963 participantur.Alioquin
891 887 938 940 si
962 886 1018 940 in
1052 887 1294 958 peccatis
1318 903 1649 958 permanere
1662 889 1760 942 de-
1845 892 1940 940 tur
1964 890 2130 954 (Rom.
2163 906 2234 954 χι,
2267 887 2379 959 32).
2405 887 2480 942 Et
2505 888 2680 942 David
2706 903 2719 942 :
2765 887 2960 942 Omnes
2990 888 3431 954 declinaverunt,

211 984 478 1043 cernerent,
528 979 599 1043 ei,
649 978 743 1049 qui
799 978 920 1030 sine
967 981 1192 1047 peccato
1237 981 1340 1042 est,
1399 993 1759 1048 nequaquam
1842 979 2013 1032 simul
2044 980 2271 1032 inutiles
2300 980 2438 1045 facti
2465 984 2594 1031 sunt
2619 997 2636 1042 ;
2670 992 2783 1031 non
2811 980 2995 1042 43'!
3028 979 3232 1045 estqui
3261 978 3436 1044 faciat

210 1067 422 1124 convesci
450 1067 737 1122 auderent.
770 1067 888 1121 Imo
924 1066 1092 1120 unius
1132 1065 1438 1136 peccatoris
1474 1066 1759 1120 conversio
1845 1068 2187 1133 bonum,non
2203 1072 2275 1120 cst
2293 1083 2461 1136 usque
2485 1068 2558 1120 ad
2577 1082 2756 1120 unum
2784 1067 2948 1132 (Psal.
2971 1079 3088 1131 xm,
3110 1064 3188 1134 3).
3221 1065 3430 1120 Idcirco

207 1157 366 1210 multis
388 1157 694 1227 exemplum
726 1155 964 1226 praebuit
989 1155 1349 1225 pcenitentize.
1368 1155 1606 1209 Mutavit
1625 1170 1758 1226 ergo
1841 1155 2043 1209 melius
2071 1161 2157 1209 est
2182 1155 2240 1209 in
2265 1155 2430 1209 domo
2458 1155 2608 1210 beati
2639 1154 2876 1209 Mattliaei
2905 1154 3126 1209 Christo
3166 1169 3293 1208 cum
3327 1169 3433 1225 pu-

205 1246 458 1300 Matthaeus
485 1245 793 1316 negotium,
824 1261 926 1298 nec
957 1245 1164 1310 amisit,
1198 1245 1333 1298 dum
1379 1245 1439 1298 in
1491 1245 1655 1298 domo
1686 1245 1757 1298 ad
1840 1243 2074 1298 blicanis
2095 1250 2154 1298 et
2178 1243 2559 1316 peccatoribus
2587 1243 2927 1316 participari,
2949 1259 3260 1315 quamcum
3289 1243 3432 1297 Pha-

203 1351 342 1406 quam
359 1335 505 1406 prius
521 1335 727 1389 multos
744 1351 932 1389 secum
960 1340 1188 1405 propter
1211 1334 1367 1387 lucra
1393 1333 1753 1401 conduxerat,
1841 1332 2016 1387 riszeis
2041 1333 2186 1387 male
2217 1333 2339 1387 sine
2366 1333 2460 1388 illo
2481 1331 2798 1403 justiﬁcari.
2822 1331 2850 1385 J
2855 1331 3008 1401 ejuni
3023 1331 3250 1402 quidem
3270 1335 3433 1385 erant

202 1424 258 1478 ad
291 1425 488 1478 veniam
525 1424 735 1478 invitat
768 1442 779 1475 :
813 1429 870 1477 et
898 1424 993 1494 qui
1036 1428 1158 1477 erat
1207 1423 1476 1492 magister
1523 1423 1753 1493 rapinae,
1840 1421 1962 1475 cibo
1991 1423 2204 1488 salutis,
2235 1428 2532 1494 propterea
2569 1438 2681 1476 non
2711 1419 3028 1475 sentiebant
3053 1436 3114 1474 se
3142 1425 3380 1489 aegrotos
3411 1438 3426 1474 :

203 1512 350 1566 factus
397 1520 479 1568 est
507 1513 825 1584 exemplum
854 1512 1048 1566 veniae.
1098 1511 1257 1566 Unde
1303 1512 1566 1567 conducit
1609 1513 1756 1566 illico
1840 1515 1896 1564 et
1916 1513 2154 1565 saturati
2189 1512 2466 1582 jactantia
2497 1511 2649 1565 falsae
2673 1509 3112 1581 justiﬁcationis,
3144 1508 3269 1564 ideo
3307 1524 3431 1563 nes-

199 1617 304 1655 suos
350 1601 415 1655 ad
467 1602 719 1656 scholam
750 1602 894 1667 vitae,
945 1618 1102 1672 quos
1131 1602 1472 1656 conduxerat
1505 1601 1659 1673 prius
1686 1601 1757 1656 ad
1838 1599 2060 1654 ciebant
2087 1601 2300 1655 esurire
2325 1600 2784 1666 misericordiam,
2808 1604 2866 1652 et
2885 1613 3132 1670 quaerere
3153 1597 3432 1652 medicum

199 1695 434 1760 quaestum
460 1693 682 1746 mortis.
706 1691 936 1762 Accepit
955 1690 1144 1761 itaque
1165 1691 1275 1744 alia
1291 1692 1524 1758 talenta,
1552 1692 1756 1746 idcirco
1836 1695 2117 1761 perpetua:
2148 1691 2426 1754 sanitatis.
2444 1689 2709 1761 Alioquin
2739 1688 2864 1760 quis
2877 1691 3000 1742 erat
3018 1687 3078 1741 in
3107 1703 3313 1758 genere
3329 1687 3432 1741 hu-

199 1779 339 1832 refert
373 1779 475 1833 alia
513 1780 692 1834 lucra.
728 1781 795 1834 Et
846 1780 1010 1834 sicuti
1062 1779 1210 1833 beati
1264 1781 1589 1851 piscatores,
1629 1783 1748 1851 jam
1769 1800 1815 1860 B
1837 1794 2004 1833 mano
2045 1796 2234 1846 sanus,
2268 1786 2573 1850 mgrotante
2598 1779 2721 1850 ipsa
2749 1783 2952 1832 natura
2981 1781 3206 1848 peccato
3237 1776 3430 1848 prima:

196 1867 305 1921 alios
332 1869 383 1922 in
426 1884 640 1940 sagena
670 1869 878 1923 Christi
915 1869 1146 1940 capiunt
1183 1869 1381 1940 pisces,
1433 1870 1512 1923 ita
1563 1871 1652 1924 hic
1681 1871 1750 1925 de
1833 1868 2108 1939 originis?
2141 1869 2284 1922 Hinc
2327 1868 2601 1939 benignus
2656 1867 2905 1922 medicus
2931 1867 3114 1922 adhuc
3142 1881 3238 1921 eos
3267 1865 3428 1937 quasi

195 1957 380 2026 negotio
423 1959 602 2014 veniae
635 1959 774 2013 alios
804 1975 993 2013 secum
1036 1964 1353 2029 peccatores
1397 1965 1454 2013 et
1497 1959 1748 2030 publica-
1830 1957 2162 2027 languentes
2191 1962 2410 2016 monet.

193 2051 271 2099 nos
312 2047 579 2117 plurimos
623 2053 815 2114 436
843 2048 1061 2114 invitat,
1105 2053 1162 2101 et
1190 2064 1384 2102 omnes
1413 2049 1749 2103 recumbunt
1900 2048 2121 2114 Euntcs,
2139 2047 2338 2118 inquit,
2358 2049 2548 2101 discite
2569 2048 2707 2116 quid
2727 2048 2827 2102 sit:
2849 2045 3293 2100 Miscricordiam
3309 2048 3427 2100 volo

189 2149 289 2188 cum
302 2136 420 2189 Jesu
444 2136 499 2190 in
534 2137 708 2190 domo
740 2137 1151 2191 misericordiae.
1176 2138 1254 2191 De
1285 2137 1488 2208 quibus
1515 2155 1750 2209 evange-
1831 2141 1879 2190 et
1922 2152 2033 2189 non
2061 2139 2420 2204 sacriﬁcium.
2447 2137 2528 2190 De
2559 2136 2829 2207 propheta
2857 2135 3145 2206 proferens
3169 2133 3426 2188 testimo-

190 2223 289 2277 lista
313 2225 518 2280 Marcus
567 2245 581 2279 :
607 2228 792 2289 Multi,
828 2226 1028 2297 inquit,
1049 2232 1349 2295 peccatores
1388 2233 1436 2281 et
1459 2231 1750 2296 publicani
1832 2224 1988 2279 nium
2019 2225 2284 2296 suggillet
2303 2225 2450 2296 quod
2467 2227 2650 2296 justos
2677 2242 2735 2279 se
2761 2224 3144 2280 existimantes
3165 2228 3423 2297 peccato-

190 2316 666 2368 recumbebantcmn
681 2318 804 2370 Jcsu
824 2321 870 2368 et
887 2295 1173 2384 discipulis
1190 2319 1304 2384 ejus
1324 2295 1518 2383 (Marc.
1546 2331 1608 2382 II,
1629 2317 1742 2389 15).
1830 2330 1955 2368 rum
1969 2322 2026 2368 et
2037 2332 2108 2385 pu
2117 2295 2460 2369 blicanorum
2472 2295 2752 2370 consortia
2771 2295 3430 2384 declinarint,propterea

191 2399 327 2455 Erant
352 2403 490 2457 enim
515 2404 690 2458 multi
717 2404 812 2475 qui
839 2404 1217 2475 sequebantur
1247 2421 1398 2460 eum.
1424 2407 1747 2477 Sequeban-
1830 2403 2030 2458 invitat
2057 2405 2128 2458 ad
2158 2405 2489 2470 doctrinam,
2511 2409 2577 2458 ut
2616 2404 2806 2458 dicant
2823 2404 2957 2474 quid
2981 2404 3056 2457 sit
3075 2403 3224 2474 quod
3255 2402 3424 2474 scrip-

187 2495 258 2542 tur
290 2496 477 2558 autem,
507 2493 653 2564 quia
699 2493 828 2548 huic
855 2494 1065 2548 dictum
1113 2493 1322 2550 fuerat.
1374 2495 1608 2563 Sequere
1639 2514 1739 2564 me,
1827 2497 1950 2546 tum
1981 2499 2083 2559 est,
2119 2495 2558 2547 Misericordiam
2586 2497 2702 2547 volo
2723 2499 2772 2547 et
2801 2509 2914 2547 non
2927 2495 3267 2560 sacriﬁcium
3286 2491 3420 2562 (03c.

189 2579 390 2650 Apparet
417 2598 552 2653 ergo
585 2583 731 2654 quod
757 2583 908 2654 prius
927 2600 1028 2654 per
1050 2583 1427 2652 ignorantiam
1444 2585 1599 2638 lucra
1619 2602 1745 2641 con-
1824 2595 1899 2647 vl,
1935 2579 2008 2649 6).
2045 2582 2476 2636 Misericordiam
2533 2599 2668 2653 ergo
2713 2583 2834 2637 vult
2889 2582 3078 2636 divina
3117 2581 3314 2652 pietas,
3359 2585 3426 2636 ut

187 2667 447 2736 quisierant
469 2671 794 2742 praesentia,
829 2671 924 2742 qui
957 2676 1074 2724 tam
1093 2671 1277 2725 subito
1307 2672 1378 2726 ad
1421 2674 1588 2728 unius
1611 2691 1742 2730 con-
1827 2658 2080 2722 omnium
2110 2669 2462 2736 misereatur,
2487 2675 2544 2724 et
2560 2687 2754 2724 omnes
2775 2685 2900 2724 eam
2926 2669 3423 2741 implorent,atque

187 2758 448 2812 versionem
468 2760 626 2831 rapti
654 2766 784 2815 sunt
813 2761 883 2814 ad
909 2759 1304 2814 divina.Facile
1320 2762 1470 2816 enim
1497 2771 1740 2818 contem.
1826 2758 2230 2828 compatientes
2258 2760 2317 2812 in
2346 2760 2582 2814 invicem
2602 2759 3046 2814 misericordiam
3081 2757 3417 2829 praestando,

185 2845 321 2912 nitur,
340 2850 548 2919 quodin
579 2850 1053 2921 comparationem
1075 2849 1288 2920 adepta:
1309 2850 1391 2904 rei
1412 2852 1740 2907 vilissimum
1825 2848 2014 2901 nullus
2034 2847 2365 2904 inﬁrmitate
2395 2850 2568 2904 miser
2594 2855 2917 2916 remaneat;
2952 2848 3100 2919 quod
3148 2846 3240 2901 isti
3269 2845 3422 2901 dedi-

182 2933 438 3002 judicatur.
462 2940 616 2994 Tum
635 2956 940 3009 generosus
965 2940 1094 3009 jure
1119 2944 1380 2993 censetur
1397 2942 1742 3014 animus,qui
1823 2942 2081 3008 gnantes,
2115 2953 2216 2992 nec
2239 2939 2364 2994 aliis
2385 2944 2671 3009 praestare,
2711 2955 2813 2993 nec
2842 2937 2948 2992 sibi
2978 2953 3227 3008 quaerere
3256 2952 3420 2991 cura-

187 3027 276 3076 tam
302 3026 468 3081 subito
495 3044 610 3099 per
637 3028 824 3093 ﬁdem,
847 3045 970 3099 quae
1001 3044 1208 3097 magna
1240 3035 1484 3099 putarat,
1531 3037 1587 3085 et
1623 3039 1739 3086 tam
1825 3026 1978 3093 bant,
2020 3028 2308 3082 credentes
2338 3044 2396 3082 se
2425 3029 2482 3082 in
2505 3026 2810 3093 sacriﬁciis,
2836 3032 2892 3082 et
2917 3025 3186 3096 sabbatis,
3207 3041 3272 3080 ac
3284 3039 3420 3079 neo-

183 3109 307 3166 facile
331 3123 514 3186 captus
545 3133 748 3170 amore
773 3118 1019 3171 melioris
1052 3118 1178 3172 vitae
1212 3121 1610 3189 praetermittit.
1630 3122 1735 3176 Sed
1753 3112 1798 3176 G
1827 3117 2351 3188 meniisjustiﬁcari.
2386 3118 2519 3182 Quae
2549 3118 2682 3171 dum
2707 3116 2988 3188 reprobat,
3014 3117 3217 3170 horum
3247 3118 3422 3169 secta-

179 3198 346 3257 invidia
389 3223 619 3277 semper
661 3206 806 3266 bono
837 3207 1067 3260 alterius
1098 3213 1411 3278 torquetur,
1445 3216 1743 3281 propterea
1824 3211 1975 3259 tores
2007 3205 2254 3260 ostendit
2283 3210 2602 3276 peccatores
2635 3222 2774 3271 esse,
2807 3209 2864 3258 et
2892 3208 3155 3274 provocat
3179 3206 3420 3274 quanto-

179 3285 404 3347 Pharisaai
431 3296 655 3349 adeunt
683 3295 984 3367 discipulos
1017 3296 1263 3350 dicentes
1294 3315 1304 3349 :
1823 3294 1940 3348 cius
1968 3295 2036 3348 ad
2067 3295 2509 3350 misericordiam
2537 3295 2849 3349 convolare.
2883 3293 3159 3347 Medicum
3190 3291 3419 3364 quidem

231 3381 383 3446 Quare
408 3387 684 3452 magister
701 3391 872 3438 vester
920 3402 1046 3439 cum
1077 3389 1390 3454 publicanis
1419 3393 1467 3440 et
1495 3395 1732 3455 peccata
1822 3401 1882 3438 se
1908 3385 2027 3438 vult
2055 3385 2311 3456 intelligi,
2347 3385 2441 3455 qui
2471 3385 2688 3438 noverit
2711 3382 3068 3437 inﬁrmitates
3082 3398 3297 3448 eorum,
3319 3380 3415 3452 qui

179 3468 300 3521 ribus
318 3475 618 3527 manducet
640 3479 664 3526 ?
686 3472 937 3526 Primum
955 3474 1206 3528 inﬁrmos
1226 3475 1406 3529 adhuc
1427 3476 1633 3530 adeunt
1651 3478 1737 3532 di-
1822 3490 1886 3528 ex
1912 3474 2134 3544 justitia
2164 3474 2301 3544 legis
2329 3473 2626 3528 tumebant
2670 3473 3060 3543 superstitiosa
3105 3489 3416 3544 pmsump-

175 3557 388 3627 scipulos,
423 3563 556 3632 quia
595 3577 707 3616 non
736 3563 947 3616 audent
975 3570 1165 3634 aperte
1196 3565 1520 3635 Magistrum
1549 3583 1735 3637 repre-
1817 3563 2001 3629 tione;
2036 3570 2300 3617 caeterum
2331 3564 2476 3616 male
2507 3562 2857 3628 habentibus,
2880 3562 2975 3633 qui
3005 3579 3118 3616 suae
3146 3561 3417 3632 fragilita-

177 3642 394 3702 hendere.
426 3651 646 3705 Deinde
677 3668 835 3704 suam
870 3653 1173 3706 ostendunt
1195 3654 1555 3725 imperitiam,
1587 3657 1734 3726 quod
1817 3652 1890 3706 tis
1946 3653 2284 3706 conscientia
2340 3650 2488 3715 victi,
2520 3651 2763 3720 gratiam
2791 3651 3108 3721 requirunt,
3143 3667 3202 3704 se
3249 3651 3414 3704 oﬂ‘ert

180 3745 256 3786 nec
278 3737 471 3808 seipsos
503 3740 850 3810 intelligant,
883 3757 985 3794 nec
1013 3758 1142 3795 eum
1191 3759 1356 3812 quem
1400 3745 1734 3799 calumniari
1816 3741 2160 3794 ultroneum.
2179 3740 2284 3794 Ubi
2315 3741 2481 3794 simul
2512 3739 2773 3804 ostendit,
2795 3745 2859 3793 ut
2879 3739 3142 3810 praemisi,
3165 3739 3312 3810 quod
3331 3737 3409 3804 hi,

179 3830 418 3880 conantur.
441 3829 722 3884 Nesciunt
751 3829 940 3883 miseri
968 3831 1115 3900 quod
1136 3847 1303 3884 nemo
1326 3832 1444 3887 sine
1465 3839 1689 3903 peccato
1718 3851 1730 3886 :
1817 3847 1956 3900 quos
1985 3829 2306 3901 culpabant,
2337 3845 2447 3884 non
2470 3830 2527 3882 in
2554 3828 2805 3900 pristinis
2837 3844 3195 3899 permansere
3236 3825 3405 3892 vitiis,

178 3912 277 3964 etsi
317 3918 697 3985 peccatoribus
747 3935 857 3972 non
897 3920 1355 3982 communicaret,
1412 3932 1574 3976 nemo
1620 3924 1733 3977 vita
1816 3919 1914 3972 sed
1944 3918 2332 3989 pcenitentiam
2365 3922 2596 3988 agentes
2625 3916 3087 3988 praecesserintin
3117 3931 3289 3986 regno
3309 3915 3410 3970 Dei

175 3996 338 4068 dignus
363 4013 524 4062 esset.
570 4008 739 4062 Venit
769 4008 1011 4078 denique
1042 4009 1122 4063 eis
1160 4010 1277 4064 haec
1307 4013 1632 4081 superstitio
1661 4013 1731 4067 de
1815 4008 2103 4062 venientes
2153 4009 2222 4061 ad
2257 4007 2562 4062 Christum.
2596 4007 2680 4061 Ad
2721 4007 2824 4060 hoc
2853 4006 3056 4077 quippe
3082 4005 3406 4059 vulneratus

168 4085 412 4158 iactantia,
446 4102 502 4150 et
527 4113 646 4150 non
694 4097 763 4150 de
803 4097 1042 4167 justitia,
1096 4098 1380 4168 quoniam,
1427 4100 1570 4156 sicut
1598 4102 1731 4155 Pro-
1814 4103 1900 4151 est
1923 4102 2152 4168 propter
2179 4097 2503 4168 iniquitates
2527 4102 2769 4160 nostras,
2802 4102 2866 4150 ut
2905 4096 3026 4165 ejus
3055 4095 3227 4148 livore
3244 4109 3406 4149 sana-

173 4176 307 4243 Pbeta
331 4185 488 4252 canit,
522 4189 654 4241 Non
664 4189 1072 4254 justiﬁeabitur
1099 4191 1160 4240 in
1190 4195 1470 4256 conspectu
1502 4198 1593 4244 tuo
1617 4209 1728 4245 om-
1812 4203 2022 4240 remur.
2055 4187 2298 4240 Attritus
2329 4191 2415 4240 est
2432 4192 2663 4257 propter
2691 4186 2903 4240 scelera
2930 4190 3141 4251 nostra,
3180 4189 3246 4238 ut
3270 4197 3402 4254 gra-

175 4268 241 4318 nis
273 4273 436 4326 vivens
467 4277 634 4338 (Psal.
688 4288 856 4342 CXLII,
889 4274 961 4343 2).
998 4276 1156 4330 Unde
1192 4277 1463 4332 Dominus
1490 4279 1723 4336 audiens
1809 4276 1882 4330 tis
1910 4276 1979 4330 ab
2010 4293 2074 4330 eo
2098 4277 2564 4346 justiﬁcaremur.
2602 4276 2760 4331 Unde
2789 4276 2871 4330 ait
2905 4292 2916 4328 ε

171 4351 259 4409 haec
281 4359 470 4428 aiebat,
515 4366 646 4418 Non
687 4369 761 4417 est
813 4381 944 4432 opus
975 4368 1283 4419 valentibus
1333 4370 1590 4434 modicus,
1635 4372 1725 4422 sed
1879 4367 2001 4420 Non
2049 4369 2174 4420 veni
2201 4382 2389 4420 vocare
2411 4371 2603 4436 justas,
2649 4367 2740 4419 sed
2775 4369 3094 4434 peccatores.
3120 4364 3229 4420 Sed
3259 4363 3403 4419 forte

170 4447 280 4497 male
313 4449 649 4506 habentibus.
669 4453 792 4506 Non
827 4453 973 4524 quod
999 4455 1244 4525 aliquem
1261 4473 1462 4509 sanum
1491 4474 1525 4510 a
1547 4458 1722 4512 medi-
1805 4455 1978 4509 movit
2001 4455 2264 4526 aliquem,
2299 4455 2578 4526 quomodo
2623 4454 2842 4520 dixerit,
2897 4455 3021 4509 Non
3051 4457 3177 4507 veni
3195 4456 3397 4522 justas,

167 4530 378 4591 cinasuae
406 4540 607 4594 salutis
636 4540 930 4611 exciperet,
967 4543 1064 4595 sed
1093 4549 1156 4596 ut
1185 4560 1378 4598 omnes
1426 4563 1550 4600 reos
1597 4565 1718 4602 esse
1805 4546 1894 4598 sed
1937 4550 2238 4613 peccatores
2266 4561 2475 4610 vocare,
2509 4561 2636 4598 cum
2681 4543 2941 4598 omnibus
2987 4547 3196 4614 pateat,
3249 4543 3399 4614 quod

169 4631 477 4682 monstraret.
525 4630 685 4694 Quod
735 4630 780 4683 si
833 4631 1113 4685 medicina
1159 4633 1307 4687 circa
1337 4643 1574 4705 aegrotos
1606 4653 1718 4692 non
1803 4634 1972 4688 etiam
2002 4650 2115 4700 eos,
2152 4650 2290 4704 quos
2319 4633 2628 4688 secundum
2650 4632 2930 4703 justitiam
2961 4631 3216 4687 Mosaicae
3257 4631 3398 4702 legis

167 4706 302 4766 fuerit
325 4717 593 4785 adhibita,
617 4719 769 4773 sanis
783 4720 913 4790 quid
938 4722 1203 4791 prodesse
1224 4724 1466 4793 poterit?
1497 4727 1580 4779 Ad
1613 4726 1717 4780 hoc
1801 4728 1969 4795 atque
1999 4723 2256 4777 instituta
2285 4723 2558 4793 perfectos
2594 4722 2824 4786 invenit,
2844 4722 2915 4776 ad
2933 4721 3263 4792 evangelicae
3285 4722 3398 4776 cul-

166 4798 331 4871 quippe
355 4807 423 4860 ad
454 4809 786 4863 Matthaaum
823 4809 991 4874 venit,
1018 4812 1151 4881 quia
1178 4813 1271 4866 ille
1299 4819 1542 4883 aegrotus
1572 4822 1711 4882 erat,
1798 4829 1927 4866 men
1959 4811 2312 4883 perfectionis
2342 4812 2612 4882 plurimos
2659 4811 2889 4866 vocavit.
2948 4811 3006 4865 Si
3052 4811 3201 4865 enim
3243 4811 3393 4866 solos

164 4891 210 4938 ut
231 4893 452 4950 avaritia:
480 4904 711 4952 curaret
738 4899 989 4965 vulnera,
1023 4905 1086 4953 ut
1123 4903 1602 4974 concupiscentias
1633 4922 1716 4959 re-
1798 4909 2136 4974 peccatores,
2161 4907 2216 4957 et
2237 4917 2350 4956 non
2371 4901 2539 4956 etiam
2565 4903 2749 4972 justos
2770 4917 2835 4954 ex
2863 4900 2986 4971 lege
3011 4904 3254 4967 vocaret,
3291 4916 3394 4954 ne-

163 4975 447 5048 stingueret.
482 4979 612 5041 Non
641 4992 832 5042 tamen
862 4989 978 5042 haec
1007 4988 1131 5043 ideo
1163 4991 1321 5055 dicit,
1342 4993 1500 5062 quasi
1523 4993 1714 5065 illiqui
1797 5009 2077 5064 quaquam
2123 4991 2437 5047 Nathanael
2483 4989 2839 5060 discipulatui
2892 4989 3013 5060 ejus
3059 4990 3388 5056 adhaereret,

161 5077 258 5158 full!
283 5075 688 5143 reprehendere
715 5077 1088 5132 moliebantur
1130 5080 1252 5134 sani
1284 5088 1486 5147 essent,
1522 5083 1618 5136 sed
1652 5089 1716 5138 ut
1799 5099 1965 5154 quem
1995 5083 2066 5137 ad
2114 5098 2173 5134 se
2212 5079 2525 5133 venientem
2559 5085 2719 5133 tanta
2762 5079 2926 5133 laude
2953 5079 3186 5149 dignum
3233 5078 3394 5133 duxit

161 5156 529 5246 lpﬁrmantibus
569 5181 629 5218 se
676 5167 1013 5220 medicinam
1065 5170 1403 5224 ostenderet.
1438 5173 1713 5226 Cmterum
1799 5172 2080 5227 extollere.
2116 5170 2225 5225 Sed
2273 5174 2329 5223 et
2371 5168 2558 5222 caeteri
2605 5184 2743 5239 quos
2773 5185 2838 5222 ex
2868 5169 2991 5238 lege
3011 5170 3195 5239 justos
3219 5166 3390 5223 fuisse

162 5240 254 5297 illos
277 5250 360 5319 qui
389 5252 456 5306 de
485 5253 629 5307 falsa
653 5255 792 5326 legis
816 5256 1039 5325 justitia
1069 5260 1501 5328 praesumebant,
1534 5263 1716 5331 magis
1801 5278 1965 5316 nemo
1991 5261 2229 5324 dubitat,
2263 5275 2553 5329 nunquam
2575 5259 2644 5312 ad
2673 5257 2876 5312 altiora
2905 5264 3094 5323 433
3127 5257 3386 5328 exigeret,

163 5336 497 5400 exprobrando
543 5343 746 5413 tangit,
792 5361 960 5414 quam
992 5352 1056 5398 ut
1080 5347 1262 5415 justos
1303 5365 1422 5402 esse
1453 5351 1713 5404 confitea—
1797 5351 1843 5405 si
1872 5350 2041 5404 etiam
2072 5350 2140 5402 de
2181 5349 2268 5402 his
2294 5364 2407 5403 non
2446 5349 2679 5418 eligeret
2704 5365 2805 5418 per
2840 5347 3101 5417 gratiam,
3137 5364 3276 5417 quos
3301 5366 3392 5404 vo-

162 5421 242 5474 tur.
270 5426 337 5479 Ac
363 5428 408 5482 si
438 5436 636 5500 aperte
663 5433 811 5486 dicat
837 5453 848 5487 :
881 5433 1153 5489 Omnibus
1184 5437 1326 5501 veni,
1363 5438 1494 5508 quia
1520 5457 1712 5495 omnes
1795 5446 1965 5495 caret.
1997 5439 2173 5503 Quem
2225 5439 2405 5493 locum
2453 5455 2589 5492 sane
2636 5439 2815 5492 Lucas
2861 5437 3109 5508 apertius
3139 5437 3391 5494 fortassis

162 5511 314 5601 morbo
345 5533 567 5586 pressos
621 5521 786 5589 novi;
836 5523 932 5577 sed
970 5523 1141 5591 vobis,
1177 5526 1271 5596 qui
1299 5527 1367 5580 de
1415 5531 1713 5600 supercilio
1798 5531 2058 5601 explanat
2117 5530 2262 5596 (Luc.
2305 5544 2356 5594 v,
2409 5525 2497 5595 3‘2)
2543 5529 2711 5582 εΝοη
2756 5529 2898 5592 veni,
2945 5527 3146 5601 inqult,
3197 5543 3388 5582 vocare

162 5599 284 5655 malae
320 5611 777 5680 praesumptionis
817 5613 1109 5682 jactitatis,
1148 5631 1259 5670 non
1300 5632 1439 5688 Opus
1478 5599 1668 5676 videor
1698 5640 1708 5674 :
1788 5599 1983 5691 justas,
2018 5620 2422 5688 sedpcccatorcs
2441 5620 2503 5672 in
2528 5619 2940 5686 penitentiam;
2973 5599 3041 5672 ac
3065 5616 3112 5671 si
3132 5619 3391 5686 patenter
