3918 6176
493 300 602 360 875
1271 303 1330 359 S.
1369 302 1748 361 PASCHASII
1786 300 2149 359 RADBEBTI
2185 298 2491 356 ABBATIS
2531 297 3023 356 CORBEIENSIS.
3598 305 3678 363 376

493 426 745 484 insinuet
771 442 785 479 :
816 428 1027 485 Omnes
1055 428 1280 500 quidem
1299 428 1505 484 electos
1531 428 1603 482 ad
1621 444 1800 500 regna
1823 428 2091 485 calorum
2110 429 2326 490 Anunc
2359 423 2640 481 adulando
2678 420 3049 497 interrogant,
3093 441 3239 481 nunc
3278 427 3678 499 reprehendendo,

496 516 779 573 Dominus
800 524 983 586 vocat;
1015 519 1115 575 sed
1164 518 1290 572 illos
1324 517 1674 572 solummodo
1719 518 1792 573 ad
1824 518 2094 590 poeniten—
2173 514 2494 581 nuncdolis,
2523 531 2671 569 nunc
2688 515 2928 582 insidiis,
2951 532 3099 571 nunc
3119 517 3319 588 apertis
3342 518 3684 575 odiorumblas-

498 606 659 675 tiam,
688 622 829 679 quos
853 607 1113 678 graviora
1147 606 1350 661 delicta
1396 606 1593 677 ligant.
1635 607 1768 663 Illos
1790 607 2088 680 siquidem,
2172 604 2413 677 phemiis
2443 610 2611 676 atque
2639 604 2995 660 contumeliis
3049 610 3329 677 appetunt,
3371 608 3580 677 pulsant,
3618 609 3684 664 in-

498 701 567 751 ut
585 697 932 767 perfectioris
950 697 1074 752 vitae
1090 697 1311 751 culmen
1325 695 1769 767 apprehendant;
1787 698 1925 753 istos
1941 714 2088 765 vero,
2173 700 2477 757 sectantur.
2512 699 2570 748 et
2582 694 2817 765 cupiunt
2831 693 3170 762 subvertere,
3183 711 3341 766 quem
3359 711 3503 750 nemo
3518 696 3684 764 fallere,

496 789 563 840 ut
588 802 688 856 per
704 785 1091 857 pcenitentiam
1108 785 1359 857 priorum
1378 790 1564 840 errata
1584 784 1917 841 delictbrum
1942 786 2093 841 dam-
2172 800 2341 839 nemo
2393 773 2671 838 contraire
2700 789 2941 854 poterat.
2980 784 3115 838 llinc
3142 788 3225 839 est
3252 801 3377 839 sane
3397 786 3525 855 quod
3541 786 3690 840 Phari-

495 880 655 929 nent.
688 874 881 929 Potest
900 879 1091 928 tamen
1119 879 1177 928 et
1204 874 1370 928 aliter
1395 874 1774 945 interpretari,
1815 877 1940 931 Non
1965 879 2094 931 veni
2172 874 2271 929 sei
2296 874 2453 945 prius
2476 873 2624 945 apud
2660 874 2965 944 discipulos
2994 879 3184 928 notam
3228 875 3287 928 in
3313 875 3603 944 magistrum
3640 876 3692 930 de

500 978 693 1020 vocare
734 966 927 1032 justas,
960 978 1025 1017 eo
1054 962 1202 1033 quod
1230 979 1357 1037 non
1384 962 1511 1017 illos
1541 964 1820 1019 vocaverit
1844 982 1914 1019 ex
1944 980 2088 1036 pre-
2174 962 2595 1036 publicanorum
2616 962 2866 1017 convivio
2890 963 3402 1034 componunt.apud
3425 964 3693 1033 magistrum

499 1050 891 1118 destinatione,
924 1051 1020 1122 qui
1065 1066 1227 1106 suam
1268 1051 1519 1106 Veientes
1562 1052 1845 1123 justitiam
1887 1054 2092 1109 consti-
2172 1069 2320 1108 nunc
2343 1052 2547 1107 iterum
2568 1051 2659 1106 isti
2680 1068 2796 1106 una
2813 1067 2942 1106 cum
2963 1052 3173 1106 eisdem
3198 1052 3475 1106 Pharismis
3510 1052 3697 1123 discipu-

496 1145 659 1195 tuere
687 1141 787 1195 Dei
807 1141 1043 1211 justitiae
1072 1156 1184 1195 non
1212 1146 1345 1195 sunt
1362 1140 1620 1211 subjecti,
1653 1142 1750 1197 sed
1780 1159 1875 1198 eos
1905 1144 2090 1215 potius
2172 1142 2256 1197 los
2283 1141 2531 1212 captiose
2578 1140 2739 1212 quasi
2782 1141 2987 1211 jejunii
3013 1142 3245 1207 nescios,
3274 1148 3329 1196 et
3371 1142 3502 1210 gula
3528 1141 3698 1195 deditos

496 1229 615 1300 qui,
638 1245 753 1283 sum
772 1228 1094 1299 fragilitatis
1107 1228 1333 1295 conscii,
1355 1230 1609 1284 conﬁteri
1632 1247 1745 1285 non
1764 1231 2097 1287 erubescant
2177 1235 2458 1286 accusant.
2491 1230 2855 1286 Praetendunt
2882 1231 3057 1301 igitur
3082 1231 3362 1302 discipulis
3398 1231 3461 1284 de
3486 1230 3698 1300 magistro

496 1318 647 1389 quod
688 1334 884 1373 omnes
924 1323 1296 1389 peccaverunt
1343 1323 1401 1372 et
1447 1324 1615 1389 egent
1646 1321 1833 1391 gratia
1870 1322 1991 1389 Dei,
2040 1328 2098 1377 et
2177 1321 2407 1392 laqueos
2446 1319 2728 1385 odiorum,
2777 1324 2834 1374 et
2873 1320 3143 1389 magistro
3171 1336 3361 1374 rursus
3385 1319 3448 1373 de
3473 1318 3700 1389 discipulis

498 1407 649 1478 quod
670 1407 730 1461 in
754 1407 950 1462 multis
974 1407 1309 1462 offendimus
1337 1424 1552 1464 omnes.
1575 1408 1732 1464 Licet
1767 1410 2012 1480 profecto
2039 1417 2098 1466 et
2176 1410 2425 1464 fomenta
2470 1408 2760 1463 discordiae
2805 1409 3104 1463 seminant.
3156 1411 3220 1464 In
3281 1414 3502 1481 utroque
3556 1414 3701 1462 tamen

497 1495 570 1549 de
617 1494 705 1549 his
732 1496 1032 1557 vocaverit,
1067 1510 1207 1567 quos
1236 1496 1392 1568 prius
1429 1496 1569 1551 falsa
1615 1497 1851 1553 inﬂabat
1874 1500 2098 1569 justitia
2178 1502 2430 1567 agentes,
2446 1501 2510 1551 ut
2539 1497 2657 1565 ejus
2681 1496 2992 1551 doctrinam
3017 1496 3332 1559 evellerent,
3346 1503 3400 1551 et
3422 1500 3591 1550 contra
3605 1512 3702 1549 eum

499 1588 780 1639 correctos
803 1584 872 1638 ad
901 1584 1313 1655 paenitentiam;
1345 1591 1536 1641 tamen
1560 1586 2097 1660 manifestum,quod
2179 1585 2410 1640 insidias
2455 1586 2779 1640 excitarent.
2812 1586 3133 1640 Immittunt
3164 1586 3453 1657 aliquando
3478 1584 3703 1656 oppositas

498 1688 613 1728 non
635 1673 754 1743 jam
779 1673 849 1728 de
887 1689 991 1728 sua
1014 1673 1100 1728 vel
1127 1674 1268 1745 legis
1291 1674 1517 1745 justitia
1542 1682 1944 1747 praesumentes
1963 1695 1977 1745 ;
1999 1678 2097 1732 sed
2179 1691 2467 1747 personas,
2492 1691 2641 1730 nunc
2674 1675 3025 1739 Sadducaeos,
3060 1692 3209 1729 nunc
3232 1675 3569 1739 Herodianos,
3595 1689 3705 1726 nunc

498 1762 612 1817 ista
638 1767 696 1817 et
721 1762 803 1816 illi
827 1779 1022 1817 omnes
1051 1763 1149 1834 qui
1175 1764 1313 1818 salvi
1361 1764 1507 1820 ﬁunt
1550 1766 1735 1836 gratia
1789 1765 1995 1820 Christi
2027 1767 2099 1822 ad
2119 1749 2289 1835 Bipsi
2321 1779 2421 1835 per
2445 1779 2505 1817 se
2558 1762 2819 1818 Pharisaei
2870 1763 3115 1818 arcuatis
3165 1763 3396 1817 saeviunt
3428 1762 3620 1832 jaculis.
3657 1760 3707 1813 Et

497 1851 715 1906 veniam
738 1851 1137 1922 justiﬁcantur.
1196 1853 1502 1925 Propterea
1554 1871 1690 1926 ergo
1714 1856 1843 1926 jure
1872 1871 1985 1910 non
2009 1858 2101 1926 ju-
2180 1853 2346 1907 modo
2375 1852 2607 1907 mittunt
2623 1852 2924 1923 discipulos
2941 1853 3192 1918 Joannis,
3218 1858 3280 1907 ut
3297 1852 3399 1924 ipsi
3419 1856 3590 1906 contra
3610 1865 3707 1903 eum

498 1943 615 1993 stos
633 1955 830 1993 vocare
848 1939 1081 2008 dicitur;
1107 1940 1240 2011 quia
1252 1941 1356 1995 etsi
1373 1941 1654 2012 justitiam
1671 1942 1811 2013 legis
1829 1942 2093 2012 habuere,
2180 1940 2423 2006 veniant,
2446 1959 2612 2013 quem
2635 1942 2905 2012 magister
2929 1943 3343 2013 praedicaverat.
3360 1940 3594 2012 Alioquin
3618 1955 3709 2010 qua

497 2027 723 2084 nonnisi
750 2027 959 2083 Christi
981 2029 1169 2099 gratia
1185 2029 1479 2100 justiﬁcati
1507 2032 1656 2102 apud
1707 2033 1886 2087 Deum
1942 2032 2097 2089 inve-
2181 2039 2330 2086 esset
2356 2047 2556 2088 eorum
2582 2030 2818 2085 societas
2861 2049 2988 2086 cum
3027 2032 3240 2086 eisdem
3290 2031 3578 2096 Pharisaeis,
3612 2044 3710 2099 quo-

496 2116 751 2173 niun’tur.
795 2117 919 2182 Qua
953 2117 1023 2172 de
1049 2134 1220 2173 causa
1264 2118 1537 2183 insinuat.
1571 2120 1720 2191 quod
1763 2138 1876 2176 non
1908 2138 2099 2192 pecca—
2180 2136 2305 2174 rum
2326 2121 2533 2190 dogma
2550 2120 2743 2191 dispar
2756 2120 2915 2174 erat?
2943 2121 3051 2176 Sed
3066 2122 3259 2192 junxit
3285 2137 3377 2175 eos
3403 2118 3711 2187 invidia,quos

494 2211 648 2262 tores
675 2206 876 2278 diligat
898 2207 1199 2273 duntaxat,
1229 2207 1329 2262 sed
1362 2212 1682 2278 peccatores
1711 2208 1965 2265 absolute
2007 2227 2098 2265 vo-
2178 2209 2473 2280 disciplina
2495 2209 2946 2265 dissociabat.llli
2968 2210 3288 2281 quidem,ut
3307 2211 3523 2281 Moysen
3540 2206 3711 2262 Christo

497 2300 590 2350 cat
622 2294 683 2349 in
712 2295 1124 2365 paenitentiam,
1157 2301 1224 2350 ut
1270 2312 1365 2351 eos
1417 2313 1520 2367 per
1548 2298 1805 2352 eamdem
1832 2298 2095 2370 baptismi
2177 2298 2532 2369 praeferrent;
2565 2297 2659 2352 isti
2682 2315 2828 2364 vero,
2865 2298 3046 2353 eidem
3075 2305 3142 2354 ut
3168 2300 3435 2354 Joannem
3472 2304 3714 2367 antepone-

496 2383 907 2455 pcenitentiam,
928 2385 998 2439 de
1010 2400 1122 2456 qua
1138 2385 1304 2456 longe
1332 2402 1506 2456 supra
1522 2386 1861 2451 diximus,ad
1876 2386 2113 2444 veniam'
2181 2393 2327 2442 rent.
2370 2387 2604 2458 Utrique
2643 2404 2833 2442 errore
2860 2404 3042 2459 pares,
3078 2390 3307 2460 utrique
3334 2388 3497 2443 livore
3522 2399 3716 2441 commu-

494 2473 613 2544 jam
633 2473 821 2543 justos
848 2474 1363 2545 suscipiat.Quibus
1397 2474 1644 2546 profecto
1676 2476 1859 2532 verbis
1888 2478 2097 2550 duplici
2178 2478 2327 2532 niter
2381 2478 2689 2532 saevientes.
2733 2477 2947 2541 Quibus
2991 2478 3283 2545 Dominus,
3327 2478 3453 2550 quia
3476 2474 3715 2545 disciplina

497 2577 689 2617 errore
706 2561 832 2616 illos
850 2562 1111 2634 deceptos
1149 2562 1369 2635 probat,
1402 2564 1537 2618 dum
1560 2570 1618 2620 et
1644 2583 1704 2621 se
1728 2567 1913 2637 justos
1945 2569 2098 2625 arbi-
2179 2565 2414 2621 Joannis
2438 2572 2602 2620 erant
2623 2564 2844 2626 imbuti,
2875 2584 3146 2638 sponsum
3179 2586 3239 2623 se
3271 2569 3522 2632 insinuat,
3554 2566 3614 2619 de
3635 2577 3716 2634 quo

494 2650 812 2717 trabantur,
845 2656 903 2706 et
925 2668 1020 2706 eos
1059 2652 1504 2708 criminabantur
1537 2654 1798 2726 injustas,
1835 2657 1931 2728 qui
1955 2659 2098 2713 resi-
2180 2656 2451 2725 magister
2493 2672 2689 2710 eorum
2737 2656 3073 2727 praedixerat
3107 2676 3118 2711 :
3171 2660 3278 2726 Qui
3321 2658 3468 2712 habet
3494 2667 3716 2724 sponsam.

492 2740 759 2813 piscando
789 2757 825 2795 a
851 2741 1013 2796 malis
1030 2742 1151 2812 jam
1174 2743 1411 2813 justitia;
1440 2745 2101 2817 propinquabant.lgitur
2179 2762 2408 2814 sponsus
2437 2751 2530 2811 est,
2556 2750 2769 2800 amicus
2796 2752 2981 2800 autem
2998 2750 3188 2816 sponsi
3204 2749 3404 2816 gaudio
3420 2742 3718 2814 gaudet,quia

494 2844 599 2885 nec
624 2846 704 2895 se,
739 2845 842 2885 nec
868 2830 995 2885 illos
1035 2837 1306 2886 noverant
1341 2851 1353 2885 :
1400 2833 1526 2887 ideo
1555 2834 1734 2893 Judex
1763 2851 1859 2890 eos
1886 2836 2097 2891 discer-
2178 2839 2285 2888 stat
2318 2839 2365 2887 et
2408 2835 2570 2888 audit
2595 2851 2773 2891 vocem
2803 2838 2988 2904 sponsi
3014 2839 3201 2901 (Joan.
3234 2851 3315 2903 III,
3354 2834 3457 2905 29).
3488 2835 3551 2889 Et
3571 2845 3720 2885 conve-

493 2934 655 2985 nens,
686 2918 823 2975 istos
853 2919 925 2974 ad
950 2920 1329 2975 humilitatem
1358 2922 1633 2993 reprimit,
1665 2923 1790 2979 illos
1830 2925 1901 2979 ad
1939 2942 2096 2996 spem
2178 2922 2402 2977 nienter
2429 2923 2585 2990 satis,
2636 2930 2700 2978 ut
2727 2941 2793 2978 ex
2820 2925 3079 2995 magistri
3115 2926 3208 2981 sui
3232 2942 3360 2980 voce
3383 2924 3654 2984 crederent,
3679 2922 3721 2971 et

414 3053 416 3056 .
494 3008 672 3064 venite
701 3007 995 3076 sublimat;
1027 3010 1286 3081 utrisque
1304 3016 1497 3066 tamen
1522 3029 1582 3066 se
1611 3013 1893 3067 medicum
1918 3014 2097 3083 gratis
2178 3028 2291 3067 non
2310 3017 2575 3083 cogerent
2602 3012 2920 3068 insidiando
2943 3019 3206 3086 tempora
3228 3014 3419 3086 sponsi
3445 3014 3563 3068 laeta
3581 3008 3722 3064 tristi-

497 3095 681 3151 oifert.
706 3096 815 3152 Sed
841 3096 902 3151 in
931 3096 1072 3165 istis,
1096 3103 1233 3169 puto
1261 3099 1355 3154 ille
1385 3100 1574 3155 senior
1599 3101 1751 3155 filius
1789 3102 1921 3156 foris
1949 3108 2104 3158 stans
2122 3105 2169 3169 ο
2187 3101 2282 3155 tiis
2311 3100 2634 3172 permisceri
2662 3102 2999 3157 Pharisaicae
3042 3103 3205 3175 legis.
3250 3105 3365 3159 Nec
3409 3101 3615 3157 dubium
3648 3097 3722 3151 illa

497 3183 728 3253 invidet,
745 3190 802 3240 et
824 3186 971 3240 male
994 3187 1235 3258 jejunat;
1257 3187 1317 3242 in
1335 3188 1448 3243 illis
1474 3205 1604 3243 vero
1627 3189 1823 3260 junior
1847 3207 2102 3248 reversus
2179 3191 2420 3260 jejunia,
2483 3206 2596 3245 non
2650 3191 2720 3245 de
2748 3193 3041 3263 praeceptis
3062 3192 3362 3265 implendas
3390 3192 3524 3255 vitae,
3562 3188 3643 3243 sed
3682 3184 3732 3239 de

497 3273 751 3347 paternis
784 3274 1132 3345 gloriﬁcatur
1159 3277 1338 3343 donis,
1374 3282 1431 3331 et
1456 3294 1788 3334 convescens
1819 3281 2101 3351 justiﬁca-
2181 3279 2488 3333 traditione
2536 3279 2949 3335 Pharisaeorum
3007 3287 3206 3347 450
3249 3287 3425 3345 erant,
3457 3278 3633 3352 quibus
3656 3274 3731 3328 Ec-

496 3368 613 3419 tur.
634 3363 789 3419 Felix
815 3369 1007 3420 tantus
1021 3366 1525 3440 evangelista,quia
1547 3385 1651 3424 sua
1678 3370 1951 3427 duntaxat
1970 3390 2099 3429 con-
2188 3368 2370 3423 clesiae
2414 3369 2702 3440 praesentis
2751 3368 3101 3439 ﬁgurabatur
3129 3371 3461 3426 observatio.
3504 3366 3641 3424 Unde
3666 3372 3736 3434 pa“

497 3451 771 3519 versione,
791 3469 1022 3523 gregem
1050 3456 1258 3510 meruit
1278 3457 1709 3528 publicanorum
1728 3460 1799 3515 ad
1821 3461 2108 3517 Christum
2189 3462 2376 3513 tenter
2397 3457 2509 3512 ait:
2565 3459 2691 3514 Non
2716 3464 2944 3526 possunt
2982 3462 3251 3528 jejunare
3283 3463 3391 3529 ﬁlii
3412 3473 3613 3527 sponsa.
3640 3453 3734 3507 Non

498 3541 746 3597 trahere.
776 3542 935 3597 Unde
964 3543 1109 3597 sicut
1138 3544 1198 3599 in
1240 3545 1513 3618 principio
1541 3548 1710 3619 hujus
1751 3550 1936 3620 operis
1973 3568 2109 3623 pm-
2191 3547 2339 3618 quod
2357 3564 2453 3602 eos
2478 3548 2740 3617 jejunare
2757 3548 2952 3613 nollet,
2968 3550 3286 3619 praesertim
3304 3566 3428 3604 cum
3454 3561 3626 3602 eorum
3653 3541 3737 3595 vita

502 3630 787 3697 miseram,
823 3647 1016 3686 curam
1040 3633 1190 3704 gerit
1220 3634 1281 3689 in
1306 3635 1459 3690 omni
1487 3653 1657 3708 opere
1684 3654 1786 3693 suo
1817 3639 1886 3694 de
1917 3656 2107 3711 pecca-
2189 3653 2302 3691 non
2322 3636 2473 3691 aliud
2503 3653 2670 3708 quam
2688 3638 2968 3707 jejunium
2994 3638 3185 3707 fuerit;
3210 3640 3309 3695 sed
3335 3647 3398 3694 ut
3415 3638 3599 3693 altiora
3616 3629 3737 3687 nobis

501 3720 750 3789 toribus;
801 3721 950 3792 quod
979 3722 1234 3778 fortassis
1263 3726 1386 3795 ejus
1413 3725 1745 3793 convivium,
1779 3728 1838 3782 in
1870 3745 1980 3799 quo
2010 3746 2105 3784 eos
2189 3731 2548 3791 monstraret,
2582 3726 2731 3797 quod
2761 3743 2873 3780 non
2900 3740 3137 3798 possunt
3175 3727 3435 3801 jejunare
3458 3724 3649 3798 jejunis
3666 3720 3734 3775 illa

501 3827 629 3866 cum
661 3810 885 3866 Christo
922 3812 1283 3880 conduxerat,
1317 3815 1772 3884 demonstrabat;
1808 3818 1953 3889 quod
1985 3818 2104 3890 ipse
2187 3814 2526 3882 Pharisaica,
2569 3832 2691 3885 quae
2715 3821 2815 3869 aut
2840 3816 2910 3870 de
2940 3817 3126 3887 rigore
3174 3818 3316 3889 legis
3342 3816 3635 3874 veniebant,
3661 3812 3736 3864 aut

500 3901 619 3956 suis
647 3900 934 3972 exemplis,
979 3918 1083 3957 sua
1127 3902 1403 3970 doctrina,
1438 3922 1553 3961 suae
1583 3906 1996 3977 praedicationis
2027 3908 2107 3961 of-
2187 3902 2257 3956 de
2289 3903 2685 3975 superstitione
2710 3904 3129 3974 magistrorum.
3161 3907 3361 3978 Neque
3388 3905 3560 3960 adhuc
3584 3901 3666 3955 illa
3679 3898 3743 3951 in-

502 3990 646 4056 ﬁcio,
680 4006 875 4044 curam
905 4007 1101 4047 eorum
1129 3998 1309 4062 gerat,
1346 3994 1441 4064 qui
1491 3994 1749 4050 nefandis
1775 3996 2103 4051 criminibus
2188 3991 2429 4057 stabant,
2465 4009 2589 4063 quae
2619 3999 2819 4064 postea
2838 3994 3080 4065 Spiritus
3108 3996 3289 4051 sancti
3308 3996 3490 4067 gratia
3516 3986 3736 4049 roborati,

503 4077 587 4133 rei
624 4078 982 4145 tenebantur,
1011 4084 1074 4133 ut
1100 4097 1231 4134 cum
1269 4082 1494 4137 Christo
1521 4084 1700 4155 epulis
1730 4090 1955 4141 aeternas,
1981 4087 2105 4142 vitae
2187 4080 2492 4152 perfectius
2511 4081 3136 4152 impleverunt.lnterea
3148 4085 3547 4155 quiasponsam
3561 4074 3745 4152 quaerit.

505 4165 853 4235 saginantur.
879 4167 987 4220 Sed
1018 4168 1287 4237 quaeritur
1315 4171 1385 4224 ad
1400 4172 1667 4235 litteram,
1685 4190 1812 4228 cum
1829 4175 1975 4230 sicut
2002 4177 2108 4231 Lu-
2183 4170 2404 4241 jejunia
2432 4170 2671 4241 seponit,
2707 4171 2975 4243 relinquit
2997 4178 3246 4236 austera,
3297 4180 3357 4228 et
3388 4172 3543 4245 quod.
3571 4179 3743 4240 8130053

506 4268 600 4306 cas
632 4252 883 4307 insinuat
908 4257 1059 4321 (Luc.
1084 4273 1135 4323 v,
1167 4254 1275 4325 28),
1294 4259 1501 4314 relictis
1530 4262 1789 4317 omnibus
1803 4270 1993 4330 439
2017 4281 2106 4320 se-
2187 4264 2385 4314 tenera
2408 4260 2761 4314 tantumdem
2787 4261 3025 4332 requirit
3054 4263 3480 4329 atfectio,totum
3503 4277 3557 4316 se
3572 4251 3747 4325 datspi-

505 4345 670 4395 cutus
698 4341 771 4395 sit
795 4341 1080 4397 Christum
1109 4344 1181 4399 de
1227 4347 1469 4414 teloneo,
1502 4351 1780 4419 quomodo
1820 4360 2015 4422 postea
2049 4354 2106 4408 in
2129 4421 2152 4422 ί
2192 4349 2451 4404 ritalibus
2478 4350 2722 4420 gaudiis,
2755 4350 3012 4420 indulget
3043 4352 3243 4422 epulis,
3291 4359 3355 4406 ut
3382 4353 3456 4406 sit
3498 4349 3616 4404 ﬁliis
3639 4356 3747 4416 quos

504 4428 673 4484 domo
702 4446 805 4485 sua
829 4431 946 4486 suis
971 4433 1290 4504 sumptibus
1314 4443 1507 4508 pascat
1534 4454 1664 4492 eum
1702 4421 1834 4494 cum
1859 4441 2108 4512 publica-
2125 4421 2174 4480 D
2193 4438 2466 4493 lactantes
2496 4438 2668 4506 ducit,
2701 4444 2852 4493 totus
2879 4421 3137 4503 blandus,
3152 4445 3308 4496 totus
3328 4439 3575 4495 amabilis
3592 4444 3747 4491 etsua-

508 4518 598 4575 nis
627 4524 686 4574 et
729 4520 1158 4591 peccatoribus?
1207 4524 1282 4580 Ex
1313 4543 1423 4597 quo
1471 4527 1649 4598 liquet
1673 4529 1823 4599 quod
1848 4547 1938 4585 res
1969 4532 2112 4586 votis
2192 4527 2292 4593 vis,
2317 4527 2733 4583 totusfestivus.
2768 4529 3047 4583 Processit
3078 4530 3227 4584 enim
3256 4536 3525 4602 tanquam
3558 4535 3751 4597 sponsus

510 4608 709 4678 magis,
740 4625 911 4681 quam
940 4627 1111 4667 manu
1140 4614 1496 4687 relinquitur.
1521 4617 1770 4690 Reliquit
1795 4626 1982 4675 autem
1998 4637 2114 4676 om-
2194 4616 2263 4670 de
2288 4617 2537 4671 thalamo
2567 4634 2687 4685 suo,
2718 4621 2775 4671 et
2793 4618 3079 4673 exsultans
3105 4621 3352 4675 occurrit
3382 4637 3416 4674 a
3444 4631 3644 4674 summo
3666 4624 3751 4664 ca“-

513 4697 629 4765 nia,
662 4715 729 4753 ex
749 4715 860 4770 quo
886 4717 946 4755 se
976 4702 1129 4757 novit
1156 4703 1317 4759 illum
1348 4706 1577 4773 imitari,
1611 4713 1666 4763 et
1697 4708 1820 4764 ideo
1846 4710 1904 4764 in
1947 4711 2113 4766 domo
2195 4706 2379 4760 lorum
2409 4707 2611 4761 vertice
2640 4725 2817 4779 usque
2839 4709 2910 4763 ad
2942 4726 3225 4763 summum
3257 4711 3401 4781 ejus,
3434 4710 3600 4764 donec
3623 4708 3753 4775 spon'

513 4802 638 4855 sua,
687 4804 799 4859 qua
844 4790 1181 4860 praesidebat
1207 4794 1277 4848 ad
1308 4796 1613 4864 teloneum,
1661 4814 1774 4853 non
1819 4800 1981 4870 quaSi
2011 4801 2117 4855 Do-
2196 4810 2316 4848 sam
2346 4794 2463 4847 suis
2489 4796 2782 4850 conﬁrmet
2811 4798 3056 4853 dotibus.
3086 4799 3325 4870 Propter
3345 4799 3490 4870 quod
3514 4792 3753 4850 interdum

511 4874 700 4930 minus
728 4876 947 4943 domus,
976 4880 1073 4934 sed
1100 4882 1259 4952 quasi
1290 4883 1549 4940 minister
1588 4886 1770 4941 fidelis
1816 4888 2032 4958 spernit
2059 4895 2117 4943 et
2195 4882 2499 4955 praestabat
2540 4898 2604 4939 se
2666 4887 2896 4953 mensis,
2949 4888 3372 4942 convivantibus
3413 4887 3679 4946 intererat,
3713 4882 3755 4930 et

513 4964 802 5037 dispensat
817 4968 1362 5041 caducaprudenter;
1386 4975 1474 5028 cui
1496 4977 2118 5033 aeternacommittenda
2198 4972 2461 5028 omnibus
2515 4976 2889 5030 communiter
2926 4994 2986 5031 se
3044 4977 3360 5043 exhibebat,
3393 4977 3562 5031 donec
3590 4966 3757 5026 ἀὶνὶηίε

514 5059 696 5111 erant.
725 5057 791 5111 In
814 5059 974 5128 cujus
992 5060 1260 5116 nimirum
1286 5063 1534 5118 convivio
1548 5065 1875 5136 suppliciter
1889 5066 2115 5122 obsecro
2196 5062 2446 5118 humana
2466 5066 2850 5135 conjungeret,
2881 5071 2939 5119 et
2974 5066 3183 5120 faceret
3212 5067 3281 5121 de
3309 5065 3543 5121 terrenis
3571 5059 3758 5116 caeleste

514 5158 643 5198 cum
665 5145 887 5201 Christo
914 5148 999 5202 vel
1030 5150 1262 5206 ultimus
1282 5151 1517 5223 epulari.
1552 5160 1609 5209 et
1638 5155 1917 5209 medicina
1940 5156 2114 5228 ipsius
2196 5153 2560 5208 consortium.
2593 5155 2709 5209 Nec
2734 5154 2989 5220 dubium,
3041 5156 3190 5227 quod
3233 5156 3292 5210 in
3338 5156 3613 5210 vocatione
3639 5142 3760 5200 beati

513 5247 550 5286 a
575 5234 741 5289 malis
773 5235 976 5306 quibus
1008 5240 1335 5311 praepedior,
1369 5243 1575 5297 sanari.
2199 5243 2459 5307 Matthazi,
2492 5243 2624 5298 licet
2642 5243 2910 5298 Hebraeus
2938 5250 3104 5312 esset,
3128 5246 3262 5315 quia
3290 5252 3486 5300 contra
3515 5241 3641 5312 legis
3654 5250 3755 5291 san-

592 5324 1319 5396 Turw,inquit,accesserunt
1338 5333 1413 5385 ad
1438 5334 1839 5403 cumdz‘sca’puli
1857 5337 2113 5405 Joannis,
2198 5333 2440 5388 ctionem
2489 5351 2548 5387 se
2598 5332 2982 5388 transfuderat
3029 5335 3294 5390 Romanis
3344 5349 3539 5407 parere
3576 5322 3763 5402 quasti-

516 5409 751 5467 dt'centes
784 5430 795 5466 :
830 5417 1011 5483 Quare
1042 5435 1137 5472 nos
1165 5424 1214 5473 et
1238 5421 1508 5475 Pharisan'
1526 5425 2121 5493 jejunamusfrequcn-
2204 5422 2327 5489 bus,
2359 5440 2460 5494 per
2502 5440 2631 5477 eum
2685 5422 2898 5477 vocatio
2928 5423 3192 5479 Gentium
3240 5425 3579 5495 designatur.
3632 5412 3762 5473 Unde

520 5507 621 5571 ter,
651 5502 917 5574 discipuli
961 5514 1147 5563 autem
1176 5511 1262 5563 tui
1290 5525 1403 5565 non
1417 5512 1727 5579 jejunum?
1758 5513 1999 5568 Grandis
2029 5515 2121 5569 Ju-
2208 5529 2335 5568 cum
2377 5530 2442 5568 eo
2475 5530 2602 5568 mox
2640 5514 2804 5569 multi
2840 5513 3120 5586 publicani
3154 5521 3211 5570 et
3229 5521 3543 5587 peccatores
3568 5506 3763 5564 veniunt

520 5595 771 5655 deorum
812 5596 1019 5653 invidia
1038 5602 1096 5654 et
1118 5599 1334 5670 perfida
1361 5598 1657 5668 calliditas,
1692 5617 1805 5673 qua
1831 5602 2119 5658 Christum
2202 5603 2513 5660 convivium
2572 5603 2936 5672 celebrantes,
2989 5608 3048 5659 et
3089 5619 3204 5660 non
3242 5605 3639 5676 qualecunque,
3683 5589 3761 5649 sed
