3918 6176
255 312 366 368 ’377

1051 312 1436 371 EXPOSITIO
1474 313 1554 369 IN
1590 310 2036 369 ΜΛΤἸἩΕΠΜ.
2072 341 2135 355 -
2166 312 2303 368 LIB.
2345 310 2413 380 ν,
2448 310 2588 367 CAP
2626 310 2723 367 IX.

3431 308 3539 372 378

263 454 548 509 magnum,
592 443 656 494 ut
682 440 860 495 Lucas
903 440 982 494 ait
1006 440 1159 510 (Luc.
1190 458 1242 494 v.
1275 438 1386 507 29).
1420 440 1580 505 Quod
1617 437 2318 511 profectoADeinde,dicit
2336 437 2436 503 eis,
2469 436 2617 508 quod
2633 435 3190 507 nequissimumiﬁud
3217 438 3536 496 demonum

260 529 494 599 mystice
517 529 661 583 illud
693 530 1008 584 ostenditur
1035 546 1156 585 esse
1193 528 1521 593 convivium,
1554 546 1664 600 qu_o
1693 529 1859 583 simul

260 634 494 689 sponsus
522 623 581 673 et
628 635 850 689 sponsa,
886 619 1202 674 cazlestibus
1230 619 1523 690 redempta
1548 618 1728 683 donis,
1756 618 1857 672 foe-

258 706 544 760 derantur.
572 706 643 761 Et
668 714 732 761 ut
752 708 922 762 altius
950 709 1146 775 fatear,
1178 709 1327 763 idem
1350 723 1587 779 sponsus
1613 712 1699 779 est
1716 707 1857 761 vitu-

257 794 340 847 lus
368 794 463 847 ille
492 794 785 865 saginatus
812 796 908 867 qui
956 796 1247 862 occiditur,
1292 797 1455 867 juxta
1481 795 1713 849 alterius
1751 795 1856 849 loci

255 877 603 949 parabolam,
635 880 784 934 unde
815 881 963 935 istud
992 882 1305 936 convivium
1328 880 1593 937 divinitus
1621 879 1855 934 instrui-

254 967 484 1021 tur.Sed
504 967 576 1020 ab
605 968 816 1023 eisdem
831 970 926 1040 qui
954 971 1239 1025 Christum
1264 987 1367 1041 per
1386 970 1552 1024 ﬁdem
1584 969 1641 1023 in
1668 970 1856 1023 animo

251 1055 570 1110 dilectionis
590 1058 793 1113 affectu
823 1060 1153 1131 suscipiunt,
1174 1060 1369 1131 utique
1388 1066 1752 1131 praeparatur.
1774 1059 1857 1114 Ibi

250 1161 501 1215 namque
550 1146 834 1217 publicani
873 1154 930 1202 et
975 1155 1315 1220 peccatores,
1366 1148 1444 1203 ibi
1490 1148 1645 1204 Raab
1680 1165 1857 1203 mere-

248 1233 379 1298 trix,
414 1235 494 1289 ibi
536 1236 718 1307 Tyrus
748 1244 806 1291 et
838 1239 1081 1309 populus
1118 1239 1462 1311 Ethiopum,
1514 1255 1656 1308 quos
1707 1239 1855 1293 idem

246 1324 601 1393 evangelista
619 1326 690 1379 ad
706 1327 917 1381 Christi
932 1328 1144 1383 vocavit
1152 1328 1565 1399 gratiam.Hinc
1583 1329 1855 1383 Dominus

245 1428 348 1484 per
376 1414 718 1484 prophetam
744 1434 756 1468 :
795 1418 951 1471 Ultra
985 1419 1241 1484 ﬂumina
1256 1418 1554 1487 Ethiopian
1578 1420 1705 1471 inde
1724 1435 1854 1486 sup-

239 1505 419 1571 plices
450 1507 562 1557 mei
592 1504 772 1574 (Soph.
819 1518 903 1570 III,
936 1503 1049 1576 10).
1082 1507 1387 1578 Propterea
1416 1524 1519 1560 nec
1572 1506 1853 1561 immerito

244 1591 379 1645 Levi
431 1608 704 1663 magnum
750 1610 1095 1666 praeparasse
1119 1596 1437 1650 convivium
1467 1595 1689 1662 dicitur,
1723 1596 1855 1667 quia

240 1680 544 1751 gentilitas
592 1682 709 1737 haec
757 1684 948 1738 omnia
990 1684 1047 1740 in
1076 1685 1242 1738 domo
1274 1701 1394 1749 sua,
1434 1684 1644 1739 scilicet
1671 1685 1730 1738 in
1759 1686 1854 1739 Ec-

1938 544 2138 598 genus,
2158 544 2270 581 non
2298 526 2408 581 nisi
2428 526 2660 597 jejuniis
2689 532 2748 580 et
2782 525 3130 582 orationibus
3160 533 3348 598 posset
3377 546 3538 601 supe-

1941 616 2073 670 rari.
2109 617 2462 687 Quapropter
2490 616 2537 669 si
2581 631 2678 669 eos
2724 614 2944 669 vincere
2971 616 3109 682 vult,
3157 632 3269 688 qua
3297 618 3533 685 ratione,

1942 706 2190 777 quandiu
2219 722 2346 759 cum
2379 704 2489 758 illis
2511 709 2635 758 erat
2663 720 2776 759 non
2804 703 3101 760 debuerint
3117 706 3415 776 jejunare?
3434 707 3537 762 Vel

1941 794 2220 865 quomodo
2263 810 2375 848 non
2400 793 2755 864 jejunabant,
2803 809 2929 847 cum
2974 794 3158 848 omnis
3188 795 3356 850 turba
3406 812 3535 850 cum

1941 901 2006 937 eo
2038 900 2402 954 perseverans
2421 899 2533 936 non
2554 882 2759 936 habeat
2774 882 2922 953 quod
2948 884 3277 949 manducet;
3308 901 3539 956 preser-

1938 973 2043 1026 tim
2073 989 2199 1026 cum
2233 988 2347 1026 non
2375 972 2482 1025 nisi
2514 972 2781 1042 quinque,
2814 977 2912 1025 aut
2956 971 3108 1037 alibi,
3144 978 3359 1044 septem
3389 974 3538 1029 inter

1939 1079 2132 1116 omnes
2152 1077 2325 1132 panes
2348 1060 2724 1114 inveniantur?
2738 1066 2927 1127 441
2948 1062 3200 1115 Putasne
3218 1061 3330 1116 illis
3350 1064 3535 1117 omni-

1938 1151 2041 1205 bus
2058 1150 2466 1221 jejunantibus,
2501 1150 2755 1203 Christus
2786 1155 2845 1203 et
2872 1150 2975 1203 soli
3005 1150 3357 1220 prandebant
3403 1168 3535 1222 apo-

1938 1240 2104 1294 stoli?
2144 1239 2307 1292 Absit
2335 1254 2437 1292 nos
2479 1238 2562 1292 ita
2588 1238 2862 1309 desipere.
2896 1238 3005 1291 Sed
3034 1239 3183 1309 quod
3213 1240 3397 1293 verius
3426 1245 3529 1307 est,

1936 1329 2036 1382 ﬁlii
2053 1328 2241 1399 sponsi
2272 1329 2463 1397 lugere
2482 1327 2568 1380 vel
2582 1328 2861 1397 jejunare,
2894 1328 3143 1397 quandiu
3168 1344 3295 1382 cum
3321 1329 3429 1382 illis
3449 1333 3537 1383 est

1938 1434 2194 1489 sponsus,
2227 1417 2461 1489 mystice
2492 1420 2799 1486 nequeunt,
2852 1416 2985 1486 quia
3012 1416 3288 1471 introrsus
3328 1417 3533 1487 gaudio

1934 1509 2185 1578 gaudent
2197 1507 2518 1578 spiritali,et
2538 1504 2716 1577 epulis
2734 1506 3035 1576 epulantur
3052 1510 3274 1560 aeternae
3290 1505 3535 1561 beatitu-

1935 1597 2100 1651 dinis.
2131 1598 2246 1650 Hoc
2262 1597 2451 1667 itaque
2474 1594 2680 1665 gaudio
2724 1595 2968 1648 Joannes
2995 1594 3278 1664 gaudebat
3306 1600 3535 1666 propter

1935 1703 2127 1740 vocem
2171 1685 2380 1756 sponsi,
2432 1701 2545 1738 non
2594 1683 2743 1754 quod
2791 1699 3030 1754 sponsus
3059 1689 3226 1748 esset,
3260 1684 3357 1737 sed
3402 1684 3535 1754 quia

242 1770 423 1823 clesia
450 1770 677 1825 Christo
708 1788 810 1842 per
852 1773 1021 1827 ﬁdem
1069 1773 1339 1827 exhibuit.
1393 1774 1460 1827 Et
1490 1773 1617 1828 ideo
1643 1774 1853 1828 dictum
1878 1776 2147 1841 Bamicus
2183 1778 2304 1846 ejus
2348 1779 2469 1828 erat
2519 1774 2587 1827 Et
2618 1773 2747 1826 hinc
2792 1778 2878 1827 est
2907 1773 3057 1843 quod
3109 1772 3189 1826 ait
3214 1789 3328 1827 non
3373 1790 3535 1843 posse

243 1864 332 1912 est
380 1858 443 1913 in
500 1875 741 1930 persona
774 1861 1036 1915 Domini:
1072 1864 1280 1916 Memor
1319 1878 1410 1916 ero
1447 1864 1592 1918 Raab
1630 1865 1852 1931 Babylo-

242 1951 354 2012 nis,
394 1949 698 2003 scientibus
735 1966 822 2003 me
840 1948 1005 2011 (Psal.
1061 1965 1274 2017 LXXXVI,
1305 1950 1379 2017 4).
1414 1952 1674 2007 Sciebant
1700 1970 1856 2008 nam-

242 2052 352 2106 que
409 2037 533 2107 jam
563 2037 658 2091 isti
687 2038 992 2104 Christum,
1024 2046 1082 2094 et
1111 2040 1235 2094 ideo
1275 2056 1494 2095 memor
1520 2058 1713 2096 eorum
1742 2044 1852 2097 Do-

240 2126 461 2190 minus,
519 2141 634 2180 non
681 2128 862 2181 solum
914 2129 983 2182 ad
1033 2129 1198 2183 ﬁdem
1242 2145 1335 2183 eos
1364 2135 1607 2197 vocarat,
1655 2147 1854 2186 verum

239 2214 420 2269 etiam
477 2232 671 2270 secum
708 2218 781 2271 ad
840 2218 1152 2272 convivium
1200 2219 1524 2285 admittens,
1584 2222 1855 2277 vestierat

241 2309 366 2369 ..ιιι
385 2310 426 2369 ι
440 2309 599 2359 veste
621 2306 885 2376 nuptiali.
902 2309 1192 2376 Propterea
1211 2312 1321 2376 ﬁlii
1346 2312 1535 2378 sponsi
1560 2326 1625 2364 ac
1651 2326 1853 2379 sponsa:

240 2394 506 2461 quandiu
554 2410 683 2448 cum
729 2398 843 2449 illis
890 2401 965 2450 est
992 2413 1238 2465 sponsus,
1260 2401 1523 2466 jejunare
1553 2405 1848 2467 nequeunt.

240 2481 367 2535 Filii
399 2487 600 2537 autem
637 2482 765 2538 ideo
811 2484 1096 2553 dicuntur,
1145 2487 1277 2557 quia
1307 2503 1373 2540 ex
1405 2488 1511 2541 ﬁde
1542 2488 1750 2542 Christi
1798 2494 1855 2543 et

240 2570 513 2625 Ecclesiae
532 2572 1015 2638 reuati,maternis
1035 2575 1218 2629 adhuc
1242 2576 1538 2631 alebantur
1562 2577 1849 2632 doctrinis.

239 2660 457 2715 Omnes
489 2661 723 2732 quidem
751 2663 940 2733 sponsi
963 2680 1027 2717 ac
1066 2681 1282 2736 sponsae
1307 2666 1429 2729 ﬁlii,
1455 2666 1560 2720 etsi
1589 2683 1656 2720 ex
1678 2668 1855 2722 omni-

239 2747 344 2805 bus
371 2766 592 2821 sponsa
620 2767 736 2805 una
763 2760 1216 2824 concorporatur,
1245 2758 1309 2807 ut
1337 2754 1485 2809 idem
1517 2755 1632 2809 sint
1662 2756 1762 2809 filii
1782 2756 1854 2810 si-

240 2840 359 2893 mul
393 2840 622 2894 collecti
648 2840 709 2895 in
737 2842 953 2896 unitate
984 2843 1132 2907 ﬁdei,
1168 2859 1291 2915 quas
1321 2848 1378 2898 et
1414 2861 1637 2915 sponsa,
1674 2846 1853 2900 chari-

239 2929 376 2983 tatis
408 2927 623 2983 ﬁndere
651 2930 867 2987 sociati.
909 2932 1066 2986 Unde
1112 2948 1215 2986 nec
1252 2933 1535 2988 immerito
1564 2934 1625 2988 in
1653 2936 1849 2990 eadem

1936 1865 2125 1936 sponsi
2156 1865 2301 1917 ﬁlios
2326 1865 2605 1934 jejunare,
2631 1862 2761 1915 licet
2784 1850 2863 1916 illi
2890 1862 3273 1932 jejunent,qui
3295 1862 3535 1917 necdum

1936 1954 2009 2007 ad
2036 1954 2263 2024 nuptias
2284 1953 2580 2006 intrarant.
2615 1950 2759 2015 Quia
2778 1950 3048 2003 nimirum
3069 1967 3264 2004 omnes
3292 1950 3373 2004 illi
3389 1951 3537 2020 jeju-

1938 2048 2077 2097 nant
2106 2043 2202 2113 qui
2236 2057 2435 2113 panem
2482 2040 2603 2095 vitae
2633 2040 2913 2110 ignorant.
2952 2039 3211 2093 Christus
3258 2045 3446 2094 autem
3476 2044 3537 2094 et
3634 2080 3643 2089 .

1935 2148 2174 2202 sponsus
2204 2137 2260 2185 et
2288 2131 2450 2202 panis
2478 2135 2581 2194 est,
2618 2136 2786 2200 atque
2836 2128 3149 2184 convivium
3180 2129 3530 2184 deliciarum.

1934 2224 1984 2278 A
2005 2239 2115 2294 quo
2139 2220 2320 2291 jejuni
2350 2224 2531 2285 erant,
2555 2220 2651 2289 qui
2676 2219 2914 2273 necdum
2936 2219 3187 2272 renovati
3208 2218 3534 2288 nuptiarum

1935 2312 2209 2367 interesse
2236 2310 2608 2380 nequiverant
2635 2308 2833 2379 epulis.
2869 2308 3010 2362 Hinc
3036 2323 3172 2361 sane
3203 2306 3493 2378 sequitur:

2006 2403 2179 2455 Nemo
2218 2403 2641 2453 commissuram
2676 2400 2859 2466 panni
2896 2399 3056 2451 rudis
3074 2399 3249 2451 mittit
3290 2400 3351 2449 in
3374 2399 3535 2450 vesti-

1934 2495 2118 2543 mento
2151 2491 2339 2554 veteri,
2367 2505 2433 2542 ne
2462 2492 2645 2556 major
2682 2490 2925 2540 scissura
2956 2490 3095 2554 ﬁat;
3124 2502 3296 2555 neque
3331 2489 3533 2540 vinum

1937 2594 2145 2632 norum
2173 2580 2235 2630 in
2252 2584 2401 2631 utres
2417 2582 2629 2639 veteres,
2658 2575 2960 2645 etreliqua.
2984 2575 3164 2645 Igitur
3192 2574 3437 2645 antiqua:
3461 2575 3534 2628 le-

1933 2668 2020 2738 gis
2050 2666 2451 2737 supellectilem
2478 2670 2634 2718 vetus
2655 2664 2906 2735 appellat
2927 2663 3537 2727 vestimentum,Judai-

1933 2757 2013 2811 cis
2043 2756 2299 2810 attritum
2322 2754 2539 2819 studiis,
2565 2752 2823 2807 sensibus
2841 2758 3189 2823 corruptum,
3219 2752 3384 2806 sectis
3402 2752 3535 2806 scis-

1932 2844 2301 2911 sum,actibus
2316 2843 2629 2898 obsoletum
2653 2862 2665 2896 :
2692 2843 3121 2897 commissuram
3139 2848 3329 2896 autem
3361 2840 3534 2912 panni

1933 2934 2109 2998 rudis,
2137 2933 2422 3003 Evangelii
2453 2936 2740 3003 nuncupat
2778 2932 3192 2985 indumentum.
3226 2930 3370 2995 Quia
3400 2946 3534 3001 pro-

241 3016 414 3072 domo
439 3034 655 3090 sponsa
684 3035 811 3074 cum
836 3037 1040 3092 sponso
1067 3021 1412 3077 vescebatur.
1448 3023 1555 3077 Sed
1585 3025 1774 3095 sponsi
1790 3026 1851 3079 ﬁ-
1930 3022 2074 3078 fecto
2103 3023 2245 3077 sicut
2278 3021 2613 3076 vestimento
2642 3021 2854 3092 tegitur
2894 3037 3115 3091 corpus,
3155 3020 3237 3074 ita
3264 3019 3536 3075 doctrinis

250 3106 310 3161 lii
342 3113 580 3162 tantum
610 3108 737 3163 ideo
764 3118 1050 3177 vocantur,
1079 3116 1145 3165 ut
1161 3112 1479 3166 teneritudo
1508 3113 1637 3167 ﬁdei
1667 3117 1923 3177 eorumC
1944 3113 2134 3167 anima
2176 3112 2508 3184 cooperitur.
2553 3111 2661 3166 Sed
2706 3111 2857 3165 aliud
2910 3115 2996 3164 est
3025 3109 3417 3163 vestimentum
3445 3124 3537 3163 ve-

251 3201 309 3251 et
334 3197 672 3252 tirocinium
699 3198 1068 3270 discipulatus
1096 3201 1434 3269 insinuetur,
1456 3207 1683 3274 propter
1714 3205 1863 3275 quod

255 3286 337 3341 eis
364 3303 485 3341 non
520 3286 723 3341 debeat
744 3304 913 3358 grave
943 3289 1153 3361 aliquid
1184 3290 1494 3361 imponere.

334 3378 567 3430 Veniant
587 3383 794 3444 autem,
827 3378 1030 3448 inquit,
1062 3380 1176 3433 dies
1208 3395 1334 3432 cum
1372 3380 1670 3447 auferetur
1688 3383 1757 3435 ab
1786 3384 1862 3436 eis

250 3481 515 3534 sponsus,
536 3471 587 3519 et
607 3471 740 3520 tunc
759 3470 1129 3535 jsjunabunt.
1164 3468 1329 3522 Patet
1347 3484 1411 3522 ex
1445 3469 1550 3523 hoc
1566 3470 1687 3524 loco
1714 3472 1863 3541 quod

254 3554 561 3609 omnesilli
592 3556 709 3610 dies
736 3555 941 3627 quibus
969 3556 1227 3613 Christus
1255 3558 1313 3611 in
1339 3573 1505 3612 carne
1545 3558 1667 3623 fuit,
1703 3560 1864 3630 quasi

254 3643 382 3698 dies
409 3644 650 3698 convivii
667 3650 726 3699 et
748 3646 1074 3716 nuptiarum
1095 3646 1305 3701 fuerint
1323 3646 1512 3718 sponsi
1538 3664 1601 3702 ac
1621 3665 1857 3719 sponsae,

255 3734 327 3788 de
354 3733 569 3805 quibus
592 3734 830 3806 spiritali
857 3735 1136 3790 connubio
1165 3737 1404 3808 apostoli
1430 3738 1550 3808 jam
1574 3739 1861 3805 creati,lu-

255 3839 398 3893 gere
436 3839 551 3877 non
580 3830 859 3894 poterant,
893 3826 1143 3896 quandiu
1187 3843 1454 3897 sponsum
1485 3844 1613 3882 cum
1658 3844 1862 3899 sponsa

256 3913 315 3966 in
346 3913 607 3966 thalamo
633 3929 754 3968 esse
771 3913 1116 3984 gaudebant.
1149 3915 1255 3969 Sed
1292 3916 1862 3989 venient,inquit,dies

256 4018 391 4056 cum
421 4001 751 4056 transierint
779 4004 1006 4075 nuptiae,
1022 4009 1080 4058 et
1108 4004 1383 4075 passionis
1404 4021 1467 4060 ac
1496 4007 1862 4062 resurrectio-

258 4091 351 4145 nis
380 4097 609 4162 tempus
637 4108 737 4146 seu
766 4092 1109 4148 ascensionis
1138 4094 1443 4161 advenerit,
1474 4100 1609 4150 tunc
1636 4096 1862 4168 jejuna-

258 4180 434 4234 bunt:
466 4186 605 4234 tunc
634 4180 848 4252 utique,
885 4198 1012 4236 cum
1039 4182 1327 4238 auferetur
1366 4184 1436 4238 ab
1483 4185 1565 4239 eis
1603 4202 1858 4256 sponsus.

259 4268 775 4341 Iultiplicaverunt
797 4288 862 4325 ex
892 4272 997 4326 hoc
1038 4272 1157 4327 loco
1188 4278 1316 4344 post
1344 4273 1462 4328 dies
1491 4275 1865 4345 quadraginta

260 4359 546 4429 passionis
576 4376 703 4414 mox
728 4362 947 4431 jejunia
976 4362 1072 4415 illa
1101 4362 1477 4417 ecclesiastica
1506 4363 1860 4431 celebranda,

1942 3208 2054 3265 tus,
2086 3202 2235 3255 aliud
2260 3217 2389 3255 vero
2409 3216 2614 3255 novum
2640 3219 2651 3267 ;
2678 3200 2811 3271 quia
2829 3204 2987 3253 vetus
3006 3198 3421 3270 corruptionem
3445 3213 3539 3269 pa-

1942 3291 2086 3345 titur
2109 3295 2386 3345 vetustate
2414 3294 2826 3361 consumptum,
2855 3290 2943 3344 cui
2963 3289 3011 3343 si
3028 3293 3292 3343 assuatur
3309 3303 3534 3354 novum,

1944 3382 2105 3451 pejor
2137 3380 2377 3434 scissura
2408 3381 2491 3446 ﬁt,
2518 3380 2654 3433 dum
2686 3385 2743 3433 et
2780 3378 2918 3433 illud
2941 3378 3090 3450 quod
3112 3383 3235 3432 erat
3252 3376 3540 3447 signiﬁca-

1944 3469 2112 3522 tionis
2138 3469 2323 3539 gratia
2352 3469 2711 3540 promissum,
2736 3468 3133 3539 corrumpitur,
3150 3473 3206 3521 et
3233 3466 3372 3521 illud
3391 3465 3540 3537 quod

1946 3557 2017 3610 ad
2054 3559 2292 3611 salutem
2319 3557 2572 3612 omnium
2597 3562 2720 3611 erat
2742 3557 3161 3628 repromissum,
3177 3572 3278 3627 per
3305 3572 3365 3610 se
3390 3555 3543 3610 sufﬁ-

1945 3663 2070 3700 cere
2101 3662 2213 3700 non
2242 3646 2570 3700 aestimatur.
2604 3644 2725 3700 Hoc
2754 3646 2918 3716 plane
2946 3645 3211 3699 Ebionitaa
3239 3660 3352 3699 non
3380 3643 3542 3699 intel-

1945 3735 2203 3805 ligentes,
2227 3734 2702 3790 commiscuerunt
2721 3750 2864 3789 nova
2881 3733 3183 3796 veteribus,
3198 3750 3310 3787 non
3331 3738 3531 3804 putan—

1943 3831 2029 3879 tes
2057 3825 2177 3879 sine
2207 3825 2327 3895 lege
2357 3824 2534 3896 Moysi
2562 3822 2771 3878 Christi
2802 3822 3162 3893 Evangelium
3192 3837 3353 3893 posse
3382 3820 3539 3875 sufﬁ-

1945 3915 2209 3969 cere.Lex
2233 3914 2460 3985 quidem
2492 3929 2592 3984 per
2617 3929 2676 3967 se
2701 3929 2879 3983 usque
2907 3912 2977 3965 ad
2997 3910 3394 3982 gratiam,1icet
3419 3915 3540 3964 tra-

1946 4003 2253 4059 ditionibus
2282 4003 2692 4057 Pharisaeorum
2723 4007 2870 4056 esset
2914 4005 3263 4072 consumpta,
3298 3999 3542 4053 multum

1945 4094 2183 4165 profuit;
2208 4092 2305 4147 sed
2334 4093 2632 4147 inchoante
2659 4091 2862 4163 gratia,
2891 4106 3003 4145 non
3022 4089 3194 4144 vestis
3231 4088 3536 4159 Evangelii,

1946 4199 2071 4254 quas
2101 4183 2170 4237 de
2199 4182 2329 4253 agni
2351 4183 2551 4237 vellere
2579 4186 2838 4237 contexta
2864 4185 2967 4248 est,
2994 4180 3044 4235 ei
3072 4178 3294 4233 admitti
3316 4177 3538 4233 debuit.

1946 4272 2067 4327 Imo
2091 4272 2436 4327 cessantibus
2457 4271 2669 4343 ﬁguris,
2701 4274 2981 4326 vetustate
3009 4268 3308 4334 exinanita,
3327 4284 3396 4323 ea
3419 4283 3543 4339 quas

1947 4363 2007 4416 in
2031 4363 2230 4416 eadem
2260 4368 2423 4417 erant
2449 4364 2571 4433 lege
2601 4361 2829 4431 agendae
2859 4360 3002 4426 vitae,
3020 4360 3078 4414 in
3097 4358 3346 4413 novitate
3376 4373 3542 4429 opor-

264 4447 401 4502 licet
436 4448 631 4502 statim
675 4449 795 4503 dies
826 4450 951 4505 illos
977 4450 1335 4506 Pentecostes
1366 4452 1609 4523 Spiritus
1639 4459 1865 4509 sanctus
1889 4440 2111 4509 Dtebat
2138 4454 2399 4507 transire.
2434 4453 2593 4507 Unde
2620 4453 2883 4518 Joannes,
2908 4467 3035 4506 cum
3064 4451 3132 4505 de
3147 4450 3446 4505 dilectione
3468 4449 3544 4504 lo-

264 4537 570 4592 adveniens
604 4538 832 4593 festivos
859 4540 1216 4595 dedicaverit.
1257 4542 1338 4595 De
1392 4558 1503 4613 qua
1542 4558 1675 4596 sane
1708 4559 1865 4598 occa-

266 4627 428 4680 sione
458 4644 600 4681 anus
628 4629 820 4683 Prisca
849 4635 908 4683 et
929 4628 1230 4685 Maximilla
1261 4631 1460 4685 saltem
1494 4636 1620 4702 post
1663 4632 1866 4687 Pente-

266 4722 456 4770 costen
488 4717 845 4773 tradiderunt
859 4720 1347 4790 quadragesimum
1369 4720 1867 4793 faciendam,quasi

269 4804 455 4859 ablato
484 4823 689 4878 sponso
720 4824 846 4862 mox
875 4808 1115 4863 debeant
1140 4809 1238 4863 ﬁlii
1264 4810 1449 4881 sponsi
1468 4812 1866 4882 jejuuare.Sed

271 4894 479 4949 Christi
506 4896 750 4951 Ecclesia
776 4897 915 4951 illud
945 4899 1015 4952 ad
1050 4899 1367 4969 passionem
1413 4905 1471 4954 et
1500 4901 1869 4956 resurrectio-

272 4998 400 5038 nem
430 5001 607 5055 usque
635 4986 873 5051 distulit,
903 4994 969 5041 ut
999 4987 1268 5059 spiritalis
1307 4988 1515 5059 saginze
1546 4991 1764 5061 jejunio
1796 4991 1869 5046 ad

272 5071 409 5127 illud
425 5075 694 5128 Paschalc
713 5082 1127 5131 sacramentum
1148 5077 1351 5133 animae
1374 5079 1574 5134 melius
1594 5096 1870 5152 prepara-

277 5169 486 5217 rentur.
510 5165 720 5218 Tamen
744 5166 984 5236 apostoli
1003 5182 1115 5220 non
1130 5167 1310 5221 solum
1340 5173 1465 5239 post
1484 5169 1867 5223 ascensionem

279 5250 480 5306 Christi
507 5260 803 5325 cceperunt
830 5255 985 5319 ﬂere,
1016 5272 1208 5310 verum
1229 5257 1289 5311 in
1318 5257 1598 5327 passione.
1634 5258 1868 5329 Expleta

283 5346 463 5395 autem
484 5344 831 5405 ascensione.
856 5343 1051 5399 diebus
1078 5345 1279 5416 quibus
1300 5347 1601 5401 adventum
1626 5345 1867 5419 Spiritus

284 5432 452 5485 sancti
476 5433 878 5504 exspectabant
902 5434 1022 5489 sine
1043 5434 1212 5489 dubio
1242 5436 1569 5508 etdeinceps
1593 5438 1792 5492 ﬂentes
1813 5442 1870 5492 et

287 5518 623 5577 abstinentes
659 5528 839 5578 erant.
873 5524 981 5579 Sed
1011 5530 1068 5579 et
1095 5524 1369 5580 Dominus
1398 5526 1678 5597 quomodo
1701 5527 1870 5582 disci-

1951 4550 2252 4616 queretur:
2284 4545 2828 4609 Filioli,-mandatum.
2852 4558 3057 4599 nouum
3078 4542 3145 4596 do
3167 4542 3332 4606 vobis,
3359 4538 3546 4611 inquit

1950 4636 2133 4704 (Joan.
2175 4649 2235 4699 ιι,
2277 4633 2351 4700 8),
2390 4633 2720 4687 mandatum
2769 4631 2917 4704 quod
2970 4630 3040 4685 ab
3092 4630 3255 4685 initio
3283 4628 3538 4684 audistis.

1949 4724 2094 4788 Quia
2122 4722 2367 4794 profecto
2396 4722 2494 4776 illa
2512 4722 2702 4777 omnia
2726 4726 2841 4777 nan
2865 4720 3178 4787 vetustatis,
3210 4719 3308 4774 sed
3331 4718 3545 4773 novita-

1947 4813 2021 4867 tis
2053 4817 2232 4866 erant.
2281 4813 2558 4866 Caeterum
2586 4810 2973 4866 Sabbatismus
2998 4816 3055 4865 et
3097 4809 3440 4876 Neomenise,
3479 4823 3545 4863 ac

1948 4902 2092 4955 ritus
2125 4899 2583 4971 jejuniorum,vel
2609 4899 2826 4970 reliqua
2845 4898 3223 4969 signiﬁcanda:
3246 4898 3369 4952 vitae
3386 4896 3547 4951 insti-

1949 4989 2268 5061 tuta,quasi
2284 4988 2678 5043 vestimentum
2705 4995 2882 5054 vetus,
2909 4990 3027 5059 jam
3053 4991 3386 5059 consumpta
3398 5003 3544 5059 prae-

1949 5080 2237 5144 terierunt,
2266 5079 2437 5133 veluti
2466 5079 2678 5133 umbrae
2706 5078 3043 5133 clarescente
3071 5079 3213 5133 luce.
3240 5078 3547 5149 Propterea

1951 5169 2038 5223 his
2064 5185 2174 5223 non
2188 5169 2501 5224 assuendus
2520 5174 2643 5224 erat
2662 5184 2881 5240 pannus
2895 5185 3049 5223 nova;
3061 5167 3546 5233 doctrinae443

1951 5260 2202 5330 Utraque
2231 5265 2423 5314 tamen
2441 5259 2713 5323 doctrina,
2727 5260 2856 5329 jure
2882 5275 3102 5330 pannus
3126 5262 3226 5312 aut
3247 5257 3547 5313 vestimen-

1949 5353 2072 5402 tum
2105 5348 2327 5415 dicitur,
2362 5348 2565 5420 quibus
2612 5349 2811 5403 induta
2856 5348 3045 5403 anima
3089 5363 3202 5403 non
3246 5348 3471 5404 timebit
3512 5360 3548 5400 a

1955 5436 2161 5508 frigore
2186 5427 2552 5506 inﬁdelitatis,
2577 5454 2759 5510 neque
2778 5438 3034 5494 nuditate
3045 5438 3383 5511 turpabitur.
3405 5435 3549 5503 Quia

1951 5528 2069 5583 haec
2116 5532 2203 5583 est
2237 5528 2334 5583 illa
2381 5529 2695 5600 stragulata
2736 5527 2900 5583 vestis
2962 5528 3105 5584 mira
3157 5529 3428 5585 varietate
3457 5538 3546 5579 or-

286 5611 439 5679 Ριιιοε
464 5612 791 5685 prohiberet
824 5614 1106 5687 jejunare,
1156 5615 1253 5687 qui
1297 5619 1352 5671 et
1380 5614 1500 5689 ipse
1536 5616 1873 5689 jejunabat?
1954 5622 2107 5687 nata,
2155 5634 2325 5691 quam
2362 5617 2524 5674 nobis
2552 5619 2613 5675 in
2657 5619 2955 5675 Salomone
2981 5617 3261 5690 sapientia
3299 5609 3547 5691 perfecit.
