3918 6176
445 301 554 361 879

1218 306 1282 362 s.
1318 274 1699 361 pAscuasn
1738 301 2099 359 mesen
2135 301 2440 362 ABBATIS
2476 301 2969 367 CORBEIENSIS.

3558 311 3645 370 380

442 427 553 483 Sed
578 432 637 483 et
655 429 887 500 quidam
903 431 973 486 de
992 429 1346 503 philosophia
1365 426 1557 482 dicunt
1579 423 1683 479 sub
1702 424 1884 496 specie
1912 439 2039 479 mu-
2059 425 2112 487 Α
2126 424 2381 480 doctrina
2419 430 2695 481 vetustate
2724 428 2938 493 attrita,
2977 428 3273 485 novitatem
3300 437 3651 505 praceptorum

442 516 621 581 lieris,
647 519 797 589 quod
826 519 1087 574 habuerit
1112 524 1294 573 vestes
1313 515 1504 571 subtili
1523 513 1757 568 artiﬁcio
1786 518 1845 568 et
1868 513 2041 569 indis-

445 605 670 659 solubili
703 602 941 663 materia
970 609 1265 680 perfectas,
1300 623 1438 677 quas
1481 604 1603 674 ipsa
1634 602 1749 656 suis
1779 602 2039 657 manibus

443 698 720 749 texuerat.
743 696 994 761 Quarum
1011 697 1222 768 species
1253 694 1464 749 terebat
1484 691 1607 747 acsi
1627 692 1874 745 fumosas
1902 692 2041 746 ima-

442 784 623 854 gines.
657 802 795 856 quas
824 787 1004 856 caligo
1035 786 1289 857 quaedam
1329 784 1593 853 neglectae
1620 781 1915 836 vetustatis
1942 782 2040 836 ob-

440 872 713 940 duxerat;
755 874 964 929 habens
991 875 1049 928 in
1075 874 1338 928 extremis
1381 873 1645 927 deorsum
1691 885 1734 925 II
1763 870 2037 935 Graecum,

444 964 593 1033 quod
615 963 893 1033 signiﬁcat
922 963 1225 1034 practicam
1255 962 1519 1026 vitam,in
1548 959 1826 1030 supremis
1838 976 1965 1014 vero
1987 959 2036 1016 Θ

442 1051 1071 1121 legebatur,theoricam
1089 1053 1280 1106 volens
1297 1050 1627 1122 exprimere.
1647 1048 1859 1113 Quibus
1880 1065 2039 1121 aper-

439 1143 498 1194 te
525 1139 794 1206 insinuat,
827 1141 1079 1195 habitum
1112 1142 1452 1205 animarum,
1499 1138 1786 1209 sapientiae
1828 1138 2036 1193 doctri-

438 1244 570 1284 nam
601 1245 740 1298 esse,
786 1230 918 1285 licet
963 1230 1294 1285 traditiones
1322 1229 1613 1283 hominum
1643 1243 1767 1282 eam
1797 1244 2038 1283 comma-

439 1318 767 1374 culaverint.
804 1318 1017 1384 Quibus
1046 1320 1280 1374 remotis
1306 1335 1372 1373 ac
1396 1318 1443 1372 si
1463 1317 1695 1383 umbris,
1725 1322 1878 1389 patet
1896 1318 2036 1372 lucis

438 1406 666 1474 veritas,
700 1424 822 1478 quae
852 1408 1118 1462 nimirum
1136 1425 1247 1462 non
1277 1412 1464 1479 potest
1490 1406 1713 1461 admitti
1742 1406 2036 1461 vestimen-

438 1500 499 1550 to
529 1496 729 1564 veteri,
759 1514 829 1550 ne
850 1499 1010 1567 pejor
1038 1496 1333 1552 obcaecatio
1356 1498 1473 1562 ﬁat,
1506 1497 1554 1550 si
1582 1497 1677 1550 lux
1707 1495 2036 1550 obscuretur

436 1584 498 1639 in
527 1584 794 1647 tenebris,
838 1585 949 1638 imo
1000 1587 1179 1655 caligo
1228 1603 1421 1641 earum
1454 1586 1661 1640 rectius
1690 1584 1737 1638 si
1765 1585 2036 1640 clarescat

438 1673 501 1727 in
529 1674 732 1728 lucem.
768 1675 1168 1729 Verumtamen
1200 1675 1360 1729 audis
1405 1675 1831 1729 commissuram
1862 1675 2033 1746 panni

2119 514 2265 570 ferre
2316 515 2641 587 nequibant.
2676 518 2745 572 Et
2767 517 2895 589 ipsi,
2921 524 3091 582 utres,
3125 519 3313 575 vinum
3351 523 3648 593 nuptiarum,

2120 603 2190 658 de
2241 621 2350 676 quo
2396 606 2633 677 apostoli
2674 605 2814 661 ebrii
2860 608 3230 679 loquebantur
3256 610 3410 664 variis
3457 611 3650 682 linguis,

2120 694 2405 749 continere
2428 711 2541 749 non
2568 700 2845 766 poterant.
2866 698 2945 751 De
2968 714 3076 769 quo
3096 698 3355 757 nimirum
3371 699 3484 754 vino
3501 703 3653 757 archi-

2122 782 2376 838 triclinus
2397 801 2601 855 sponso
2630 784 2811 841 fertur
2837 786 3076 841 dixisse:
3113 785 3350 841 Servasti
3380 792 3556 843 vinum
3587 793 3654 845 bo-

2124 887 2263 926 num
2284 888 2451 941 usque
2480 875 2661 927 adhuc
2699 877 2885 942 (Joan.
2924 889 2985 939 ιι,
3038 874 3142 941 10).
3176 876 3331 940 Quod
3355 875 3570 947 denique
3593 879 3654 933 vi-

2122 976 2278 1027 num,
2310 961 2548 1016 necdum
2581 963 2846 1018 Pharisaei
2866 963 3099 1035 quibant
3126 965 3269 1020 ferre
3288 970 3540 1020 vetustate
3560 984 3657 1022 cor-

2121 1048 2292 1120 rupti.
2315 1050 2480 1105 Utres
2508 1056 2698 1105 autem
2727 1052 2871 1118 novi,
2922 1052 3137 1107 scilicet
3163 1053 3394 1124 apostoli
3418 1058 3472 1107 et
3495 1071 3657 1111 eorum

2117 1137 2451 1210 imitatores,
2480 1140 2573 1194 illo
2604 1140 3136 1211 replebantur.Quia
3155 1142 3306 1214 prius
3326 1149 3387 1197 ut
3412 1148 3549 1197 utres
3559 1145 3656 1215 pel-

2116 1228 2256 1282 lium
2284 1227 2355 1282 ab
2379 1229 2533 1283 omni
2561 1230 2819 1301 squalore
2848 1237 3178 1302 purgantur,
3227 1236 3283 1286 et
3309 1231 3584 1302 pigmentis
3601 1232 3657 1287 li-

2116 1316 2353 1372 niuntur
2362 1318 2857 1375 odoramentorum
2874 1319 3129 1386 interius,
3148 1320 3228 1374 ita
3249 1320 3472 1375 confecti
3493 1320 3659 1376 divinis

2114 1406 2487 1461 torcularibus
2514 1408 2630 1479 apti
2657 1408 3047 1465 censebantur.
3079 1408 3391 1476 virtutibus,
3426 1413 3479 1463 et
3509 1410 3661 1479 gratia

2117 1495 2359 1567 Spiritus
2387 1496 2566 1550 sancti
2615 1498 2880 1568 reparati.
2930 1498 3080 1562 Quos
3130 1514 3265 1553 sane
3294 1498 3460 1553 David
3478 1498 3662 1552 futuros

2116 1585 2393 1657 aspiciens
2421 1586 2492 1640 de
2521 1602 2581 1640 se
2601 1586 2863 1657 gemebat
2882 1586 3413 1656 dicens:l)efecerunt
3429 1590 3561 1641 oculi
3575 1590 3665 1641 mei

2118 1677 2182 1729 in
2218 1678 2498 1744 eloquium
2529 1680 2710 1742 tuum,
2760 1677 2995 1730 dicentes
3033 1695 3049 1730 :
3082 1676 3308 1744 Quando
3349 1678 3665 1731 consolaberis

439 1761 617 1829 rudis,
668 1780 780 1818 non
812 1764 1064 1817 scissurae
1109 1768 1327 1834 partem
1379 1763 1637 1835 accipias,
1681 1764 1777 1817 sed
1823 1764 2030 1834 princi-
2044 1761 2094 1827 B
2113 1769 2236 1818 me?
2259 1764 2587 1832 Quia/"actus
2600 1781 2726 1819 sum
2746 1767 2887 1819 sicut
2903 1770 3027 1818 uter
3044 1768 3107 1819 in
3118 1766 3658 1833 pruina(Psal.cxvm,

438 1851 596 1923 pium
624 1857 879 1908 texturae.
928 1855 1083 1908 Tunc
1114 1854 1265 1907 enim
1296 1854 1539 1925 primum
1571 1854 1686 1907 tela
1711 1853 1916 1923 regalis
1945 1853 2036 1907 in-

438 1940 694 1996 dumenti
730 1942 799 1996 de
831 1943 1037 1997 Christi
1084 1944 1286 1997 vellere
1333 1943 1641 1997 texebatur.
1679 1943 1758 1997 De
1810 1942 2031 2008 vellere,

440 2031 588 2102 quod
617 2030 790 2086 dabat
822 2035 1015 2103 Agnus
1047 2032 1142 2103 qui
1172 2032 1324 2086 tollit
1362 2037 1589 2103 peccata
1631 2032 1844 2087 mundi.
1881 2033 2037 2086 Tunc

439 2119 665 2191 quidem
696 2121 1031 2192 principium
1066 2121 1350 2191 Evangelii
1380 2121 1692 2187 texebatur,
1726 2121 1932 2175 idcirco
1946 2122 2037 2192 ju-

437 2224 501 2264 re
526 2209 895 2264 commissura
923 2210 1147 2274 dicitur,
1174 2211 1275 2264 hoc
1296 2217 1382 2263 est
1409 2211 1697 2280 junctura.
1731 2211 1857 2264 Non
1886 2211 2035 2281 quod

436 2297 717 2353 veteribus
767 2298 968 2354 debeat
998 2300 1222 2367 sociari,
1253 2299 1348 2353 sed
1381 2300 1514 2373 quia
1562 2316 1738 2370 usque
1765 2300 1824 2354 in
1863 2300 2034 2354 ﬁnem

436 2402 612 2458 supra
652 2388 823 2443 corda
850 2388 1197 2443 credentium
1226 2388 1429 2442 debeat
1451 2389 1673 2443 extendi
1702 2394 1760 2443 et
1786 2388 2030 2456 dilatari,

436 2481 503 2530 ut
529 2491 645 2531 una
664 2476 740 2531 sit
759 2477 928 2531 vestis
957 2477 1210 2531 omnium
1240 2477 1609 2542 inconsutilis,
1636 2483 1690 2533 et
1720 2478 2029 2546 indiscissa,

438 2565 682 2636 desuper
717 2571 995 2633 contexta,
1017 2567 1243 2638 capiens
1270 2584 1486 2632 omnes,
1507 2567 1792 2622 neminem
1823 2568 2037 2623 nudum

437 2655 783 2727 relinquens,
826 2655 936 2710 nisi
981 2657 1078 2727 qui
1124 2673 1184 2711 se
1231 2656 1438 2711 talibus
1474 2657 1836 2728 privaverunt
1864 2674 2032 2712 orna-

436 2743 662 2799 mentis.
713 2745 979 2801 Geminat
1015 2753 1209 2800 autem
1240 2747 1554 2817 exemplum
1595 2747 1933 2812 vestimenti,
1976 2752 2034 2802 et

432 2833 648 2889 utrium
676 2839 927 2890 veterum
948 2851 1351 2906 novorumque.
1372 2836 1481 2891 Sed
1507 2852 1609 2906 per
1634 2842 1790 2891 utres
1819 2843 2032 2891 veteres

434 2920 706 2976 debemus
755 2922 1071 2993 intelligere
1131 2922 1352 2978 Scribas
1418 2928 1477 2977 et
1549 2924 1879 2989 Pharisazos,
1946 2926 2033 2980 vel

434 3025 797 3081 quoscunque
847 3016 1005 3065 extra
1052 3010 1260 3065 Christi
1296 3010 1561 3080 gratiam,
1592 3028 1731 3082 quos
1794 3014 2033 3069 necdum

2117 1850 2229 1922 82).
2245 1853 2378 1917 Quae
2408 1853 2614 1925 pruina
2641 1853 2987 1908 inﬁdelitatis
3014 1853 3209 1925 procul
3230 1852 3396 1907 dubio
3422 1853 3547 1908 istos
3566 1869 3668 1909 con-

2118 1942 2424 2012 gelaverat,
2479 1942 2683 1998 idcirco
2728 1949 3006 1998 vetustate
3064 1942 3399 2014 consumpti,
3456 1948 3667 1998 mustum

2117 2031 2445 2102 evangelicae
2474 2032 2884 2103 praedicationis
2935 2048 3134 2104 capere
3162 2030 3483 2102 nequibant,
3518 2048 3670 2103 neque

2115 2126 2395 2193 praecepta
2446 2137 2692 2175 servare.
2733 2122 2893 2185 Quod
2938 2121 3081 2176 bene
3120 2120 3468 2192 dispensator
3507 2120 3670 2175 salutis

2115 2210 2443 2282 praevidens,
2472 2227 2643 2265 novos
2663 2216 2818 2266 utres
2846 2211 2916 2265 de
2940 2211 3109 2282 praelo
3127 2209 3310 2265 crucis
3335 2210 3508 2282 replet
3526 2209 3671 2265 ebrie-

2116 2304 2233 2354 tate
2263 2299 2514 2371 spiritus,
2545 2305 2761 2355 veteres
2779 2305 2971 2355 autem
2991 2316 3196 2355 vacuos
3216 2299 3438 2367 deserit,
3452 2315 3518 2354 ne
3541 2300 3671 2372 pejor

2116 2388 2360 2444 scissura
2387 2391 2567 2446 ﬁeret.

2186 2479 2254 2533 Et
2288 2495 2397 2534 ecce
2425 2483 2681 2549 princeps
2714 2496 2864 2535 unus
2896 2485 3136 2550 accessit,
3176 2492 3228 2541 et
3271 2482 3524 2541 adorabat
3569 2495 3671 2534 eum

2119 2569 2337 2622 dicens:
2374 2570 2521 2623 Filia
2556 2585 2675 2624 mea
2709 2572 2866 2624 modo
2902 2572 3165 2639 defuncta
3191 2581 3286 2642 est,
3325 2573 3413 2628 sed
3435 2573 3566 2636 veni,
3589 2572 3674 2622 im-

2113 2672 2255 2726 pone
2289 2673 2524 2712 manum
2544 2663 2700 2711 tuam
2718 2674 2884 2727 super
2903 2675 3022 2714 eam
3048 2665 3280 2718 etvivat.
3308 2663 3472 2717 Porro
3483 2659 3671 2714 Marcus

2114 2750 2172 2800 et
2205 2746 2406 2813 Lucas,
2450 2763 2563 2801 non
2594 2752 2878 2803 mortuam
2907 2765 3029 2804 eam
3061 2750 3278 2818 dicunt,
3314 2750 3410 2806 sed
3436 2750 3492 2804 in
3518 2752 3673 2802 extre-

2114 2834 2223 2888 mis
2252 2851 2396 2903 esse,
2443 2835 2529 2889 vel
2573 2836 2631 2890 in
2661 2836 2816 2891 brevi
2854 2838 3209 2908 morituram,
3258 2840 3510 2896 videlicet
3533 2833 3675 2891 morti

2114 2923 2425 2995 proximam
2449 2926 2644 2993 (Marc.
2672 2943 2725 2989 v,
2761 2924 2862 2993 25;
2894 2929 3030 2984 Luc.
3059 2943 3180 2995 vni,
3223 2929 3342 2999 42).
3380 2928 3548 2993 Quam
3570 2924 3674 2979 ideo

2114 3029 2358 3084 praesens
2397 3014 2739 3085 evangelista
2786 3020 3069 3071 mortuam
3111 3019 3403 3074 nuntiasse
3445 3014 3673 3078 asseruit,

433 3095 617 3152 abluit
640 3113 791 3168 aqua
824 3099 1318 3169 baptismatis.Qui
1341 3101 1579 3154 necdum
1604 3100 1779 3155 veteri
1804 3102 2029 3157 homine
2047 3116 2089 3179 (ς
2115 3103 2248 3172 quia
2270 3103 2665 3174 desperaverat
2692 3109 2853 3175 pater
2875 3122 3002 3160 eam
3032 3106 3217 3162 vivam
3254 3107 3498 3162 invenire
3528 3124 3540 3160 :
3567 3118 3676 3176 pro-

433 3185 707 3257 deposito,
732 3192 968 3257 possunt
982 3187 1261 3242 sustinere
1280 3187 1554 3243 fervorem
1581 3189 1845 3246 doctrinae
1870 3192 2030 3246 Chri-

432 3274 526 3329 sti.
571 3275 718 3328 Nam
770 3291 871 3345 per
915 3276 1201 3347 plagulam
1230 3276 1549 3331 vestimenti
1572 3278 1718 3343 novi,
1751 3284 1809 3333 et
1838 3280 2027 3335 vinum

430 3379 659 3423 novum.
688 3370 970 3436 praecepta
986 3365 1271 3436 Evangelii
1290 3366 1603 3433 sentienda,
1621 3383 1743 3438 qua:
1759 3384 1868 3423 non
1898 3386 2027 3440 pos-

431 3458 566 3508 sunt
592 3453 871 3509 sustinere
911 3454 1108 3522 Judaei,
1141 3471 1211 3509 ne
1240 3457 1424 3526 major
1464 3456 1709 3511 scissura
1736 3458 1853 3512 ﬁat.
1895 3459 2029 3513 Tale

432 3542 566 3613 quid
594 3548 653 3597 et
680 3542 893 3598 Galatae
923 3544 1105 3599 facere
1133 3544 1585 3616 cupiebant,cum
1615 3546 1915 3618 Evangelio
1945 3548 2026 3603 le-

428 3631 516 3703 gis
545 3639 824 3704 praecepta
855 3633 1175 3689 miscerent.
1221 3635 1330 3690 Sed
1358 3636 1659 3707 Apostolus
1699 3638 1768 3692 ad
1814 3655 1945 3694 eos:
1987 3639 2027 3695 0

428 3723 716 3788 insensati,
743 3723 948 3795 inquit,
974 3724 1197 3791 Galatae,
1219 3728 1342 3794 quis
1364 3742 1453 3779 vos
1480 3727 1780 3794 fascinavit
1802 3712 2026 3783 veritati

428 3824 539 3866 non
559 3814 812 3868 obedire?
835 3814 976 3874 (Gal.
1012 3828 1093 3881 III,
1132 3812 1200 3883 1.)
1234 3815 1429 3870 Sermo
1450 3815 1624 3886 igitur
1650 3818 2023 3888 evangelicus,

426 3905 482 3955 et
511 3901 769 3958 doctrina
798 3903 1039 3975 Spiritus
1076 3904 1271 3970 sancti,
1319 3905 1585 3978 apostolis
1625 3908 1814 3978 potius
1855 3923 2023 3978 quam

428 3988 636 4046 Scribis
665 3997 722 4046 et
739 3991 1061 4057 Pharisaeis,
1094 3998 1195 4048 aut
1215 3993 1502 4066 discipulis
1530 3997 1762 4050 Joannis
1801 3996 2023 4051 Christo

428 4078 830 4146 invidentibus,
862 4070 1247 4137 infundendus
1276 4090 1415 4151 erat,
1450 4084 1546 4155 qui
1576 4087 1854 4157 majorum
1892 4103 2022 4141 suo-

423 4182 550 4221 rum
579 4168 1455 4242 traditionibus444depravati
1486 4172 1865 4230 sinceritatem
1886 4193 2023 4247 prae-

425 4260 716 4325 ceptorum
760 4255 969 4310 Christi
998 4274 1111 4312 non
1141 4248 1402 4328 poterant
1444 4263 1743 4318 custodire.
1784 4264 1911 4318 Alia
1938 4271 2021 4320 est

425 4342 577 4396 enim
606 4342 822 4414 puritas
866 4345 1155 4415 virginalis
1193 4348 1414 4414 animae,
1468 4349 1623 4403 nulla
1678 4351 1879 4421 prioris
1904 4354 2022 4408 vitii

2114 3195 2241 3263 pter
2290 3192 2441 3262 quod
2480 3192 2726 3246 vicissim
2767 3187 3074 3265 utrumque
3111 3194 3331 3261 dicunt,
3363 3194 3491 3266 quia
3515 3195 3676 3259 445

2113 3285 2417 3352 utrumque
2446 3281 2539 3335 ille
2561 3281 2822 3353 petierat,
2867 3288 2932 3336 ut
2956 3283 3072 3339 sive
3100 3285 3436 3340 morituram
3463 3297 3580 3336 mox
3607 3294 3676 3333 sa-

2112 3375 2291 3435 naret,
2326 3372 2443 3424 sive
2474 3371 2594 3441 jam
2627 3376 2905 3426 mortuam
2952 3372 3279 3432 suscitaret.
3315 3374 3455 3429 Hinc
3482 3384 3676 3443 quoque

2111 3463 2229 3514 tam
2283 3458 2450 3513 ﬂebili
2498 3460 2900 3515 lamentatione
2928 3461 3246 3518 remedium
3294 3462 3536 3534 postulat
3571 3457 3679 3513 ﬁliae

2108 3548 2437 3621 desperatus
2464 3550 2535 3604 de
2562 3550 2707 3604 vita:
2743 3567 2855 3605 non
2889 3551 3136 3622 quidem,
3172 3556 3242 3606 ut
3269 3551 3499 3617 mstimo,
3530 3549 3683 3603 incre-

2108 3637 2295 3703 dulus,
2327 3638 2425 3693 sed
2455 3638 2708 3693 eruditus
2738 3639 2941 3710 alege.
2981 3640 3104 3705 Qua
3132 3641 3202 3696 de
3230 3657 3407 3696 causa
3434 3640 3559 3694 licet
3582 3650 3679 3691 om-

2105 3726 2203 3781 nia
2243 3726 2410 3781 verbo
2453 3744 2670 3782 creasse
2716 3728 2896 3785 Deum
2944 3728 3002 3783 in
3049 3729 3328 3802 principio
3368 3723 3678 3801 cognoverit,

2106 3816 2393 3871 hominem
2431 3820 2626 3871 tamen
2667 3817 2767 3872 Dei
2804 3834 2977 3872 manu
3005 3819 3349 3889 plasmatum
3379 3819 3597 3889 legerat,
3626 3828 3681 3867 ex

2106 3921 2216 3976 quo
2246 3904 2487 3976 denique
2509 3907 2706 3961 eadem
2732 3923 2904 3961 manu
2922 3907 3114 3976 ﬁliam,
3157 3924 3274 3979 qua
3295 3913 3482 3964 creata
3499 3905 3678 3967 fuerat,

2104 3993 2347 4048 recreari
2377 3995 2634 4063 credidit,
2652 4001 2709 4050 et
2727 3996 2919 4050 reduci
2932 3997 3001 4051 de
3032 4001 3214 4051 morte
3234 3998 3311 4052 ad
3339 3992 3680 4054 vitam.Unde

2103 4089 2363 4155 patenter
2389 4089 2552 4155 rogat
2569 4085 2700 4141 :Sed
2718 4088 3087 4156 veni,impone
3103 4102 3341 4141 manum
3362 4101 3522 4156 super
3545 4097 3672 4139 eant.

2103 4173 2178 4228 Ut
2205 4173 2300 4244 qui
2337 4180 2537 4246 sponte
2576 4174 2732 4245 prius
2757 4174 2827 4228 ad
2857 4174 3162 4230 creandum
3191 4191 3481 4246 posueras,
3511 4173 3577 4229 ad
3602 4186 3679 4226 re-

2104 4263 2418 4333 parandum
2468 4264 2671 4318 iterum
2721 4269 2985 4318 exoratus
3030 4263 3318 4336 imponas.
3370 4265 3441 4320 Et
3466 4265 3565 4318 hoc
3608 4263 3680 4314 est

2106 4352 2253 4422 quod
2282 4353 2564 4424 Propheta
2591 4352 2799 4407 fatetur
2834 4353 2970 4407 dum
3007 4353 3273 4408 decantat
3305 4373 3316 4408 :
3360 4356 3437 4409 Tu
3485 4354 3677 4422 forma-

423 4433 756 4503 contagione
776 4433 1021 4504 pollutae,
1054 4435 1165 4489 alia
1192 4435 1502 4491 libidinose
1533 4437 2170 4511 obsccenitas,quaeDsti
2209 4458 2311 4507 me,
2363 4449 2412 4497 et
2450 4445 2687 4512 posuisti
2730 4458 2896 4511 super
2932 4460 3017 4497 me
3045 4459 3284 4497 manum
3321 4449 3477 4498 tuam
3516 4441 3669 4508 (Psal.

422 4519 731 4575 multorum
759 4522 1018 4577 sordibus
1060 4522 1422 4595 subjacuerit.
1470 4525 1624 4580 Licet
1679 4528 1908 4597 quidam
1949 4530 2021 4585 ad

366 4654 378 4667 ι
420 4608 902 4679 imperfectionem
945 4610 1347 4685 discipulorum
1394 4614 1505 4671 ista
1531 4617 1810 4673 voluerint
1834 4624 2019 4674 trans-

419 4697 597 4765 ferre,
642 4704 707 4753 ut
732 4699 840 4771 ipsi
879 4700 1063 4757 adhuc
1109 4704 1363 4760 carnales
1392 4711 1449 4761 et
1485 4706 1697 4762 inﬁrmi
1740 4715 2017 4781 praecepta

419 4786 701 4843 severiora
724 4788 871 4844 ferre
894 4791 1434 4861 nequiverint.Quod
1457 4795 1504 4850 si
1524 4796 1606 4849 ita
1628 4802 1731 4863 est,
1752 4798 1935 4852 adhuc
1950 4797 2017 4854 'et

417 4876 529 4948 ipsi
558 4876 620 4932 in
648 4882 925 4933 vetustate
954 4887 1147 4949 erant;
1180 4884 1327 4953 quod
1357 4883 1660 4940 absurdum
1692 4893 1779 4942 est
1807 4887 2015 4943 intelli-

418 4982 572 5036 gere,
600 4982 726 5021 cum
749 4967 870 5037 jam
900 4970 1100 5025 secreti
1129 4977 1318 5027 essent
1344 4990 1379 5027 a
1400 4975 1538 5046 jugo
1565 4976 1727 5047 legis,
1746 4982 1805 5031 et
1827 4977 2014 5047 sponsi

418 5054 522 5109 ﬁlii
553 5056 925 5127 appellentur.
958 5058 1154 5116 Potius
1175 5077 1308 5132 ergo
1337 5069 1532 5120 contra
1555 5082 1649 5120 eos
1679 5065 1788 5120 ista
1815 5066 2012 5119 dicun-

418 5148 531 5212 tur,
555 5144 948 5217 conquirentes
973 5164 1146 5219 quare
1169 5166 1271 5205 nos
1300 5156 1357 5205 et
1376 5152 1642 5209 Pharisaei
1665 5156 2008 5226 jejunamus.

419 5233 679 5306 discipuli
711 5240 901 5289 autem
930 5236 1016 5291 tui
1044 5254 1157 5292 non
1176 5240 1441 5310 jejunant
1464 5242 1488 5295 ἵ
1511 5243 1769 5299 videntur
1795 5245 2012 5300 deside-

418 5329 665 5390 rasse,ut
685 5340 780 5378 eos
802 5324 1060 5380 Christus
1080 5344 1115 5382 a
1135 5329 1213 5399 jej
1222 5328 1481 5384 uniorum
1492 5333 1649 5403 jugo,
1670 5341 1724 5387 et
1736 5334 2011 5405 gravitate

418 5412 557 5485 legis
584 5414 843 5468 solveret.
887 5414 1098 5470 Idcirco
1129 5434 1257 5472 mox
1288 5418 1525 5473 audiunt
1567 5422 1851 5494 Evangelii
1881 5442 2016 5495 prae-

418 5507 599 5575 cepta,
639 5502 774 5557 dum
814 5501 875 5557 in
902 5508 1181 5562 vetustate
1206 5507 1519 5563 manserint
1557 5527 1778 5566 servare
1809 5530 2016 5584 nequa-

420 5607 590 5665 quam
617 5608 799 5665 posse,
829 5608 902 5651 ne
921 5596 1083 5668 pejor
1096 5596 1158 5653 in
1187 5597 1268 5655 eis
1294 5597 1539 5655 scissura
1558 5601 1737 5669 ﬁeret,
1771 5618 2011 5674 quorum

2104 4544 2363 4597 cxxxvm,
2403 4530 2479 4601 5).
2532 4531 2676 4596 Quia
2722 4531 2818 4602 qui
2846 4532 3035 4603 posuit
3060 4548 3187 4587 cum
3221 4530 3493 4587 formarat
3522 4547 3583 4585 ex
3609 4527 3679 4583 ni-

2104 4618 2241 4684 hilo,
2284 4620 2545 4691 deposuit
2588 4626 2653 4675 ut
2689 4620 2944 4692 imponat
2982 4621 3190 4675 iterum
3235 4637 3489 4686 manum,
3519 4623 3573 4674 et
3598 4632 3678 4671 re-

2098 4707 2304 4762 formet
2331 4725 2455 4762 eam
2485 4709 2554 4763 de
2600 4709 2941 4780 perditione.
2990 4711 3158 4765 Juxta
3197 4726 3493 4782 anagogen
3522 4706 3675 4763 etiam

2097 4797 2337 4851 multum
2367 4797 2516 4852 valet
2543 4799 2692 4870 quod
2725 4800 2839 4853 ait:
2873 4799 2979 4855 Sed
3016 4802 3159 4866 veni,
3211 4803 3433 4869 impone
3460 4809 3677 4853 manum

2097 4901 2262 4954 super
2295 4902 2443 4944 eam.
2481 4888 2684 4942 Procul
2703 4887 2893 4951 dubio,
2933 4888 3065 4959 quia
3083 4888 3305 4960 singula
3329 4882 3675 4944 sacramentis

2096 4977 2265 5048 plena
2293 4982 2445 5039 sunt,
2493 4984 2551 5032 et
2596 4968 2784 5033 omnia
2809 4978 2946 5033 satis
2973 4979 3201 5050 provide
3223 4996 3258 5033 a
3285 4980 3523 5035 Domino
3548 4991 3675 5050 pm-

2097 5071 2394 5137 parantur.
2433 5067 2548 5121 Nec
2587 5072 2747 5122 vacat
2776 5084 2811 5122 a
2840 5068 3110 5139 mysterio
3140 5068 3291 5139 quod
3321 5074 3477 5123 sexto
3510 5066 3674 5136 signo-

2094 5172 2218 5211 rum
2250 5156 2391 5222 loco,
2440 5157 2694 5211 homines
2720 5174 2755 5210 a
2782 5156 3131 5212 daemonibus
3158 5156 3416 5212 obsessos
3443 5156 3635 5211 liberat
3658 5169 3668 5203 :

2096 5250 2160 5301 ut
2188 5263 2356 5317 quem
2384 5253 2537 5301 sexto
2585 5246 2674 5300 die
2703 5246 2963 5301 manibus
2997 5247 3067 5302 de
3099 5252 3253 5302 terra
3296 5244 3670 5318 plasmaverat,

2097 5336 2291 5390 eodem
2328 5338 2499 5407 «juxta
2529 5336 2677 5391 hunc
2704 5335 3126 5406 evangelistam)
3176 5335 3531 5391 curationum
3584 5346 3674 5385 nu-

2097 5441 2251 5478 mero
2299 5426 2371 5479 ad
2411 5443 2470 5480 se
2520 5432 2787 5481 revocans
2811 5442 2844 5479 a
2872 5425 3122 5480 dominio
3141 5424 3453 5497 deceptoris
3489 5422 3673 5477 libera-

2096 5518 2202 5577 ret,
2234 5519 2291 5568 et
2335 5516 2404 5569 ad
2433 5515 2735 5588 imaginem
2768 5515 2964 5588 prima;
2993 5516 3295 5570 creationis
3321 5514 3662 5569 reformamt.

2098 5603 2189 5660 Sic
2217 5603 2409 5676 itaque
2430 5604 2579 5677 quod
2606 5605 2845 5678 septimo
2873 5605 3014 5675 loco,
3043 5605 3154 5662 ﬁde
3185 5604 3558 5672 offerentium,
3587 5615 3673 5674 p8-
