3918 6176
201 188 283 251 381

195 311 473 384 ralyticum
503 314 670 367 curat
695 315 921 384 peccata
950 313 1180 381 relaxat,
1208 320 1265 370 et
1292 331 1422 371 eum
1451 316 1523 371 ad
1549 317 1778 372 domum
1796 318 1845 378 Α
1866 336 1995 374 mox
2016 336 2047 375 e
2068 337 2225 375 more
2251 336 2356 375 usa
2376 320 2680 391 gentilitas,
2704 319 2962 378 videlicet
2979 322 3090 379 ﬁde
3108 328 3351 397 recepta,
3375 342 3463 382 oo-
3560 351 3575 367 ·

194 402 440 474 repedare
466 400 652 471 jubet.
693 402 836 466 Quia
860 411 1073 474 septem
1119 405 1361 476 Spiritus
1390 407 1567 460 sancti
1599 408 1779 473 donis,

192 491 363 547 omnia
378 498 736 561 peccatorum
749 493 983 547 vulnera
998 500 1177 559 sanat,
1187 501 1244 549 et
1252 495 1494 565 gratiam
1511 497 1780 551 redeundi

190 581 249 635 ad
290 581 532 651 patriam
562 587 809 651 praestat.
855 582 1014 637 Unde
1059 584 1195 637 satis
1227 585 1448 639 oculose
1478 601 1664 639 sermo
1693 586 1782 639 di-

187 670 329 724 vinus
362 686 513 723 nunc
539 676 732 724 octavo
760 672 1064 726 curationis
1096 674 1257 743 signo
1285 673 1455 727 ﬁliam
1490 674 1781 747 archisyn-

189 759 337 829 agogi
368 759 551 823 otl‘ert,
585 759 782 814 nolens
810 776 935 813 eam
961 761 1253 816 excludere
1282 778 1316 816 a
1342 763 1611 833 mysterio
1639 780 1782 817 verae

188 852 634 917 circumcisionis,
682 852 779 907 sed
821 853 1102 909 subintrat
1144 855 1345 910 mulier
1392 857 1602 911 ﬂuxum
1651 874 1781 911 san-

191 941 365 1013 guinis
418 958 706 1013 perpessa,
740 948 799 996 et
841 948 1032 997 octavo
1063 949 1296 999 sanatur
1324 944 1463 998 loco.
1515 947 1595 1000 De
1623 948 1781 1017 cujus

187 1047 367 1085 revera
413 1048 653 1086 numero
685 1031 984 1103 Synagoga
1030 1033 1297 1088 divinitus
1338 1040 1677 1101 removetur,
1719 1041 1783 1090 ut

187 1121 371 1175 saltem
422 1121 613 1175 veniat
658 1121 730 1174 ad
781 1137 1005 1187 novum,
1034 1123 1198 1191 juxta
1241 1124 1388 1194 quod
1436 1123 1496 1177 in
1541 1125 1779 1179 Psalmis

185 1211 400 1264 canitur
432 1229 444 1263 :
478 1210 749 1279 {Ethiopia
772 1214 1065 1279 praeveniet
1096 1228 1298 1266 manus
1338 1216 1453 1281 ejus
1483 1215 1587 1267 Deo
1613 1212 1776 1287 (Psal.

188 1314 331 1365 vau,
372 1296 487 1359 3‘2).
517 1300 700 1369 Atque
730 1299 869 1354 illud
910 1318 921 1353 :
970 1300 1105 1354 Cum
1152 1304 1451 1355 intraverit
1491 1305 1781 1371 plenitudo

186 1392 453 1455 gentium,
481 1394 614 1442 tunc
641 1391 821 1443 omnis
843 1391 1015 1465 Israel
1039 1394 1223 1444 salvus
1252 1393 1339 1459 ﬁet
1369 1393 1541 1459 (Rom.
1567 1409 1639 1453 χι,
1664 1391 1777 1460 25).

186 1480 312 1531 Nam
341 1477 607 1548 princeps
630 1478 726 1549 qui
747 1478 961 1532 accedit
982 1485 1281 1549 rogaturus
1308 1497 1409 1551 pro
1436 1481 1568 1543 filia,
1594 1482 1779 1553 typice

186 1568 451 1637 populum
474 1566 923 1637 patriarcharum
944 1568 1263 1638 specialiter
1278 1568 1659 1641 designat,qui
1683 1587 1781 1641 pro

947 187 1328 247 EXPOSITIO
1366 189 1446 247 IN
1480 188 1925 250 MATPHEUM.
1972 224 2037 236 —
2078 193 2217 251 LIB.
2258 194 2328 263 ν,
2373 193 2533 250 CAP.
2578 193 2673 252 1X.

3358 201 3465 259 382

1867 410 2044 464 currit
2067 411 2134 464 ad
2160 411 2428 474 medium,
2445 415 2509 464 ut
2527 410 2683 482 prior
2700 417 2934 467 sanetur
2952 430 3122 484 quam
3138 415 3458 486 Synagoga.

1871 498 2266 553 Verumtamen
2294 498 2569 566 Christus,
2602 500 2733 555 licet
2766 517 2879 555 non
2904 519 2965 556 se
2994 503 3229 558 missum
3257 503 3367 558 nisi
3391 505 3464 560 ad

1865 605 1993 659 oves
2023 590 2270 660 perditas
2298 589 2497 643 domus
2537 590 2711 644 Israel
2756 590 3018 659 fateatur,
3046 598 3277 664 propter
3304 593 3462 649 duri-

1863 679 2000 731 tiam
2036 679 2218 733 cordis
2243 696 2458 742 eorum,
2487 679 2643 750 prius
2672 696 2706 733 a
2736 682 3038 736 menstruis
3059 682 3338 738 idolorum
3366 685 3463 739 Ec-

1865 769 2089 837 clesiam
2138 769 2206 822 de
2242 768 2504 838 gentibus
2540 770 2845 824 clementer
2873 777 3052 825 curat.
3086 773 3154 825 Et
3197 773 3328 827 hinc
3355 778 3459 841 est,

1866 858 2013 928 quod
2046 858 2179 911 dum
2207 859 2279 911 ad
2310 859 2418 912 alia
2446 858 2648 924 tendit,
2681 859 2789 913 alia
2814 859 2870 913 in
2898 860 2988 914 via
3016 861 3124 915 ﬁde
3156 863 3461 918 sanitatem

1864 948 2171 1018 praeripuit.
2214 948 2449 1018 Propter
2478 948 2635 1017 quod
2662 948 2853 1020 itaque
2881 950 3152 1020 scriptum
3182 952 3458 1022 legimus:

1864 1038 1975 1104 Ipsi
2004 1053 2085 1089 me
2108 1023 2539 1105 prouocauerunt
2570 1040 2632 1090 in
2661 1054 2717 1090 eo
2732 1041 2830 1106 qui
2850 1054 2961 1092 non
2981 1044 3099 1093 erat
3116 1042 3274 1117 Deus,
3294 1047 3341 1095 et
3364 1057 3456 1109 ego

1855 1127 2154 1195 provocabo
2184 1142 2267 1179 eos
2293 1128 2355 1179 in
2384 1141 2440 1178 eo
2468 1130 2653 1191 441
2686 1129 2784 1194 qui
2810 1142 2923 1181 non
2950 1134 3022 1181 est
3048 1132 3300 1197 populus,
3326 1135 3374 1183 et
3398 1132 3463 1185 in

1861 1221 2017 1283 gente
2036 1218 2207 1267 stulta
2227 1215 2469 1268 irritabo
2490 1217 2613 1268 illos
2628 1213 2804 1283 (Deut.
2828 1230 3004 1281 xxxn,
3022 1214 3133 1285 21).
3148 1217 3289 1271 Nam
3311 1217 3462 1287 quod

1864 1304 2341 1374 archisynagogus
2382 1302 2638 1357 eruditus
2666 1320 2701 1356 a
2738 1304 2859 1373 lege
2888 1309 2944 1357 et
2984 1306 3271 1375 prophetis
3307 1306 3464 1361 Chri-

1864 1400 2013 1447 stum
2029 1394 2204 1446 Deum
2228 1392 2370 1447 forte
2387 1392 2595 1464 ubique
2610 1398 2941 1463 praesentem
2955 1394 3192 1448 necdum
3210 1400 3458 1461 noverat,

1864 1500 2047 1554 neque
2083 1482 2368 1536 Christum
2409 1483 2587 1537 Deum
2626 1482 2885 1547 mstimat,
2935 1483 3140 1537 mulier
3172 1485 3300 1554 jure
3343 1500 3465 1554 per-

1866 1589 2049 1643 pessa,
2073 1572 2373 1625 menstruis
2394 1578 2642 1625 curatur.
2664 1569 2728 1625 Si
2746 1574 2985 1639 tetigero.
3009 1572 3211 1643 inquit,
3240 1577 3461 1627 tantum

187 1658 480 1727 Synagoga
527 1655 820 1710 indefessis
866 1656 1123 1728 precibus
1169 1657 1484 1722 obsecrans,
1519 1664 1645 1729 post
1674 1660 1839 1719 Ec-B
1863 1664 2144 1729 ﬁmbriam
2164 1663 2473 1715 vestimenti
2491 1663 2792 1729 ejus,salva
2805 1661 3113 1715 ero.Potest
3125 1661 3300 1732 igitur
3315 1667 3465 1716 uter-

186 1747 356 1800 clesiae
389 1746 685 1800 introitum
715 1751 773 1799 et
799 1747 1146 1801 curationem
1186 1764 1219 1800 a
1263 1748 1538 1817 profluvio
1588 1748 1781 1802 infide-

183 1835 369 1901 litatis,
400 1843 458 1888 et
486 1852 521 1888 a
549 1836 852 1890 menstruis
902 1836 1201 1902 idolorum,
1237 1836 1321 1890 vix
1368 1837 1495 1891 ﬁliae
1541 1837 1785 1892 obtinuit

186 1925 500 1979 sanitatem.
521 1924 665 1978 Hinc
680 1941 902 1996 quoque
932 1930 1036 1989 est,
1067 1925 1213 1997 quod
1247 1926 1545 1996 implorat:
1580 1930 1707 1981 veni
1734 1933 1781 1981 et

187 2018 398 2083 impone
421 2030 661 2069 manum
689 2030 854 2083 super
881 2031 1019 2069 eam.
1054 2014 1258 2069 Venire
1289 2015 1435 2069 enim
1475 2020 1655 2085 rogat,
1690 2016 1785 2086 qui

185 2102 382 2174 ubique
414 2103 608 2157 omnia
634 2104 828 2174 replet,
862 2104 966 2158 hoc
1003 2109 1089 2158 est
1111 2120 1337 2157 carnem
1368 2104 1637 2158 visibilem
1682 2121 1783 2175 ap-

184 2210 396 2264 parere.
439 2194 617 2263 Cujus
659 2193 927 2248 nimirum
966 2198 1157 2259 446
1184 2193 1543 2266 impositione
1582 2210 1784 2249 manus

186 2288 412 2337 sanatur
453 2283 772 2354 Synagoga,
812 2288 870 2338 et
914 2283 1282 2338 resuscitatur
1316 2283 1388 2337 ad
1428 2284 1621 2338 vitam.
1650 2283 1784 2348 Quae

185 2388 371 2426 revera
414 2370 744 2443 prophetica
772 2388 903 2426 voce
931 2372 1084 2426 canit
1128 2371 1299 2427 etiam
1330 2388 1456 2426 cum
1500 2372 1780 2429 Ecclesia:

185 2462 413 2515 Dextera
432 2462 664 2515 Domini
685 2462 812 2528 fecit
835 2463 1121 2527 virtutem,
1145 2461 1369 2515 dextera
1392 2462 1621 2514 Dom-ini
1641 2463 1786 2515 ecca!-

188 2552 312 2605 tavit
344 2566 431 2604 me
465 2551 630 2619 (Psal.
654 2565 817 2616 cxvn,
842 2546 954 2619 16).
981 2549 1069 2604 Ac
1097 2550 1143 2604 si
1172 2554 1431 2622 patenter
1446 2549 1629 2605 dicat:
1659 2549 1787 2604 dex-

186 2641 299 2693 tera
327 2638 556 2693 Domini
595 2638 847 2694 restituit
875 2638 1022 2710 quod
1053 2644 1294 2705 crearat,
1336 2644 1634 2711 propterea
1671 2654 1784 2693 non

187 2731 407 2797 moriar,
460 2730 559 2784 sed
601 2728 800 2784 vivam.
835 2729 991 2784 Talia
1031 2730 1237 2801 quippe
1280 2733 1656 2801 prazsenserat
1684 2746 1785 2800 po-

186 2821 347 2891 pulus
373 2818 845 2891 patriarcharum,
877 2824 935 2873 et
962 2818 1086 2873 ideo
1115 2819 1205 2873 hic
1231 2818 1301 2872 ab
1332 2819 1442 2872 alio
1474 2815 1786 2889 evangelis-

186 2914 239 2963 ta
256 2909 398 2964 bene
419 2909 609 2963 Jairus
620 2907 962 2963 nominatur.
987 2907 1173 2963 Jairus
1194 2908 1401 2980 quippe
1422 2911 1779 2975 illuminans,

1864 1767 1972 1822 que
1993 1767 2191 1804 sensus
2211 1751 2416 1821 populo
2459 1749 2781 1803 Judaeorum
2822 1749 3137 1815 convenire,
3163 1756 3224 1805 ut
3246 1768 3345 1822 per
3366 1767 3463 1805 eos

1865 1840 1959 1911 qui
1990 1840 2275 1893 Christum
2305 1840 2478 1892 Deum
2507 1838 2876 1903 crediderant,
2910 1839 3095 1893 Jairus
3138 1839 3463 1894 illuminans

1864 1928 1951 1982 vel
1983 1928 2331 1982 illuminatus
2355 1926 2589 1994 dicitur;
2624 1943 2725 1998 per
2753 1944 2847 1982 eos
2867 1944 2996 1982 vero
3018 1928 3113 1999 qui
3141 1928 3463 1991 dubitantes

1864 2023 2087 2072 tantum
2116 2016 2401 2071 hominem
2433 2021 2723 2088 putarunt,
2764 2016 3063 2072 Ecclesiam
3106 2017 3366 2072 introisse
3393 2017 3464 2071 ad

1865 2107 2055 2172 ﬁdem,
2083 2106 2228 2161 sicut
2255 2106 2554 2177 Apostolus
2575 2106 2950 2160 commendat.
2970 2107 3068 2161 Ait
3093 2107 3264 2174 enim,
3287 2105 3465 2161 incre-

1865 2196 2074 2251 dulitas
2106 2211 2299 2250 eorum
2344 2195 2496 2250 salus
2532 2195 2813 2265 gentium.
2854 2196 2993 2250 Cum
3020 2200 3227 2261 autem,
3258 2194 3462 2267 inquit,

1864 2287 2148 2355 plenitudo
2169 2301 2360 2339 eorum
2388 2287 2692 2351 introierit,
2718 2290 2850 2340 tunc
2873 2287 3052 2339 omnis
3079 2285 3251 2339 Israel
3281 2289 3464 2340 salvus

1866 2378 1973 2429 erit
1995 2376 2165 2444 (Rom.
2196 2388 2274 2441 x1,
2307 2372 2417 2443 25).

1938 2464 2003 2519 Et
2030 2479 2140 2517 ecce
2169 2466 2393 2529 mulier,
2434 2478 2553 2532 quae
2588 2464 2883 2531 sanguinis
2903 2465 3121 2532 [luteum
3152 2464 3467 2532 patiebatur

1866 2553 2152 2607 duodecim
2180 2553 2369 2618 annis,
2401 2553 2620 2605 accessit
2669 2556 2835 2616 retro,
2874 2556 2923 2605 et
2967 2554 3143 2620 tetigit
3182 2554 3464 2620 ﬁmbriam

1866 2643 2182 2696 vestimenti
2216 2644 2349 2710 ejus.
2382 2642 2550 2695 Juxta
2586 2639 2948 2710 Evangelium
2992 2640 3183 2713 itaque
3218 2642 3382 2697 Luca
3412 2646 3470 2697 et

1866 2730 1989 2802 ipsa
2018 2730 2288 2802 principis
2317 2730 2433 2784 ﬁlia
2473 2729 2747 2784 duodenis
2777 2729 3041 2785 defuncta
3081 2731 3288 2802 legitur
3318 2732 3461 2791 (Luc.

1867 2835 1985 2885 VIII,
2017 2818 2289 2884 42v.Quia
2314 2819 2563 2890 profecto
2585 2818 2818 2891 mystice
2838 2819 2955 2873 haec
2982 2820 3204 2886 mulier,
3222 2819 3465 2875 Ecclesia

1867 2907 2126 2962 videlicet
2150 2906 2220 2962 de
2247 2906 2508 2978 gentibus
2545 2913 2868 2979 aggregata,
2901 2924 2967 2962 ex
2988 2924 3052 2962 eo
3082 2908 3250 2979 coepit
3279 2924 3468 2978 aegro-

188 3000 265 3053 vel
300 3002 660 3053 itluminatus
688 2997 1108 3068 interpretatur.
1137 2997 1494 3052 Illuminatus
1531 3002 1719 3052 autem
1749 3014 1783 3051 a
1799 2979 1843 3040 0
1866 3004 2007 3062 tare,
2023 2997 2951 3070 proﬂuxumqueimmunditiarum
2967 2997 3104 3068 pati,
3121 3014 3187 3052 ex
3203 3014 3312 3069 quo
3326 3012 3465 3067 gens

187 3088 305 3160 lege
324 3094 379 3142 et
398 3086 688 3159 prophetis
709 3103 811 3159 per
826 3087 1069 3157 gratiam
1091 3087 1267 3141 sancti
1290 3086 1559 3158 Spiritus;
1584 3092 1639 3141 et
1660 3086 1785 3141 ideo
1868 3088 2190 3142 Judaeorum
2220 3087 2466 3150 credere,
2481 3086 2683 3141 deinde
2702 3086 2974 3157 legalibus
3002 3086 3073 3141 ad
3103 3087 3282 3141 Deum
3306 3085 3469 3141 insti-

186 3177 302 3249 ipse
341 3177 672 3232 illuminans
699 3175 768 3229 ab
816 3192 881 3231 eo
927 3176 1074 3248 quod
1110 3177 1231 3247 jam
1263 3175 1610 3231 illuminatus
1642 3180 1783 3243 erat,
1869 3177 2009 3231 tutis
2029 3177 2297 3231 divinitus
2319 3176 2550 3231 erudiri.
2577 3176 2769 3231 Melius
2793 3177 3025 3248 jamque
3053 3176 3469 3249 comparatione

185 3269 310 3338 jure
336 3268 672 3339 appellatur.
710 3266 798 3322 Sic
827 3271 885 3320 et
923 3266 1161 3338 apostoli
1189 3266 1284 3320 lux
1315 3266 1510 3320 mundi
1539 3272 1673 3321 sunt
1700 3283 1790 3320 νο·
1870 3268 2145 3320 virtutum
2178 3265 2313 3319 vitia
2344 3265 2736 3320 ostenduntur.
2762 3265 2871 3320 Sed
2901 3282 3028 3320 cum
3053 3265 3247 3319 adulta
3278 3264 3376 3319 illa
3402 3265 3472 3320 de

190 3358 317 3421 cati,
352 3374 464 3412 non
506 3355 954 3411 substantialiter
985 3355 1233 3427 quidem,
1266 3356 1363 3409 sed
1400 3371 1466 3409 ex
1494 3355 1791 3427 participa-
1873 3354 2179 3409 menstruis
2223 3353 2501 3408 idolorum
2541 3354 2803 3422 cultibus,
2836 3354 2894 3408 in
2933 3354 3135 3426 quibus
3166 3354 3472 3409 secundum

188 3446 335 3501 tione
360 3462 500 3501 verre
538 3445 699 3500 lucis.
735 3445 897 3499 Hunc
925 3445 1188 3516 princeps
1219 3444 1528 3516 Synagogze
1557 3444 1789 3499 humilis

190 3535 475 3590 descendit
517 3534 589 3589 ab
637 3550 763 3588 arce
803 3533 1136 3589 Pharisaicae
1174 3533 1512 3599 traditionis,
1559 3534 1790 3591 devotus

191 3624 354 3690 venit,
384 3624 715 3696 suppliciter
745 3623 997 3677 adoravit
1026 3642 1036 3677 :
1071 3623 1203 3677 licet
1238 3622 1467 3694 quidam
1509 3623 1692 3678 adhuc
1720 3623 1790 3677 de

1872 3443 2294 3514 evangelistam,
2320 3448 2648 3513 erogaverat
2674 3460 2839 3498 omne
2861 3444 3263 3516 patrimonium
3284 3460 3466 3508 suum,

1871 3550 2138 3589 conversa
2185 3538 2420 3587 sanatur
2461 3533 2532 3586 ad
2573 3534 2881 3599 Christum,
2925 3534 3023 3588 illa
3060 3550 3187 3587 mox
3228 3533 3472 3604 perﬁdia
3516 3575 3528 3589 .

1874 3638 1987 3676 suae
2010 3622 2282 3691 languore
2318 3621 2574 3675 moritur.
2607 3623 2681 3676 At
2719 3639 2821 3693 per
2847 3622 2952 3677 hoc
2976 3627 3217 3693 utraque
3247 3622 3473 3676 illarum

190 3711 513 3768 inﬁdelitate
530 3712 750 3767 venisse
781 3717 1079 3767 autument
1098 3711 1248 3782 quod
1269 3728 1396 3766 eum
1425 3712 1496 3765 ad
1517 3711 1709 3776 ﬁliam,
1728 3716 1793 3768 ut
1839 3773 1845 3779 π
1873 3711 2146 3766 duodenis
2184 3712 2313 3780 jure
2360 3715 2643 3765 narratur.
2689 3710 2887 3765 Solent
2931 3711 3081 3765 enim
3121 3711 3293 3765 etiam
3321 3711 3473 3781 leges

193 3802 241 3855 ei
294 3801 535 3874 imponat
578 3799 829 3867 manum,
871 3801 1061 3856 venire
1098 3805 1301 3872 rogat;
1353 3801 1514 3871 quasi
1551 3801 1789 3856 necdum

194 3890 391 3962 ubique
418 3892 563 3947 sicut
584 3908 686 3946 nec
713 3892 940 3962 regulus
969 3891 1062 3944 ille
1093 3907 1158 3945 ex
1191 3891 1511 3961 Evangelia,
1545 3907 1791 3962 praesen-

1873 3801 2064 3856 seeculi
2121 3816 2343 3872 quoque
2397 3799 2728 3854 duodecimo
2781 3800 2961 3854 aetatis
3007 3816 3155 3853 anno
3195 3801 3317 3870 jam
3361 3799 3476 3853 suis

1874 3906 2129 3945 coercere
2153 3889 2479 3961 praeceptis;
2509 3894 2567 3943 et
2585 3888 2692 3960 ipsi
2710 3888 2898 3959 legum
2920 3888 3149 3960 praemio
3168 3905 3269 3960 pro
3287 3888 3470 3955 bonis,

196 3984 311 4033 tem
352 3980 724 4037 intellexerat.
764 3981 872 4036 Sed
920 3980 1015 4051 qui
1054 3984 1255 4034 cuncta
1301 3979 1456 4033 novit
1496 3979 1626 4034 huic
1664 3996 1792 4035 mox
1875 3985 1974 4034 aut
2020 3979 2292 4051 supplicio
2322 3995 2422 4050 pro
2465 3978 2626 4032 malis
2654 3978 2941 4032 interdum
2975 3977 3283 4049 subjacere.
3314 3975 3474 4032 Unde

197 4067 554 4141 obtemperat.
573 4070 684 4125 Sed
707 4075 898 4124 tamen
925 4068 1126 4124 absens
1146 4085 1350 4123 curans
1377 4068 1568 4137 ﬁliam,
1589 4087 1648 4124 se
1664 4068 1795 4134 ubi-
1877 4070 2182 4124 secundum
2213 4068 2547 4139 anagogicos
2568 4068 2987 4140 Scripturarum
3009 4084 3206 4123 sensus
3225 4069 3354 4140 jure
3377 4067 3476 4123 illa

199 4174 306 4229 que
331 4166 656 4230 praesentem
682 4159 863 4214 docet.
887 4161 962 4214 At
984 4175 1113 4213 vero
1153 4158 1244 4213 hic
1270 4159 1386 4213 tale
1423 4158 1633 4229 aliquid
1663 4159 1711 4213 si
1735 4159 1793 4213 in
1877 4164 2110 4214 sanatur
2135 4175 2169 4212 a
2193 4157 2454 4225 Domino,
2498 4175 2620 4228 qua;
2656 4158 2851 4212 adulta
2875 4158 3002 4212 vitae
3027 4158 3237 4231 recepit
3264 4157 3476 4213 intelli-

200 4246 355 4301 corde
370 4249 653 4319 gessisset.
675 4247 770 4319 qui
801 4248 970 4302 corda
993 4246 1220 4319 inspicit
1255 4247 1603 4318 singulorum
1626 4249 1796 4303 corri-
1814 4249 2145 4320 1\gentiam,
2170 4253 2225 4303 et
2245 4247 2660 4319 praeteritorum
2679 4252 2835 4302 actus
2856 4248 3188 4319 ignorantiae
3207 4248 3479 4319 deputan-

199 4352 326 4405 gere
355 4298 657 4392 debuisset:
681 4298 814 4392 1Nisi
847 4337 988 4392 forte
1017 4298 1224 4391 adrhoc
1255 4298 1476 4403 mulier,
1511 4355 1633 4409 quis
1664 4355 1795 4392 san-
1814 4298 1992 4393 Dctur.
2010 4338 2112 4393 Illa
2133 4298 2273 4392 veror
2282 4337 2450 4391 simili
2472 4337 2636 4391 modo
2650 4354 2777 4391 cum
2802 4298 2922 4408 jar?)
2944 4339 3072 4409 jure
3101 4298 3307 4392 adultar
3320 4337 3478 4392 Chri-

203 4424 375 4494 guinis
396 4427 605 4481 ﬂuxum
634 4425 972 4497 patiebatur,
1002 4426 1072 4481 ad
1096 4426 1342 4480 medium
1372 4426 1431 4480 in
1451 4427 1543 4482 via
1575 4428 1801 4483 deduci-
1881 4432 2031 4482 stum
2062 4443 2126 4481 ex
2156 4427 2279 4496 lege
2299 4427 2699 4497 repromissum
2721 4428 3003 4497 suscipere
3023 4425 3325 4492 debuisset,
3344 4425 3479 4498 quia

200 4516 310 4578 tur,
325 4520 383 4568 ut
407 4515 510 4569 iste
531 4515 775 4569 disceret
806 4532 934 4569 eum
967 4532 1080 4569 non
1114 4515 1233 4569 loco
1262 4516 1791 4585 circumferendum,
1881 4516 2063 4571 noluit
2080 4515 2307 4570 credere
2322 4532 2356 4567 a
2372 4514 2660 4586 prophetis
2684 4519 2739 4568 et
2758 4515 3091 4586 patriarchis
3111 4531 3239 4570 mox
3254 4520 3477 4570 mortua

204 4617 311 4655 non
336 4603 527 4660 itinere
564 4604 936 4675 fatigandum,
971 4621 1084 4659 non
1114 4606 1414 4677 praesentia
1444 4607 1795 4662 solummodo
1878 4605 2192 4660 nuntiatur.
2228 4605 2296 4658 Et
2323 4604 2635 4658 notandum
2657 4604 2805 4675 quod
2834 4604 3108 4676 sanguine
3138 4605 3339 4673 ﬂuens,
3362 4621 3477 4661 non

205 4694 459 4761 corporali
490 4694 917 4764 requirendum,
950 4695 1048 4749 sed
1088 4696 1450 4763 credendum,
1483 4698 1631 4768 quod
1673 4697 1795 4769 ipse
1879 4694 1936 4749 in
1965 4695 2150 4761 domo,
2185 4708 2297 4747 non
2326 4692 2386 4746 in
2414 4691 2552 4747 urbe
2586 4692 2797 4746 accedit
2825 4693 2896 4747 ad
2933 4694 3133 4760 Deum,
3168 4710 3292 4765 quae
3316 4694 3480 4766 juxta

208 4776 393 4850 ubique
421 4789 620 4854 potens
642 4789 789 4837 esset
809 4784 975 4848 Deus,
995 4782 1205 4854 ubique
1224 4790 1396 4852 totus,
1424 4784 1630 4857 ubique
1652 4803 1796 4840 sem-
1876 4786 2058 4855 legem
2106 4801 2137 4837 a
2186 4781 2606 4837 conversatione
2640 4782 2886 4836 humana
2930 4782 3346 4852 excludebatur,
3378 4784 3480 4839 sed

209 4883 313 4937 per.
346 4871 561 4926 Interea
593 4872 854 4943 praescius
893 4872 1100 4926 idcirco
1140 4873 1398 4929 fortassis
1438 4875 1521 4929 ire
1567 4876 1796 4931 festinat
1876 4875 1936 4929 in
1992 4874 2195 4929 itinere
2251 4871 2576 4926 ambulante
2630 4871 2869 4925 Domino
2915 4889 2927 4925 :
2993 4877 3058 4927 ut
3107 4872 3243 4927 dum
3294 4872 3482 4945 pergit

213 4972 322 5012 cum
347 4977 425 5021 eo,
459 4969 521 5015 ut
552 4962 697 5017 hanc
726 4962 785 5015 in
825 4962 917 5015 via
960 4962 1115 5033 prius
1159 4964 1466 5019 clementer
1508 4972 1684 5034 curet,
1727 4966 1795 5021 de
1878 4965 1949 5019 ad
2005 4965 2133 5030 alia,
2176 4963 2235 5017 in
2290 4961 2378 5014 via
2424 4976 2546 5031 quae
2587 4959 2843 5015 Christus
2900 4965 3005 5028 est,
3061 4961 3249 5029 aliam,
3291 4961 3349 5016 id
3396 4966 3485 5016 est

213 5048 350 5116 cujus
375 5051 535 5120 plane
563 5051 854 5105 curatione
898 5051 1106 5106 nodum
1154 5051 1457 5108 dubietatis
1498 5055 1673 5108 tollat.
1703 5055 1799 5109 Ait
1880 5054 2204 5120 Ecclesiam,
2233 5054 2485 5106 curatam
2525 5049 2800 5104 ostendat.
2834 5050 2995 5115 Quod
3025 5067 3160 5107 sane
3197 5050 3333 5105 alibi
3359 5067 3479 5105 ser-

215 5149 429 5210 namque
462 5158 472 5192 :
506 5142 655 5194 Filia
688 5157 804 5194 mea
832 5142 989 5194 modo
1016 5143 1277 5209 defuncta
1307 5149 1400 5207 est,
1430 5144 1579 5214 quod
1608 5148 1695 5198 est
1716 5145 1794 5198 di-
1882 5159 1974 5197 mo
2032 5143 2251 5197 divinus
2308 5137 2589 5203 insinuat,
2649 5155 2775 5193 cum
2832 5140 3061 5210 quidam
3122 5140 3344 5199 invitati
3408 5140 3480 5196 ad

220 5238 339 5287 cere,
369 5229 549 5283 adhuc
581 5235 668 5283 est
715 5230 772 5285 in
820 5230 904 5283 via
934 5230 1184 5301 spiritus,
1218 5232 1402 5287 adhuc
1431 5233 1488 5286 in
1531 5234 1794 5288 extremis
1876 5232 2101 5304 nuptias
2132 5230 2320 5284 venire
2347 5233 2716 5283 recusassent.
2744 5229 2918 5296 Exite,
2957 5228 3160 5303 inquit,
3201 5233 3276 5285 ad
3303 5234 3482 5287 exitus

222 5320 304 5377 est,
340 5318 515 5372 adhuc
554 5318 726 5373 domi.
769 5319 949 5382 Quam
987 5320 1224 5375 necdum
1274 5327 1524 5377 tartarus
1563 5322 1789 5377 invasit.
1875 5325 2175 5385 viarum,et
2192 5333 2536 5388 quoscunque
2554 5320 2879 5372 inveneritis
2897 5319 3115 5374 bonoset
3139 5324 3479 5389 malos,com-

224 5400 340 5475 Ergo
368 5415 427 5461 ut
455 5424 579 5462 eam
613 5408 793 5480 possis
821 5410 1084 5476 retinere,
1117 5411 1339 5466 festina.
1377 5412 1498 5477 Quo
1522 5411 1791 5467 nimirum
1868 5412 2055 5482 pellite
2085 5414 2273 5476 448
2304 5411 2523 5462 intrare
2553 5408 2762 5477 (Matth.
2801 5422 2942 5476 xxu,
2985 5410 3059 5481 9).
3092 5409 3382 5481 Siquidem
3411 5411 3480 5465 de

225 5487 443 5550 dubietas
488 5497 812 5554 Judaeorum
857 5498 1198 5568 insinuatur,
1230 5506 1288 5557 et
1324 5501 1599 5558 vecordia.
1632 5502 1792 5558 Unde
1875 5500 1977 5557 viis
2004 5500 2173 5572 hujus
2201 5496 2391 5556 saeculi
2419 5500 2650 5553 vocatur
2678 5497 2940 5555 Ecclesia.
2976 5500 3187 5556 Idcirco
3212 5500 3324 5557 ista
3346 5512 3482 5574 prae'
