  <div class='ocr_page' id='page_1' title='image "/cluster/home/n/w/nwhite01/storage/ocr_20150623/120/hvd.32044054759824/197.png"; bbox 0 0 3918 6176; ppageno 0'>
   <div class='ocr_carea' id='block_1_1' title="bbox 482 294 3686 366">
    <p class='ocr_par' dir='ltr' id='par_1_1' title="bbox 482 294 3686 366">
     <span class='ocr_line' id='line_1_1' title="bbox 482 294 3686 366; baseline -0.001 -1"><span class='ocrx_word' id='word_1_1' title='bbox 482 300 587 365; x_wconf 81' lang='grc'>383</span> <span class='ocrx_word' id='word_1_2' title='bbox 1259 304 1318 360; x_wconf 89' lang='lat' dir='ltr'>s.</span> <span class='ocrx_word' id='word_1_3' title='bbox 1359 304 1739 362; x_wconf 77' lang='lat' dir='ltr'>PASCHASII</span> <span class='ocrx_word' id='word_1_4' title='bbox 1776 305 2141 364; x_wconf 71' lang='lat' dir='ltr'>RADBERTI</span> <span class='ocrx_word' id='word_1_5' title='bbox 2180 294 2484 366; x_wconf 75' lang='lat' dir='ltr'>ABBATIS</span> <span class='ocrx_word' id='word_1_6' title='bbox 2523 306 3016 365; x_wconf 84' lang='lat' dir='ltr'>CORBEIENSIS.</span> <span class='ocrx_word' id='word_1_7' title='bbox 3601 303 3686 363; x_wconf 72' lang='lat' dir='ltr'>ssi</span> 
     </span>
    </p>
   </div>
   <div class='ocr_carea' id='block_1_2' title="bbox 478 428 3689 505">
    <p class='ocr_par' dir='ltr' id='par_1_2' title="bbox 478 428 3689 505">
     <span class='ocr_line' id='line_1_2' title="bbox 478 428 3689 505; baseline -0.001 -18"><span class='ocrx_word' id='word_1_8' title='bbox 478 436 713 505; x_wconf 85' lang='lat' dir='ltr'>paratur</span> <span class='ocrx_word' id='word_1_9' title='bbox 730 431 870 486; x_wconf 84' lang='lat' dir='ltr'>dum</span> <span class='ocrx_word' id='word_1_10' title='bbox 899 429 971 485; x_wconf 84' lang='lat' dir='ltr'>ad</span> <span class='ocrx_word' id='word_1_11' title='bbox 999 429 1167 485; x_wconf 88' lang='lat' dir='ltr'>aliam</span> <span class='ocrx_word' id='word_1_12' title='bbox 1194 429 1321 497; x_wconf 82' lang='lat' dir='ltr'>iret,</span> <span class='ocrx_word' id='word_1_13' title='bbox 1355 433 1415 485; x_wconf 89' lang='lat' dir='ltr'>ut</span> <span class='ocrx_word' id='word_1_14' title='bbox 1452 430 1570 486; x_wconf 58' lang='lat' dir='ltr'>hac</span> <span class='ocrx_word' id='word_1_15' title='bbox 1596 430 1753 504; x_wconf 90' lang='lat' dir='ltr'>prior</span> <span class='ocrx_word' id='word_1_16' title='bbox 1780 432 1839 487; x_wconf 91' lang='lat' dir='ltr'>in</span> <span class='ocrx_word' id='word_1_17' title='bbox 1866 431 1958 486; x_wconf 98' lang='lat' dir='ltr'>via</span> <span class='ocrx_word' id='word_1_18' title='bbox 1982 448 2076 486; x_wconf 89' lang='lat' dir='ltr'>oc-</span> <span class='ocrx_word' id='word_1_19' title='bbox 2093 432 2141 493; x_wconf 81' lang='grc' dir='ltr'><strong>Α</strong></span> <span class='ocrx_word' id='word_1_20' title='bbox 2162 432 2446 488; x_wconf 85' lang='lat' dir='ltr'>Christum</span> <span class='ocrx_word' id='word_1_21' title='bbox 2487 434 2673 488; x_wconf 84' lang='lat' dir='ltr'>omnia</span> <span class='ocrx_word' id='word_1_22' title='bbox 2695 432 3082 504; x_wconf 88' lang='lat' dir='ltr'>contemplari,</span> <span class='ocrx_word' id='word_1_23' title='bbox 3114 430 3406 504; x_wconf 68' lang='lat' dir='ltr'>praesertim</span> <span class='ocrx_word' id='word_1_24' title='bbox 3431 445 3545 484; x_wconf 87' lang='lat' dir='ltr'>cum</span> <span class='ocrx_word' id='word_1_25' title='bbox 3567 434 3617 483; x_wconf 86' lang='lat' dir='ltr'>et</span> <span class='ocrx_word' id='word_1_26' title='bbox 3641 428 3689 483; x_wconf 91' lang='lat' dir='ltr'>in</span> 
     </span>
    </p>
   </div>
   <div class='ocr_carea' id='block_1_3' title="bbox 480 518 3692 589">
    <p class='ocr_par' dir='ltr' id='par_1_3' title="bbox 480 518 3692 589">
     <span class='ocr_line' id='line_1_3' title="bbox 480 518 3692 589; baseline -0.002 -13"><span class='ocrx_word' id='word_1_27' title='bbox 480 532 750 577; x_wconf 89' lang='lat' dir='ltr'>curreret.</span> <span class='ocrx_word' id='word_1_28' title='bbox 770 519 999 575; x_wconf 86' lang='lat' dir='ltr'>Dicebat</span> <span class='ocrx_word' id='word_1_29' title='bbox 1020 520 1169 574; x_wconf 86' lang='lat' dir='ltr'>enim</span> <span class='ocrx_word' id='word_1_30' title='bbox 1189 520 1340 575; x_wconf 89' lang='lat' dir='ltr'>intra</span> <span class='ocrx_word' id='word_1_31' title='bbox 1358 537 1417 574; x_wconf 90' lang='lat' dir='ltr'>se</span> <span class='ocrx_word' id='word_1_32' title='bbox 1436 540 1447 574; x_wconf 89' lang='lat'>:</span> <span class='ocrx_word' id='word_1_33' title='bbox 1466 520 1531 577; x_wconf 87' lang='lat' dir='ltr'>Si</span> <span class='ocrx_word' id='word_1_34' title='bbox 1552 525 1773 589; x_wconf 76' lang='lat' dir='ltr'>tetigero</span> <span class='ocrx_word' id='word_1_35' title='bbox 1797 522 2079 589; x_wconf 80' lang='lat' dir='ltr'>ﬁmbriam</span> <span class='ocrx_word' id='word_1_36' title='bbox 2162 522 2388 577; x_wconf 89' lang='lat' dir='ltr'>ﬁmbria</span> <span class='ocrx_word' id='word_1_37' title='bbox 2414 524 2690 578; x_wconf 90' lang='lat' dir='ltr'>Deitatem</span> <span class='ocrx_word' id='word_1_38' title='bbox 2736 522 2992 589; x_wconf 85' lang='lat' dir='ltr'>credidit,</span> <span class='ocrx_word' id='word_1_39' title='bbox 3033 522 3130 577; x_wconf 90' lang='lat' dir='ltr'>sed</span> <span class='ocrx_word' id='word_1_40' title='bbox 3157 527 3221 576; x_wconf 92' lang='lat' dir='ltr'>ut</span> <span class='ocrx_word' id='word_1_41' title='bbox 3244 519 3410 575; x_wconf 68' lang='lat' dir='ltr'>turbis</span> <span class='ocrx_word' id='word_1_42' title='bbox 3434 518 3692 573; x_wconf 81' lang='lat' dir='ltr'>declinaret</span> 
     </span>
    </p>
   </div>
   <div class='ocr_carea' id='block_1_4' title="bbox 480 606 3695 684">
    <p class='ocr_par' dir='ltr' id='par_1_4' title="bbox 480 606 3695 684">
     <span class='ocr_line' id='line_1_4' title="bbox 480 606 3695 684; baseline -0.002 -19"><span class='ocrx_word' id='word_1_43' title='bbox 480 613 792 665; x_wconf 72' lang='lat' dir='ltr'>vestimenti</span> <span class='ocrx_word' id='word_1_44' title='bbox 818 614 934 679; x_wconf 84' lang='lat' dir='ltr'>ejus</span> <span class='ocrx_word' id='word_1_45' title='bbox 960 615 1201 676; x_wconf 86' lang='lat' dir='ltr'>tantum,</span> <span class='ocrx_word' id='word_1_46' title='bbox 1226 614 1379 664; x_wconf 80' lang='lat' dir='ltr'>salva</span> <span class='ocrx_word' id='word_1_47' title='bbox 1407 610 1695 667; x_wconf 38' lang='lat' dir='ltr'>erouMira</span> <span class='ocrx_word' id='word_1_48' title='bbox 1715 610 2078 682; x_wconf 85' lang='lat' dir='ltr'>dispensatio.</span> <span class='ocrx_word' id='word_1_49' title='bbox 2163 617 2438 682; x_wconf 90' lang='lat' dir='ltr'>aspectus.</span> <span class='ocrx_word' id='word_1_50' title='bbox 2479 614 2526 666; x_wconf 86' lang='lat' dir='ltr'><strong>A</strong></span> <span class='ocrx_word' id='word_1_51' title='bbox 2569 614 2775 684; x_wconf 90' lang='lat' dir='ltr'>populo</span> <span class='ocrx_word' id='word_1_52' title='bbox 2815 611 3038 684; x_wconf 88' lang='lat' dir='ltr'>quidem</span> <span class='ocrx_word' id='word_1_53' title='bbox 3081 611 3279 666; x_wconf 88' lang='lat' dir='ltr'>nesciri</span> <span class='ocrx_word' id='word_1_54' title='bbox 3316 606 3497 673; x_wconf 83' lang='lat' dir='ltr'>voluit,</span> <span class='ocrx_word' id='word_1_55' title='bbox 3537 623 3631 660; x_wconf 91' lang='lat' dir='ltr'>non</span> <span class='ocrx_word' id='word_1_56' title='bbox 3667 623 3695 661; x_wconf 86' lang='lat' dir='ltr'>a</span> 
     </span>
    </p>
   </div>
   <div class='ocr_carea' id='block_1_5' title="bbox 481 696 3695 772">
    <p class='ocr_par' dir='ltr' id='par_1_5' title="bbox 481 696 3695 772">
     <span class='ocr_line' id='line_1_5' title="bbox 481 696 3695 772; baseline -0.001 -20"><span class='ocrx_word' id='word_1_57' title='bbox 481 698 620 753; x_wconf 82' lang='lat' dir='ltr'>Ecce</span> <span class='ocrx_word' id='word_1_58' title='bbox 649 698 797 753; x_wconf 90' lang='lat' dir='ltr'>inter</span> <span class='ocrx_word' id='word_1_59' title='bbox 812 699 992 753; x_wconf 89' lang='lat' dir='ltr'>Deum</span> <span class='ocrx_word' id='word_1_60' title='bbox 1021 705 1078 754; x_wconf 91' lang='lat' dir='ltr'>et</span> <span class='ocrx_word' id='word_1_61' title='bbox 1100 699 1393 753; x_wconf 87' lang='lat' dir='ltr'>mulierem</span> <span class='ocrx_word' id='word_1_62' title='bbox 1418 699 1634 754; x_wconf 83' lang='lat' dir='ltr'>furtivae</span> <span class='ocrx_word' id='word_1_63' title='bbox 1653 699 1849 754; x_wconf 89' lang='lat' dir='ltr'>salutis</span> <span class='ocrx_word' id='word_1_64' title='bbox 1870 700 2077 769; x_wconf 90' lang='lat' dir='ltr'>agitur,</span> <span class='ocrx_word' id='word_1_65' title='bbox 2164 701 2405 756; x_wconf 89' lang='lat' dir='ltr'>Christo.</span> <span class='ocrx_word' id='word_1_66' title='bbox 2436 701 2743 772; x_wconf 85' lang='lat' dir='ltr'>Propterea</span> <span class='ocrx_word' id='word_1_67' title='bbox 2763 718 2873 755; x_wconf 92' lang='lat' dir='ltr'>non</span> <span class='ocrx_word' id='word_1_68' title='bbox 2900 702 3075 756; x_wconf 85' lang='lat' dir='ltr'>Deum</span> <span class='ocrx_word' id='word_1_69' title='bbox 3097 701 3269 755; x_wconf 84' lang='lat' dir='ltr'>latere</span> <span class='ocrx_word' id='word_1_70' title='bbox 3289 716 3363 758; x_wconf 85' lang='lat' dir='ltr'>se.</span> <span class='ocrx_word' id='word_1_71' title='bbox 3380 698 3469 753; x_wconf 89' lang='lat' dir='ltr'>sed</span> <span class='ocrx_word' id='word_1_72' title='bbox 3484 696 3695 751; x_wconf 85' lang='lat' dir='ltr'>homines</span> 
     </span>
    </p>
   </div>
   <div class='ocr_carea' id='block_1_6' title="bbox 479 784 3696 862">
    <p class='ocr_par' dir='ltr' id='par_1_6' title="bbox 479 784 3696 862">
     <span class='ocr_line' id='line_1_6' title="bbox 479 784 3696 862; baseline -0.002 -21"><span class='ocrx_word' id='word_1_73' title='bbox 479 793 673 842; x_wconf 87' lang='lat' dir='ltr'>tamen</span> <span class='ocrx_word' id='word_1_74' title='bbox 685 788 898 858; x_wconf 77' lang='lat' dir='ltr'>grande</span> <span class='ocrx_word' id='word_1_75' title='bbox 914 788 1331 843; x_wconf 82' lang='lat' dir='ltr'>commercium.</span> <span class='ocrx_word' id='word_1_76' title='bbox 1348 788 1840 860; x_wconf 86' lang='lat' dir='ltr'>Archisynagogus</span> <span class='ocrx_word' id='word_1_77' title='bbox 1856 789 2082 860; x_wconf 87' lang='lat' dir='ltr'>quidem</span> <span class='ocrx_word' id='word_1_78' title='bbox 2166 791 2262 862; x_wconf 90' lang='lat' dir='ltr'>qui</span> <span class='ocrx_word' id='word_1_79' title='bbox 2288 798 2513 861; x_wconf 82' lang='lat' dir='ltr'>gereret</span> <span class='ocrx_word' id='word_1_80' title='bbox 2541 792 2856 846; x_wconf 76' lang='lat' dir='ltr'>aestimavit.</span> <span class='ocrx_word' id='word_1_81' title='bbox 2893 790 3154 862; x_wconf 89' lang='lat' dir='ltr'>Alioquin</span> <span class='ocrx_word' id='word_1_82' title='bbox 3181 787 3444 860; x_wconf 91' lang='lat' dir='ltr'>quomodo</span> <span class='ocrx_word' id='word_1_83' title='bbox 3482 784 3543 837; x_wconf 90' lang='lat' dir='ltr'>ab</span> <span class='ocrx_word' id='word_1_84' title='bbox 3571 797 3696 853; x_wconf 83' lang='lat' dir='ltr'>aspe-</span> 
     </span>
    </p>
   </div>
   <div class='ocr_carea' id='block_1_7' title="bbox 482 872 3699 948">
    <p class='ocr_par' dir='ltr' id='par_1_7' title="bbox 482 872 3699 948">
     <span class='ocr_line' id='line_1_7' title="bbox 482 872 3699 948; baseline -0.002 -17"><span class='ocrx_word' id='word_1_85' title='bbox 482 877 714 931; x_wconf 87' lang='lat' dir='ltr'>devotus</span> <span class='ocrx_word' id='word_1_86' title='bbox 742 877 1001 943; x_wconf 89' lang='lat' dir='ltr'>occurrit,</span> <span class='ocrx_word' id='word_1_87' title='bbox 1034 884 1091 931; x_wconf 89' lang='lat' dir='ltr'>et</span> <span class='ocrx_word' id='word_1_88' title='bbox 1130 883 1282 931; x_wconf 90' lang='lat' dir='ltr'>totus</span> <span class='ocrx_word' id='word_1_89' title='bbox 1320 878 1389 932; x_wconf 90' lang='lat' dir='ltr'>ad</span> <span class='ocrx_word' id='word_1_90' title='bbox 1442 878 1789 932; x_wconf 88' lang='lat' dir='ltr'>adorandum</span> <span class='ocrx_word' id='word_1_91' title='bbox 1829 879 1886 933; x_wconf 90' lang='lat' dir='ltr'>in</span> <span class='ocrx_word' id='word_1_92' title='bbox 1934 883 2085 933; x_wconf 88' lang='lat' dir='ltr'>terra</span> <span class='ocrx_word' id='word_1_93' title='bbox 2164 887 2259 936; x_wconf 90' lang='lat' dir='ltr'>ctu</span> <span class='ocrx_word' id='word_1_94' title='bbox 2278 880 2585 935; x_wconf 76' lang='lat' dir='ltr'>divinitatis</span> <span class='ocrx_word' id='word_1_95' title='bbox 2614 882 2789 934; x_wconf 77' lang='lat' dir='ltr'>latere</span> <span class='ocrx_word' id='word_1_96' title='bbox 2818 880 3159 944; x_wconf 87' lang='lat' dir='ltr'>credidisset,</span> <span class='ocrx_word' id='word_1_97' title='bbox 3182 879 3237 932; x_wconf 92' lang='lat' dir='ltr'>in</span> <span class='ocrx_word' id='word_1_98' title='bbox 3257 892 3361 948; x_wconf 92' lang='lat' dir='ltr'>quo</span> <span class='ocrx_word' id='word_1_99' title='bbox 3382 872 3509 929; x_wconf 89' lang='lat' dir='ltr'>nihil</span> <span class='ocrx_word' id='word_1_100' title='bbox 3528 876 3699 943; x_wconf 85' lang='lat' dir='ltr'>postre-</span> 
     </span>
    </p>
   </div>
   <div class='ocr_carea' id='block_1_8' title="bbox 480 959 3699 1039">
    <p class='ocr_par' dir='ltr' id='par_1_8' title="bbox 480 959 3699 1039">
     <span class='ocr_line' id='line_1_8' title="bbox 480 959 3699 1039; baseline -0.002 -20"><span class='ocrx_word' id='word_1_101' title='bbox 480 966 895 1037; x_wconf 88' lang='lat' dir='ltr'>prosternitur;</span> <span class='ocrx_word' id='word_1_102' title='bbox 948 983 1172 1020; x_wconf 84' lang='lat' dir='ltr'>causam</span> <span class='ocrx_word' id='word_1_103' title='bbox 1229 967 1432 1033; x_wconf 85' lang='lat' dir='ltr'>refert,</span> <span class='ocrx_word' id='word_1_104' title='bbox 1497 967 1747 1021; x_wconf 88' lang='lat' dir='ltr'>dolorem</span> <span class='ocrx_word' id='word_1_105' title='bbox 1812 967 2079 1035; x_wconf 86' lang='lat' dir='ltr'>insinuat,</span> <span class='ocrx_word' id='word_1_106' title='bbox 2165 984 2342 1038; x_wconf 87' lang='lat' dir='ltr'>mum,</span> <span class='ocrx_word' id='word_1_107' title='bbox 2367 969 2509 1023; x_wconf 87' lang='lat' dir='ltr'>nihil</span> <span class='ocrx_word' id='word_1_108' title='bbox 2534 969 2807 1039; x_wconf 85' lang='lat' dir='ltr'>judicavit</span> <span class='ocrx_word' id='word_1_109' title='bbox 2830 968 3136 1031; x_wconf 86' lang='lat' dir='ltr'>inﬁrmum,</span> <span class='ocrx_word' id='word_1_110' title='bbox 3160 966 3289 1020; x_wconf 89' lang='lat' dir='ltr'>dum</span> <span class='ocrx_word' id='word_1_111' title='bbox 3319 964 3482 1017; x_wconf 90' lang='lat' dir='ltr'>virtus</span> <span class='ocrx_word' id='word_1_112' title='bbox 3505 967 3557 1014; x_wconf 87' lang='lat' dir='ltr'>et</span> <span class='ocrx_word' id='word_1_113' title='bbox 3579 959 3699 1013; x_wconf 87' lang='lat' dir='ltr'>salus</span> 
     </span>
    </p>
   </div>
   <div class='ocr_carea' id='block_1_9' title="bbox 479 1047 3696 1128">
    <p class='ocr_par' dir='ltr' id='par_1_9' title="bbox 479 1047 3696 1128">
     <span class='ocr_line' id='line_1_9' title="bbox 479 1047 3696 1128; baseline -0.002 -20"><span class='ocrx_word' id='word_1_114' title='bbox 479 1059 668 1109; x_wconf 89' lang='lat' dir='ltr'>movet</span> <span class='ocrx_word' id='word_1_115' title='bbox 693 1054 973 1119; x_wconf 69' lang='lat' dir='ltr'>atfectum,</span> <span class='ocrx_word' id='word_1_116' title='bbox 995 1056 1263 1127; x_wconf 81' lang='lat' dir='ltr'>impetrat</span> <span class='ocrx_word' id='word_1_117' title='bbox 1286 1062 1347 1110; x_wconf 88' lang='lat' dir='ltr'>ut</span> <span class='ocrx_word' id='word_1_118' title='bbox 1366 1061 1648 1127; x_wconf 82' lang='lat' dir='ltr'>prOperet,</span> <span class='ocrx_word' id='word_1_119' title='bbox 1674 1061 1731 1110; x_wconf 91' lang='lat' dir='ltr'>et</span> <span class='ocrx_word' id='word_1_120' title='bbox 1753 1056 1979 1110; x_wconf 86' lang='lat' dir='ltr'>accedat</span> <span class='ocrx_word' id='word_1_121' title='bbox 2013 1057 2085 1110; x_wconf 86' lang='lat' dir='ltr'>ad</span> <span class='ocrx_word' id='word_1_122' title='bbox 2168 1059 2338 1113; x_wconf 87' lang='lat' dir='ltr'>etiam</span> <span class='ocrx_word' id='word_1_123' title='bbox 2381 1058 2439 1112; x_wconf 90' lang='lat' dir='ltr'>in</span> <span class='ocrx_word' id='word_1_124' title='bbox 2488 1058 2710 1112; x_wconf 80' lang='lat' dir='ltr'>ﬁmbria</span> <span class='ocrx_word' id='word_1_125' title='bbox 2759 1056 3045 1128; x_wconf 87' lang='lat' dir='ltr'>quaeritur.</span> <span class='ocrx_word' id='word_1_126' title='bbox 3078 1056 3240 1110; x_wconf 86' lang='lat' dir='ltr'>Patet</span> <span class='ocrx_word' id='word_1_127' title='bbox 3276 1054 3471 1123; x_wconf 88' lang='lat' dir='ltr'>itaque,</span> <span class='ocrx_word' id='word_1_128' title='bbox 3506 1053 3563 1104; x_wconf 89' lang='lat' dir='ltr'>ut</span> <span class='ocrx_word' id='word_1_129' title='bbox 3592 1047 3696 1114; x_wconf 83' lang='lat' dir='ltr'>dixi,</span> 
     </span>
    </p>
   </div>
   <div class='ocr_carea' id='block_1_10' title="bbox 481 1137 3698 1220">
    <p class='ocr_par' dir='ltr' id='par_1_10' title="bbox 481 1137 3698 1220">
     <span class='ocr_line' id='line_1_10' title="bbox 481 1137 3698 1220; baseline -0.002 -22"><span class='ocrx_word' id='word_1_130' title='bbox 481 1160 694 1198; x_wconf 86' lang='lat' dir='ltr'>curam.</span> <span class='ocrx_word' id='word_1_131' title='bbox 728 1146 949 1200; x_wconf 89' lang='lat' dir='ltr'>Mulieri</span> <span class='ocrx_word' id='word_1_132' title='bbox 986 1162 1114 1199; x_wconf 88' lang='lat' dir='ltr'>vero</span> <span class='ocrx_word' id='word_1_133' title='bbox 1145 1162 1255 1199; x_wconf 92' lang='lat' dir='ltr'>non</span> <span class='ocrx_word' id='word_1_134' title='bbox 1283 1145 1551 1217; x_wconf 80' lang='lat' dir='ltr'>quaesitus</span> <span class='ocrx_word' id='word_1_135' title='bbox 1589 1146 1860 1200; x_wconf 91' lang='lat' dir='ltr'>Dominus</span> <span class='ocrx_word' id='word_1_136' title='bbox 1891 1162 2083 1200; x_wconf 82' lang='lat' dir='ltr'>occur-</span> <span class='ocrx_word' id='word_1_137' title='bbox 2166 1165 2362 1203; x_wconf 89' lang='lat' dir='ltr'>sensus</span> <span class='ocrx_word' id='word_1_138' title='bbox 2396 1148 2685 1220; x_wconf 85' lang='lat' dir='ltr'>mysticus,</span> <span class='ocrx_word' id='word_1_139' title='bbox 2718 1147 2864 1218; x_wconf 90' lang='lat' dir='ltr'>quod</span> <span class='ocrx_word' id='word_1_140' title='bbox 2904 1147 3020 1200; x_wconf 70' lang='lat' dir='ltr'>hinc</span> <span class='ocrx_word' id='word_1_141' title='bbox 3048 1144 3268 1209; x_wconf 90' lang='lat' dir='ltr'>mulier,</span> <span class='ocrx_word' id='word_1_142' title='bbox 3290 1140 3527 1196; x_wconf 90' lang='lat' dir='ltr'>videlicet</span> <span class='ocrx_word' id='word_1_143' title='bbox 3547 1137 3698 1192; x_wconf 86' lang='lat' dir='ltr'>Eccle-</span> 
     </span>
    </p>
   </div>
   <div class='ocr_carea' id='block_1_11' title="bbox 481 1226 3700 1306">
    <p class='ocr_par' dir='ltr' id='par_1_11' title="bbox 481 1226 3700 1306">
     <span class='ocr_line' id='line_1_11' title="bbox 481 1226 3700 1306; baseline -0.002 -19"><span class='ocrx_word' id='word_1_144' title='bbox 481 1232 558 1287; x_wconf 90' lang='lat' dir='ltr'>rit</span> <span class='ocrx_word' id='word_1_145' title='bbox 576 1234 921 1304; x_wconf 78' lang='lat' dir='ltr'>praeteriens,</span> <span class='ocrx_word' id='word_1_146' title='bbox 953 1235 1150 1289; x_wconf 88' lang='lat' dir='ltr'>saltem</span> <span class='ocrx_word' id='word_1_147' title='bbox 1185 1233 1435 1304; x_wconf 84' lang='lat' dir='ltr'>ingessit,</span> <span class='ocrx_word' id='word_1_148' title='bbox 1466 1240 1744 1304; x_wconf 87' lang='lat' dir='ltr'>quatenus</span> <span class='ocrx_word' id='word_1_149' title='bbox 1771 1240 1827 1289; x_wconf 91' lang='lat' dir='ltr'>et</span> <span class='ocrx_word' id='word_1_150' title='bbox 1854 1235 1958 1288; x_wconf 92' lang='lat' dir='ltr'>hoc</span> <span class='ocrx_word' id='word_1_151' title='bbox 1983 1251 2085 1305; x_wconf 85' lang='lat' dir='ltr'>ge-</span> <span class='ocrx_word' id='word_1_152' title='bbox 2167 1238 2269 1305; x_wconf 90' lang='lat' dir='ltr'>sia,</span> <span class='ocrx_word' id='word_1_153' title='bbox 2301 1238 2585 1293; x_wconf 87' lang='lat' dir='ltr'>Christum</span> <span class='ocrx_word' id='word_1_154' title='bbox 2614 1236 2799 1306; x_wconf 86' lang='lat' dir='ltr'>tangit</span> <span class='ocrx_word' id='word_1_155' title='bbox 2834 1235 2962 1297; x_wconf 87' lang='lat' dir='ltr'>ﬁde,</span> <span class='ocrx_word' id='word_1_156' title='bbox 2995 1251 3160 1305; x_wconf 90' lang='lat' dir='ltr'>quem</span> <span class='ocrx_word' id='word_1_157' title='bbox 3189 1231 3352 1286; x_wconf 90' lang='lat' dir='ltr'>turba</span> <span class='ocrx_word' id='word_1_158' title='bbox 3385 1227 3585 1301; x_wconf 83' lang='lat' dir='ltr'>premit.</span> <span class='ocrx_word' id='word_1_159' title='bbox 3611 1226 3700 1280; x_wconf 81' lang='lat' dir='ltr'>Ista</span> 
     </span>
    </p>
   </div>
   <div class='ocr_carea' id='block_1_12' title="bbox 482 1316 3700 1397">
    <p class='ocr_par' dir='ltr' id='par_1_12' title="bbox 482 1316 3700 1397">
     <span class='ocr_line' id='line_1_12' title="bbox 482 1316 3700 1397; baseline -0.003 -21"><span class='ocrx_word' id='word_1_160' title='bbox 482 1323 673 1377; x_wconf 88' lang='lat' dir='ltr'>nerale</span> <span class='ocrx_word' id='word_1_161' title='bbox 702 1323 930 1394; x_wconf 88' lang='lat' dir='ltr'>pietatis</span> <span class='ocrx_word' id='word_1_162' title='bbox 961 1340 1101 1394; x_wconf 89' lang='lat' dir='ltr'>opus</span> <span class='ocrx_word' id='word_1_163' title='bbox 1123 1325 1372 1394; x_wconf 86' lang='lat' dir='ltr'>apertius</span> <span class='ocrx_word' id='word_1_164' title='bbox 1405 1328 1879 1395; x_wconf 71' lang='lat' dir='ltr'>praemonstraret.</span> <span class='ocrx_word' id='word_1_165' title='bbox 1899 1326 2084 1379; x_wconf 78' lang='lat' dir='ltr'>Acces-</span> <span class='ocrx_word' id='word_1_166' title='bbox 2166 1325 2443 1397; x_wconf 89' lang='lat' dir='ltr'>siquidem</span> <span class='ocrx_word' id='word_1_167' title='bbox 2477 1331 2562 1387; x_wconf 86' lang='lat' dir='ltr'>est</span> <span class='ocrx_word' id='word_1_168' title='bbox 2591 1324 2812 1387; x_wconf 89' lang='lat' dir='ltr'>mulier,</span> <span class='ocrx_word' id='word_1_169' title='bbox 2847 1339 2969 1393; x_wconf 72' lang='lat' dir='ltr'>quae</span> <span class='ocrx_word' id='word_1_170' title='bbox 3000 1322 3179 1393; x_wconf 88' lang='lat' dir='ltr'>primo</span> <span class='ocrx_word' id='word_1_171' title='bbox 3220 1319 3495 1373; x_wconf 86' lang='lat' dir='ltr'>vulnerata</span> <span class='ocrx_word' id='word_1_172' title='bbox 3519 1316 3700 1386; x_wconf 71' lang='lat' dir='ltr'>peccato</span> 
     </span>
    </p>
   </div>
   <div class='ocr_carea' id='block_1_13' title="bbox 481 1404 3702 1487">
    <p class='ocr_par' dir='ltr' id='par_1_13' title="bbox 481 1404 3702 1487">
     <span class='ocr_line' id='line_1_13' title="bbox 481 1404 3702 1487; baseline -0.003 -22"><span class='ocrx_word' id='word_1_173' title='bbox 481 1414 573 1476; x_wconf 85' lang='lat' dir='ltr'>sit,</span> <span class='ocrx_word' id='word_1_174' title='bbox 599 1411 802 1482; x_wconf 91' lang='lat' dir='ltr'>inquit,</span> <span class='ocrx_word' id='word_1_175' title='bbox 836 1418 1000 1466; x_wconf 84' lang='lat' dir='ltr'>retro.</span> <span class='ocrx_word' id='word_1_176' title='bbox 1035 1413 1207 1467; x_wconf 90' lang='lat' dir='ltr'>Retro</span> <span class='ocrx_word' id='word_1_177' title='bbox 1238 1417 1447 1478; x_wconf 91' lang='lat' dir='ltr'>autem,</span> <span class='ocrx_word' id='word_1_178' title='bbox 1477 1412 1608 1484; x_wconf 91' lang='lat' dir='ltr'>quia</span> <span class='ocrx_word' id='word_1_179' title='bbox 1639 1418 1767 1483; x_wconf 90' lang='lat' dir='ltr'>post</span> <span class='ocrx_word' id='word_1_180' title='bbox 1794 1428 2085 1471; x_wconf 86' lang='lat' dir='ltr'>ascensum</span> <span class='ocrx_word' id='word_1_181' title='bbox 2166 1415 2362 1487; x_wconf 69' lang='lat' dir='ltr'>prima:</span> <span class='ocrx_word' id='word_1_182' title='bbox 2380 1414 2614 1484; x_wconf 86' lang='lat' dir='ltr'>originis</span> <span class='ocrx_word' id='word_1_183' title='bbox 2634 1411 2846 1466; x_wconf 86' lang='lat' dir='ltr'>ﬂuebat</span> <span class='ocrx_word' id='word_1_184' title='bbox 2865 1411 3158 1481; x_wconf 87' lang='lat' dir='ltr'>sanguine,</span> <span class='ocrx_word' id='word_1_185' title='bbox 3178 1413 3235 1463; x_wconf 91' lang='lat' dir='ltr'>et</span> <span class='ocrx_word' id='word_1_186' title='bbox 3253 1404 3538 1462; x_wconf 88' lang='lat' dir='ltr'>menstruis</span> <span class='ocrx_word' id='word_1_187' title='bbox 3549 1416 3702 1456; x_wconf 88' lang='lat' dir='ltr'>cruen-</span> 
     </span>
    </p>
   </div>
   <div class='ocr_carea' id='block_1_14' title="bbox 485 1492 3700 1571">
    <p class='ocr_par' dir='ltr' id='par_1_14' title="bbox 485 1492 3700 1571">
     <span class='ocr_line' id='line_1_14' title="bbox 485 1492 3700 1571; baseline -0.004 -16"><span class='ocrx_word' id='word_1_188' title='bbox 485 1500 790 1555; x_wconf 88' lang='lat' dir='ltr'>Salvatoris</span> <span class='ocrx_word' id='word_1_189' title='bbox 819 1501 1071 1555; x_wconf 87' lang='lat' dir='ltr'>credidit.</span> <span class='ocrx_word' id='word_1_190' title='bbox 1120 1501 1228 1555; x_wconf 89' lang='lat' dir='ltr'>Sed</span> <span class='ocrx_word' id='word_1_191' title='bbox 1262 1503 1424 1571; x_wconf 88' lang='lat' dir='ltr'>juxta</span> <span class='ocrx_word' id='word_1_192' title='bbox 1472 1501 1766 1555; x_wconf 88' lang='lat' dir='ltr'>historiam</span> <span class='ocrx_word' id='word_1_193' title='bbox 1805 1501 1950 1555; x_wconf 89' lang='lat' dir='ltr'>hanc</span> <span class='ocrx_word' id='word_1_194' title='bbox 1981 1501 2085 1555; x_wconf 85' lang='lat' dir='ltr'>etsi</span> <span class='ocrx_word' id='word_1_195' title='bbox 2166 1502 2783 1565; x_wconf 72' lang='lat' dir='ltr'>tabaturdelictisQuae</span> <span class='ocrx_word' id='word_1_196' title='bbox 2802 1500 3140 1569; x_wconf 86' lang='lat' dir='ltr'>ﬁdeintegra</span> <span class='ocrx_word' id='word_1_197' title='bbox 3154 1492 3700 1568; x_wconf 74' lang='lat' dir='ltr'>surripuitsanitatem,</span> 
     </span>
    </p>
   </div>
   <div class='ocr_carea' id='block_1_15' title="bbox 484 1583 3700 1665">
    <p class='ocr_par' dir='ltr' id='par_1_15' title="bbox 484 1583 3700 1665">
     <span class='ocr_line' id='line_1_15' title="bbox 484 1583 3700 1665; baseline 0 -23"><span class='ocrx_word' id='word_1_198' title='bbox 484 1588 720 1659; x_wconf 89' lang='lat' dir='ltr'>cogebat</span> <span class='ocrx_word' id='word_1_199' title='bbox 746 1590 815 1643; x_wconf 90' lang='lat' dir='ltr'>ad</span> <span class='ocrx_word' id='word_1_200' title='bbox 851 1590 1137 1644; x_wconf 83' lang='lat' dir='ltr'>Christum</span> <span class='ocrx_word' id='word_1_201' title='bbox 1181 1591 1388 1643; x_wconf 91' lang='lat' dir='ltr'>doloris</span> <span class='ocrx_word' id='word_1_202' title='bbox 1434 1590 1762 1659; x_wconf 81' lang='lat' dir='ltr'>magnitudo</span> <span class='ocrx_word' id='word_1_203' title='bbox 1800 1590 2082 1656; x_wconf 87' lang='lat' dir='ltr'>accedere,</span> <span class='ocrx_word' id='word_1_204' title='bbox 2168 1594 2303 1649; x_wconf 90' lang='lat' dir='ltr'>dum</span> <span class='ocrx_word' id='word_1_205' title='bbox 2322 1593 2537 1665; x_wconf 89' lang='lat' dir='ltr'>perﬁda</span> <span class='ocrx_word' id='word_1_206' title='bbox 2556 1590 2983 1661; x_wconf 81' lang='lat' dir='ltr'>archisynagogi</span> <span class='ocrx_word' id='word_1_207' title='bbox 3010 1588 3144 1653; x_wconf 88' lang='lat' dir='ltr'>ﬁlia,</span> <span class='ocrx_word' id='word_1_208' title='bbox 3172 1586 3421 1641; x_wconf 88' lang='lat' dir='ltr'>videlicet</span> <span class='ocrx_word' id='word_1_209' title='bbox 3437 1583 3700 1653; x_wconf 73' lang='lat' dir='ltr'>Synagoga.</span> 
     </span>
    </p>
   </div>
   <div class='ocr_carea' id='block_1_16' title="bbox 484 1667 3705 1751">
    <p class='ocr_par' dir='ltr' id='par_1_16' title="bbox 484 1667 3705 1751">
     <span class='ocr_line' id='line_1_16' title="bbox 484 1667 3705 1751; baseline -0.004 -20"><span class='ocrx_word' id='word_1_210' title='bbox 484 1676 708 1732; x_wconf 81' lang='lat' dir='ltr'>foeditas</span> <span class='ocrx_word' id='word_1_211' title='bbox 734 1684 923 1733; x_wconf 89' lang='lat' dir='ltr'>tamen</span> <span class='ocrx_word' id='word_1_212' title='bbox 952 1680 1197 1735; x_wconf 80' lang='lat' dir='ltr'>vulneris</span> <span class='ocrx_word' id='word_1_213' title='bbox 1224 1679 1570 1750; x_wconf 86' lang='lat' dir='ltr'>prohibebat.</span> <span class='ocrx_word' id='word_1_214' title='bbox 1597 1680 1703 1734; x_wconf 85' lang='lat' dir='ltr'>Sed</span> <span class='ocrx_word' id='word_1_215' title='bbox 1734 1680 1935 1733; x_wconf 89' lang='lat' dir='ltr'>maluit</span> <span class='ocrx_word' id='word_1_216' title='bbox 1956 1679 2086 1733; x_wconf 89' lang='lat' dir='ltr'>ﬁdei</span> <span class='ocrx_word' id='word_1_217' title='bbox 2168 1682 2285 1738; x_wconf 90' lang='lat' dir='ltr'>suis</span> <span class='ocrx_word' id='word_1_218' title='bbox 2315 1681 2634 1736; x_wconf 91' lang='lat' dir='ltr'>doctoribus</span> <span class='ocrx_word' id='word_1_219' title='bbox 2660 1681 2924 1751; x_wconf 84' lang='lat' dir='ltr'>perlecta,</span> <span class='ocrx_word' id='word_1_220' title='bbox 2952 1683 3177 1732; x_wconf 89' lang='lat' dir='ltr'>mortua</span> <span class='ocrx_word' id='word_1_221' title='bbox 3203 1674 3504 1730; x_wconf 88' lang='lat' dir='ltr'>nuntiatur.</span> <span class='ocrx_word' id='word_1_222' title='bbox 3527 1670 3618 1731; x_wconf 89' lang='lat' dir='ltr'>Sic,</span> <span class='ocrx_word' id='word_1_223' title='bbox 3644 1667 3705 1720; x_wconf 88' lang='lat' dir='ltr'>sic</span> 
     </span>
    </p>
   </div>
   <div class='ocr_carea' id='block_1_17' title="bbox 484 1758 3704 1839">
    <p class='ocr_par' dir='ltr' id='par_1_17' title="bbox 484 1758 3704 1839">
     <span class='ocr_line' id='line_1_17' title="bbox 484 1758 3704 1839; baseline -0.002 -20"><span class='ocrx_word' id='word_1_224' title='bbox 484 1766 804 1837; x_wconf 80' lang='lat' dir='ltr'>trepidante</span> <span class='ocrx_word' id='word_1_225' title='bbox 844 1767 1075 1821; x_wconf 90' lang='lat' dir='ltr'>consilio</span> <span class='ocrx_word' id='word_1_226' title='bbox 1128 1785 1192 1820; x_wconf 86' lang='lat' dir='ltr'>ex</span> <span class='ocrx_word' id='word_1_227' title='bbox 1236 1769 1438 1822; x_wconf 88' lang='lat' dir='ltr'>ﬁducia</span> <span class='ocrx_word' id='word_1_228' title='bbox 1479 1768 1740 1838; x_wconf 88' lang='lat' dir='ltr'>judicari.</span> <span class='ocrx_word' id='word_1_229' title='bbox 1795 1784 1963 1838; x_wconf 90' lang='lat' dir='ltr'>quam</span> <span class='ocrx_word' id='word_1_230' title='bbox 2017 1767 2439 1837; x_wconf 84' lang='lat' dir='ltr'>deBnimirum</span> <span class='ocrx_word' id='word_1_231' title='bbox 2469 1771 2725 1825; x_wconf 87' lang='lat' dir='ltr'>Christus</span> <span class='ocrx_word' id='word_1_232' title='bbox 2765 1769 3034 1839; x_wconf 86' lang='lat' dir='ltr'>tangitur,</span> <span class='ocrx_word' id='word_1_233' title='bbox 3074 1767 3212 1821; x_wconf 89' lang='lat' dir='ltr'>dum</span> <span class='ocrx_word' id='word_1_234' title='bbox 3246 1769 3302 1818; x_wconf 92' lang='lat' dir='ltr'>et</span> <span class='ocrx_word' id='word_1_235' title='bbox 3328 1758 3523 1832; x_wconf 81' lang='lat' dir='ltr'>ubique</span> <span class='ocrx_word' id='word_1_236' title='bbox 3547 1762 3704 1830; x_wconf 80' lang='lat' dir='ltr'>potens</span> 
     </span>
    </p>
   </div>
   <div class='ocr_carea' id='block_1_18' title="bbox 485 1844 3706 1928">
    <p class='ocr_par' dir='ltr' id='par_1_18' title="bbox 485 1844 3706 1928">
     <span class='ocr_line' id='line_1_18' title="bbox 485 1844 3706 1928; baseline -0.003 -19"><span class='ocrx_word' id='word_1_237' title='bbox 485 1859 603 1909; x_wconf 84' lang='lat' dir='ltr'>tam</span> <span class='ocrx_word' id='word_1_238' title='bbox 633 1855 777 1910; x_wconf 82' lang='lat' dir='ltr'>fcedo</span> <span class='ocrx_word' id='word_1_239' title='bbox 802 1857 1031 1910; x_wconf 85' lang='lat' dir='ltr'>vulnere</span> <span class='ocrx_word' id='word_1_240' title='bbox 1062 1858 1140 1911; x_wconf 86' lang='lat' dir='ltr'>sic</span> <span class='ocrx_word' id='word_1_241' title='bbox 1172 1858 1372 1928; x_wconf 89' lang='lat' dir='ltr'>perire.</span> <span class='ocrx_word' id='word_1_242' title='bbox 1397 1857 1647 1911; x_wconf 85' lang='lat' dir='ltr'>Audiant</span> <span class='ocrx_word' id='word_1_243' title='bbox 1675 1856 1849 1926; x_wconf 89' lang='lat' dir='ltr'>igitur</span> <span class='ocrx_word' id='word_1_244' title='bbox 1866 1856 2087 1911; x_wconf 87' lang='lat' dir='ltr'>scelesti</span> <span class='ocrx_word' id='word_1_245' title='bbox 2167 1861 2433 1926; x_wconf 74' lang='lat' dir='ltr'>creditur,</span> <span class='ocrx_word' id='word_1_246' title='bbox 2459 1866 2515 1915; x_wconf 80' lang='lat' dir='ltr'>et</span> <span class='ocrx_word' id='word_1_247' title='bbox 2532 1861 2680 1914; x_wconf 80' lang='lat' dir='ltr'>Deus</span> <span class='ocrx_word' id='word_1_248' title='bbox 2700 1860 2758 1912; x_wconf 85' lang='lat' dir='ltr'>in</span> <span class='ocrx_word' id='word_1_249' title='bbox 2780 1859 3005 1912; x_wconf 85' lang='lat' dir='ltr'>homine</span> <span class='ocrx_word' id='word_1_250' title='bbox 3024 1860 3341 1910; x_wconf 79' lang='lat' dir='ltr'>veneratur.</span> <span class='ocrx_word' id='word_1_251' title='bbox 3357 1853 3573 1920; x_wconf 83' lang='lat' dir='ltr'>Propter</span> <span class='ocrx_word' id='word_1_252' title='bbox 3591 1844 3706 1917; x_wconf 88' lang='lat' dir='ltr'>quod</span> 
     </span>
    </p>
   </div>
   <div class='ocr_carea' id='block_1_19' title="bbox 485 1944 3708 2017">
    <p class='ocr_par' dir='ltr' id='par_1_19' title="bbox 485 1944 3708 2017">
     <span class='ocr_line' id='line_1_19' title="bbox 485 1944 3708 2017; baseline -0.003 -19"><span class='ocrx_word' id='word_1_253' title='bbox 485 1948 543 1998; x_wconf 88' lang='lat' dir='ltr'>et</span> <span class='ocrx_word' id='word_1_254' title='bbox 569 1944 865 2009; x_wconf 88' lang='lat' dir='ltr'>immundi,</span> <span class='ocrx_word' id='word_1_255' title='bbox 895 1946 1233 2017; x_wconf 88' lang='lat' dir='ltr'>abrumpant</span> <span class='ocrx_word' id='word_1_256' title='bbox 1266 1947 1533 2016; x_wconf 90' lang='lat' dir='ltr'>pudorem</span> <span class='ocrx_word' id='word_1_257' title='bbox 1564 1946 1811 2012; x_wconf 84' lang='lat' dir='ltr'>noxium,</span> <span class='ocrx_word' id='word_1_258' title='bbox 1857 1951 1914 2001; x_wconf 90' lang='lat' dir='ltr'>et</span> <span class='ocrx_word' id='word_1_259' title='bbox 1941 1946 2089 2000; x_wconf 90' lang='lat' dir='ltr'>inve-</span> <span class='ocrx_word' id='word_1_260' title='bbox 2167 1946 3708 2007; x_wconf 79' lang='lat' dir='ltr'>cuidamnecdumcredentidicituerolimetangere,non-</span> 
     </span>
    </p>
   </div>
   <div class='ocr_carea' id='block_1_20' title="bbox 484 2023 3706 2106">
    <p class='ocr_par' dir='ltr' id='par_1_20' title="bbox 484 2023 3706 2106">
     <span class='ocr_line' id='line_1_20' title="bbox 484 2023 3706 2106; baseline 0.001 -18"><span class='ocrx_word' id='word_1_261' title='bbox 484 2033 647 2088; x_wconf 73' lang='lat' dir='ltr'>hiant</span> <span class='ocrx_word' id='word_1_262' title='bbox 693 2034 987 2089; x_wconf 90' lang='lat' dir='ltr'>consilium</span> <span class='ocrx_word' id='word_1_263' title='bbox 1039 2035 1188 2090; x_wconf 90' lang='lat' dir='ltr'>ﬁdei.</span> <span class='ocrx_word' id='word_1_264' title='bbox 1226 2036 1673 2106; x_wconf 86' lang='lat' dir='ltr'>medicinamque</span> <span class='ocrx_word' id='word_1_265' title='bbox 1714 2035 1930 2089; x_wconf 88' lang='lat' dir='ltr'>salutis.</span> <span class='ocrx_word' id='word_1_266' title='bbox 1970 2036 2087 2089; x_wconf 88' lang='lat' dir='ltr'>No-</span> <span class='ocrx_word' id='word_1_267' title='bbox 2168 2043 2302 2096; x_wconf 83' lang='lat' dir='ltr'>dum</span> <span class='ocrx_word' id='word_1_268' title='bbox 2323 2043 2471 2094; x_wconf 81' lang='lat' dir='ltr'>enim</span> <span class='ocrx_word' id='word_1_269' title='bbox 2498 2040 2719 2093; x_wconf 78' lang='lat' dir='ltr'>ascendi</span> <span class='ocrx_word' id='word_1_270' title='bbox 2747 2039 2820 2091; x_wconf 79' lang='lat' dir='ltr'>ad</span> <span class='ocrx_word' id='word_1_271' title='bbox 2846 2039 3067 2090; x_wconf 81' lang='lat' dir='ltr'>Patrem</span> <span class='ocrx_word' id='word_1_272' title='bbox 3098 2050 3283 2088; x_wconf 85' lang='lat' dir='ltr'>meum</span> <span class='ocrx_word' id='word_1_273' title='bbox 3316 2033 3485 2100; x_wconf 84' lang='lat' dir='ltr'>(Joan-</span> <span class='ocrx_word' id='word_1_274' title='bbox 3513 2023 3706 2091; x_wconf 57' lang='lat' dir='ltr'>mi?”-</span> 
     </span>
    </p>
   </div>
   <div class='ocr_carea' id='block_1_21' title="bbox 481 2113 3709 2195">
    <p class='ocr_par' dir='ltr' id='par_1_21' title="bbox 481 2113 3709 2195">
     <span class='ocr_line' id='line_1_21' title="bbox 481 2113 3709 2195; baseline -0.002 -19"><span class='ocrx_word' id='word_1_275' title='bbox 481 2126 640 2177; x_wconf 86' lang='lat' dir='ltr'>verat</span> <span class='ocrx_word' id='word_1_276' title='bbox 667 2124 815 2177; x_wconf 91' lang='lat' dir='ltr'>enim</span> <span class='ocrx_word' id='word_1_277' title='bbox 839 2124 972 2187; x_wconf 72' lang='lat' dir='ltr'>haec,</span> <span class='ocrx_word' id='word_1_278' title='bbox 1003 2125 1149 2195; x_wconf 88' lang='lat' dir='ltr'>quod</span> <span class='ocrx_word' id='word_1_279' title='bbox 1181 2126 1439 2179; x_wconf 88' lang='lat' dir='ltr'>Christus</span> <span class='ocrx_word' id='word_1_280' title='bbox 1472 2125 1621 2179; x_wconf 90' lang='lat' dir='ltr'>Deus</span> <span class='ocrx_word' id='word_1_281' title='bbox 1641 2128 1698 2178; x_wconf 92' lang='lat' dir='ltr'>et</span> <span class='ocrx_word' id='word_1_282' title='bbox 1724 2124 1892 2178; x_wconf 89' lang='lat' dir='ltr'>homo</span> <span class='ocrx_word' id='word_1_283' title='bbox 1918 2129 2083 2178; x_wconf 90' lang='lat' dir='ltr'>esset.</span> <span class='ocrx_word' id='word_1_284' title='bbox 2167 2130 2511 2186; x_wconf 70' lang='lat' dir='ltr'>Ascenderat</span> <span class='ocrx_word' id='word_1_285' title='bbox 2538 2133 2727 2182; x_wconf 85' lang='lat' dir='ltr'>autem</span> <span class='ocrx_word' id='word_1_286' title='bbox 2759 2126 2851 2180; x_wconf 83' lang='lat' dir='ltr'>hic</span> <span class='ocrx_word' id='word_1_287' title='bbox 2879 2125 2947 2179; x_wconf 85' lang='lat' dir='ltr'>ad</span> <span class='ocrx_word' id='word_1_288' title='bbox 2986 2125 3234 2186; x_wconf 84' lang='lat' dir='ltr'>Patrem,</span> <span class='ocrx_word' id='word_1_289' title='bbox 3268 2120 3399 2194; x_wconf 87' lang='lat' dir='ltr'>quia</span> <span class='ocrx_word' id='word_1_290' title='bbox 3423 2113 3709 2186; x_wconf 66' lang='lat' dir='ltr'>coaequale!!!</span> 
     </span>
    </p>
   </div>
   <div class='ocr_carea' id='block_1_22' title="bbox 482 2202 3711 2284">
    <p class='ocr_par' dir='ltr' id='par_1_22' title="bbox 482 2202 3711 2284">
     <span class='ocr_line' id='line_1_22' title="bbox 482 2202 3711 2284; baseline -0.004 -18"><span class='ocrx_word' id='word_1_291' title='bbox 482 2211 750 2283; x_wconf 83' lang='lat' dir='ltr'>Alioquin</span> <span class='ocrx_word' id='word_1_292' title='bbox 804 2213 966 2267; x_wconf 88' lang='lat' dir='ltr'>illum</span> <span class='ocrx_word' id='word_1_293' title='bbox 1018 2214 1127 2266; x_wconf 85' lang='lat' dir='ltr'>nisi</span> <span class='ocrx_word' id='word_1_294' title='bbox 1165 2215 1345 2267; x_wconf 88' lang='lat' dir='ltr'>Deum</span> <span class='ocrx_word' id='word_1_295' title='bbox 1387 2214 1659 2279; x_wconf 90' lang='lat' dir='ltr'>crederet,</span> <span class='ocrx_word' id='word_1_296' title='bbox 1704 2213 1983 2284; x_wconf 86' lang='lat' dir='ltr'>quomodo</span> <span class='ocrx_word' id='word_1_297' title='bbox 2030 2213 2085 2266; x_wconf 87' lang='lat' dir='ltr'>in</span> <span class='ocrx_word' id='word_1_298' title='bbox 2170 2221 2221 2276; x_wconf 86' lang='lat' dir='ltr'>ei</span> <span class='ocrx_word' id='word_1_299' title='bbox 2264 2220 2420 2275; x_wconf 88' lang='lat' dir='ltr'>illum</span> <span class='ocrx_word' id='word_1_300' title='bbox 2456 2218 2712 2282; x_wconf 88' lang='lat' dir='ltr'>credidit,</span> <span class='ocrx_word' id='word_1_301' title='bbox 2745 2216 2950 2270; x_wconf 92' lang='lat' dir='ltr'>idcirco</span> <span class='ocrx_word' id='word_1_302' title='bbox 2979 2213 3263 2269; x_wconf 90' lang='lat' dir='ltr'>ﬁmbriam</span> <span class='ocrx_word' id='word_1_303' title='bbox 3291 2204 3587 2265; x_wconf 83' lang='lat' dir='ltr'>vestimenti</span> <span class='ocrx_word' id='word_1_304' title='bbox 3617 2202 3711 2272; x_wconf 88' lang='lat' dir='ltr'>ejus</span> 
     </span>
    </p>
   </div>
   <div class='ocr_carea' id='block_1_23' title="bbox 483 2288 3712 2381">
    <p class='ocr_par' dir='ltr' id='par_1_23' title="bbox 483 2288 3712 2381">
     <span class='ocr_line' id='line_1_23' title="bbox 483 2288 3712 2381; baseline -0.003 -27"><span class='ocrx_word' id='word_1_305' title='bbox 483 2299 708 2355; x_wconf 80' lang='lat' dir='ltr'>ﬁmbria</span> <span class='ocrx_word' id='word_1_306' title='bbox 734 2308 891 2356; x_wconf 84' lang='lat' dir='ltr'>extra</span> <span class='ocrx_word' id='word_1_307' title='bbox 920 2303 1201 2355; x_wconf 85' lang='lat' dir='ltr'>hominem</span> <span class='ocrx_word' id='word_1_308' title='bbox 1231 2302 1470 2355; x_wconf 87' lang='lat' dir='ltr'>salutem</span> <span class='ocrx_word' id='word_1_309' title='bbox 1499 2302 1807 2372; x_wconf 84' lang='lat' dir='ltr'>quaereret?</span> <span class='ocrx_word' id='word_1_310' title='bbox 1836 2302 1944 2365; x_wconf 88' lang='lat' dir='ltr'>Qui</span> <span class='ocrx_word' id='word_1_311' title='bbox 1972 2301 2082 2355; x_wconf 88' lang='lat' dir='ltr'>nisi</span> <span class='ocrx_word' id='word_1_312' title='bbox 2164 2310 2275 2365; x_wconf 78' lang='lat' dir='ltr'>ﬁde</span> <span class='ocrx_word' id='word_1_313' title='bbox 2312 2308 2555 2381; x_wconf 69' lang='lat' dir='ltr'>perfecta</span> <span class='ocrx_word' id='word_1_314' title='bbox 2599 2306 2809 2377; x_wconf 70' lang='lat' dir='ltr'>tetigit,</span> <span class='ocrx_word' id='word_1_315' title='bbox 2850 2304 2995 2369; x_wconf 85' lang='lat' dir='ltr'>Quid</span> <span class='ocrx_word' id='word_1_316' title='bbox 3025 2319 3162 2373; x_wconf 85' lang='lat' dir='ltr'>ergo</span> <span class='ocrx_word' id='word_1_317' title='bbox 3192 2317 3292 2373; x_wconf 91' lang='lat' dir='ltr'>per</span> <span class='ocrx_word' id='word_1_318' title='bbox 3330 2296 3604 2357; x_wconf 75' lang='lat' dir='ltr'>ﬁmbriam,</span> <span class='ocrx_word' id='word_1_319' title='bbox 3624 2288 3712 2381; x_wconf 79' lang='lat' dir='ltr'>nisi</span> 
     </span>
    </p>
   </div>
   <div class='ocr_carea' id='block_1_24' title="bbox 482 2380 3713 2467">
    <p class='ocr_par' dir='ltr' id='par_1_24' title="bbox 482 2380 3713 2467">
     <span class='ocr_line' id='line_1_24' title="bbox 482 2380 3713 2467; baseline -0.003 -25"><span class='ocrx_word' id='word_1_320' title='bbox 482 2388 636 2443; x_wconf 89' lang='lat' dir='ltr'>Deus</span> <span class='ocrx_word' id='word_1_321' title='bbox 664 2396 830 2457; x_wconf 82' lang='lat' dir='ltr'>esset,</span> <span class='ocrx_word' id='word_1_322' title='bbox 879 2391 1157 2461; x_wconf 91' lang='lat' dir='ltr'>quomodo</span> <span class='ocrx_word' id='word_1_323' title='bbox 1186 2392 1243 2444; x_wconf 90' lang='lat' dir='ltr'>in</span> <span class='ocrx_word' id='word_1_324' title='bbox 1286 2390 1507 2445; x_wconf 89' lang='lat' dir='ltr'>ﬁmbria</span> <span class='ocrx_word' id='word_1_325' title='bbox 1536 2396 1691 2445; x_wconf 88' lang='lat' dir='ltr'>extra</span> <span class='ocrx_word' id='word_1_326' title='bbox 1719 2408 1779 2444; x_wconf 90' lang='lat' dir='ltr'>se</span> <span class='ocrx_word' id='word_1_327' title='bbox 1808 2391 2084 2445; x_wconf 82' lang='lat' dir='ltr'>sentiret?</span> <span class='ocrx_word' id='word_1_328' title='bbox 2165 2380 2343 2453; x_wconf 50' lang='lat' dir='ltr'>virtus</span> <span class='ocrx_word' id='word_1_329' title='bbox 2373 2398 2609 2453; x_wconf 73' lang='lat' dir='ltr'>Deitatis</span> <span class='ocrx_word' id='word_1_330' title='bbox 2634 2394 2992 2467; x_wconf 82' lang='lat' dir='ltr'>designatur?</span> <span class='ocrx_word' id='word_1_331' title='bbox 3022 2393 3139 2447; x_wconf 88' lang='lat' dir='ltr'>Ista</span> <span class='ocrx_word' id='word_1_332' title='bbox 3169 2405 3410 2461; x_wconf 82' lang='lat' dir='ltr'>namque</span> <span class='ocrx_word' id='word_1_333' title='bbox 3430 2390 3511 2441; x_wconf 91' lang='lat' dir='ltr'>est</span> <span class='ocrx_word' id='word_1_334' title='bbox 3534 2380 3713 2438; x_wconf 82' lang='lat' dir='ltr'>ﬁmbria</span> 
     </span>
    </p>
   </div>
   <div class='ocr_carea' id='block_1_25' title="bbox 487 2468 3712 2558">
    <p class='ocr_par' dir='ltr' id='par_1_25' title="bbox 487 2468 3712 2558">
     <span class='ocr_line' id='line_1_25' title="bbox 487 2468 3712 2558; baseline -0.001 -25"><span class='ocrx_word' id='word_1_335' title='bbox 487 2477 722 2533; x_wconf 84' lang='lat' dir='ltr'>Constat</span> <span class='ocrx_word' id='word_1_336' title='bbox 754 2480 928 2549; x_wconf 86' lang='lat' dir='ltr'>igitur</span> <span class='ocrx_word' id='word_1_337' title='bbox 947 2486 1002 2533; x_wconf 92' lang='lat' dir='ltr'>et</span> <span class='ocrx_word' id='word_1_338' title='bbox 1028 2480 1181 2533; x_wconf 91' lang='lat' dir='ltr'>illam</span> <span class='ocrx_word' id='word_1_339' title='bbox 1209 2481 1385 2534; x_wconf 87' lang='lat' dir='ltr'>Deum</span> <span class='ocrx_word' id='word_1_340' title='bbox 1409 2481 1467 2534; x_wconf 93' lang='lat' dir='ltr'>in</span> <span class='ocrx_word' id='word_1_341' title='bbox 1499 2481 1726 2535; x_wconf 90' lang='lat' dir='ltr'>homine</span> <span class='ocrx_word' id='word_1_342' title='bbox 1754 2480 2077 2547; x_wconf 90' lang='lat' dir='ltr'>credidisse,</span> <span class='ocrx_word' id='word_1_343' title='bbox 2165 2490 2578 2551; x_wconf 70' lang='lat' dir='ltr'>mandatorum,</span> <span class='ocrx_word' id='word_1_344' title='bbox 2614 2503 2752 2558; x_wconf 76' lang='lat' dir='ltr'>quas</span> <span class='ocrx_word' id='word_1_345' title='bbox 2790 2485 2848 2538; x_wconf 85' lang='lat' dir='ltr'>in</span> <span class='ocrx_word' id='word_1_346' title='bbox 2895 2482 3226 2538; x_wconf 86' lang='lat' dir='ltr'>summitate</span> <span class='ocrx_word' id='word_1_347' title='bbox 3274 2477 3425 2551; x_wconf 89' lang='lat' dir='ltr'>pallii</span> <span class='ocrx_word' id='word_1_348' title='bbox 3461 2468 3712 2529; x_wconf 58' lang='lat' dir='ltr'>sacerdotis</span> 
     </span>
    </p>
   </div>
   <div class='ocr_carea' id='block_1_26' title="bbox 484 2566 3712 2650">
    <p class='ocr_par' dir='ltr' id='par_1_26' title="bbox 484 2566 3712 2650">
     <span class='ocr_line' id='line_1_26' title="bbox 484 2566 3712 2650; baseline 0.001 -31"><span class='ocrx_word' id='word_1_349' title='bbox 484 2570 655 2637; x_wconf 83' lang='lat' dir='ltr'>atque</span> <span class='ocrx_word' id='word_1_350' title='bbox 680 2573 838 2622; x_wconf 84' lang='lat' dir='ltr'>extra</span> <span class='ocrx_word' id='word_1_351' title='bbox 864 2569 1130 2623; x_wconf 90' lang='lat' dir='ltr'>hominen</span> <span class='ocrx_word' id='word_1_352' title='bbox 1165 2571 1340 2623; x_wconf 90' lang='lat' dir='ltr'>Deum</span> <span class='ocrx_word' id='word_1_353' title='bbox 1371 2569 1572 2637; x_wconf 84' lang='lat' dir='ltr'>fuisse;</span> <span class='ocrx_word' id='word_1_354' title='bbox 1606 2570 1808 2624; x_wconf 92' lang='lat' dir='ltr'>idcirco</span> <span class='ocrx_word' id='word_1_355' title='bbox 1834 2570 1956 2640; x_wconf 87' lang='lat' dir='ltr'>ejus</span> <span class='ocrx_word' id='word_1_356' title='bbox 1992 2569 2084 2623; x_wconf 86' lang='lat' dir='ltr'>de-</span> <span class='ocrx_word' id='word_1_357' title='bbox 2165 2579 2386 2650; x_wconf 75' lang='lat' dir='ltr'>Moyses</span> <span class='ocrx_word' id='word_1_358' title='bbox 2414 2577 2536 2631; x_wconf 74' lang='lat' dir='ltr'>ﬁeri</span> <span class='ocrx_word' id='word_1_359' title='bbox 2562 2575 2741 2647; x_wconf 79' lang='lat' dir='ltr'>jubet,</span> <span class='ocrx_word' id='word_1_360' title='bbox 2766 2591 2867 2645; x_wconf 82' lang='lat' dir='ltr'>per</span> <span class='ocrx_word' id='word_1_361' title='bbox 2887 2590 3054 2644; x_wconf 86' lang='lat' dir='ltr'>quam</span> <span class='ocrx_word' id='word_1_362' title='bbox 3078 2572 3198 2626; x_wconf 62' lang='lat' dir='ltr'>hinc</span> <span class='ocrx_word' id='word_1_363' title='bbox 3217 2568 3415 2624; x_wconf 89' lang='lat' dir='ltr'>mulier</span> <span class='ocrx_word' id='word_1_364' title='bbox 3431 2566 3626 2620; x_wconf 79' lang='lat' dir='ltr'>interna</span> <span class='ocrx_word' id='word_1_365' title='bbox 3643 2573 3712 2629; x_wconf 78' lang='grc' dir='ltr'>ρε-</span> 
     </span>
    </p>
   </div>
   <div class='ocr_carea' id='block_1_27' title="bbox 483 2651 3710 2736">
    <p class='ocr_par' dir='ltr' id='par_1_27' title="bbox 483 2651 3710 2736">
     <span class='ocr_line' id='line_1_27' title="bbox 483 2651 3710 2736; baseline -0.002 -26"><span class='ocrx_word' id='word_1_366' title='bbox 483 2660 610 2711; x_wconf 85' lang='lat' dir='ltr'>vote</span> <span class='ocrx_word' id='word_1_367' title='bbox 654 2658 839 2727; x_wconf 80' lang='lat' dir='ltr'>tangit</span> <span class='ocrx_word' id='word_1_368' title='bbox 881 2658 1181 2717; x_wconf 81' lang='lat' dir='ltr'>ﬁmbriam.</span> <span class='ocrx_word' id='word_1_369' title='bbox 1217 2675 1381 2730; x_wconf 89' lang='lat' dir='ltr'>quem</span> <span class='ocrx_word' id='word_1_370' title='bbox 1422 2659 1629 2730; x_wconf 91' lang='lat' dir='ltr'>ubique</span> <span class='ocrx_word' id='word_1_371' title='bbox 1659 2660 1796 2712; x_wconf 84' lang='lat' dir='ltr'>ﬁdes</span> <span class='ocrx_word' id='word_1_372' title='bbox 1824 2657 2084 2721; x_wconf 69' lang='lat' dir='ltr'>Ecclesiae</span> <span class='ocrx_word' id='word_1_373' title='bbox 2164 2667 2425 2730; x_wconf 70' lang='lat' dir='ltr'>‘netravit,</span> <span class='ocrx_word' id='word_1_374' title='bbox 2446 2672 2503 2720; x_wconf 88' lang='lat' dir='ltr'>et</span> <span class='ocrx_word' id='word_1_375' title='bbox 2526 2681 2626 2736; x_wconf 89' lang='lat' dir='ltr'>per</span> <span class='ocrx_word' id='word_1_376' title='bbox 2641 2662 2920 2717; x_wconf 88' lang='lat' dir='ltr'>ﬁmbriam</span> <span class='ocrx_word' id='word_1_377' title='bbox 2939 2660 3127 2731; x_wconf 90' lang='lat' dir='ltr'>tetigit</span> <span class='ocrx_word' id='word_1_378' title='bbox 3141 2657 3341 2730; x_wconf 84' lang='lat' dir='ltr'>capitis</span> <span class='ocrx_word' id='word_1_379' title='bbox 3360 2651 3710 2736; x_wconf 65' lang='lat' dir='ltr'>summitatem-</span> 
     </span>
    </p>
   </div>
   <div class='ocr_carea' id='block_1_28' title="bbox 483 2735 3715 2826">
    <p class='ocr_par' dir='ltr' id='par_1_28' title="bbox 483 2735 3715 2826">
     <span class='ocr_line' id='line_1_28' title="bbox 483 2735 3715 2826; baseline 0.002 -26"><span class='ocrx_word' id='word_1_380' title='bbox 483 2747 800 2801; x_wconf 85' lang='lat' dir='ltr'>conﬁtetur.</span> <span class='ocrx_word' id='word_1_381' title='bbox 818 2747 1071 2802; x_wconf 79' lang='lat' dir='ltr'>Profecto</span> <span class='ocrx_word' id='word_1_382' title='bbox 1105 2754 1293 2802; x_wconf 87' lang='lat' dir='ltr'>autem</span> <span class='ocrx_word' id='word_1_383' title='bbox 1324 2738 1477 2802; x_wconf 82' lang='lat' dir='ltr'>totus</span> <span class='ocrx_word' id='word_1_384' title='bbox 1502 2747 1709 2819; x_wconf 90' lang='lat' dir='ltr'>ubique</span> <span class='ocrx_word' id='word_1_385' title='bbox 1738 2753 1910 2813; x_wconf 89' lang='lat' dir='ltr'>totus,</span> <span class='ocrx_word' id='word_1_386' title='bbox 1943 2754 2001 2802; x_wconf 90' lang='lat' dir='ltr'>et</span> <span class='ocrx_word' id='word_1_387' title='bbox 2026 2748 2085 2802; x_wconf 91' lang='lat' dir='ltr'>in</span> <span class='ocrx_word' id='word_1_388' title='bbox 2168 2756 2371 2811; x_wconf 77' lang='lat' dir='ltr'>Hausit</span> <span class='ocrx_word' id='word_1_389' title='bbox 2406 2735 2648 2826; x_wconf 80' lang='lat' dir='ltr'>namque</span> <span class='ocrx_word' id='word_1_390' title='bbox 2692 2752 2761 2806; x_wconf 89' lang='lat' dir='ltr'>de</span> <span class='ocrx_word' id='word_1_391' title='bbox 2805 2751 3060 2806; x_wconf 89' lang='lat' dir='ltr'>cincinno</span> <span class='ocrx_word' id='word_1_392' title='bbox 3102 2754 3326 2820; x_wconf 79' lang='lat' dir='ltr'>guttam</span> <span class='ocrx_word' id='word_1_393' title='bbox 3359 2742 3561 2807; x_wconf 54' lang='lat' dir='ltr'>salutis,</span> <span class='ocrx_word' id='word_1_394' title='bbox 3594 2742 3641 2792; x_wconf 63' lang='grc' dir='ltr'>ει</span> <span class='ocrx_word' id='word_1_395' title='bbox 3662 2735 3715 2789; x_wconf 67' lang='lat' dir='ltr'>de</span> 
     </span>
    </p>
   </div>
   <div class='ocr_carea' id='block_1_29' title="bbox 482 2828 2088 2918">
    <p class='ocr_par' dir='ltr' id='par_1_29' title="bbox 482 2834 2085 2909">
     <span class='ocr_line' id='line_1_29' title="bbox 482 2834 2085 2909; baseline 0 -18"><span class='ocrx_word' id='word_1_396' title='bbox 482 2834 713 2891; x_wconf 89' lang='lat' dir='ltr'>homine</span> <span class='ocrx_word' id='word_1_397' title='bbox 740 2837 961 2891; x_wconf 89' lang='lat' dir='ltr'>Christo</span> <span class='ocrx_word' id='word_1_398' title='bbox 992 2838 1019 2891; x_wconf 91' lang='lat' dir='ltr'><strong>J</strong></span> <span class='ocrx_word' id='word_1_399' title='bbox 1026 2854 1142 2898; x_wconf 80' lang='lat' dir='ltr'>esu,</span> <span class='ocrx_word' id='word_1_400' title='bbox 1188 2838 1640 2909; x_wconf 87' lang='lat' dir='ltr'>quandoquidem</span> <span class='ocrx_word' id='word_1_401' title='bbox 1671 2843 1830 2892; x_wconf 85' lang='lat' dir='ltr'>extra</span> <span class='ocrx_word' id='word_1_402' title='bbox 1858 2854 1917 2891; x_wconf 85' lang='lat' dir='ltr'>se</span> <span class='ocrx_word' id='word_1_403' title='bbox 1944 2837 2085 2891; x_wconf 87' lang='lat' dir='ltr'>nihil</span> 
     </span>
    </p>
   </div>
   <div class='ocr_carea' id='block_1_30' title="bbox 2169 2828 3712 2918">
    <p class='ocr_par' dir='ltr' id='par_1_30' title="bbox 2169 2828 3712 2918">
     <span class='ocr_line' id='line_1_30' title="bbox 2169 2828 3712 2918; baseline -0.014 -17"><span class='ocrx_word' id='word_1_404' title='bbox 2169 2847 2351 2918; x_wconf 90' lang='lat' dir='ltr'>capite</span> <span class='ocrx_word' id='word_1_405' title='bbox 2379 2861 2562 2899; x_wconf 88' lang='lat' dir='ltr'>rorem</span> <span class='ocrx_word' id='word_1_406' title='bbox 2593 2843 2835 2915; x_wconf 89' lang='lat' dir='ltr'>pietatis.</span> <span class='ocrx_word' id='word_1_407' title='bbox 2859 2838 3020 2897; x_wconf 91' lang='lat' dir='ltr'>Unde</span> <span class='ocrx_word' id='word_1_408' title='bbox 3048 2844 3105 2894; x_wconf 87' lang='lat' dir='ltr'>et</span> <span class='ocrx_word' id='word_1_409' title='bbox 3134 2855 3373 2912; x_wconf 89' lang='lat' dir='ltr'>sponsus</span> <span class='ocrx_word' id='word_1_410' title='bbox 3395 2837 3451 2890; x_wconf 92' lang='lat' dir='ltr'>in</span> <span class='ocrx_word' id='word_1_411' title='bbox 3474 2828 3712 2889; x_wconf 87' lang='lat' dir='ltr'>Canticis:</span> 
     </span>
    </p>
   </div>
   <div class='ocr_carea' id='block_1_31' title="bbox 482 2920 3716 3005">
    <p class='ocr_par' dir='ltr' id='par_1_31' title="bbox 482 2920 3716 3005">
     <span class='ocr_line' id='line_1_31' title="bbox 482 2920 3716 3005; baseline -0.005 -10"><span class='ocrx_word' id='word_1_412' title='bbox 482 2931 735 2995; x_wconf 50' lang='lat' dir='ltr'>Praestat-</span> <span class='ocrx_word' id='word_1_413' title='bbox 760 2925 858 2980; x_wconf 66' lang='lat' dir='ltr'>Ait</span> <span class='ocrx_word' id='word_1_414' title='bbox 885 2926 1036 2980; x_wconf 69' lang='lat' dir='ltr'>enim</span> <span class='ocrx_word' id='word_1_415' title='bbox 1061 2945 1071 2979; x_wconf 76' lang='grc' dir='ltr'><strong>ε</strong></span> <span class='ocrx_word' id='word_1_416' title='bbox 1185 2932 1188 2936; x_wconf 17' lang='grc' dir='ltr'><strong>Α</strong></span> <span class='ocrx_word' id='word_1_417' title='bbox 2168 2936 2343 3005; x_wconf 77' lang='lat' dir='ltr'>Caput</span> <span class='ocrx_word' id='word_1_418' title='bbox 2358 2951 2540 2989; x_wconf 87' lang='lat' dir='ltr'>meum</span> <span class='ocrx_word' id='word_1_419' title='bbox 2556 2937 2787 3004; x_wconf 85' lang='lat' dir='ltr'>plenum</span> <span class='ocrx_word' id='word_1_420' title='bbox 2806 2938 2881 2986; x_wconf 88' lang='lat' dir='ltr'>est</span> <span class='ocrx_word' id='word_1_421' title='bbox 2903 2947 3044 2996; x_wconf 85' lang='lat' dir='ltr'>rore,</span> <span class='ocrx_word' id='word_1_422' title='bbox 3059 2936 3107 2984; x_wconf 86' lang='lat' dir='ltr'>et</span> <span class='ocrx_word' id='word_1_423' title='bbox 3128 2929 3387 2984; x_wconf 77' lang='lat' dir='ltr'>cincinni</span> <span class='ocrx_word' id='word_1_424' title='bbox 3398 2926 3503 2979; x_wconf 80' lang='lat' dir='ltr'>mei</span> <span class='ocrx_word' id='word_1_425' title='bbox 3515 2920 3716 2975; x_wconf 68' lang='lat' dir='ltr'>noctium</span> 
     </span>
    </p>
   </div>
   <div class='ocr_carea' id='block_1_32' title="bbox 703 3010 3718 3094">
    <p class='ocr_par' dir='ltr' id='par_1_32' title="bbox 703 3010 3718 3094">
     <span class='ocr_line' id='line_1_32' title="bbox 703 3010 3718 3094; baseline -0.005 -13"><span class='ocrx_word' id='word_1_426' title='bbox 703 3069 743 3094; x_wconf 46' lang='grc' dir='ltr'>,Α</span> <span class='ocrx_word' id='word_1_427' title='bbox 768 3071 1026 3094; x_wconf 36' lang='grc' dir='ltr'>-..κώλῳ</span> <span class='ocrx_word' id='word_1_428' title='bbox 1063 3071 1225 3094; x_wconf 47' lang='grc' dir='ltr'>ηεω</span> <span class='ocrx_word' id='word_1_429' title='bbox 1255 3085 1281 3094; x_wconf 43' lang='grc' dir='ltr'><em>η</em></span> <span class='ocrx_word' id='word_1_430' title='bbox 1311 3084 1394 3094; x_wconf 43' lang='grc' dir='ltr'>,Μ</span> <span class='ocrx_word' id='word_1_431' title='bbox 1444 3069 1521 3094; x_wconf 43' lang='grc' dir='ltr'>η,</span> <span class='ocrx_word' id='word_1_432' title='bbox 1550 3068 1644 3094; x_wconf 51' lang='grc' dir='ltr'>,ηΑ</span> <span class='ocrx_word' id='word_1_433' title='bbox 1679 3067 1899 3094; x_wconf 54' lang='lat' dir='ltr'>mum</span> <span class='ocrx_word' id='word_1_434' title='bbox 1933 3069 2063 3094; x_wconf 52' lang='lat' dir='ltr'>Mm</span> <span class='ocrx_word' id='word_1_435' title='bbox 2166 3028 2339 3094; x_wconf 84' lang='lat' dir='ltr'>guttis</span> <span class='ocrx_word' id='word_1_436' title='bbox 2378 3020 2562 3092; x_wconf 78' lang='lat' dir='ltr'>(Cant.</span> <span class='ocrx_word' id='word_1_437' title='bbox 2600 3040 2653 3088; x_wconf 90' lang='lat' dir='ltr'>v,</span> <span class='ocrx_word' id='word_1_438' title='bbox 2702 3022 2777 3089; x_wconf 73' lang='lat'>2).</span> <span class='ocrx_word' id='word_1_439' title='bbox 2822 3019 3084 3075; x_wconf 88' lang='lat' dir='ltr'>Pervenit</span> <span class='ocrx_word' id='word_1_440' title='bbox 3112 3019 3267 3073; x_wconf 90' lang='lat' dir='ltr'>enim</span> <span class='ocrx_word' id='word_1_441' title='bbox 3297 3017 3411 3071; x_wconf 69' lang='lat' dir='ltr'>hinc</span> <span class='ocrx_word' id='word_1_442' title='bbox 3439 3012 3506 3067; x_wconf 89' lang='lat' dir='ltr'>ad</span> <span class='ocrx_word' id='word_1_443' title='bbox 3546 3010 3718 3063; x_wconf 72' lang='lat' dir='ltr'>fontem</span> 
     </span>
    </p>
   </div>
   <div class='ocr_carea' id='block_1_33' title="bbox 556 3066 3711 3178">
    <p class='ocr_par' dir='ltr' id='par_1_33' title="bbox 556 3066 3711 3178">
     <span class='ocr_line' id='line_1_33' title="bbox 703 3066 3489 3094; baseline -0.007 -5"><span class='ocrx_word' id='word_1_444' title='bbox 703 3069 713 3080; x_wconf 85' lang='lat'><strong>-</strong></span> <span class='ocrx_word' id='word_1_445' title='bbox 816 3071 825 3080; x_wconf 84' lang='grc'><strong><em>.</em></strong></span> <span class='ocrx_word' id='word_1_446' title='bbox 1137 3071 1147 3081; x_wconf 91' lang='grc'><em>.</em></span> <span class='ocrx_word' id='word_1_447' title='bbox 1554 3068 1565 3079; x_wconf 92' lang='grc'><em>.</em></span> <span class='ocrx_word' id='word_1_448' title='bbox 1757 3068 1768 3079; x_wconf 93' lang='grc'><em>.</em></span> <span class='ocrx_word' id='word_1_449' title='bbox 2001 3069 2033 3080; x_wconf 94' lang='grc'><strong>..</strong></span> <span class='ocrx_word' id='word_1_450' title='bbox 2166 3066 2336 3094; x_wconf 55' lang='grc' dir='ltr'>μων</span> <span class='ocrx_word' id='word_1_451' title='bbox 2379 3066 2562 3092; x_wconf 56' lang='lat' dir='ltr'>ww...</span> <span class='ocrx_word' id='word_1_452' title='bbox 2612 3066 2653 3088; x_wconf 82' lang='lat'>.,</span> <span class='ocrx_word' id='word_1_453' title='bbox 2705 3066 2777 3089; x_wconf 73' lang='lat'>-,.</span> <span class='ocrx_word' id='word_1_454' title='bbox 2822 3066 3083 3075; x_wconf 55' lang='grc' dir='ltr'>μην----</span> <span class='ocrx_word' id='word_1_455' title='bbox 3115 3066 3267 3073; x_wconf 74' lang='lat'><em>-____</em></span> <span class='ocrx_word' id='word_1_456' title='bbox 3300 3066 3408 3071; x_wconf 62' lang='grc' dir='ltr'>η---</span> 
     </span>
     <span class='ocr_line' id='line_1_34' title="bbox 556 3066 3711 3178; baseline -0.008 -3"><span class='ocrx_word' id='word_1_457' title='bbox 556 3066 1650 3178; x_wconf 45' lang='grc' dir='ltr'>ηξῖθεῖῗῗίξίῖἶῗιῗῗίῗδῗ,ἷῖἿῇΒθ</span> <span class='ocrx_word' id='word_1_458' title='bbox 1677 3067 2082 3178; x_wconf 41' lang='grc' dir='ltr'>(ίῗιίξῗπξξξῗβ</span> <span class='ocrx_word' id='word_1_459' title='bbox 2108 3103 2152 3164; x_wconf 88' lang='lat' dir='ltr'>C</span> <span class='ocrx_word' id='word_1_460' title='bbox 2173 3114 2336 3178; x_wconf 88' lang='lat' dir='ltr'>roris,</span> <span class='ocrx_word' id='word_1_461' title='bbox 2380 3120 2437 3169; x_wconf 90' lang='lat' dir='ltr'>et</span> <span class='ocrx_word' id='word_1_462' title='bbox 2463 3113 2658 3167; x_wconf 83' lang='lat' dir='ltr'>furtim</span> <span class='ocrx_word' id='word_1_463' title='bbox 2695 3111 2885 3165; x_wconf 89' lang='lat' dir='ltr'>hausit</span> <span class='ocrx_word' id='word_1_464' title='bbox 2923 3126 2989 3164; x_wconf 85' lang='lat' dir='ltr'>ex</span> <span class='ocrx_word' id='word_1_465' title='bbox 3020 3107 3247 3163; x_wconf 87' lang='lat' dir='ltr'>ﬁinbria</span> <span class='ocrx_word' id='word_1_466' title='bbox 3274 3110 3488 3178; x_wconf 81' lang='lat' dir='ltr'>guttam</span> <span class='ocrx_word' id='word_1_467' title='bbox 3528 3094 3711 3154; x_wconf 87' lang='lat' dir='ltr'>salutis.</span> 
     </span>
    </p>
   </div>
   <div class='ocr_carea' id='block_1_34' title="bbox 487 3154 3720 3275">
    <p class='ocr_par' dir='ltr' id='par_1_34' title="bbox 487 3154 3720 3275">
     <span class='ocr_line' id='line_1_35' title="bbox 487 3154 3720 3260; baseline -0.001 -49"><span class='ocrx_word' id='word_1_468' title='bbox 487 3154 622 3226; x_wconf 88' lang='lat' dir='ltr'>quia</span> <span class='ocrx_word' id='word_1_469' title='bbox 662 3154 722 3209; x_wconf 89' lang='lat' dir='ltr'>in</span> <span class='ocrx_word' id='word_1_470' title='bbox 748 3155 845 3209; x_wconf 90' lang='lat' dir='ltr'>illo</span> <span class='ocrx_word' id='word_1_471' title='bbox 874 3157 1163 3227; x_wconf 89' lang='lat' dir='ltr'>plenitudo</span> <span class='ocrx_word' id='word_1_472' title='bbox 1193 3156 1500 3211; x_wconf 80' lang='lat' dir='ltr'>divinitatis</span> <span class='ocrx_word' id='word_1_473' title='bbox 1531 3163 1670 3223; x_wconf 88' lang='lat' dir='ltr'>erat,</span> <span class='ocrx_word' id='word_1_474' title='bbox 1705 3163 1762 3211; x_wconf 90' lang='lat' dir='ltr'>et</span> <span class='ocrx_word' id='word_1_475' title='bbox 1796 3157 1853 3211; x_wconf 91' lang='lat' dir='ltr'>in</span> <span class='ocrx_word' id='word_1_476' title='bbox 1889 3157 2090 3212; x_wconf 87' lang='lat' dir='ltr'>divini-</span> <span class='ocrx_word' id='word_1_477' title='bbox 2113 3154 2151 3164; x_wconf 78' lang='grc'><em>“”</em></span> <span class='ocrx_word' id='word_1_478' title='bbox 2172 3154 2336 3260; x_wconf 45' lang='grc' dir='ltr'>ἔψη</span> <span class='ocrx_word' id='word_1_479' title='bbox 2380 3154 2437 3169; x_wconf 78' lang='lat'>&quot;&quot;</span> <span class='ocrx_word' id='word_1_480' title='bbox 2697 3154 2885 3212; x_wconf 53' lang='lat'>&quot;&quot;2&quot;.&quot;</span> <span class='ocrx_word' id='word_1_481' title='bbox 2924 3154 2989 3164; x_wconf 74' lang='grc'>”’“</span> <span class='ocrx_word' id='word_1_482' title='bbox 3022 3154 3247 3163; x_wconf 68' lang='grc'>’“””“’“</span> <span class='ocrx_word' id='word_1_483' title='bbox 3274 3154 3499 3203; x_wconf 45' lang='lat' dir='ltr'>Vm“.</span> <span class='ocrx_word' id='word_1_484' title='bbox 3662 3185 3720 3237; x_wconf 59' lang='grc' dir='ltr'>-ιθ</span> 
     </span>
     <span class='ocr_line' id='line_1_36' title="bbox 487 3199 3716 3275; baseline -0.005 -15"><span class='ocrx_word' id='word_1_485' title='bbox 487 3248 604 3275; x_wconf 47' lang='lat'>“,0</span> <span class='ocrx_word' id='word_1_486' title='bbox 626 3244 802 3275; x_wconf 43' lang='lat' dir='ltr'><strong>Mm</strong></span> <span class='ocrx_word' id='word_1_487' title='bbox 835 3245 1377 3275; x_wconf 47' lang='grc' dir='ltr'>ΛΜηςΜιηηηΜεω</span> <span class='ocrx_word' id='word_1_488' title='bbox 1407 3245 1647 3275; x_wconf 42' lang='lat' dir='ltr'>“dum,</span> <span class='ocrx_word' id='word_1_489' title='bbox 1684 3246 1957 3275; x_wconf 43' lang='lat' dir='ltr'>mum,“</span> <span class='ocrx_word' id='word_1_490' title='bbox 1989 3263 2056 3275; x_wconf 57' lang='grc' dir='ltr'>Μ</span> <span class='ocrx_word' id='word_1_491' title='bbox 2219 3205 2425 3259; x_wconf 87' lang='lat' dir='ltr'>rofecto</span> <span class='ocrx_word' id='word_1_492' title='bbox 2465 3219 2596 3275; x_wconf 85' lang='lat' dir='ltr'>quia</span> <span class='ocrx_word' id='word_1_493' title='bbox 2629 3200 2869 3256; x_wconf 88' lang='lat' dir='ltr'>credidit</span> <span class='ocrx_word' id='word_1_494' title='bbox 2905 3199 3054 3271; x_wconf 89' lang='lat' dir='ltr'>quod</span> <span class='ocrx_word' id='word_1_495' title='bbox 3095 3201 3448 3269; x_wconf 88' lang='lat' dir='ltr'>unguentum</span> <span class='ocrx_word' id='word_1_496' title='bbox 3485 3207 3540 3245; x_wconf 82' lang='lat' dir='ltr'>in</span> <span class='ocrx_word' id='word_1_497' title='bbox 3573 3202 3676 3256; x_wconf 74' lang='lat' dir='ltr'>capi</span> <span class='ocrx_word' id='word_1_498' title='bbox 3707 3271 3716 3275; x_wconf 24' lang='grc' dir='ltr'><strong>Α</strong></span> 
     </span>
    </p>
   </div>
   <div class='ocr_carea' id='block_1_35' title="bbox 486 3244 3720 3363">
    <p class='ocr_par' dir='ltr' id='par_1_35' title="bbox 486 3244 3720 3363">
     <span class='ocr_line' id='line_1_37' title="bbox 486 3244 3720 3348; baseline -0.005 -50"><span class='ocrx_word' id='word_1_499' title='bbox 486 3248 605 3298; x_wconf 87' lang='lat' dir='ltr'>tate</span> <span class='ocrx_word' id='word_1_500' title='bbox 626 3244 804 3298; x_wconf 84' lang='lat' dir='ltr'>virtus</span> <span class='ocrx_word' id='word_1_501' title='bbox 834 3245 1383 3316; x_wconf 88' lang='lat' dir='ltr'>omnipotentissima</span> <span class='ocrx_word' id='word_1_502' title='bbox 1406 3245 1957 3317; x_wconf 86' lang='lat' dir='ltr'>pollebat.Divinitas</span> <span class='ocrx_word' id='word_1_503' title='bbox 1987 3263 2090 3301; x_wconf 90' lang='lat' dir='ltr'>au-</span> <span class='ocrx_word' id='word_1_504' title='bbox 2172 3244 2424 3348; x_wconf 58' lang='lat' dir='ltr'>:I&#39;V&#39;W‘”</span> <span class='ocrx_word' id='word_1_505' title='bbox 2465 3244 2596 3275; x_wconf 72' lang='lat'><strong>‘1“&#39;“</strong></span> <span class='ocrx_word' id='word_1_506' title='bbox 2630 3244 2869 3300; x_wconf 73' lang='lat'>‘”&quot;‘&quot;‘“,&#39;</span> <span class='ocrx_word' id='word_1_507' title='bbox 2907 3244 3054 3271; x_wconf 55' lang='grc' dir='ltr'>νη</span> <span class='ocrx_word' id='word_1_508' title='bbox 3100 3244 3448 3269; x_wconf 72' lang='lat'>&quot;&quot;°&quot;&quot;&quot;&quot;“</span> <span class='ocrx_word' id='word_1_509' title='bbox 3487 3244 3519 3245; x_wconf 67' lang='lat'><strong><em>&quot;</em></strong></span> <span class='ocrx_word' id='word_1_510' title='bbox 3561 3278 3572 3289; x_wconf 84' lang='grc'><em>,</em></span> <span class='ocrx_word' id='word_1_511' title='bbox 3630 3244 3647 3256; x_wconf 67' lang='grc' dir='ltr'>ι</span> <span class='ocrx_word' id='word_1_512' title='bbox 3687 3271 3720 3325; x_wconf 62' lang='lat' dir='ltr'>ﬁ</span> 
     </span>
     <span class='ocr_line' id='line_1_38' title="bbox 486 3285 3685 3363; baseline -0.011 4"><span class='ocrx_word' id='word_1_513' title='bbox 486 3336 599 3363; x_wconf 67' lang='lat' dir='ltr'>6am</span> <span class='ocrx_word' id='word_1_514' title='bbox 640 3332 846 3363; x_wconf 63' lang='grc' dir='ltr'>..ιιςηηη</span> <span class='ocrx_word' id='word_1_515' title='bbox 891 3339 1008 3363; x_wconf 45' lang='lat' dir='ltr'>“At</span> <span class='ocrx_word' id='word_1_516' title='bbox 1073 3334 1243 3363; x_wconf 57' lang='lat' dir='ltr'>mi..-</span> <span class='ocrx_word' id='word_1_517' title='bbox 1273 3340 1456 3363; x_wconf 58' lang='grc' dir='ltr'>ιηηηη</span> <span class='ocrx_word' id='word_1_518' title='bbox 1490 3334 1545 3363; x_wconf 56' lang='grc' dir='ltr'>ιη</span> <span class='ocrx_word' id='word_1_519' title='bbox 1579 3333 1805 3363; x_wconf 30' lang='lat' dir='ltr'>Lamb“</span> <span class='ocrx_word' id='word_1_520' title='bbox 1844 3335 2065 3363; x_wconf 44' lang='grc' dir='ltr'>ριηεηιλ</span> <span class='ocrx_word' id='word_1_521' title='bbox 2210 3295 2515 3349; x_wconf 85' lang='lat' dir='ltr'>escenderis</span> <span class='ocrx_word' id='word_1_522' title='bbox 2559 3295 2874 3363; x_wconf 88' lang='lat' dir='ltr'>pervenerit</span> <span class='ocrx_word' id='word_1_523' title='bbox 2917 3304 3097 3359; x_wconf 86' lang='lat' dir='ltr'>usque</span> <span class='ocrx_word' id='word_1_524' title='bbox 3134 3286 3209 3341; x_wconf 92' lang='lat' dir='ltr'>ad</span> <span class='ocrx_word' id='word_1_525' title='bbox 3249 3300 3405 3340; x_wconf 90' lang='lat' dir='ltr'>oram</span> <span class='ocrx_word' id='word_1_526' title='bbox 3448 3285 3685 3335; x_wconf 79' lang='lat' dir='ltr'>vestimen</span> 
     </span>
    </p>
   </div>
   <div class='ocr_carea' id='block_1_36' title="bbox 486 3332 3720 3429">
    <p class='ocr_par' dir='ltr' id='par_1_36' title="bbox 486 3332 3720 3429">
     <span class='ocr_line' id='line_1_39' title="bbox 486 3332 3720 3429; baseline 0 0"><span class='ocrx_word' id='word_1_527' title='bbox 486 3336 603 3429; x_wconf 58' lang='lat' dir='ltr'>tam</span> <span class='ocrx_word' id='word_1_528' title='bbox 640 3332 847 3404; x_wconf 67' lang='lat' dir='ltr'>ubique</span> <span class='ocrx_word' id='word_1_529' title='bbox 889 3339 1029 3388; x_wconf 48' lang='lat' dir='ltr'>erat</span> <span class='ocrx_word' id='word_1_530' title='bbox 1062 3334 1243 3429; x_wconf 52' lang='grc' dir='ltr'>ιξιίρετ</span> <span class='ocrx_word' id='word_1_531' title='bbox 1273 3340 1461 3389; x_wconf 60' lang='lat' dir='ltr'>tamen</span> <span class='ocrx_word' id='word_1_532' title='bbox 1489 3334 1549 3389; x_wconf 79' lang='grc' dir='ltr'>ίη</span> <span class='ocrx_word' id='word_1_533' title='bbox 1578 3333 1806 3429; x_wconf 58' lang='grc' dir='ltr'>ιιοτηίηες</span> <span class='ocrx_word' id='word_1_534' title='bbox 1844 3335 2085 3402; x_wconf 39' lang='lat' dir='ltr'>Christo,</span> <span class='ocrx_word' id='word_1_535' title='bbox 2172 3332 2876 3429; x_wconf 65' lang='lat'>:;:;°;&#39;:.::‘:..:.;.;;:;,:;</span> <span class='ocrx_word' id='word_1_536' title='bbox 2905 3332 3720 3429; x_wconf 55' lang='grc' dir='ltr'>έέῖτῑιῑιξξειῑέῇέο</span> 
     </span>
    </p>
   </div>
   <div class='ocr_carea' id='block_1_37' title="bbox 486 3373 3723 3506">
    <p class='ocr_par' dir='ltr' id='par_1_37' title="bbox 486 3373 3723 3506">
     <span class='ocr_line' id='line_1_40' title="bbox 489 3373 3720 3452; baseline -0.002 -18"><span class='ocrx_word' id='word_1_537' title='bbox 489 3373 603 3433; x_wconf 56' lang='lat' dir='ltr'>&quot;fu</span> <span class='ocrx_word' id='word_1_538' title='bbox 643 3373 847 3404; x_wconf 57' lang='lat'>“&quot;1&quot;”</span> <span class='ocrx_word' id='word_1_539' title='bbox 889 3373 1029 3436; x_wconf 46' lang='lat' dir='ltr'>Tum</span> <span class='ocrx_word' id='word_1_540' title='bbox 1062 3373 1231 3435; x_wconf 65' lang='lat'>“‘1&#39;”</span> <span class='ocrx_word' id='word_1_541' title='bbox 1274 3373 1461 3435; x_wconf 46' lang='lat'>“&quot;7&quot;”</span> <span class='ocrx_word' id='word_1_542' title='bbox 1489 3373 1549 3435; x_wconf 74' lang='grc'>⁵’.”</span> <span class='ocrx_word' id='word_1_543' title='bbox 1846 3373 2085 3435; x_wconf 63' lang='grc' dir='ltr'>”“”“ἶ“”</span> <span class='ocrx_word' id='word_1_544' title='bbox 2173 3387 2313 3440; x_wconf 86' lang='lat' dir='ltr'>e&#39;us.</span> <span class='ocrx_word' id='word_1_545' title='bbox 2344 3385 2460 3438; x_wconf 87' lang='lat' dir='ltr'>Hoc</span> <span class='ocrx_word' id='word_1_546' title='bbox 2484 3397 2728 3452; x_wconf 88' lang='lat' dir='ltr'>namque</span> <span class='ocrx_word' id='word_1_547' title='bbox 2749 3395 2876 3434; x_wconf 91' lang='lat' dir='ltr'>rore</span> <span class='ocrx_word' id='word_1_548' title='bbox 2905 3377 3146 3449; x_wconf 87' lang='lat' dir='ltr'>Spiritus</span> <span class='ocrx_word' id='word_1_549' title='bbox 3173 3374 3353 3430; x_wconf 90' lang='lat' dir='ltr'>sancti</span> <span class='ocrx_word' id='word_1_550' title='bbox 3382 3373 3720 3437; x_wconf 65' lang='lat'>4506111188</span> 
     </span>
     <span class='ocr_line' id='line_1_41' title="bbox 486 3403 3723 3506; baseline 0.001 -30"><span class='ocrx_word' id='word_1_551' title='bbox 486 3422 652 3477; x_wconf 87' lang='lat' dir='ltr'>aliter</span> <span class='ocrx_word' id='word_1_552' title='bbox 679 3430 869 3479; x_wconf 88' lang='lat' dir='ltr'>autem</span> <span class='ocrx_word' id='word_1_553' title='bbox 899 3442 958 3480; x_wconf 87' lang='lat' dir='ltr'>in</span> <span class='ocrx_word' id='word_1_554' title='bbox 979 3424 1204 3479; x_wconf 86' lang='lat' dir='ltr'>ﬁmbria</span> <span class='ocrx_word' id='word_1_555' title='bbox 1224 3430 1560 3479; x_wconf 79' lang='lat' dir='ltr'>vestimenti.</span> <span class='ocrx_word' id='word_1_556' title='bbox 1582 3425 1754 3479; x_wconf 91' lang='lat' dir='ltr'>Porro</span> <span class='ocrx_word' id='word_1_557' title='bbox 1782 3441 1841 3478; x_wconf 88' lang='lat' dir='ltr'>in</span> <span class='ocrx_word' id='word_1_558' title='bbox 1862 3425 2089 3480; x_wconf 89' lang='lat' dir='ltr'>homine</span> <span class='ocrx_word' id='word_1_559' title='bbox 2172 3403 2405 3506; x_wconf 41' lang='lat' dir='ltr'><strong>imm“</strong></span> <span class='ocrx_word' id='word_1_560' title='bbox 2440 3480 2652 3506; x_wconf 42' lang='lat' dir='ltr'><strong>mnum</strong></span> <span class='ocrx_word' id='word_1_561' title='bbox 2679 3468 2875 3506; x_wconf 53' lang='lat' dir='ltr'>“mlo”</span> <span class='ocrx_word' id='word_1_562' title='bbox 2908 3471 3068 3506; x_wconf 48' lang='grc' dir='ltr'>ΔΝΜ</span> <span class='ocrx_word' id='word_1_563' title='bbox 3096 3464 3250 3506; x_wconf 61' lang='lat' dir='ltr'>“Hm</span> <span class='ocrx_word' id='word_1_564' title='bbox 3268 3459 3509 3506; x_wconf 51' lang='lat' dir='ltr'>Nummi</span> <span class='ocrx_word' id='word_1_565' title='bbox 3550 3453 3723 3506; x_wconf 63' lang='lat' dir='ltr'>scilicet</span> 
     </span>
    </p>
   </div>
   <div class='ocr_carea' id='block_1_38' title="bbox 2172 3464 3703 3545">
    <p class='ocr_par' dir='ltr' id='par_1_38' title="bbox 2172 3464 3703 3545">
     <span class='ocr_line' id='line_1_42' title="bbox 2172 3464 3703 3545; baseline -0.016 -15"><span class='ocrx_word' id='word_1_566' title='bbox 2172 3475 2409 3530; x_wconf 86' lang='lat' dir='ltr'>Samson</span> <span class='ocrx_word' id='word_1_567' title='bbox 2439 3480 2656 3545; x_wconf 85' lang='lat' dir='ltr'>septem</span> <span class='ocrx_word' id='word_1_568' title='bbox 2679 3468 2880 3540; x_wconf 90' lang='lat' dir='ltr'>repleti</span> <span class='ocrx_word' id='word_1_569' title='bbox 2908 3471 3071 3521; x_wconf 89' lang='lat' dir='ltr'>erant</span> <span class='ocrx_word' id='word_1_570' title='bbox 3096 3464 3251 3519; x_wconf 90' lang='lat' dir='ltr'>illius</span> <span class='ocrx_word' id='word_1_571' title='bbox 3268 3464 3527 3522; x_wconf 59' lang='lat' dir='ltr'>Nazareni,</span> <span class='ocrx_word' id='word_1_572' title='bbox 3550 3464 3703 3510; x_wconf 85' lang='lat' dir='ltr'>scilice</span> 
     </span>
    </p>
   </div>
   <div class='ocr_carea' id='block_1_39' title="bbox 487 3511 3723 3633">
    <p class='ocr_par' dir='ltr' id='par_1_39' title="bbox 487 3511 3723 3633">
     <span class='ocr_line' id='line_1_43' title="bbox 607 3511 3527 3540; baseline -0.012 9"><span class='ocrx_word' id='word_1_573' title='bbox 607 3512 617 3522; x_wconf 90' lang='grc'><em>’</em></span> <span class='ocrx_word' id='word_1_574' title='bbox 1492 3514 1503 3524; x_wconf 82' lang='grc'><strong><em>“</em></strong></span> <span class='ocrx_word' id='word_1_575' title='bbox 2173 3511 2409 3530; x_wconf 67' lang='grc' dir='ltr'>υιιιυῦνιι</span> <span class='ocrx_word' id='word_1_576' title='bbox 2439 3511 2497 3527; x_wconf 65' lang='lat' dir='ltr'>Du</span> <span class='ocrx_word' id='word_1_577' title='bbox 2545 3511 2656 3525; x_wconf 52' lang='lat' dir='ltr'>tu...</span> <span class='ocrx_word' id='word_1_578' title='bbox 2680 3511 2697 3523; x_wconf 79' lang='grc' dir='ltr'>ι</span> <span class='ocrx_word' id='word_1_579' title='bbox 2712 3511 2880 3540; x_wconf 60' lang='lat' dir='ltr'>ur“..-</span> <span class='ocrx_word' id='word_1_580' title='bbox 2911 3511 2959 3521; x_wconf 81' lang='grc' dir='ltr'>ν.</span> <span class='ocrx_word' id='word_1_581' title='bbox 2972 3511 3070 3520; x_wconf 67' lang='grc' dir='ltr'><strong>υ...-</strong></span> <span class='ocrx_word' id='word_1_582' title='bbox 3097 3511 3250 3519; x_wconf 62' lang='lat' dir='ltr'>un..-</span> <span class='ocrx_word' id='word_1_583' title='bbox 3270 3511 3290 3519; x_wconf 85' lang='lat'>-</span> <span class='ocrx_word' id='word_1_584' title='bbox 3304 3511 3436 3517; x_wconf 52' lang='grc' dir='ltr'>..ν-,η</span> <span class='ocrx_word' id='word_1_585' title='bbox 3453 3511 3527 3522; x_wconf 57' lang='lat'>-_,,</span> 
     </span>
     <span class='ocr_line' id='line_1_44' title="bbox 487 3511 3723 3633; baseline -0.006 0"><span class='ocrx_word' id='word_1_586' title='bbox 487 3511 1544 3633; x_wconf 50' lang='grc' dir='ltr'>Ξῗῖδξῗιῗδςῗίῗμῗῗῗῗηῗῗδῗξλῗῗῗ</span> <span class='ocrx_word' id='word_1_587' title='bbox 1560 3512 2088 3633; x_wconf 56' lang='grc' dir='ltr'>ςῩθῖῗέἷΤξῗτηῗῘῗ·</span> <span class='ocrx_word' id='word_1_588' title='bbox 2169 3563 2399 3629; x_wconf 72' lang='lat' dir='ltr'>Christi.</span> <span class='ocrx_word' id='word_1_589' title='bbox 2417 3562 2475 3616; x_wconf 79' lang='lat' dir='ltr'>in</span> <span class='ocrx_word' id='word_1_590' title='bbox 2496 3511 2697 3633; x_wconf 60' lang='lat' dir='ltr'>ciuibus</span> <span class='ocrx_word' id='word_1_591' title='bbox 2719 3563 2880 3613; x_wconf 75' lang='lat' dir='ltr'>tanta</span> <span class='ocrx_word' id='word_1_592' title='bbox 2898 3557 3075 3610; x_wconf 77' lang='lat' dir='ltr'>virtus</span> <span class='ocrx_word' id='word_1_593' title='bbox 3094 3554 3303 3620; x_wconf 75' lang='lat' dir='ltr'>inerat,</span> <span class='ocrx_word' id='word_1_594' title='bbox 3322 3556 3387 3607; x_wconf 78' lang='lat' dir='ltr'>ut</span> <span class='ocrx_word' id='word_1_595' title='bbox 3410 3552 3723 3633; x_wconf 51' lang='lat' dir='ltr'>inexsupera-</span> 
     </span>
    </p>
   </div>
   <div class='ocr_carea' id='block_1_40' title="bbox 486 3603 3722 3714">
    <p class='ocr_par' dir='ltr' id='par_1_40' title="bbox 486 3603 3722 3714">
     <span class='ocr_line' id='line_1_45' title="bbox 486 3603 3722 3714; baseline -0.005 0"><span class='ocrx_word' id='word_1_596' title='bbox 486 3606 638 3714; x_wconf 44' lang='lat' dir='ltr'>itjmj</span> <span class='ocrx_word' id='word_1_597' title='bbox 651 3607 743 3714; x_wconf 42' lang='lat' dir='ltr'>fit</span> <span class='ocrx_word' id='word_1_598' title='bbox 2167 3652 2295 3707; x_wconf 89' lang='lat' dir='ltr'>bilis</span> <span class='ocrx_word' id='word_1_599' title='bbox 2325 3603 2633 3706; x_wconf 42' lang='lat' dir='ltr'>es,set.1Sed</span> <span class='ocrx_word' id='word_1_600' title='bbox 2683 3649 2817 3702; x_wconf 88' lang='lat' dir='ltr'>dum</span> <span class='ocrx_word' id='word_1_601' title='bbox 2854 3646 3048 3701; x_wconf 84' lang='lat' dir='ltr'>Dalilae</span> <span class='ocrx_word' id='word_1_602' title='bbox 3090 3644 3384 3714; x_wconf 86' lang='lat' dir='ltr'>amplexus</span> <span class='ocrx_word' id='word_1_603' title='bbox 3418 3635 3617 3711; x_wconf 64' lang='lat' dir='ltr'>quaerit.</span> <span class='ocrx_word' id='word_1_604' title='bbox 3643 3627 3722 3683; x_wconf 69' lang='grc' dir='ltr'>δεῖ·</span> 
     </span>
    </p>
   </div>
   <div class='ocr_carea' id='block_1_41' title="bbox 485 3690 3723 3802">
    <p class='ocr_par' dir='ltr' id='par_1_41' title="bbox 485 3690 3723 3802">
     <span class='ocr_line' id='line_1_46' title="bbox 1118 3690 3616 3714; baseline -0.01 4"><span class='ocrx_word' id='word_1_605' title='bbox 1118 3694 1128 3706; x_wconf 93' lang='grc'><strong>·</strong></span> <span class='ocrx_word' id='word_1_606' title='bbox 1822 3693 1833 3703; x_wconf 77' lang='grc' dir='ltr'>ι</span> <span class='ocrx_word' id='word_1_607' title='bbox 2171 3690 2295 3707; x_wconf 68' lang='lat' dir='ltr'>uiuo</span> <span class='ocrx_word' id='word_1_608' title='bbox 2325 3690 2490 3706; x_wconf 65' lang='lat' dir='ltr'>uacuu-</span> <span class='ocrx_word' id='word_1_609' title='bbox 2526 3690 2633 3706; x_wconf 73' lang='grc' dir='ltr'>υνυι</span> <span class='ocrx_word' id='word_1_610' title='bbox 2684 3690 2817 3702; x_wconf 65' lang='grc' dir='ltr'>..η-..ι</span> <span class='ocrx_word' id='word_1_611' title='bbox 2856 3690 3048 3701; x_wconf 55' lang='grc' dir='ltr'>,ιαμ-ν..</span> <span class='ocrx_word' id='word_1_612' title='bbox 3090 3690 3381 3714; x_wconf 53' lang='grc' dir='ltr'>..-ηπ-νη..-</span> <span class='ocrx_word' id='word_1_613' title='bbox 3424 3690 3488 3711; x_wconf 49' lang='grc' dir='ltr'>Ἰν</span> <span class='ocrx_word' id='word_1_614' title='bbox 3516 3690 3527 3691; x_wconf 36' lang='grc' dir='ltr'><em>γ</em></span> <span class='ocrx_word' id='word_1_615' title='bbox 3608 3690 3616 3699; x_wconf 91' lang='grc'>,</span> 
     </span>
     <span class='ocr_line' id='line_1_47' title="bbox 485 3690 3723 3802; baseline -0.008 2"><span class='ocrx_word' id='word_1_616' title='bbox 485 3690 580 3802; x_wconf 49' lang='lat'>9:,</span> <span class='ocrx_word' id='word_1_617' title='bbox 830 3709 864 3802; x_wconf 61' lang='lat'><strong>:0</strong></span> <span class='ocrx_word' id='word_1_618' title='bbox 857 3693 904 3802; x_wconf 58' lang='grc' dir='ltr'>,ἃ</span> <span class='ocrx_word' id='word_1_619' title='bbox 917 3693 1085 3802; x_wconf 46' lang='lat' dir='ltr'>-13le</span> <span class='ocrx_word' id='word_1_620' title='bbox 1264 3692 1880 3802; x_wconf 28' lang='lat' dir='ltr'>X83133&quot;???</span> <span class='ocrx_word' id='word_1_621' title='bbox 1890 3693 2087 3802; x_wconf 39' lang='lat' dir='ltr'>Ac</span> <span class='ocrx_word' id='word_1_622' title='bbox 2166 3742 2299 3797; x_wconf 88' lang='lat' dir='ltr'>licet</span> <span class='ocrx_word' id='word_1_623' title='bbox 2322 3740 2575 3795; x_wconf 58' lang='lat' dir='ltr'>Ecclesiae</span> <span class='ocrx_word' id='word_1_624' title='bbox 2597 3744 2978 3802; x_wconf 80' lang='lat' dir='ltr'>menstruosae,</span> <span class='ocrx_word' id='word_1_625' title='bbox 2999 3735 3326 3789; x_wconf 89' lang='lat' dir='ltr'>inﬁrmatur</span> <span class='ocrx_word' id='word_1_626' title='bbox 3339 3744 3512 3802; x_wconf 89' lang='lat' dir='ltr'>usque</span> <span class='ocrx_word' id='word_1_627' title='bbox 3526 3724 3591 3780; x_wconf 87' lang='lat' dir='ltr'>ad</span> <span class='ocrx_word' id='word_1_628' title='bbox 3606 3733 3723 3776; x_wconf 72' lang='lat' dir='ltr'>mor-</span> 
     </span>
    </p>
   </div>
   <div class='ocr_carea' id='block_1_42' title="bbox 484 3781 3723 3886">
    <p class='ocr_par' dir='ltr' id='par_1_42' title="bbox 484 3781 3723 3886">
     <span class='ocr_line' id='line_1_48' title="bbox 484 3781 3723 3886; baseline 0.006 -50"><span class='ocrx_word' id='word_1_629' title='bbox 484 3785 596 3848; x_wconf 91' lang='lat' dir='ltr'>tur,</span> <span class='ocrx_word' id='word_1_630' title='bbox 621 3781 885 3886; x_wconf 51' lang='lat' dir='ltr'>sedhquia</span> <span class='ocrx_word' id='word_1_631' title='bbox 907 3789 1082 3849; x_wconf 71' lang='lat' dir='ltr'>extra,</span> <span class='ocrx_word' id='word_1_632' title='bbox 1119 3783 1234 3837; x_wconf 89' lang='lat' dir='ltr'>sive</span> <span class='ocrx_word' id='word_1_633' title='bbox 1262 3784 1430 3850; x_wconf 89' lang='lat' dir='ltr'>intra,</span> <span class='ocrx_word' id='word_1_634' title='bbox 1454 3788 1652 3854; x_wconf 91' lang='lat' dir='ltr'>potens</span> <span class='ocrx_word' id='word_1_635' title='bbox 1672 3788 1830 3837; x_wconf 89' lang='lat' dir='ltr'>tenet</span> <span class='ocrx_word' id='word_1_636' title='bbox 1857 3788 1914 3836; x_wconf 91' lang='lat' dir='ltr'>et</span> <span class='ocrx_word' id='word_1_637' title='bbox 1942 3782 2088 3882; x_wconf 79' lang='lat' dir='ltr'>regit</span> <span class='ocrx_word' id='word_1_638' title='bbox 2168 3781 2299 3886; x_wconf 49' lang='grc' dir='ltr'>ἓξ</span> <span class='ocrx_word' id='word_1_639' title='bbox 2322 3781 2582 3885; x_wconf 44' lang='grc' dir='ltr'>ἒξςιζᾶ</span> <span class='ocrx_word' id='word_1_640' title='bbox 3534 3815 3629 3868; x_wconf 61' lang='lat' dir='ltr'>ista</span> <span class='ocrx_word' id='word_1_641' title='bbox 3658 3808 3723 3861; x_wconf 71' lang='lat' dir='ltr'>in.</span> 
     </span>
    </p>
   </div>
   <div class='ocr_carea' id='block_1_43' title="bbox 487 3870 2303 3945">
    <p class='ocr_par' dir='ltr' id='par_1_43' title="bbox 487 3870 2303 3945">
     <span class='ocr_line' id='line_1_49' title="bbox 487 3870 2303 3945; baseline 0.002 -21"><span class='ocrx_word' id='word_1_642' title='bbox 487 3871 698 3925; x_wconf 88' lang='lat' dir='ltr'>omnia.</span> <span class='ocrx_word' id='word_1_643' title='bbox 716 3871 1074 3945; x_wconf 72' lang='lat' dir='ltr'>Praeparetur</span> <span class='ocrx_word' id='word_1_644' title='bbox 1099 3872 1272 3944; x_wconf 87' lang='lat' dir='ltr'>igitur</span> <span class='ocrx_word' id='word_1_645' title='bbox 1289 3873 1512 3937; x_wconf 87' lang='lat' dir='ltr'>mulier,</span> <span class='ocrx_word' id='word_1_646' title='bbox 1535 3872 1593 3926; x_wconf 89' lang='lat' dir='ltr'>in</span> <span class='ocrx_word' id='word_1_647' title='bbox 1623 3872 1784 3942; x_wconf 89' lang='lat' dir='ltr'>cujus</span> <span class='ocrx_word' id='word_1_648' title='bbox 1804 3879 1939 3943; x_wconf 89' lang='lat' dir='ltr'>typo</span> <span class='ocrx_word' id='word_1_649' title='bbox 1966 3870 2088 3925; x_wconf 90' lang='lat' dir='ltr'>uni-</span> <span class='ocrx_word' id='word_1_650' title='bbox 2168 3870 2303 3945; x_wconf 57' lang='grc' dir='ltr'>ξξςςζῖ</span> 
     </span>
    </p>
   </div>
   <div class='ocr_carea' id='block_1_44' title="bbox 482 3959 2088 4032">
    <p class='ocr_par' dir='ltr' id='par_1_44' title="bbox 482 3959 2088 4032">
     <span class='ocr_line' id='line_1_50' title="bbox 482 3959 2088 4032; baseline 0 -20"><span class='ocrx_word' id='word_1_651' title='bbox 482 3959 712 4014; x_wconf 90' lang='lat' dir='ltr'>versalis</span> <span class='ocrx_word' id='word_1_652' title='bbox 749 3959 997 4016; x_wconf 88' lang='lat' dir='ltr'>Ecclesia</span> <span class='ocrx_word' id='word_1_653' title='bbox 1035 3961 1139 4017; x_wconf 87' lang='lat' dir='ltr'>sub</span> <span class='ocrx_word' id='word_1_654' title='bbox 1187 3961 1371 4032; x_wconf 90' lang='lat' dir='ltr'>specie</span> <span class='ocrx_word' id='word_1_655' title='bbox 1410 3960 1754 4031; x_wconf 87' lang='lat' dir='ltr'>designetur,</span> <span class='ocrx_word' id='word_1_656' title='bbox 1789 3964 2088 4030; x_wconf 86' lang='lat' dir='ltr'>propterea</span> 
     </span>
    </p>
   </div>
   <div class='ocr_carea' id='block_1_45' title="bbox 483 4046 1880 4121">
    <p class='ocr_par' dir='ltr' id='par_1_45' title="bbox 483 4046 1880 4121">
     <span class='ocr_line' id='line_1_51' title="bbox 483 4046 1880 4121; baseline 0 -19"><span class='ocrx_word' id='word_1_657' title='bbox 483 4046 620 4103; x_wconf 89' lang='lat' dir='ltr'>dum</span> <span class='ocrx_word' id='word_1_658' title='bbox 647 4048 785 4103; x_wconf 92' lang='lat' dir='ltr'>libet</span> <span class='ocrx_word' id='word_1_659' title='bbox 812 4067 878 4104; x_wconf 81' lang='lat' dir='ltr'>ex</span> <span class='ocrx_word' id='word_1_660' title='bbox 906 4066 973 4105; x_wconf 91' lang='lat' dir='ltr'>ea</span> <span class='ocrx_word' id='word_1_661' title='bbox 1001 4050 1268 4105; x_wconf 89' lang='lat' dir='ltr'>divinitus</span> <span class='ocrx_word' id='word_1_662' title='bbox 1296 4055 1457 4106; x_wconf 86' lang='lat' dir='ltr'>tanta</span> <span class='ocrx_word' id='word_1_663' title='bbox 1484 4049 1880 4121; x_wconf 82' lang='lat' dir='ltr'>praedicantur.</span> 
     </span>
    </p>
   </div>
   <div class='ocr_carea' id='block_1_46' title="bbox 2168 3895 3724 4004">
    <p class='ocr_par' dir='ltr' id='par_1_46' title="bbox 2168 3895 3724 4004">
     <span class='ocr_line' id='line_1_52' title="bbox 2168 3895 3724 4004; baseline -0.013 -30"><span class='ocrx_word' id='word_1_664' title='bbox 2168 3895 2426 3990; x_wconf 86' lang='lat' dir='ltr'>telligens</span> <span class='ocrx_word' id='word_1_665' title='bbox 2478 3917 2713 3972; x_wconf 89' lang='lat' dir='ltr'>accessit</span> <span class='ocrx_word' id='word_1_666' title='bbox 2756 3920 2928 3981; x_wconf 89' lang='lat' dir='ltr'>retro,</span> <span class='ocrx_word' id='word_1_667' title='bbox 2971 3924 3028 3969; x_wconf 89' lang='lat' dir='ltr'>et</span> <span class='ocrx_word' id='word_1_668' title='bbox 3077 3911 3266 3982; x_wconf 84' lang='lat' dir='ltr'>tetigit</span> <span class='ocrx_word' id='word_1_669' title='bbox 3296 3895 3724 4004; x_wconf 58' lang='lat' dir='ltr'>ﬁmbriamvesti&#39;</span> 
     </span>
    </p>
   </div>
   <div class='ocr_carea' id='block_1_47' title="bbox 2168 4000 3725 4081">
    <p class='ocr_par' dir='ltr' id='par_1_47' title="bbox 2168 4000 3725 4081">
     <span class='ocr_line' id='line_1_53' title="bbox 2168 4000 3725 4081; baseline -0.012 -18"><span class='ocrx_word' id='word_1_670' title='bbox 2168 4009 2343 4063; x_wconf 89' lang='lat' dir='ltr'>menti</span> <span class='ocrx_word' id='word_1_671' title='bbox 2361 4005 2753 4079; x_wconf 85' lang='lat' dir='ltr'>ejus.Fimbria</span> <span class='ocrx_word' id='word_1_672' title='bbox 2771 4010 2962 4060; x_wconf 90' lang='lat' dir='ltr'>autem</span> <span class='ocrx_word' id='word_1_673' title='bbox 2978 4002 3441 4057; x_wconf 86' lang='lat' dir='ltr'>vestimentorum</span> <span class='ocrx_word' id='word_1_674' title='bbox 3459 4011 3555 4051; x_wconf 89' lang='lat' dir='ltr'>nec</span> <span class='ocrx_word' id='word_1_675' title='bbox 3565 4000 3725 4081; x_wconf 51' lang='lat' dir='ltr'>immt-</span> 
     </span>
    </p>
   </div>
   <div class='ocr_carea' id='block_1_48' title="bbox 2168 4077 3724 4169">
    <p class='ocr_par' dir='ltr' id='par_1_48' title="bbox 2168 4077 3724 4169">
     <span class='ocr_line' id='line_1_54' title="bbox 2168 4077 3724 4169; baseline -0.012 -16"><span class='ocrx_word' id='word_1_676' title='bbox 2168 4098 2277 4152; x_wconf 90' lang='lat' dir='ltr'>rito</span> <span class='ocrx_word' id='word_1_677' title='bbox 2290 4077 2524 4169; x_wconf 92' lang='lat' dir='ltr'>quilibet</span> <span class='ocrx_word' id='word_1_678' title='bbox 2537 4100 2859 4150; x_wconf 88' lang='lat' dir='ltr'>sanctorum</span> <span class='ocrx_word' id='word_1_679' title='bbox 2881 4091 3262 4163; x_wconf 88' lang='lat' dir='ltr'>apostolorum</span> <span class='ocrx_word' id='word_1_680' title='bbox 3274 4077 3724 4169; x_wconf 71' lang='lat' dir='ltr'>accipitur.0inni6</span> 
     </span>
    </p>
   </div>
   <div class='ocr_carea' id='block_1_49' title="bbox 557 4168 3726 4263">
    <p class='ocr_par' dir='ltr' id='par_1_49' title="bbox 557 4168 3726 4263">
     <span class='ocr_line' id='line_1_55' title="bbox 557 4168 3726 4263; baseline -0.005 -18"><span class='ocrx_word' id='word_1_681' title='bbox 557 4190 623 4245; x_wconf 87' lang='lat' dir='ltr'>Si</span> <span class='ocrx_word' id='word_1_682' title='bbox 637 4192 1084 4262; x_wconf 84' lang='lat' dir='ltr'>tetigero,inquit,</span> <span class='ocrx_word' id='word_1_683' title='bbox 1101 4196 1192 4260; x_wconf 84' lang='lat' dir='ltr'>ﬁm</span> <span class='ocrx_word' id='word_1_684' title='bbox 1202 4195 1382 4247; x_wconf 88' lang='lat' dir='ltr'>briam</span> <span class='ocrx_word' id='word_1_685' title='bbox 1395 4196 1703 4246; x_wconf 81' lang='lat' dir='ltr'>vestimenti</span> <span class='ocrx_word' id='word_1_686' title='bbox 1713 4196 1828 4261; x_wconf 75' lang='lat' dir='ltr'>ejus</span> <span class='ocrx_word' id='word_1_687' title='bbox 1842 4195 2081 4258; x_wconf 84' lang='lat' dir='ltr'>tantum,</span> <span class='ocrx_word' id='word_1_688' title='bbox 2168 4168 2412 4259; x_wconf 87' lang='lat' dir='ltr'>namque</span> <span class='ocrx_word' id='word_1_689' title='bbox 2434 4185 2679 4241; x_wconf 90' lang='lat' dir='ltr'>Ecclesia</span> <span class='ocrx_word' id='word_1_690' title='bbox 2698 4183 3089 4237; x_wconf 87' lang='lat' dir='ltr'>vestimentum</span> <span class='ocrx_word' id='word_1_691' title='bbox 3112 4178 3322 4234; x_wconf 89' lang='lat' dir='ltr'>Christi</span> <span class='ocrx_word' id='word_1_692' title='bbox 3341 4191 3483 4247; x_wconf 71' lang='lat' dir='ltr'>saepe</span> <span class='ocrx_word' id='word_1_693' title='bbox 3508 4168 3726 4263; x_wconf 33' lang='lat' dir='ltr'>desis?&quot;</span> 
     </span>
    </p>
   </div>
   <div class='ocr_carea' id='block_1_50' title="bbox 486 4255 3725 4355">
    <p class='ocr_par' dir='ltr' id='par_1_50' title="bbox 486 4255 3725 4355">
     <span class='ocr_line' id='line_1_56' title="bbox 486 4255 3725 4355; baseline -0.004 -25"><span class='ocrx_word' id='word_1_694' title='bbox 486 4280 639 4331; x_wconf 82' lang='lat' dir='ltr'>salva</span> <span class='ocrx_word' id='word_1_695' title='bbox 659 4255 767 4332; x_wconf 78' lang='lat' dir='ltr'>ero.</span> <span class='ocrx_word' id='word_1_696' title='bbox 793 4255 1028 4334; x_wconf 66' lang='lat' dir='ltr'>Etmira</span> <span class='ocrx_word' id='word_1_697' title='bbox 1052 4255 1254 4335; x_wconf 84' lang='lat' dir='ltr'>fiducia</span> <span class='ocrx_word' id='word_1_698' title='bbox 1277 4281 1288 4334; x_wconf 72' lang='grc' dir='ltr'><strong>ι</strong></span> <span class='ocrx_word' id='word_1_699' title='bbox 1322 4282 1468 4335; x_wconf 89' lang='lat' dir='ltr'>Nam</span> <span class='ocrx_word' id='word_1_700' title='bbox 1495 4281 1554 4335; x_wconf 93' lang='lat' dir='ltr'>in</span> <span class='ocrx_word' id='word_1_701' title='bbox 1582 4281 1703 4351; x_wconf 88' lang='lat' dir='ltr'>lege</span> <span class='ocrx_word' id='word_1_702' title='bbox 1731 4255 1778 4335; x_wconf 76' lang='lat' dir='ltr'>si</span> <span class='ocrx_word' id='word_1_703' title='bbox 1805 4281 1929 4351; x_wconf 88' lang='lat' dir='ltr'>quis</span> <span class='ocrx_word' id='word_1_704' title='bbox 1961 4255 2085 4334; x_wconf 43' lang='lat' dir='ltr'>mu;</span> <span class='ocrx_word' id='word_1_705' title='bbox 2166 4283 2280 4339; x_wconf 88' lang='lat' dir='ltr'>tur,</span> <span class='ocrx_word' id='word_1_706' title='bbox 2314 4255 2371 4331; x_wconf 77' lang='lat' dir='ltr'>et</span> <span class='ocrx_word' id='word_1_707' title='bbox 2399 4276 2524 4330; x_wconf 84' lang='lat' dir='ltr'>ideo</span> <span class='ocrx_word' id='word_1_708' title='bbox 2554 4289 2776 4346; x_wconf 88' lang='lat' dir='ltr'>quoque</span> <span class='ocrx_word' id='word_1_709' title='bbox 2803 4276 2889 4326; x_wconf 90' lang='lat' dir='ltr'>est</span> <span class='ocrx_word' id='word_1_710' title='bbox 2925 4270 3075 4341; x_wconf 90' lang='lat' dir='ltr'>quod</span> <span class='ocrx_word' id='word_1_711' title='bbox 3103 4271 3453 4339; x_wconf 88' lang='lat' dir='ltr'>unguentum</span> <span class='ocrx_word' id='word_1_712' title='bbox 3486 4262 3552 4316; x_wconf 88' lang='lat' dir='ltr'>de</span> <span class='ocrx_word' id='word_1_713' title='bbox 3578 4255 3725 4355; x_wconf 54' lang='lat' dir='ltr'>calli“</span> 
     </span>
    </p>
   </div>
   <div class='ocr_carea' id='block_1_51' title="bbox 457 4348 3728 4444">
    <p class='ocr_par' dir='ltr' id='par_1_51' title="bbox 457 4348 3728 4444">
     <span class='ocr_line' id='line_1_57' title="bbox 457 4348 3728 4444; baseline -0.005 -23"><span class='ocrx_word' id='word_1_714' title='bbox 457 4365 680 4421; x_wconf 89' lang='lat' dir='ltr'>.lierem</span> <span class='ocrx_word' id='word_1_715' title='bbox 704 4374 1049 4424; x_wconf 90' lang='lat' dir='ltr'>menstruam</span> <span class='ocrx_word' id='word_1_716' title='bbox 1066 4370 1151 4424; x_wconf 91' lang='lat' dir='ltr'>vel</span> <span class='ocrx_word' id='word_1_717' title='bbox 1171 4370 1439 4424; x_wconf 87' lang='lat' dir='ltr'>ﬂuentem</span> <span class='ocrx_word' id='word_1_718' title='bbox 1462 4348 1752 4438; x_wconf 81' lang='lat' dir='ltr'>sanguine,</span> <span class='ocrx_word' id='word_1_719' title='bbox 1779 4348 1892 4423; x_wconf 71' lang='lat' dir='ltr'>sive</span> <span class='ocrx_word' id='word_1_720' title='bbox 1914 4370 2085 4440; x_wconf 90' lang='lat' dir='ltr'>quod-</span> <span class='ocrx_word' id='word_1_721' title='bbox 2104 4418 2150 4444; x_wconf 42' lang='grc' dir='ltr'><strong>ἡ</strong></span> <span class='ocrx_word' id='word_1_722' title='bbox 2171 4368 2350 4423; x_wconf 85' lang='lat' dir='ltr'>ﬂuens</span> <span class='ocrx_word' id='word_1_723' title='bbox 2369 4382 2547 4437; x_wconf 89' lang='lat' dir='ltr'>usque</span> <span class='ocrx_word' id='word_1_724' title='bbox 2568 4365 2638 4418; x_wconf 90' lang='lat' dir='ltr'>ad</span> <span class='ocrx_word' id='word_1_725' title='bbox 2655 4378 2812 4418; x_wconf 89' lang='lat' dir='ltr'>oram</span> <span class='ocrx_word' id='word_1_726' title='bbox 2832 4358 3151 4415; x_wconf 86' lang='lat' dir='ltr'>vestimenti</span> <span class='ocrx_word' id='word_1_727' title='bbox 3172 4354 3525 4444; x_wconf 82' lang='lat' dir='ltr'>descendisse</span> <span class='ocrx_word' id='word_1_728' title='bbox 3542 4348 3728 4444; x_wconf 43' lang='lat' dir='ltr'>cani?!“</span> 
     </span>
    </p>
   </div>
   <div class='ocr_carea' id='block_1_52' title="bbox 485 4427 3787 4529">
    <p class='ocr_par' dir='ltr' id='par_1_52' title="bbox 485 4427 3787 4529">
     <span class='ocr_line' id='line_1_58' title="bbox 485 4427 3787 4529; baseline -0.006 -20"><span class='ocrx_word' id='word_1_729' title='bbox 485 4470 705 4528; x_wconf 90' lang='lat' dir='ltr'>cunque</span> <span class='ocrx_word' id='word_1_730' title='bbox 732 4463 924 4524; x_wconf 60' lang='lat'>.149</span> <span class='ocrx_word' id='word_1_731' title='bbox 950 4459 1047 4514; x_wconf 86' lang='lat' dir='ltr'>illa</span> <span class='ocrx_word' id='word_1_732' title='bbox 1073 4459 1377 4529; x_wconf 87' lang='lat' dir='ltr'>tetigisset,</span> <span class='ocrx_word' id='word_1_733' title='bbox 1410 4427 1702 4512; x_wconf 58' lang='lat' dir='ltr'>immunda</span> <span class='ocrx_word' id='word_1_734' title='bbox 1730 4427 1910 4512; x_wconf 87' lang='lat' dir='ltr'>erant.</span> <span class='ocrx_word' id='word_1_735' title='bbox 1929 4427 2337 4525; x_wconf 41' lang='lat' dir='ltr'>.HachU’sat.</span> <span class='ocrx_word' id='word_1_736' title='bbox 2384 4427 2567 4520; x_wconf 61' lang='lat' dir='ltr'>exirm,</span> <span class='ocrx_word' id='word_1_737' title='bbox 2610 4452 2688 4519; x_wconf 76' lang='lat'>2),</span> <span class='ocrx_word' id='word_1_738' title='bbox 2737 4456 2802 4505; x_wconf 92' lang='lat' dir='ltr'>ut</span> <span class='ocrx_word' id='word_1_739' title='bbox 2844 4466 3038 4504; x_wconf 90' lang='lat' dir='ltr'>omnes</span> <span class='ocrx_word' id='word_1_740' title='bbox 3068 4462 3208 4519; x_wconf 90' lang='lat' dir='ltr'>quos</span> <span class='ocrx_word' id='word_1_741' title='bbox 3246 4445 3433 4500; x_wconf 85' lang='lat' dir='ltr'>divina</span> <span class='ocrx_word' id='word_1_742' title='bbox 3475 4441 3633 4494; x_wconf 89' lang='lat' dir='ltr'>virtus</span> <span class='ocrx_word' id='word_1_743' title='bbox 3655 4432 3725 4486; x_wconf 87' lang='lat' dir='ltr'>in-</span> <span class='ocrx_word' id='word_1_744' title='bbox 3782 4476 3787 4481; x_wconf 87' lang='lat'>.</span> 
     </span>
    </p>
   </div>
   <div class='ocr_carea' id='block_1_53' title="bbox 484 4529 3724 4623">
    <p class='ocr_par' dir='ltr' id='par_1_53' title="bbox 484 4529 3724 4623">
     <span class='ocr_line' id='line_1_59' title="bbox 484 4529 3724 4623; baseline -0.004 -24"><span class='ocrx_word' id='word_1_745' title='bbox 484 4561 617 4601; x_wconf 88' lang='lat' dir='ltr'>vero</span> <span class='ocrx_word' id='word_1_746' title='bbox 656 4567 667 4601; x_wconf 91' lang='lat'>:</span> <span class='ocrx_word' id='word_1_747' title='bbox 716 4548 780 4605; x_wconf 89' lang='lat' dir='ltr'>Si</span> <span class='ocrx_word' id='word_1_748' title='bbox 824 4552 1043 4617; x_wconf 83' lang='lat' dir='ltr'>tetigero</span> <span class='ocrx_word' id='word_1_749' title='bbox 1081 4550 1364 4616; x_wconf 77' lang='lat' dir='ltr'>ﬁmbriam</span> <span class='ocrx_word' id='word_1_750' title='bbox 1409 4551 1720 4602; x_wconf 83' lang='lat' dir='ltr'>vestimenti</span> <span class='ocrx_word' id='word_1_751' title='bbox 1756 4552 1889 4617; x_wconf 75' lang='lat' dir='ltr'>ejus,</span> <span class='ocrx_word' id='word_1_752' title='bbox 1930 4552 2084 4603; x_wconf 74' lang='lat' dir='ltr'>salva</span> <span class='ocrx_word' id='word_1_753' title='bbox 2168 4545 2353 4600; x_wconf 91' lang='lat' dir='ltr'>duerit</span> <span class='ocrx_word' id='word_1_754' title='bbox 2381 4545 2573 4617; x_wconf 90' lang='lat' dir='ltr'>plenos</span> <span class='ocrx_word' id='word_1_755' title='bbox 2599 4541 2841 4614; x_wconf 91' lang='lat' dir='ltr'>Spiritus</span> <span class='ocrx_word' id='word_1_756' title='bbox 2869 4538 3049 4593; x_wconf 90' lang='lat' dir='ltr'>sancti</span> <span class='ocrx_word' id='word_1_757' title='bbox 3074 4536 3259 4607; x_wconf 89' lang='lat' dir='ltr'>gratia</span> <span class='ocrx_word' id='word_1_758' title='bbox 3276 4529 3724 4623; x_wconf 33' lang='lat' dir='ltr'>non.dub.itetn.115-</span> 
     </span>
    </p>
   </div>
   <div class='ocr_carea' id='block_1_54' title="bbox 484 4618 3729 4709">
    <p class='ocr_par' dir='ltr' id='par_1_54' title="bbox 484 4618 3729 4709">
     <span class='ocr_line' id='line_1_60' title="bbox 484 4618 3729 4709; baseline -0.006 -20"><span class='ocrx_word' id='word_1_759' title='bbox 484 4650 593 4689; x_wconf 82' lang='lat' dir='ltr'>ero.</span> <span class='ocrx_word' id='word_1_760' title='bbox 635 4636 835 4708; x_wconf 90' lang='lat' dir='ltr'>Liquet</span> <span class='ocrx_word' id='word_1_761' title='bbox 870 4637 1064 4708; x_wconf 89' lang='lat' dir='ltr'>igitur,</span> <span class='ocrx_word' id='word_1_762' title='bbox 1111 4637 1263 4709; x_wconf 92' lang='lat' dir='ltr'>quod</span> <span class='ocrx_word' id='word_1_763' title='bbox 1301 4654 1431 4693; x_wconf 89' lang='lat' dir='ltr'>eum</span> <span class='ocrx_word' id='word_1_764' title='bbox 1479 4638 1656 4692; x_wconf 92' lang='lat' dir='ltr'>Deum</span> <span class='ocrx_word' id='word_1_765' title='bbox 1698 4638 1953 4699; x_wconf 85' lang='lat' dir='ltr'>credidit,</span> <span class='ocrx_word' id='word_1_766' title='bbox 1989 4637 2083 4708; x_wconf 90' lang='lat' dir='ltr'>qui</span> <span class='ocrx_word' id='word_1_767' title='bbox 2166 4636 2326 4690; x_wconf 88' lang='lat' dir='ltr'>Unde</span> <span class='ocrx_word' id='word_1_768' title='bbox 2362 4651 2490 4688; x_wconf 88' lang='lat' dir='ltr'>cum</span> <span class='ocrx_word' id='word_1_769' title='bbox 2531 4631 2765 4704; x_wconf 88' lang='lat' dir='ltr'>quilibet</span> <span class='ocrx_word' id='word_1_770' title='bbox 2808 4645 3003 4685; x_wconf 82' lang='lat' dir='ltr'>eorum</span> <span class='ocrx_word' id='word_1_771' title='bbox 3040 4626 3150 4681; x_wconf 89' lang='lat' dir='ltr'>ﬁde</span> <span class='ocrx_word' id='word_1_772' title='bbox 3198 4625 3470 4695; x_wconf 87' lang='lat' dir='ltr'>tangitur,</span> <span class='ocrx_word' id='word_1_773' title='bbox 3510 4618 3729 4673; x_wconf 69' lang='lat' dir='ltr'>doctrina</span> 
     </span>
    </p>
   </div>
   <div class='ocr_carea' id='block_1_55' title="bbox 482 4712 3730 4799">
    <p class='ocr_par' dir='ltr' id='par_1_55' title="bbox 482 4712 3730 4799">
     <span class='ocr_line' id='line_1_61' title="bbox 482 4712 3730 4799; baseline -0.005 -19"><span class='ocrx_word' id='word_1_774' title='bbox 482 4723 652 4780; x_wconf 87' lang='lat' dir='ltr'>nullis</span> <span class='ocrx_word' id='word_1_775' title='bbox 682 4727 1082 4797; x_wconf 89' lang='lat' dir='ltr'>coinquinatur</span> <span class='ocrx_word' id='word_1_776' title='bbox 1100 4727 1511 4795; x_wconf 89' lang='lat' dir='ltr'>sordibus,imo</span> <span class='ocrx_word' id='word_1_777' title='bbox 1533 4727 1805 4798; x_wconf 77' lang='lat' dir='ltr'>abstergit</span> <span class='ocrx_word' id='word_1_778' title='bbox 1830 4729 2078 4793; x_wconf 88' lang='lat' dir='ltr'>vulnera,</span> <span class='ocrx_word' id='word_1_779' title='bbox 2167 4724 2365 4778; x_wconf 89' lang='lat' dir='ltr'>salutis</span> <span class='ocrx_word' id='word_1_780' title='bbox 2412 4722 2691 4777; x_wconf 89' lang='lat' dir='ltr'>hauritur.</span> <span class='ocrx_word' id='word_1_781' title='bbox 2736 4721 2818 4775; x_wconf 92' lang='lat' dir='ltr'>De</span> <span class='ocrx_word' id='word_1_782' title='bbox 2861 4718 3063 4790; x_wconf 91' lang='lat' dir='ltr'>quibus</span> <span class='ocrx_word' id='word_1_783' title='bbox 3111 4731 3214 4787; x_wconf 89' lang='lat' dir='ltr'>per</span> <span class='ocrx_word' id='word_1_784' title='bbox 3254 4713 3580 4786; x_wconf 79' lang='lat' dir='ltr'>prophetam</span> <span class='ocrx_word' id='word_1_785' title='bbox 3623 4712 3730 4799; x_wconf 31' lang='lat'>{06.3.</span> 
     </span>
    </p>
   </div>
   <div class='ocr_carea' id='block_1_56' title="bbox 484 4792 3729 4889">
    <p class='ocr_par' dir='ltr' id='par_1_56' title="bbox 484 4792 3729 4889">
     <span class='ocr_line' id='line_1_62' title="bbox 484 4792 3729 4889; baseline -0.007 -21"><span class='ocrx_word' id='word_1_786' title='bbox 484 4814 754 4869; x_wconf 89' lang='lat' dir='ltr'>emundat</span> <span class='ocrx_word' id='word_1_787' title='bbox 770 4792 1249 4883; x_wconf 79' lang='lat' dir='ltr'>immunditias,et</span> <span class='ocrx_word' id='word_1_788' title='bbox 1267 4792 1564 4889; x_wconf 86' lang='lat' dir='ltr'>languores</span> <span class='ocrx_word' id='word_1_789' title='bbox 1584 4792 1799 4871; x_wconf 71' lang='lat' dir='ltr'>vacuat.</span> <span class='ocrx_word' id='word_1_790' title='bbox 1818 4817 1922 4871; x_wconf 87' lang='lat' dir='ltr'>Sed</span> <span class='ocrx_word' id='word_1_791' title='bbox 1946 4834 2085 4871; x_wconf 90' lang='lat' dir='ltr'>nun-</span> <span class='ocrx_word' id='word_1_792' title='bbox 2164 4813 2341 4884; x_wconf 88' lang='lat' dir='ltr'>patris</span> <span class='ocrx_word' id='word_1_793' title='bbox 2372 4812 2441 4866; x_wconf 92' lang='lat' dir='ltr'>ad</span> <span class='ocrx_word' id='word_1_794' title='bbox 2465 4812 2642 4866; x_wconf 89' lang='lat' dir='ltr'>ﬁlium</span> <span class='ocrx_word' id='word_1_795' title='bbox 2675 4831 2690 4865; x_wconf 93' lang='lat'><strong><em>:</em></strong></span> <span class='ocrx_word' id='word_1_796' title='bbox 2734 4812 2852 4864; x_wconf 81' lang='lat' dir='ltr'>Vivo</span> <span class='ocrx_word' id='word_1_797' title='bbox 2883 4824 2992 4877; x_wconf 86' lang='lat' dir='ltr'>ego,</span> <span class='ocrx_word' id='word_1_798' title='bbox 3020 4809 3154 4876; x_wconf 81' lang='lat' dir='ltr'>quia</span> <span class='ocrx_word' id='word_1_799' title='bbox 3183 4806 3441 4858; x_wconf 82' lang='lat' dir='ltr'>omnibus</span> <span class='ocrx_word' id='word_1_800' title='bbox 3478 4801 3558 4853; x_wconf 82' lang='lat' dir='ltr'>his</span> <span class='ocrx_word' id='word_1_801' title='bbox 3586 4792 3729 4888; x_wconf 69' lang='lat' dir='ltr'>veluti</span> 
     </span>
    </p>
   </div>
   <div class='ocr_carea' id='block_1_57' title="bbox 483 4891 3729 4978">
    <p class='ocr_par' dir='ltr' id='par_1_57' title="bbox 483 4891 3729 4978">
     <span class='ocr_line' id='line_1_63' title="bbox 483 4891 3729 4978; baseline -0.005 -20"><span class='ocrx_word' id='word_1_802' title='bbox 483 4903 617 4976; x_wconf 90' lang='lat' dir='ltr'>quid</span> <span class='ocrx_word' id='word_1_803' title='bbox 638 4919 750 4959; x_wconf 91' lang='lat' dir='ltr'>non</span> <span class='ocrx_word' id='word_1_804' title='bbox 780 4904 902 4959; x_wconf 90' lang='lat' dir='ltr'>sine</span> <span class='ocrx_word' id='word_1_805' title='bbox 929 4910 1083 4960; x_wconf 89' lang='lat' dir='ltr'>tactu</span> <span class='ocrx_word' id='word_1_806' title='bbox 1113 4908 1253 4977; x_wconf 90' lang='lat' dir='ltr'>ejus,</span> <span class='ocrx_word' id='word_1_807' title='bbox 1276 4907 1328 4962; x_wconf 90' lang='lat' dir='ltr'>ei</span> <span class='ocrx_word' id='word_1_808' title='bbox 1361 4912 1625 4978; x_wconf 79' lang='lat' dir='ltr'>praestare</span> <span class='ocrx_word' id='word_1_809' title='bbox 1656 4912 1909 4977; x_wconf 84' lang='lat' dir='ltr'>poterat;</span> <span class='ocrx_word' id='word_1_810' title='bbox 1947 4923 2084 4977; x_wconf 79' lang='lat' dir='ltr'>prae-</span> <span class='ocrx_word' id='word_1_811' title='bbox 2164 4905 2480 4957; x_wconf 79' lang='lat' dir='ltr'>vestimento</span> <span class='ocrx_word' id='word_1_812' title='bbox 2524 4903 2772 4955; x_wconf 79' lang='lat' dir='ltr'>vestieris</span> <span class='ocrx_word' id='word_1_813' title='bbox 2804 4899 2928 4971; x_wconf 87' lang='lat' dir='ltr'>(lsa.</span> <span class='ocrx_word' id='word_1_814' title='bbox 2962 4910 3106 4962; x_wconf 76' lang='lat' dir='ltr'>XLIX,</span> <span class='ocrx_word' id='word_1_815' title='bbox 3149 4891 3255 4967; x_wconf 82' lang='grc'>18).</span> <span class='ocrx_word' id='word_1_816' title='bbox 3300 4892 3399 4948; x_wconf 85' lang='lat' dir='ltr'>Isti</span> <span class='ocrx_word' id='word_1_817' title='bbox 3437 4894 3561 4945; x_wconf 88' lang='lat' dir='ltr'>sunt</span> <span class='ocrx_word' id='word_1_818' title='bbox 3595 4895 3729 4978; x_wconf 59' lang='lat' dir='ltr'>egw-</span> 
     </span>
    </p>
   </div>
   <div class='ocr_carea' id='block_1_58' title="bbox 480 4972 3729 5071">
    <p class='ocr_par' dir='ltr' id='par_1_58' title="bbox 480 4972 3729 5071">
     <span class='ocr_line' id='line_1_64' title="bbox 480 4972 3729 5071; baseline -0.004 -22"><span class='ocrx_word' id='word_1_819' title='bbox 480 4972 675 5050; x_wconf 36' lang='lat' dir='ltr'>s‘ertim</span> <span class='ocrx_word' id='word_1_820' title='bbox 701 5010 829 5050; x_wconf 89' lang='lat' dir='ltr'>cum</span> <span class='ocrx_word' id='word_1_821' title='bbox 856 5010 957 5049; x_wconf 89' lang='lat' dir='ltr'>nec</span> <span class='ocrx_word' id='word_1_822' title='bbox 986 5008 1043 5050; x_wconf 89' lang='lat' dir='ltr'>se</span> <span class='ocrx_word' id='word_1_823' title='bbox 1066 4972 1220 5068; x_wconf 80' lang='lat' dir='ltr'>tangi</span> <span class='ocrx_word' id='word_1_824' title='bbox 1244 4995 1313 5051; x_wconf 90' lang='lat' dir='ltr'>ab</span> <span class='ocrx_word' id='word_1_825' title='bbox 1333 4972 1398 5051; x_wconf 78' lang='lat' dir='ltr'>eo</span> <span class='ocrx_word' id='word_1_826' title='bbox 1418 4972 1682 5067; x_wconf 77' lang='lat' dir='ltr'>postulat,</span> <span class='ocrx_word' id='word_1_827' title='bbox 1709 4996 1803 5049; x_wconf 91' lang='lat' dir='ltr'>sed</span> <span class='ocrx_word' id='word_1_828' title='bbox 1832 4972 2084 5066; x_wconf 28' lang='lat' dir='ltr'>ipsavcin-</span> <span class='ocrx_word' id='word_1_829' title='bbox 2165 4993 2314 5058; x_wconf 90' lang='lat' dir='ltr'>dem,</span> <span class='ocrx_word' id='word_1_830' title='bbox 2354 4996 2420 5045; x_wconf 90' lang='lat' dir='ltr'>ut</span> <span class='ocrx_word' id='word_1_831' title='bbox 2456 4991 2589 5055; x_wconf 85' lang='lat' dir='ltr'>dixi,</span> <span class='ocrx_word' id='word_1_832' title='bbox 2622 4988 2862 5045; x_wconf 91' lang='lat' dir='ltr'>cincinni</span> <span class='ocrx_word' id='word_1_833' title='bbox 2911 4985 3086 5058; x_wconf 88' lang='lat' dir='ltr'>guttis</span> <span class='ocrx_word' id='word_1_834' title='bbox 3124 4984 3373 5039; x_wconf 88' lang='lat' dir='ltr'>noctium</span> <span class='ocrx_word' id='word_1_835' title='bbox 3421 4972 3729 5071; x_wconf 44' lang='lat' dir='ltr'>pleniLdlllf</span> 
     </span>
    </p>
   </div>
   <div class='ocr_carea' id='block_1_59' title="bbox 479 5062 3730 5155">
    <p class='ocr_par' dir='ltr' id='par_1_59' title="bbox 479 5062 3730 5155">
     <span class='ocr_line' id='line_1_65' title="bbox 479 5062 3730 5155; baseline -0.006 -14"><span class='ocrx_word' id='word_1_836' title='bbox 479 5083 710 5141; x_wconf 89' lang='lat' dir='ltr'>cinnum</span> <span class='ocrx_word' id='word_1_837' title='bbox 733 5084 1051 5139; x_wconf 89' lang='lat' dir='ltr'>vestimenti</span> <span class='ocrx_word' id='word_1_838' title='bbox 1074 5101 1138 5140; x_wconf 87' lang='lat' dir='ltr'>ex</span> <span class='ocrx_word' id='word_1_839' title='bbox 1159 5062 1268 5141; x_wconf 79' lang='lat' dir='ltr'>ﬁde</span> <span class='ocrx_word' id='word_1_840' title='bbox 1288 5062 1481 5139; x_wconf 76' lang='lat' dir='ltr'>furtim</span> <span class='ocrx_word' id='word_1_841' title='bbox 1503 5072 1737 5155; x_wconf 85' lang='lat' dir='ltr'>tangere</span> <span class='ocrx_word' id='word_1_842' title='bbox 1760 5062 2081 5154; x_wconf 69' lang='lat' dir='ltr'>priesumit?</span> <span class='ocrx_word' id='word_1_843' title='bbox 2164 5098 2401 5153; x_wconf 88' lang='lat' dir='ltr'>sponsus</span> <span class='ocrx_word' id='word_1_844' title='bbox 2434 5082 2620 5153; x_wconf 87' lang='lat' dir='ltr'>pulsat</span> <span class='ocrx_word' id='word_1_845' title='bbox 2656 5080 2723 5134; x_wconf 91' lang='lat' dir='ltr'>ad</span> <span class='ocrx_word' id='word_1_846' title='bbox 2766 5078 2993 5139; x_wconf 90' lang='lat' dir='ltr'>ostium,</span> <span class='ocrx_word' id='word_1_847' title='bbox 3029 5092 3170 5147; x_wconf 89' lang='lat' dir='ltr'>quos</span> <span class='ocrx_word' id='word_1_848' title='bbox 3210 5073 3514 5128; x_wconf 89' lang='lat' dir='ltr'>admodum</span> <span class='ocrx_word' id='word_1_849' title='bbox 3550 5062 3730 5121; x_wconf 65' lang='lat' dir='ltr'>Christi</span> 
     </span>
    </p>
   </div>
   <div class='ocr_carea' id='block_1_60' title="bbox 478 5155 3729 5246">
    <p class='ocr_par' dir='ltr' id='par_1_60' title="bbox 478 5155 3729 5246">
     <span class='ocr_line' id='line_1_66' title="bbox 478 5155 3729 5246; baseline -0.003 -16"><span class='ocrx_word' id='word_1_850' title='bbox 478 5174 653 5231; x_wconf 89' lang='lat' dir='ltr'>Istinc</span> <span class='ocrx_word' id='word_1_851' title='bbox 674 5174 848 5246; x_wconf 90' lang='lat' dir='ltr'>igitur</span> <span class='ocrx_word' id='word_1_852' title='bbox 866 5174 1063 5246; x_wconf 84' lang='lat' dir='ltr'>liquet,</span> <span class='ocrx_word' id='word_1_853' title='bbox 1082 5175 1229 5246; x_wconf 89' lang='lat' dir='ltr'>quod</span> <span class='ocrx_word' id='word_1_854' title='bbox 1253 5174 1458 5246; x_wconf 90' lang='lat' dir='ltr'>passim</span> <span class='ocrx_word' id='word_1_855' title='bbox 1480 5174 1539 5229; x_wconf 91' lang='lat' dir='ltr'>in</span> <span class='ocrx_word' id='word_1_856' title='bbox 1562 5174 1858 5244; x_wconf 85' lang='lat' dir='ltr'>Evangelio</span> <span class='ocrx_word' id='word_1_857' title='bbox 1880 5179 2083 5245; x_wconf 82' lang='lat' dir='ltr'>myste-</span> <span class='ocrx_word' id='word_1_858' title='bbox 2164 5171 2406 5227; x_wconf 76' lang='lat' dir='ltr'>Ecclesia</span> <span class='ocrx_word' id='word_1_859' title='bbox 2436 5170 2641 5241; x_wconf 88' lang='lat' dir='ltr'>ubique</span> <span class='ocrx_word' id='word_1_860' title='bbox 2672 5170 2781 5224; x_wconf 86' lang='lat' dir='ltr'>ﬁde</span> <span class='ocrx_word' id='word_1_861' title='bbox 2807 5173 3046 5239; x_wconf 89' lang='lat' dir='ltr'>tangens</span> <span class='ocrx_word' id='word_1_862' title='bbox 3074 5166 3375 5221; x_wconf 89' lang='lat' dir='ltr'>conﬁtetur</span> <span class='ocrx_word' id='word_1_863' title='bbox 3400 5176 3411 5209; x_wconf 77' lang='grc' dir='ltr'><strong>ε</strong></span> <span class='ocrx_word' id='word_1_864' title='bbox 3441 5159 3504 5214; x_wconf 83' lang='lat' dir='ltr'>Si</span> <span class='ocrx_word' id='word_1_865' title='bbox 3538 5155 3729 5246; x_wconf 55' lang='grc' dir='ltr'>ἰᾷείθέτξθ</span> 
     </span>
    </p>
   </div>
   <div class='ocr_carea' id='block_1_61' title="bbox 477 5244 3730 5335">
    <p class='ocr_par' dir='ltr' id='par_1_61' title="bbox 477 5244 3730 5335">
     <span class='ocr_line' id='line_1_67' title="bbox 477 5244 3730 5335; baseline -0.006 -16"><span class='ocrx_word' id='word_1_866' title='bbox 477 5264 579 5319; x_wconf 86' lang='lat' dir='ltr'>riis</span> <span class='ocrx_word' id='word_1_867' title='bbox 611 5269 669 5319; x_wconf 91' lang='lat' dir='ltr'>et</span> <span class='ocrx_word' id='word_1_868' title='bbox 702 5244 872 5320; x_wconf 76' lang='lat' dir='ltr'>rebus</span> <span class='ocrx_word' id='word_1_869' title='bbox 891 5244 1078 5318; x_wconf 81' lang='lat' dir='ltr'>divina</span> <span class='ocrx_word' id='word_1_870' title='bbox 1100 5244 1511 5334; x_wconf 76' lang='lat' dir='ltr'>praedicantur;</span> <span class='ocrx_word' id='word_1_871' title='bbox 1546 5272 1842 5335; x_wconf 84' lang='lat' dir='ltr'>propterea</span> <span class='ocrx_word' id='word_1_872' title='bbox 1871 5268 1926 5316; x_wconf 89' lang='lat' dir='ltr'>et</span> <span class='ocrx_word' id='word_1_873' title='bbox 1964 5263 2080 5319; x_wconf 78' lang='lat' dir='ltr'>haec</span> <span class='ocrx_word' id='word_1_874' title='bbox 2167 5267 2389 5317; x_wconf 85' lang='lat' dir='ltr'>tantum</span> <span class='ocrx_word' id='word_1_875' title='bbox 2408 5263 2790 5314; x_wconf 77' lang='lat' dir='ltr'>vestimentum</span> <span class='ocrx_word' id='word_1_876' title='bbox 2813 5262 2948 5327; x_wconf 71' lang='lat' dir='ltr'>eius.</span> <span class='ocrx_word' id='word_1_877' title='bbox 2967 5260 3120 5311; x_wconf 82' lang='lat' dir='ltr'>salva</span> <span class='ocrx_word' id='word_1_878' title='bbox 3142 5271 3249 5309; x_wconf 79' lang='lat' dir='ltr'>ero.</span> <span class='ocrx_word' id='word_1_879' title='bbox 3271 5251 3415 5318; x_wconf 88' lang='lat' dir='ltr'>Quia</span> <span class='ocrx_word' id='word_1_880' title='bbox 3436 5264 3533 5321; x_wconf 88' lang='lat' dir='ltr'>per</span> <span class='ocrx_word' id='word_1_881' title='bbox 3558 5244 3730 5299; x_wconf 73' lang='lat' dir='ltr'>doctri-</span> 
     </span>
    </p>
   </div>
   <div class='ocr_carea' id='block_1_62' title="bbox 479 5335 3728 5425">
    <p class='ocr_par' dir='ltr' id='par_1_62' title="bbox 479 5335 3728 5425">
     <span class='ocr_line' id='line_1_68' title="bbox 479 5335 3728 5425; baseline -0.008 -17"><span class='ocrx_word' id='word_1_882' title='bbox 479 5353 732 5424; x_wconf 89' lang='lat' dir='ltr'>tetigisse</span> <span class='ocrx_word' id='word_1_883' title='bbox 782 5369 983 5425; x_wconf 91' lang='lat' dir='ltr'>nempe</span> <span class='ocrx_word' id='word_1_884' title='bbox 1029 5353 1254 5419; x_wconf 89' lang='lat' dir='ltr'>dicitur,</span> <span class='ocrx_word' id='word_1_885' title='bbox 1292 5357 1358 5407; x_wconf 93' lang='lat' dir='ltr'>ut</span> <span class='ocrx_word' id='word_1_886' title='bbox 1406 5352 1543 5406; x_wconf 86' lang='lat' dir='ltr'>ﬁdes</span> <span class='ocrx_word' id='word_1_887' title='bbox 1597 5370 1707 5423; x_wconf 89' lang='lat' dir='ltr'>qua</span> <span class='ocrx_word' id='word_1_888' title='bbox 1748 5352 2002 5407; x_wconf 83' lang='lat' dir='ltr'>Christus</span> <span class='ocrx_word' id='word_1_889' title='bbox 2048 5370 2083 5407; x_wconf 88' lang='lat' dir='ltr'>a</span> <span class='ocrx_word' id='word_1_890' title='bbox 2164 5368 2295 5406; x_wconf 89' lang='lat' dir='ltr'>nam</span> <span class='ocrx_word' id='word_1_891' title='bbox 2317 5367 2555 5405; x_wconf 89' lang='lat' dir='ltr'>eoruma</span> <span class='ocrx_word' id='word_1_892' title='bbox 2574 5349 2727 5403; x_wconf 85' lang='lat' dir='ltr'>ﬂuxu</span> <span class='ocrx_word' id='word_1_893' title='bbox 2748 5335 3728 5402; x_wconf 79' lang='lat' dir='ltr'>inﬁdelitatissalvatiLr.Retroautem</span> 
     </span>
    </p>
   </div>
   <div class='ocr_carea' id='block_1_63' title="bbox 480 5427 3730 5513">
    <p class='ocr_par' dir='ltr' id='par_1_63' title="bbox 480 5427 3730 5513">
     <span class='ocr_line' id='line_1_69' title="bbox 480 5427 3730 5513; baseline -0.003 -15"><span class='ocrx_word' id='word_1_894' title='bbox 480 5443 596 5499; x_wconf 84' lang='lat' dir='ltr'>suis</span> <span class='ocrx_word' id='word_1_895' title='bbox 619 5443 870 5513; x_wconf 88' lang='lat' dir='ltr'>tangitur</span> <span class='ocrx_word' id='word_1_896' title='bbox 884 5443 1018 5497; x_wconf 75' lang='lat' dir='ltr'>luce</span> <span class='ocrx_word' id='word_1_897' title='bbox 1041 5442 1247 5497; x_wconf 90' lang='lat' dir='ltr'>clarius</span> <span class='ocrx_word' id='word_1_898' title='bbox 1266 5445 1564 5496; x_wconf 89' lang='lat' dir='ltr'>reseretur.</span> <span class='ocrx_word' id='word_1_899' title='bbox 1595 5443 1876 5505; x_wconf 86' lang='lat' dir='ltr'>Quantum</span> <span class='ocrx_word' id='word_1_900' title='bbox 1910 5442 2080 5512; x_wconf 88' lang='lat' dir='ltr'>igitur</span> <span class='ocrx_word' id='word_1_901' title='bbox 2160 5441 2361 5510; x_wconf 90' lang='lat' dir='ltr'>tangit,</span> <span class='ocrx_word' id='word_1_902' title='bbox 2400 5441 2545 5495; x_wconf 91' lang='lat' dir='ltr'>sicut</span> <span class='ocrx_word' id='word_1_903' title='bbox 2572 5439 2705 5506; x_wconf 81' lang='lat' dir='ltr'>dixi,</span> <span class='ocrx_word' id='word_1_904' title='bbox 2746 5438 2880 5511; x_wconf 89' lang='lat' dir='ltr'>quia</span> <span class='ocrx_word' id='word_1_905' title='bbox 2907 5442 3033 5510; x_wconf 88' lang='lat' dir='ltr'>post</span> <span class='ocrx_word' id='word_1_906' title='bbox 3060 5434 3440 5491; x_wconf 88' lang='lat' dir='ltr'>ascensionem</span> <span class='ocrx_word' id='word_1_907' title='bbox 3472 5427 3605 5499; x_wconf 64' lang='lat' dir='ltr'>ejus,</span> <span class='ocrx_word' id='word_1_908' title='bbox 3632 5431 3730 5513; x_wconf 59' lang='lat' dir='ltr'>“ref</span> 
     </span>
    </p>
   </div>
   <div class='ocr_carea' id='block_1_64' title="bbox 483 5511 3725 5603">
    <p class='ocr_par' dir='ltr' id='par_1_64' title="bbox 483 5511 3725 5603">
     <span class='ocr_line' id='line_1_70' title="bbox 483 5511 3725 5603; baseline -0.005 -16"><span class='ocrx_word' id='word_1_909' title='bbox 483 5531 553 5587; x_wconf 89' lang='lat' dir='ltr'>ad</span> <span class='ocrx_word' id='word_1_910' title='bbox 588 5511 885 5587; x_wconf 73' lang='lat' dir='ltr'>historiam</span> <span class='ocrx_word' id='word_1_911' title='bbox 913 5530 1135 5598; x_wconf 88' lang='lat' dir='ltr'>attinet,</span> <span class='ocrx_word' id='word_1_912' title='bbox 1168 5531 1300 5603; x_wconf 89' lang='lat' dir='ltr'>quia</span> <span class='ocrx_word' id='word_1_913' title='bbox 1337 5546 1396 5585; x_wconf 89' lang='lat' dir='ltr'>se</span> <span class='ocrx_word' id='word_1_914' title='bbox 1443 5529 1730 5601; x_wconf 89' lang='lat' dir='ltr'>indignam</span> <span class='ocrx_word' id='word_1_915' title='bbox 1769 5511 2077 5601; x_wconf 87' lang='lat' dir='ltr'>judicabat,</span> <span class='ocrx_word' id='word_1_916' title='bbox 2161 5531 2326 5602; x_wconf 86' lang='lat' dir='ltr'>didit,</span> <span class='ocrx_word' id='word_1_917' title='bbox 2347 5547 2447 5586; x_wconf 92' lang='lat' dir='ltr'>seu</span> <span class='ocrx_word' id='word_1_918' title='bbox 2478 5531 2610 5603; x_wconf 89' lang='lat' dir='ltr'>quia</span> <span class='ocrx_word' id='word_1_919' title='bbox 2633 5530 2845 5585; x_wconf 90' lang='lat' dir='ltr'>dictum</span> <span class='ocrx_word' id='word_1_920' title='bbox 2875 5534 2961 5584; x_wconf 90' lang='lat' dir='ltr'>est</span> <span class='ocrx_word' id='word_1_921' title='bbox 2988 5547 3000 5582; x_wconf 87' lang='lat'><strong>:</strong></span> <span class='ocrx_word' id='word_1_922' title='bbox 3037 5528 3101 5584; x_wconf 92' lang='lat' dir='ltr'>Si</span> <span class='ocrx_word' id='word_1_923' title='bbox 3127 5528 3252 5598; x_wconf 87' lang='lat' dir='ltr'>quis</span> <span class='ocrx_word' id='word_1_924' title='bbox 3281 5521 3423 5577; x_wconf 85' lang='lat' dir='ltr'>mihi</span> <span class='ocrx_word' id='word_1_925' title='bbox 3448 5511 3725 5572; x_wconf 65' lang='lat' dir='ltr'>ministrat,</span> 
     </span>
    </p>
   </div>
   <div class='ocr_carea' id='block_1_65' title="bbox 488 5606 3727 5693">
    <p class='ocr_par' dir='ltr' id='par_1_65' title="bbox 488 5606 3727 5693">
     <span class='ocr_line' id='line_1_71' title="bbox 488 5606 3727 5693; baseline -0.006 -15"><span class='ocrx_word' id='word_1_926' title='bbox 488 5620 694 5684; x_wconf 82' lang='lat' dir='ltr'>idcirco</span> <span class='ocrx_word' id='word_1_927' title='bbox 723 5625 877 5680; x_wconf 85' lang='lat' dir='ltr'>retro</span> <span class='ocrx_word' id='word_1_928' title='bbox 923 5620 1222 5678; x_wconf 85' lang='lat' dir='ltr'>accessisse</span> <span class='ocrx_word' id='word_1_929' title='bbox 1269 5620 1489 5687; x_wconf 86' lang='lat' dir='ltr'>dicitur,</span> <span class='ocrx_word' id='word_1_930' title='bbox 1534 5628 1648 5675; x_wconf 77' lang='lat' dir='ltr'>nan</span> <span class='ocrx_word' id='word_1_931' title='bbox 1678 5621 1826 5693; x_wconf 87' lang='lat' dir='ltr'>quod</span> <span class='ocrx_word' id='word_1_932' title='bbox 1862 5620 2084 5691; x_wconf 83' lang='lat' dir='ltr'>ignoret</span> <span class='ocrx_word' id='word_1_933' title='bbox 2162 5637 2248 5677; x_wconf 87' lang='lat' dir='ltr'>me</span> <span class='ocrx_word' id='word_1_934' title='bbox 2272 5627 2536 5692; x_wconf 83' lang='lat' dir='ltr'>sequatur</span> <span class='ocrx_word' id='word_1_935' title='bbox 2559 5621 2730 5691; x_wconf 84' lang='lat' dir='ltr'>(Joan.</span> <span class='ocrx_word' id='word_1_936' title='bbox 2759 5630 2858 5689; x_wconf 79' lang='lat' dir='ltr'>x11,</span> <span class='ocrx_word' id='word_1_937' title='bbox 2881 5617 3001 5689; x_wconf 84' lang='lat'>26);</span> <span class='ocrx_word' id='word_1_938' title='bbox 3035 5622 3092 5674; x_wconf 89' lang='lat' dir='ltr'>et</span> <span class='ocrx_word' id='word_1_939' title='bbox 3117 5615 3249 5673; x_wconf 90' lang='lat' dir='ltr'>alibi</span> <span class='ocrx_word' id='word_1_940' title='bbox 3282 5614 3445 5671; x_wconf 81' lang='lat' dir='ltr'>:Post</span> <span class='ocrx_word' id='word_1_941' title='bbox 3459 5606 3727 5666; x_wconf 81' lang='lat' dir='ltr'>Dominum</span> 
     </span>
    </p>
   </div>
  </div>
