3918 6176
207 231 295 292 385

974 223 1355 280 EXPOSITIO
1394 223 1472 279 IN
1510 221 1953 285 MATTHEUM.
1999 254 2062 264 —
2103 225 2239 281 LIB.
2284 225 2350 293 V,
2393 226 2551 283 CAP.
2592 225 2686 285 IX.

3356 235 3461 294 386

202 361 352 415 Deum
383 359 551 409 tuum
576 353 900 408 ambutatis.
922 349 1082 405 Unde
1111 347 1334 420 Moyses
1354 349 1667 419 posteriora
1686 348 1856 408 DeiA
1874 346 2083 413 fetoris,
2116 366 2219 405 nec
2260 349 2486 405 auditus
2526 351 2853 422 coinquinat
2892 354 3152 415 humanae
3177 362 3461 433 οοηωείο.

202 446 376 502 videns
394 458 666 499 coruscus
692 441 762 495 de
779 444 969 494 monte
989 438 1295 493 descendit.

257 538 321 591 At
357 536 516 589 Jesus
545 547 855 596 conversus,
885 535 933 583 et
960 530 1148 582 videns
1179 544 1317 592 eam,
1342 528 1486 580 dixit
1507 543 1522 578 :
1545 524 1782 591 Con/ide,

199 628 321 696 ﬁlia,
343 624 476 691 ﬁdes
504 628 605 675 tua
629 628 677 675 te
693 623 906 674 satvam
932 619 1077 686 fecit.
1112 617 1228 670 Nec
1246 616 1435 686 itaque
1455 614 1624 668 dixit:
1648 613 1786 668 ﬁdes

198 720 283 769 tua
303 718 363 767 te
417 712 631 767 salvam
664 709 879 763 factura
923 710 1026 772 est,
1060 706 1159 759 sed
1197 706 1407 760 salvam
1443 703 1605 769 fecit;
1636 718 1700 755 ac
1737 702 1786 757 si

197 809 378 875 aperte
399 802 590 856 dicat:
625 800 691 854 In
722 815 788 853 eo
817 796 965 869 quod
996 794 1300 858 credidisti,
1320 795 1438 865 jam
1470 793 1623 847 salva
1640 791 1787 846 facta

198 908 262 948 es.
294 893 366 946 Et
397 889 714 945 notandum
735 887 883 960 quod
899 885 1037 940 ﬁdes
1065 884 1303 939 salutem
1333 881 1591 953 acquirit,
1607 886 1786 936 etnon

198 982 332 1037 salus
361 980 557 1036 ﬁdem.
590 977 881 1050 Siquidem
911 975 1042 1045 quia
1065 972 1339 1028 initiatrix
1367 971 1635 1042 radixque
1662 987 1784 1025 om-

196 1071 337 1127 nium
367 1070 644 1125 virtutum
702 1066 841 1122 ﬁdes
897 1081 1019 1119 esse
1050 1062 1345 1134 probatur.
1381 1061 1537 1115 Licet
1558 1060 1787 1131 quidam

196 1161 336 1235 prius
367 1159 610 1214 virtutes
639 1156 951 1228 requirant,
980 1153 1184 1208 deinde
1213 1151 1545 1223 promittant
1574 1150 1744 1204 ﬁdem
1769 1168 1781 1203 :

196 1258 376 1307 tamen
407 1249 566 1321 prior
582 1263 703 1303 esse
723 1245 893 1301 debet
911 1245 1070 1310 ﬁdes,
1093 1248 1160 1298 ut
1175 1248 1372 1314 postea
1395 1239 1629 1312 quilibet
1653 1255 1782 1311 per-

110 1342 123 1349 ’
194 1339 373 1395 veniat
392 1338 467 1392 ad
480 1337 742 1393 salutem.
762 1334 921 1400 Quod
936 1337 1128 1389 autem
1147 1333 1175 1387 J
1182 1348 1310 1386 esus
1333 1345 1630 1385 conversus
1651 1328 1785 1382 dici-

194 1434 274 1484 tur
296 1428 375 1482 ad
426 1426 743 1491 mulierem,
776 1422 1119 1479 credendum
1162 1436 1275 1474 non
1326 1422 1484 1473 motu
1538 1416 1787 1489 corporis

191 1523 425 1584 tantum,
452 1515 552 1571 sed
573 1515 745 1569 etiam
779 1512 935 1585 prius
952 1508 1263 1566 divinitatis
1301 1512 1548 1579 aspectu,
1567 1511 1634 1561 ut
1660 1522 1787 1561 mu-

1866 439 1973 493 nis.
2007 440 2279 501 Profecto,
2309 440 2443 510 quia
2463 440 2569 494 etsi
2599 442 2678 495 sol
2702 447 2902 514 tangat
2929 450 3197 517 stercora,
3234 465 3337 506 nec
3370 455 3460 506 ta-

1866 544 1995 582 men
2018 528 2430 599 coinquinatur,
2464 535 2675 600 quanto
2704 533 2882 603 magis
2910 541 3130 591 creator
3143 539 3295 605 solis,
3326 539 3462 594 dum

1867 618 2051 688 tangit
2076 625 2269 671 nostra
2307 619 2571 673 vulnera?
2627 620 2932 678 Oﬂ‘endunt
2968 624 3157 697 itaque
3186 632 3243 682 et
3268 627 3464 699 displi-

1867 706 2064 805 centei
2096 712 2449 777 peccatorum
2479 708 2727 775 vulnera,
2761 711 2941 781 magis
2966 730 3134 783 quam
3164 732 3466 787 corporum

1867 796 2174 865 passiones,
2228 796 2489 850 vitiorum
2539 798 2725 852 sanies
2780 800 2961 870 magis
2989 819 3158 873 quam
3184 805 3464 862 viscerum

1867 885 2075 942 ﬂuxus.
2117 884 2259 948 Quia
2284 886 2387 939 etsi
2414 886 2649 956 quisque
2676 888 3025 945 voluntarius
3045 892 3255 949 labitur
3280 894 3341 950 in
3369 894 3465 951 de-

1867 973 2033 1033 lictis.
2056 979 2246 1028 tamen
2267 974 2323 1028 in
2354 975 2713 1046 languoribus
2732 983 2960 1034 tenetur
2976 979 3202 1036 invitus.
3227 984 3467 1055 Propter

1869 1063 2017 1135 quod
2047 1069 2239 1118 caveat
2266 1064 2502 1134 quisque
2530 1064 2757 1135 indigne
2780 1068 3102 1141 contingere
3131 1072 3257 1127 vitae
3281 1089 3466 1129 sacra-

1868 1157 2143 1215 mentum,
2176 1152 2289 1207 imo
2326 1157 2529 1223 purget
2579 1170 2639 1208 se
2686 1155 2842 1225 prius
2868 1174 2903 1212 a
2939 1160 3261 1227 menstruis,
3292 1166 3351 1217 et
3384 1162 3466 1218 sic

1868 1241 2096 1296 demum
2119 1241 2301 1296 ﬁdelis
2332 1241 2587 1313 accipiat.
2616 1243 2733 1298 Nec
2761 1260 2992 1315 prorsus
3021 1247 3241 1305 dubitet
3266 1250 3466 1306 divini-

1866 1335 2045 1386 tatem
2075 1331 2284 1386 Christi
2304 1331 2498 1386 deesse
2519 1331 2575 1385 in
2588 1347 2756 1387 carne
2786 1334 3035 1404 corporis
3055 1337 3197 1408 ejus,
3214 1339 3467 1408 45’8i

1867 1435 2047 1490 usque
2068 1419 2139 1475 ad
2174 1419 2454 1475 ﬁmbriam
2490 1421 2759 1491 pervenit.
2791 1422 3071 1478 Virtutem
3099 1429 3289 1481 autem
3318 1427 3467 1483 Divi-

1869 1507 2064 1563 uitatis
2092 1508 2231 1564 ﬁdes
2245 1508 2453 1580 ubique
2481 1509 2878 1580 consequitur;
2903 1512 3036 1582 quia
3052 1513 3261 1585 ubique
3293 1520 3382 1572 est
3409 1522 3469 1573 et

192 1608 281 1662 lier
309 1609 742 1662 converteretur
778 1602 852 1657 ad
883 1600 1189 1660 Christum.
1236 1596 1438 1651 deinde
1481 1612 1581 1667 per
1617 1596 1845 1675 ﬁdem“
1868 1613 2146 1669 nusquam
2173 1597 2335 1652 abest
2364 1616 2377 1650 :
2407 1598 2505 1652 sed
2559 1603 2750 1653 tamen
2813 1600 2992 1670 magis
3047 1601 3105 1657 in
3146 1619 3377 1675 corpore
3409 1609 3469 1661 et

197 1713 385 1752 curam
422 1694 703 1766 acciperet
731 1690 1008 1747 sanitatis.
1041 1689 1278 1760 Propter
1304 1686 1452 1757 quod
1476 1665 1784 1750 fatendum,
1802 1665 1851 1725 Β
1870 1665 2040 1741 carne
2070 1687 2278 1742 Christi
2313 1711 2325 1746 :
2350 1704 2450 1758 per
2478 1687 2626 1758 quod
2676 1689 2867 1751 etiam.
2908 1665 3041 1760 quia
3080 1665 3309 1750 Verbum
3337 1710 3468 1751 caro

199 1787 315 1858 quia
343 1785 493 1840 vidit
517 1782 718 1838 divinis
744 1781 918 1837 oculis
938 1778 1125 1851 potius
1155 1793 1321 1849 quam
1347 1774 1628 1840 humanis,
1652 1774 1791 1828 vidit
1868 1778 2083 1844 factum
2111 1782 2186 1830 est
2215 1782 2263 1830 et
2288 1777 2560 1831 habitavit
2590 1779 2651 1830 in
2664 1779 2817 1832 nobis
2833 1780 3011 1845 (Joan.
3029 1794 3067 1844 1,
3092 1780 3196 1843 14).
3220 1783 3289 1838 Et
3301 1783 3350 1837 si
3365 1784 3469 1839 ita.

198 1881 252 1931 ut
265 1870 442 1930 saluti
471 1873 752 1939 redderet,
784 1875 842 1926 et
869 1886 981 1924 non
1023 1872 1090 1922 ut
1115 1869 1442 1937 agnosceret
1470 1880 1638 1935 quam
1665 1879 1790 1934 pro-
1871 1881 1979 1936 que
2005 1865 2253 1936 corporis
2284 1865 2491 1919 Christi
2540 1866 2849 1936 assumptio
2902 1872 3220 1924 transvecta
3274 1878 3359 1927 est
3395 1872 3473 1931 ad.

196 1964 323 2019 tecto
354 1962 574 2019 sciebat
600 1966 903 2031 antequam
929 1957 1054 2029 ipsa
1081 1956 1248 2011 sciret
1275 1956 1452 2010 Deum
1466 1952 1779 2023 requirere.
1870 1954 2057 2020 coelos,
2076 1953 2171 2024 qui
2200 1954 2466 2024 majestas
2492 1953 2661 2007 Verbi
2687 1955 3040 2012 inﬁdelitatis
3067 1964 3152 2012 est
3177 1958 3384 2031 ubique
3404 1962 3470 2017 li-

198 2054 329 2118 Quid
352 2051 563 2124 plura?
611 2050 869 2104 Christus
896 2048 1001 2102 hoc
1026 2044 1280 2100 mulieris
1320 2042 1571 2113 exemplo
1599 2041 1793 2095 docuit
1869 2041 2024 2108 hera,
2053 2058 2164 2096 non
2194 2043 2424 2097 recessit
2470 2059 2505 2097 a
2560 2043 2738 2097 nobis.
2788 2044 3026 2115 Propter
3052 2048 3199 2116 quod
3231 2048 3467 2106 devotus

200 2148 468 2215 quantum
490 2140 630 2195 ﬁdes
646 2137 903 2211 proﬁciat
920 2136 991 2190 ad
1011 2136 1269 2190 salutem.
1297 2134 1414 2188 Ista
1433 2147 1677 2202 namque
1705 2135 1790 2185 est
1872 2130 2111 2202 quisque
2140 2129 2349 2201 ubique
2394 2131 2505 2184 ﬁde
2552 2136 2770 2201 tangat,
2813 2148 2883 2186 ne
2926 2149 3053 2188 cum
3105 2134 3284 2191 turbis
3320 2138 3469 2195 male

195 2238 436 2304 potestas
464 2246 580 2301 qua
634 2228 868 2292 utimur,
900 2241 1013 2280 non
1058 2223 1241 2278 solum
1278 2226 1343 2276 ut
1368 2235 1651 2286 sanemur,
1692 2218 1791 2274 sed
1871 2219 2222 2290 comprimat,
2254 2225 2312 2274 et
2338 2220 2625 2275 conculcet
2641 2221 2954 2279 Christum.
2988 2223 3254 2294 Sequitur
3284 2244 3295 2279 :

200 2322 360 2376 etiam
388 2326 457 2375 ut
490 2319 594 2373 ﬁlii
613 2317 716 2373 Dei
738 2316 932 2370 simus.
976 2312 1135 2368 Unde
1166 2312 1281 2365 ait:
1316 2311 1468 2365 Fides
1498 2315 1595 2364 tua
1617 2313 1664 2362 te
1684 2311 1792 2362 .ταί-
1944 2311 2008 2364 Et
2041 2326 2166 2364 cum
2197 2312 2425 2364 venisset
2445 2312 2598 2364 Jesus
2637 2314 2697 2363 in
2727 2312 2952 2365 domum
2974 2315 3266 2382 principis,
3297 2320 3347 2370 et
3381 2318 3468 2372 vi-

201 2425 316 2465 tam
345 2415 533 2475 ἀει
573 2409 719 2476 fecit.
756 2404 863 2461 Sed
888 2403 998 2458 nisi
1039 2401 1196 2473 prius
1225 2416 1350 2454 eam
1380 2413 1678 2453 conversus
1713 2396 1791 2450 vi-
1871 2399 2033 2452 disset
2064 2400 2312 2452 tibicines
2359 2404 2406 2452 et
2447 2400 2670 2453 turbam
2716 2404 3170 2469 tumultuantem,
3211 2405 3419 2460 dicebat
3450 2425 3468 2460 :

200 2497 518 2565 disset,haac
532 2495 765 2550 minime
790 2493 948 2548 illum
968 2491 1369 2560 ﬁdetangeret.
1389 2487 1497 2542 Sed
1518 2484 1793 2555 recreavit
1874 2486 2129 2551 Rccedite,
2175 2501 2288 2539 non
2318 2490 2393 2539 est
2441 2491 2664 2539 mortua
2703 2491 2908 2554 puella,
2958 2490 3048 2542 sed
3075 2491 3300 2547 dormit.
3333 2491 3471 2547 Ecce

200 2587 344 2659 prius
387 2586 541 2658 quod
583 2585 811 2650 faceret,
843 2587 901 2637 et
942 2580 1095 2636 dedit
1144 2579 1294 2634 unde
1324 2582 1598 2647 tangeret.
1651 2573 1792 2628 Inde
1874 2573 2119 2629 dormire
2132 2573 2287 2638 dicit,
2306 2590 2475 2644 quam
2498 2591 2668 2644 supra
2687 2584 2963 2629 mortuam
2987 2578 3467 2647 paternuntiarat.

201 2677 469 2732 duntaxat
496 2679 695 2729 renata
707 2673 837 2743 jure
856 2670 974 2725 ﬁlia
1012 2674 1259 2734 vocatur,
1298 2672 1355 2722 et
1382 2669 1659 2738 potestate
1694 2678 1790 2716 ac-
1874 2663 1943 2717 Et
1970 2663 2115 2718 sicut
2160 2662 2313 2717 aliud
2370 2663 2711 2733 evangelista
2762 2665 3075 2734 expressius
3104 2669 3292 2735 refert,
3334 2669 3475 2725 dum

202 2772 350 2838 cepta
381 2764 539 2830 ﬁdei,
571 2767 821 2817 sanatur.
846 2758 1111 2831 Alioquin
1140 2757 1250 2812 nisi
1276 2755 1435 2828 prius
1454 2752 1788 2826 perciperet,
1873 2753 1989 2808 haec
1999 2758 2247 2823 aguntur
2264 2752 2323 2807 in
2338 2752 2446 2817 via,
2470 2769 2503 2806 a
2526 2754 2700 2806 servis
2719 2760 2944 2809 mortua
2957 2756 3473 2814 asseriturdicenti-

203 2870 304 2910 non
328 2855 519 2909 solum
548 2853 790 2907 salutem
828 2866 864 2904 a
894 2849 1108 2907 medico
1161 2863 1274 2901 non
1310 2844 1563 2910 referret,
1597 2857 1793 2896 verum
1871 2840 2008 2896 bus:
2040 2843 2169 2897 Noti
2183 2858 2382 2896 vexare
2395 2844 2986 2909 Magistrumnnortua
3002 2849 3237 2900 estmim
3257 2849 3466 2914 puella.

204 2958 296 2999 nec
310 2961 441 2999 eum
452 2946 736 3013 tangeret.
761 2940 935 2994 Porro
950 2934 1512 3009 juxtatropologiam,
1533 2931 1793 3003 princeps
1816 3004 1851 3013 η
1873 2930 2019 2986 Mira
2045 2931 2147 2985 Dei
2174 2931 2524 3001 dispensatio
2545 2930 2557 2983 l
2591 2931 2728 2984 Ecce
2776 2932 3049 2987 duodenis
3107 2934 3217 2989 ista
3237 2934 3474 2992 deﬂuxit

203 3033 298 3088 iste
325 3004 594 3087 animalis
612 3028 845 3102 quilibet
855 3004 1022 3081 homo
1037 3028 1166 3097 jure
1191 3004 1535 3095 designatur,
1578 3019 1673 3092 qui
1691 3035 1792 3091 pro
1810 3004 1853 3064 (ἶ

204 3123 328 3189 ﬁlia,
355 3122 414 3176 id
446 3126 535 3176 est
564 3135 666 3191 pro
696 3134 881 3182 carne,
910 3121 1108 3186 rogat;
1140 3131 1205 3169 eo
1234 3112 1382 3184 quod
1412 3110 1594 3165 omnis
1639 3125 1794 3164 mor-

202 3212 384 3266 talitas
412 3216 614 3265 nostra
640 3208 699 3262 in
728 3205 990 3281 extremis
1039 3203 1157 3257 fore
1199 3206 1348 3256 recte
1376 3199 1640 3254 creditur.
1685 3198 1794 3254 Sed

207 3302 401 3372 querit
418 3316 578 3372 prius
605 3297 797 3353 anima
824 3297 1041 3351 ﬂuxum
1070 3292 1333 3346 vitiorum
1350 3290 1495 3344 male
1507 3305 1789 3360 perpessa,

1876 3021 1947 3076 ad
1965 3028 2223 3084 mortem,
2247 3021 2379 3075 dum
2402 3020 2689 3075 illacoaava
2724 3023 3028 3076 resurrexit
3046 3026 3103 3077 in
3138 3024 3326 3079 vitam.
3348 3025 3471 3090 Quo

1874 3110 2142 3166 nimirum
2158 3127 2394 3165 numero
2431 3126 2544 3164 non
2560 3116 2781 3181 tempus
2822 3112 3081 3167 humanae
3101 3112 3228 3167 vitae
3249 3116 3473 3171 conclu-

1875 3199 2046 3263 ditur,
2069 3200 2165 3254 sed
2203 3215 2387 3254 annus
2405 3198 2699 3253 duodecim
2732 3198 3029 3254 distinctus
3060 3202 3345 3257 mensibus
3371 3203 3473 3258 de-

1876 3288 2151 3359 signatur.
2183 3288 2342 3342 Unde
2371 3287 2642 3357 propheta
2666 3304 2676 3339 :
2702 3290 2934 3342 Annum
2948 3296 3228 3358 acceptum
3244 3292 3475 3348 Domini

206 3396 260 3445 et
282 3390 468 3462 tangit
493 3388 695 3443 saltem
722 3385 956 3440 minima
1005 3382 1398 3436 mandatorum
1437 3378 1539 3433 Dei
1572 3377 1681 3432 ﬁde
1710 3392 1794 3431 re-
1868 3379 2136 3447 przdicat
2156 3379 2299 3444 (Luc.
2317 3391 2388 3441 Iv,
2416 3375 2519 3441 19),
2541 3377 2907 3447 etApostolus
2925 3379 3198 3449 temporis
3228 3379 3474 3450 plenitu-

205 3485 406 3547 creata,
422 3485 487 3534 ut
505 3479 565 3533 in
585 3477 822 3532 salutem
854 3472 1157 3546 perveniat.
1183 3469 1346 3525 Prius
1360 3483 1604 3538 namque
1632 3464 1790 3531 ordo,

206 3569 257 3624 id
276 3576 362 3625 est
389 3574 457 3624 ut
483 3569 655 3622 homo
673 3566 731 3621 in
747 3564 936 3619 anima
975 3566 1225 3625 sanetur,
1240 3557 1444 3613 deinde
1466 3557 1538 3610 ad
1559 3554 1795 3610 resusci-

210 3659 473 3713 tationem
491 3664 549 3711 et
569 3656 809 3710 salutem
826 3651 1010 3707 carnis
1030 3649 1272 3704 anhelet.
1300 3647 1460 3702 Unde
1472 3645 1754 3717 Propheta
1778 3662 1790 3696 :

207 3748 390 3804 Sitivit
415 3752 480 3802 in
511 3754 558 3801 te
586 3747 783 3800 anima
803 3758 941 3807 mea,
959 3756 1127 3810 quam
1152 3739 1535 3805 multipliciter
1554 3735 1656 3789 tibi
1670 3747 1796 3788 caro

210 3839 501 3905 mea(Psat.
524 3832 756 3899 1,111.2).
788 3831 1193 3886 Verumtamen
1222 3825 1416 3881 audiat
1444 3822 1796 3881 Christianus

213 3926 455 3998 quilibet,
488 3930 547 3979 et
578 3921 827 3995 quotidie
845 3935 1048 3991 corpus
1078 3916 1286 3973 Christi
1317 3916 1386 3968 de
1414 3914 1591 3968 altare
1618 3911 1795 3984 parti-

212 4016 415 4087 cipans,
447 4019 718 4086 quantam
756 4010 827 4065 de
863 4026 928 4063 eo
968 4007 1141 4078 possit
1180 4020 1401 4060 sumere
1438 4001 1793 4065 medicinam,

214 4086 429 4175 quando
453 4103 660 4158 mulier
685 4104 904 4155 tantam
920 4096 1109 4168 rapuit
1128 4095 1196 4148 de
1211 4094 1329 4148 sola
1347 4092 1556 4148 Christi
1574 4086 1796 4145 ﬁmbria

213 4195 526 4248 sanitatem.
586 4189 864 4246 Fortassis
901 4204 1002 4259 per
1038 4187 1143 4240 hoc
1188 4183 1531 4239 docuit'haec
1570 4179 1792 4247 mulier,

1875 3465 2065 3522 dinem
2078 3465 2492 3520 commendans:
2512 3466 3178 3537 Venit.inquit,ptenitudo
3194 3472 3470 3545 temporis,

1876 3559 2030 3610 misit
2049 3557 2190 3609 Deus
2206 3556 2415 3608 Filium
2435 3570 2602 3607 suum
2618 3566 2631 3610 t
2643 3554 2761 3608 Gai.
2786 3569 2856 3619 IV,
2886 3554 3074 3622 4).Qui
3092 3557 3361 3612 nimirum
3378 3557 3474 3613 ad-

1875 3644 2104 3701 veniens
2127 3641 2484 3698 credentibus
2515 3642 2690 3696 vitam
2723 3643 2985 3707 reddidit,
3004 3644 3321 3700 incredulos
3342 3663 3473 3702 vero

1877 3732 2118 3789 detrusit
2135 3732 2194 3786 in
2222 3738 2460 3785 mortem
2484 3750 2496 3798 ;
2531 3748 2625 3785 eos
2657 3730 2911 3785 videlicet
2940 3748 3079 3802 quos
3111 3734 3348 3804 perﬁdia
3373 3735 3476 3790 Ju-

1877 3821 2123 3876 dzeorum
2151 3818 2455 3873 interemit.
2491 3818 2661 3872 Recte
2701 3818 2845 3871 servi
2876 3819 3232 3888 appellantur
3259 3822 3355 3892 qui
3377 3838 3479 3877 no-

1877 3909 1998 3964 lunt
2028 3907 2215 3961 vexari
2244 3906 2550 3972 Christum,
2579 3910 2645 3959 ut
2664 3905 2735 3959 ad
2765 3906 3084 3961 defunctam
3116 3908 3476 3981 Synagogam

1876 3997 2090 4063 veniat;
2118 3995 2443 4066 Magistrum
2466 4010 2597 4048 eum
2620 3993 2760 4064 legis
2790 3994 3305 4063 zestimantes,licet
3318 4015 3473 4052 mor-

1876 4092 2035 4142 tuam
2064 4084 2449 4157 pronuntient.
2482 4100 2547 4137 eo
2574 4082 2722 4153 quod
2747 4084 3095 4154 perdiderint
3110 4103 3265 4157 spem
3286 4103 3476 4143 resur-

1878 4175 2159 4241 rectionis,
2190 4179 2247 4228 et
2274 4173 2476 4228 nolunt
2519 4172 2589 4227 ad
2629 4190 2758 4227 eum
2789 4174 2991 4228 redire.
3046 4165 3280 4229 Constat
3304 4176 3479 4248 igitur

213 4289 477 4354 quantum
501 4282 579 4336 sit
604 4296 806 4352 corpus
835 4275 1041 4333 Christi
1081 4290 1302 4329 sumere
1355 4272 1425 4325 de
1454 4268 1860 4354 sublimitate“
1880 4261 2108 4321 Scribas'
2122 4270 2179 4318 et
2205 4264 2515 4318 Pharisaeos
2546 4263 2726 4317 Deum
2770 4264 2826 4317 in
2876 4280 3108 4335 corpore
3138 4264 3475 4338 despexisse,

214 4333 402 4427 ditaris
428 4388 616 4428 coram
640 4333 813 4425 ochlis
841 4367 1040 4422 divine
1070 4363 1399 4435 majestatis,
1421 4361 1556 4415 dum
1576 4376 1643 4414 ex
1669 4333 1863 4414 ﬁm--D
1880 4355 1979 4410 sed
2009 4353 2263 4409 Christus
2292 4352 2578 4424 prophetis
2609 4358 2667 4406 et
2712 4333 3048 4423 patriarchis
3076 4370 3176 4424 pro
3207 4333 3275 4409 ea
3298 4333 3478 4410 inter;

214 4459 334 4516 bria
358 4462 435 4516 sic
459 4459 727 4534 proﬂuxit
753 4458 898 4512 illico
929 4473 965 4510 a
1011 4459 1167 4509 tactu
1204 4452 1328 4506 fons
1384 4448 1660 4504 sanitatis.
1688 4447 1797 4504 Sed

218 4552 363 4621 quod
390 4551 711 4607 deﬁendum
730 4553 818 4603 est
834 4545 1012 4612 valde,
1046 4541 1243 4598 exinde
1286 4539 1623 4599 medicinam
1665 4537 1799 4593 tulit

218 4640 480 4709 vulneris;
499 4639 663 4695 nobis
680 4653 813 4693 vero
835 4633 1114 4690 medicina
1149 4630 1274 4703 ipsa
1310 4627 1592 4684 interdum
1613 4632 1795 4681 retor-

220 4730 480 4801 queturin
494 4726 870 4784 vulnus.Hinc
882 4739 1104 4796 quoque
1114 4725 1200 4776 est
1210 4719 1358 4791 quod
1375 4716 1677 4789 Apostolus
1686 4715 1790 4770 ait:

224 4817 327 4884 Qui
352 4823 543 4889 tangit,
572 4835 666 4873 seu
710 4818 808 4887 qui
833 4814 1063 4869 comedit
1090 4826 1284 4879 corpus
1314 4808 1521 4864 Christi
1545 4808 1794 4875 indigne,

211 4909 483 4975 judicium
498 4910 608 4963 sibi
633 4908 806 4961 sumit
829 4904 879 4971 (Ι
901 4903 1023 4958 Cor.
1065 4913 1143 4965 x1,
1167 4897 1275 4965 29).
1309 4897 1473 4968 Capit
1516 4896 1690 4967 igitur
1717 4899 1799 4949 te-

221 4996 440 5053 meritas
456 5004 644 5070 potlus
658 4992 1067 5057 inﬁrmitatem,
1084 4988 1232 5044 unde
1249 4987 1388 5042 ﬁdes
1429 4986 1682 5057 accipere
1710 4984 1802 5039 de-

223 5082 343 5140 buit
356 5087 670 5142 sanitatem.
688 5087 911 5153 Propter
927 5082 1070 5150 quod
1086 5082 1234 5133 inter
1254 5093 1343 5131 vos
1376 5078 1546 5129 multi
1574 5073 1800 5145 inﬁrmi

226 5179 276 5226 et
302 5180 442 5243 agri,
471 5182 518 5230 et
547 5175 858 5237 dormiunt,
889 5168 1074 5241 inquit
1090 5166 1409 5239 Apostolus,
1429 5167 1593 5217 multi
1614 5164 1798 5230 (Ibid,

229 5259 335 5333 30).
351 5264 697 5319 Dormientes
724 5278 854 5316 vero
879 5264 1132 5314 mortuos
1172 5255 1419 5328 appellat
1440 5269 1579 5325 quos
1597 5254 1801 5306 acriter

231 5350 470 5423 deplorat
498 5359 556 5408 et
581 5354 739 5423 luget
771 5351 830 5405 in
858 5350 985 5403 vivo
1020 5363 1250 5418 corpore
1284 5346 1403 5415 jam
1435 5342 1700 5414 sepultos.
1734 5341 1803 5396 Et

233 5443 525 5499 notandum
541 5440 691 5515 quod
705 5439 991 5496 Christum
1013 5453 1117 5493 nec
1135 5440 1318 5491 tactus
1338 5433 1539 5506 polluit
1552 5431 1802 5487 immun-

1877 4442 2473 4517 pellantibus,domum
2485 4442 2641 4496 adire
2662 4440 2980 4507 festinat,ut
2998 4448 3280 4498 mortuam
3295 4461 3481 4500 resus-
3512 4474 3517 4481 ~

1879 4533 2014 4588 citet
2025 4528 2517 4605 Synagogam.Ubi
2533 4547 2659 4586 cum
2674 4529 2903 4585 vidisset
2911 4531 2952 4586 ti
2960 4530 3105 4586 bicin
3111 4548 3172 4586 es
3183 4538 3241 4587 et
3252 4533 3502 4595 turbam.

1878 4604 2321 4678 tumultuantem
2348 4620 2610 4675 recedere
2633 4618 2815 4690 jubet.
2864 4620 2965 4676 Isti
3013 4626 3146 4677 sunt
3175 4622 3326 4677 enim
3361 4604 3505 4679 faue

1878 4716 2048 4778 tores,
2082 4727 2322 4783 quorum
2346 4710 2594 4782 perlecta
2620 4708 2838 4764 threnis
2876 4726 3074 4766 somno
3103 4728 3284 4784 usque
3313 4713 3483 4769 hodie

1881 4802 2159 4873 premitur
2180 4798 2546 4855 inﬁdelitatis.
2581 4797 2735 4853 Solet
2758 4797 2934 4870 igitur
2961 4798 3021 4855 in
3046 4799 3202 4857 tibiis
3242 4801 3480 4874 lugubre

1883 4907 2109 4946 carmen
2139 4889 2210 4944 ad
2228 4888 2464 4959 vigilias,
2499 4892 2557 4942 et
2585 4887 2877 4951 cantilena;
2897 4904 3199 4960 personare
3223 4898 3479 4948 mortuo-

1883 4997 2032 5047 rum,
2064 4985 2123 5033 ut
2147 4977 2316 5033 corda
2339 4976 2685 5047 torpentium
2712 4977 2959 5034 excitent
2987 4978 3060 5034 ad
3096 4979 3361 5035 lamenta.
3388 4981 3480 5036 Sic

1882 5068 2059 5125 Judaei
2091 5068 2331 5122 litteram
2377 5070 2674 5127 sectantes.
2705 5066 2855 5138 quod
2882 5068 3101 5136 occidit,
3146 5069 3307 5140 quasi
3359 5070 3478 5126 suis

1883 5158 2112 5213 canticis
2128 5163 2185 5211 et
2202 5156 2658 5217 threnis,luctum
2679 5155 2964 5226 ingerunt,
2972 5164 3029 5212 et
3043 5163 3323 5213 mortuam
3341 5159 3481 5231 Syn-

1884 5264 2117 5318 agogam
2138 5262 2314 5315 usque
2333 5245 2496 5299 hodie
2517 5245 2830 5316 deplorant.
2848 5245 3061 5309 Quibus
3071 5246 3479 5306 cumaChristo

1882 5337 1968 5391 vel
1995 5354 2027 5390 a
2054 5336 2169 5390 suis
2200 5335 2405 5389 dicitur
2435 5334 2724 5406 discipulis
2755 5351 2767 5386 :
2798 5336 2923 5390 Non
2960 5340 3038 5390 est
3067 5338 3217 5391 enim
3254 5345 3481 5395 mortua

1876 5429 2086 5499 puella.
2108 5428 2197 5480 sed
2223 5427 2448 5490 dormit,
2479 5424 2738 5479 derident
2773 5440 2923 5491 eum,
2954 5425 3191 5497 perﬁdia
3227 5426 3481 5500 depressi

235 5526 335 5600 die,
361 5548 457 5590 nec
481 5512 635 5590 visus
660 5528 892 5588 offendit
914 5531 1179 5596 cruentae,
1207 5540 1312 5582 nec
1337 5524 1477 5581 odor
1510 5526 1805 5595 exasperat
1882 5532 1996 5575 suae
2013 5515 2380 5573 inﬁdelitatis.
2415 5513 2522 5571 Sed
2553 5513 2826 5585 Christus,
2858 5512 2949 5570 his
2975 5530 3105 5573 cum
3138 5514 3309 5573 turba
3331 5517 3480 5591 ejec-
