3918 6176
462 274 566 336 387
1230 274 1287 328 S.
1331 269 1712 329 PASCHASII
1751 266 2112 327 RADBERTI
2151 264 2455 322 ABBATIS
2491 265 2985 323 CORBEIENSIS.
3573 275 3660 334 333

459 403 533 457 tis
558 400 841 467 omnibus,
874 400 1052 454 intrat
1094 400 1152 451 et
1176 398 1332 451 tenet
1360 411 1588 450 manum
1619 398 1810 461 453
1834 393 2055 465 puellae,
2076 392 2126 452 Α
2145 391 2378 446 alterius
2390 390 2492 445 rei.
2515 392 2658 446 Nam
2683 396 3011 447 transeunte
3030 392 3259 449 Domino
3286 395 3350 449 de
3374 396 3519 452 domo
3531 401 3660 469 prin-

465 492 601 564 quia
626 491 744 545 Deo
773 489 965 544 omnia
992 489 1203 545 vivunt.
1235 485 1395 541 Unde
1426 484 1506 539 ait
1535 502 1546 537 ε
1580 484 1703 538 Non
1733 489 1807 537 est
1838 489 2062 537 mortua
2144 480 2300 552 cipis,
2327 486 2383 536 et
2414 487 2683 552 pergente
2704 482 2775 536 ad
2799 482 3029 536 domum
3058 499 3233 547 suam,
3265 485 3399 539 sicut
3439 504 3586 558 supra
3605 491 3666 544 le-

455 585 668 651 puella,
699 582 791 635 sed
811 581 1035 634 dormit.
1064 578 1145 631 Ac
1181 575 1227 629 si
1251 579 1510 646 patenter
1552 572 1722 638 dicat,
1756 572 1966 627 dormit
2002 571 2061 627 in
2141 570 2348 641 gimus,
2375 571 2525 642 quod
2555 571 2871 625 ascenderit
2921 571 2979 625 in
3007 588 3221 638 navem,
3251 579 3311 627 ut
3337 576 3670 632 transfretaret

461 667 957 741 superstitionibus
986 666 1143 734 legis,
1179 669 1237 718 et
1280 661 1682 717 traditionibus
1727 678 1908 732 pravae
1938 677 2060 732 per—
2143 666 2201 714 et
2225 660 2334 714 iret
2353 660 2411 715 in
2436 661 2716 715 civitatem
2739 678 2919 726 suam,
2951 661 3263 716 clamabant
3288 663 3385 734 ipsi
3411 664 3508 718 duo
3520 666 3669 720 dicen-

464 758 763 814 suasionis.
823 755 981 810 Unde
1036 768 1071 806 a
1114 753 1281 806 domo
1331 749 1757 805 resurrectionis
1802 750 2060 804 Christus
2141 754 2253 803 tes:
2280 751 2533 804 Miserere
2557 754 2750 814 nostri,
2773 753 2860 818 ﬁli
2876 752 3070 806 David.
3091 752 3158 806 Et
3192 757 3370 806 tamen
3391 770 3669 808 noncuran-

460 847 686 903 turbam
714 844 1155 899 tumultuantem
1193 840 1505 895 infidelium
1534 839 1855 895 Judaeorum
1883 838 2056 909 ejicit,
2139 844 2235 893 tur
2261 839 2604 904 transitoria,
2648 856 2762 893 non
2803 840 2860 893 in
2892 840 3111 908 itinere,
3159 847 3225 895 ut
3267 841 3516 913 putabant
3549 861 3558 895 :
3593 844 3672 898 sed

464 942 519 991 et
555 935 828 999 tibicines,
876 946 1079 1003 pravos
1137 929 1352 984 scilicet
1406 929 1724 999 magistros,
1756 928 1825 982 ab
1879 927 2058 985 ofﬁcio
2142 933 2334 1000 postea
2356 928 2509 982 venit
2536 928 2606 982 ad
2632 928 2863 983 domum
2893 946 3071 995 suam,
3114 931 3374 986 accedunt
3410 931 3473 986 ad
3500 948 3608 986 eum
3629 941 3675 988 et

458 1026 658 1079 litterae
694 1022 1041 1093 repulsurus,
1076 1025 1232 1074 extra
1259 1019 1470 1073 donum
1499 1018 1647 1073 facit.
1671 1019 1735 1072 In
1763 1034 1872 1088 qua
1909 1016 2062 1070 deni-
2142 1017 2450 1071 introeunt.
2476 1018 2544 1072 Et
2565 1017 2643 1071 ibi
2664 1018 2992 1089 interrogati
3023 1019 3341 1090 diligentius
3367 1026 3420 1074 et
3440 1020 3673 1090 instructi,

462 1131 569 1186 que
597 1114 763 1167 domo
788 1108 1138 1165 solummodo
1168 1114 1383 1179 septem
1435 1124 1686 1179 personae
1714 1122 2056 1169 remansere,

465 1203 825 1274 designantes
846 1214 914 1255 ex
940 1198 1149 1254 Judaeis
1176 1214 1272 1252 eos
1293 1196 1618 1251 resuscitari
1646 1196 1718 1251 ad
1755 1197 1957 1263 lucem,
1998 1196 2057 1250 in

461 1290 665 1365 quibus
693 1287 1038 1361 septiformis
1068 1286 1312 1358 Spiritus
1352 1285 1530 1340 sancti
1574 1285 1759 1357 gratia
1784 1302 1845 1340 se
1873 1284 2058 1357 perfu-
2138 1284 2299 1339 Unde
2331 1284 2575 1357 primum
2592 1301 2786 1339 eorum
2805 1286 3106 1343 discutitur
3124 1288 3278 1351 ﬁdes,
3297 1288 3341 1342 si
3364 1289 3558 1359 possint
3578 1306 3675 1343 cre-

465 1382 633 1449 derit,
666 1385 724 1435 et
750 1394 986 1434 numero
1007 1375 1432 1431 consecraverit.
1463 1375 1570 1429 Sed
1610 1375 1752 1429 forte
1788 1374 2060 1446 quaeritur
2138 1374 2289 1439 dere,
2317 1375 2465 1445 quod
2494 1379 2665 1446 queat
2706 1392 2802 1430 eos
2841 1376 3074 1431 salvare.
3107 1376 3316 1431 Deinde
3362 1378 3482 1431 ﬁdei
3508 1378 3681 1432 lumine

467 1489 570 1526 cur
598 1484 831 1524 manum
880 1467 1052 1537 hujus
1079 1464 1345 1531 tenuerit,
1378 1464 1633 1539 sicuti'et
1660 1466 1803 1535 ejus,
1840 1480 2005 1535 quem
2027 1480 2062 1517 a
2141 1469 2384 1535 recepto,
2417 1463 2567 1519 visus
2604 1464 2894 1519 oculorum
2916 1482 3043 1520 mox
3081 1466 3333 1520 redditur
3367 1467 3475 1520 Nec
3498 1472 3676 1534 tamen,

459 1559 709 1616 febribus
734 1559 794 1611 in
821 1556 987 1610 domo
1027 1554 1271 1609 Simonis
1308 1569 1480 1625 supra
1538 1570 1766 1608 sanasse
1794 1554 2052 1623 legimus.
2142 1557 2207 1607 ut
2226 1569 2396 1624 supra
2408 1552 2539 1618 dixi,
2565 1553 2635 1607 de
2653 1553 2923 1609 miraculo
2940 1554 3097 1621 ﬁdes,
3131 1555 3227 1610 sed
3243 1572 3342 1626 per
3353 1556 3505 1609 ﬁdem
3526 1556 3680 1610 lumen

460 1651 625 1706 Patet
642 1648 818 1719 igitur
845 1646 905 1699 in
927 1650 1166 1715 utraque
1196 1643 1343 1715 quod
1375 1660 1538 1697 sexus
1566 1642 1843 1697 femineus
1872 1643 1943 1696 ad
1973 1643 2056 1695 vi-
2140 1642 2428 1697 oculorum
2454 1641 2875 1697 obsecrantibus
2922 1651 3291 1699 restauratur.
3331 1644 3526 1699 Idcirco
3558 1646 3683 1716 prior

459 1745 574 1795 tam
600 1737 922 1803 reducitur;
946 1738 1243 1805 propterea
1249 1733 1408 1803 juxta
1428 1732 1673 1786 litteram
1686 1738 2056 1802 utrarumque
2075 1730 2122 1790 B
2142 1731 2279 1786 ﬁdes
2300 1731 2627 1803 requiritur,
2644 1732 2777 1803 quia
2791 1732 3080 1803 possibilia
3094 1740 3224 1788 sunt
3255 1735 3436 1788 omnia
3453 1733 3677 1788 credenti.

460 1844 663 1883 manus
681 1828 1003 1889 tenetur,ut
1026 1822 1126 1876 illa
1152 1826 1402 1889 sanetur,
1436 1838 1558 1892 quae
1596 1826 1791 1876 contra
1820 1820 2056 1874 vetitum
2140 1821 2379 1892 Exponit
2423 1826 2612 1876 autem
2648 1822 2753 1875 hoc
2800 1822 3133 1877 miraculum
3180 1823 3315 1878 illud
3352 1824 3417 1877 de
3460 1823 3682 1894 principis

459 1918 530 1973 de
561 1916 760 1972 arbore
788 1918 1017 1986 gustum
1037 1911 1229 1966 mortis
1261 1911 1379 1965 viro
1409 1916 1750 1982 porrexerat.
1775 1911 2052 1965 Caeterum
2137 1910 2272 1977 ﬁlia,
2300 1914 2358 1964 et
2384 1916 2650 1965 emortua:
2681 1910 2953 1977 mulieris,
2991 1917 3287 1983 propterea
3327 1918 3683 1983 consequenter

453 2009 617 2079 juxta
645 2004 917 2059 moralem
944 1999 1397 2070 intelligentiam,
1430 2000 1623 2070 ejectis
1682 1998 2048 2066 daemonibus,
2135 2005 2199 2054 ut
2218 2000 2367 2071 quod
2413 1999 2490 2053 ibi
2535 2016 2685 2055 mors
2714 2006 2771 2053 et
2792 2000 3072 2067 debilitas,
3106 2002 3210 2055 hoc
3256 2001 3463 2056 caecitas
3484 2001 3684 2055 duorum

458 2095 555 2169 qui
569 2094 720 2160 male
750 2088 1171 2165 praecantabant
1211 2088 1475 2142 miseram
1506 2089 1775 2155 animam,
1807 2094 1864 2141 et
1881 2087 2053 2142 turba
2135 2088 2482 2156 ostenderet;
2508 2094 2746 2160 uterque
2761 2090 3285 2162 duntaxatpopulus
3300 2091 3686 2145 Domino'trans-

456 2185 738 2250 vitiorum,
761 2180 1128 2237 resuscitatur
1156 2177 1227 2231 ad
1249 2177 1420 2231 vitam
1445 2197 1458 2244 ;
1491 2194 1613 2249 quae
1633 2193 1804 2231 manu
1830 2181 2056 2231 tenetur
2139 2183 2307 2232 eunte
2334 2194 2512 2233 caecus
2555 2184 2677 2233 erat
2724 2178 2781 2232 in
2825 2179 2930 2233 hoc
2959 2180 3181 2247 saeculo,
3212 2180 3489 2251 cupientes
3522 2177 3688 2233 reverti

455 2272 780 2339 Salvatoris,
807 2271 878 2325 de
906 2285 1035 2340 qua,
1062 2267 1157 2338 qui
1187 2265 1574 2337 praedestinati
1606 2271 1735 2321 sunt
1768 2282 1934 2320 nemo
1964 2282 2059 2337 po-
2140 2267 2208 2322 ad
2230 2268 2458 2322 domum
2477 2284 2657 2323 suam.
2693 2267 2799 2331 Qui
2820 2268 2930 2323 nisi
2947 2269 3184 2324 confessi
3214 2269 3419 2324 fuerint
3445 2268 3688 2323 Christum

454 2368 570 2418 test
596 2360 825 2416 auferri.
845 2357 1061 2422 Quibus
1081 2354 1288 2410 curatis
1307 2354 1529 2409 reddita
1556 2355 1705 2409 salus
1734 2354 1947 2408 cunctis
1968 2355 2059 2410 de-
2139 2356 2319 2412 ﬁlium
2359 2356 2627 2420 David,et
2646 2358 3009 2412 clamaverint
3024 2358 3290 2413 Miserere
3319 2358 3505 2424 nostri,
3537 2372 3687 2428 neque

456 2452 733 2523 signatur,
783 2448 919 2502 dum
947 2462 1063 2500 una
1085 2460 1280 2499 earum
1333 2444 1401 2497 de
1432 2443 1764 2497 inﬁrmitate
1793 2443 2048 2514 erigitur,
2134 2462 2168 2501 ι
2186 2446 2459 2518 proﬂuvio
2479 2446 2828 2513 delictorum,
2845 2464 3075 2519 nequea
3102 2455 3287 2504 morte
3311 2447 3687 2503 resuscitantur.

457 2541 638 2597 altera
664 2555 792 2595 vero
812 2554 847 2591 a
876 2541 1055 2590 morte
1083 2532 1473 2590 resuscitatur.
1498 2532 1615 2587 Scit
1641 2533 1791 2587 enim
1807 2533 2053 2604 prudens
2135 2535 2279 2591 Hinc
2301 2551 2522 2607 quoque
2545 2536 2982 2607 interrogantur.

2142 1106 2330 1161 lumen
2360 1106 2656 1178 recipiunt.
2689 1108 2941 1162 Profecto
2975 1110 3106 1179 quia
3132 1116 3285 1163 extra
3321 1110 3529 1164 domum
3552 1111 3675 1179 Jesu,

2138 1196 2195 1250 id
2214 1201 2304 1250 est
2321 1201 2478 1250 extra
2498 1195 2821 1262 Ecclesiam,
2841 1214 3006 1252 nemo
3034 1198 3221 1252 lumen
3237 1205 3413 1270 potest
3437 1199 3671 1270 accipere.

2204 2626 2424 2679 Potestis
2448 2626 2663 2679 credere
2684 2627 2817 2694 quia
2833 2642 3054 2695 possum
3071 2627 3170 2682 hoc
3195 2628 3414 2696 facere?
3432 2625 3694 2697 Responde-

2133 2718 2307 2768 runt:
2344 2714 2554 2782 Utique,
2589 2714 2837 2768 Domine.
2874 2715 3196 2771 Credebant
3219 2723 3423 2783 autem,
3455 2722 3506 2771 et
3527 2716 3693 2769 conﬁr-

2133 2807 2323 2857 matur
2341 2802 2445 2855 hac
2464 2802 2906 2873 interrogatione
2922 2805 3061 2859 ﬁdes
3075 2822 3295 2873 eorum,
3315 2807 3453 2861 sicut
3470 2806 3515 2860 is
3532 2804 3613 2876 qui
3627 2803 3694 2857 di-

456 2631 634 2686 lector
652 2628 800 2701 quod
825 2625 1031 2696 ubique
1057 2622 1291 2695 mystice
1320 2622 1532 2694 species
1574 2622 1816 2677 recurrit
1843 2622 1915 2677 ad
1951 2640 2052 2695 ge-

456 2736 583 2784 nus,
614 2725 670 2774 et
699 2718 832 2771 dum
864 2715 1002 2769 ﬁdes
1030 2712 1397 2767 conﬁrmatur
1416 2718 1705 2783 gestorum
1743 2710 2050 2772 miraculis,

455 2808 797 2882 generalitas
846 2803 1182 2877 praedicatur
1231 2801 1498 2855 salvanda
1539 2799 1858 2855 virtutibus.
1889 2801 2051 2856 Unde

458 2905 518 2955 et
557 2898 770 2970 species
801 2893 945 2949 infra
996 2908 1175 2963 genus
1231 2890 1599 2955 concluditur,
1635 2895 1693 2943 et
1736 2890 2049 2960 specierum
2133 2890 2327 2945 cebat:
2361 2892 2546 2956 Credo,
2571 2892 2817 2959 Domine,
2836 2895 3041 2962 adjuva
3058 2896 3503 2949 incredulitatem
3540 2908 3687 2947 meam

456 2983 879 3058 signiﬁcationis
905 2980 1228 3043 terminum,
1257 2984 1373 3033 tam
1404 2979 1462 3032 in
1483 2977 1788 3033 moralibus
1813 2995 1981 3049 quam
1994 2979 2051 3033 in
2138 2982 2328 3048 (Marc.
2354 2994 2432 3044 Ix,
2451 2979 2569 3049 24):
2607 2987 2925 3051 propterea.
2957 2988 3021 3036 ut
3056 2984 3296 3051 aestimo,
3328 2984 3478 3056 prius
3506 2999 3603 3037 non
3621 2998 3696 3035 cn-

459 3075 741 3145 allegoriis
776 3086 955 3141 genus
983 3084 1097 3123 non
1126 3067 1359 3122 excedit.
1393 3066 1704 3137 Propterea
1728 3073 1784 3121 et
1808 3084 1909 3138 per
1927 3084 2054 3121 mu-
2070 3065 2114 3126 Ο
2136 3075 2339 3125 rantur
2361 3070 2574 3124 Tamen
2595 3070 2808 3124 clamor
2827 3087 3020 3125 eorum
3043 3073 3385 3143 profundum
3406 3073 3577 3128 cordis
3589 3071 3694 3124 aﬁe-

454 3166 649 3220 lierem
672 3158 914 3215 Ecclesia
940 3158 1009 3212 de
1036 3156 1318 3227 gentibus,
1337 3160 1436 3209 aut
1456 3155 1646 3209 anima
1676 3155 1936 3225 quislibet
1961 3156 2054 3209 de-
2134 3165 2283 3213 ctum
2296 3158 2570 3212 insinuat:
2593 3161 2847 3213 Miserere
2861 3164 3057 3228 nostri,
3072 3165 3161 3229 ﬁli
3176 3164 3367 3218 David.
3383 3165 3459 3217 Ac
3470 3162 3513 3216 si
3532 3165 3695 3232 aperte

454 3270 582 3309 core
609 3252 878 3305 virtutum
909 3251 966 3301 et
998 3244 1339 3299 fortitudinis
1367 3243 1565 3298 robore
1605 3244 1831 3315 penitus
1878 3245 2052 3298 desti-
2134 3248 2322 3303 dicant
2344 3267 2355 3301 :
2375 3248 2451 3303 Os
2494 3255 2749 3302 nostrum
2780 3254 2836 3302 et
2865 3266 2993 3304 caro
3021 3257 3220 3307 nostra
3246 3270 3323 3319 es,
3348 3252 3594 3306 miserere
3611 3267 3693 3303 no-

455 3348 601 3408 tuta,
630 3340 975 3409 designatur.
998 3336 1106 3389 Per
1131 3334 1374 3404 puellam
1390 3350 1520 3387 vero
1540 3332 1857 3387 defunctam
1879 3335 2053 3405 Syna-
2133 3338 2254 3392 stri.
2282 3338 2350 3391 Et
2367 3336 2413 3390 si
2433 3353 2546 3391 non
2564 3336 2633 3390 ob
2651 3337 2821 3403 aliud,
2836 3355 2936 3409 pro
2956 3339 3293 3409 cognatione
3323 3340 3519 3395 carnis.
3549 3340 3693 3393 Porro

455 3449 619 3505 goga,
641 3446 763 3502 qua:
787 3427 943 3499 prius
957 3423 1172 3496 Spiritu
1200 3422 1331 3477 ﬁdei
1347 3422 1587 3489 vixerat;
1616 3429 1715 3476 aut
1743 3423 1933 3477 anima
1946 3423 2053 3477 dte-
2130 3425 2463 3496 interrogati
2483 3426 2528 3479 si
2546 3426 2801 3492 credunt,
2818 3426 3011 3481 dicunt
3034 3446 3044 3480 :
3069 3429 3283 3499 Utique,
3307 3426 3693 3485 Domine.Prius

452 3537 683 3577 monum
713 3514 1010 3590 praestigiis
1038 3517 1347 3585 perempta,
1409 3512 1775 3582 signiﬁcatur.
1827 3513 1931 3566 Illa
1971 3513 2048 3566 si-
2133 3515 2282 3569 enim
2304 3521 2493 3581 455
2510 3514 2687 3569 ﬁlium
2704 3515 2876 3569 David
2894 3516 3225 3582 clamantes,
3249 3524 3441 3590 postea
3470 3533 3587 3572 vero
3603 3516 3694 3586 ple-

453 3612 679 3686 quidem
709 3610 922 3662 ﬂuxum
944 3602 1265 3676 patiebatur
1289 3601 1554 3656 vitiorum
1580 3620 1593 3669 ;
1632 3603 1749 3655 haec
1782 3618 1910 3655 vero
1928 3604 2047 3672 jam
2130 3605 2258 3659 nius
2275 3609 2333 3657 et
2355 3604 2653 3675 perfectius
2670 3604 2972 3659 Dominum
2997 3607 3330 3662 conﬁtentes
3350 3609 3537 3663 dicunt
3560 3625 3570 3661 :
3603 3606 3693 3659 Uti-

446 3706 679 3776 jamque
706 3700 763 3752 in
792 3700 1032 3751 mortem
1061 3691 1362 3746 desiderat.
1393 3690 1499 3745 Illa
1536 3691 1955 3762 pulchritudine
1994 3697 2051 3745 et
2128 3711 2249 3763 que,
2269 3695 2519 3747 Domine.
2550 3695 2629 3747 Ac
2657 3711 2759 3765 per
2780 3695 2885 3748 hoc
2902 3694 3318 3751 humanitatem
3349 3696 3548 3752 Christi
3573 3693 3693 3749 divi-

448 3793 648 3850 robore
671 3785 961 3859 sanguinis
979 3782 1275 3849 destituta;
1308 3781 1425 3835 haec
1445 3781 1701 3852 pessimis
1729 3781 2048 3835 daemonum
2129 3782 2478 3852 nitatemque
2525 3782 2802 3850 invocant,
2828 3789 2893 3837 ut
2944 3784 3083 3839 ﬁdes
3124 3802 3323 3841 eorum
3353 3791 3570 3858 accepta
3593 3785 3691 3837 ﬁat.

447 3874 978 3958 praecantationibus
1005 3872 1344 3943 interempta
1373 3876 1483 3927 est.
1520 3871 1666 3925 Nam
1686 3870 1745 3924 in
1776 3870 2048 3939 sanguine
2129 3871 2403 3941 Alioquin
2425 3871 2743 3942 quicunque
2764 3872 3175 3928 humanitatem
3205 3876 3391 3931 carnis
3416 3876 3471 3930 in
3500 3873 3692 3930 Christo

449 3976 617 4030 decor
643 3976 700 4025 et
744 3964 1013 4022 fortitudo
1053 3961 1300 4033 corporis
1331 3964 1649 4031 praestatur,
1687 3960 1847 4030 cujus
1888 3962 2041 4012 ﬂuxu
2125 3959 2245 4014 sine
2265 3959 2555 4014 divinitate
2584 3961 2906 4031 praedicant,
2941 3967 3041 4017 aut
3063 3963 3414 4021 divinitatem
3447 3967 3559 4019 sine
3588 3976 3696 4016 vera

445 4065 680 4119 virtutes
705 4058 864 4112 bonae
893 4054 1021 4107 vita:
1048 4051 1389 4114 deciderant,
1423 4055 1480 4103 et
1512 4049 1720 4103 misera
1739 4066 1803 4103 ac
1841 4048 2040 4102 ﬂebilis
2122 4048 2493 4117 humanitate,
2532 4051 2771 4105 necdum
2809 4052 3064 4121 credunt,
3104 4055 3203 4109 sed
3233 4056 3513 4110 erroribus
3540 4054 3687 4108 obcae-

447 4153 637 4209 anima
664 4147 781 4200 suis
830 4143 1037 4196 foedata
1067 4138 1441 4192 immunditiis
1478 4137 1894 4192 crucntabatur.
1931 4138 2037 4191 Sed
2120 4145 2319 4194 cantur
2346 4158 2357 4193 :
2391 4146 2687 4211 propterea
2710 4141 2901 4196 lumen
2930 4142 3112 4196 cordis
3136 4152 3427 4215 nequeunt
3449 4146 3684 4214 recipere.
3726 4143 3730 4147 ’

447 4241 593 4296 sicut
616 4238 723 4290 ista
750 4232 859 4286 nisi
884 4246 949 4284 ex
977 4228 1086 4282 ﬁde
1105 4233 1370 4296 tactuque
1397 4226 1673 4281 virtutum
1721 4245 1832 4282 non
1870 4244 2037 4282 sana-

2119 4229 2366 4283 Audiant
2390 4230 2635 4284 Marcion
2674 4236 2731 4283 et
2765 4232 3121 4300 Manichaeus,
3153 4249 3220 4287 ac
3253 4236 3458 4299 caeteri,
3494 4233 3583 4304 qui
3610 4247 3689 4285 ne-

448 4337 579 4385 tur:
630 4325 710 4378 ita
751 4320 1016 4375 defuncta
1070 4314 1398 4369 criminibus
1450 4315 1731 4383 vitiorum,
1780 4332 1894 4370 non
1930 4317 2092 4391 nisi_
2118 4323 2258 4389 gant
2277 4319 2559 4373 Christum
2589 4319 2657 4372 de
2682 4320 2856 4391 stirpe
2882 4321 3055 4375 David
3081 4322 3135 4375 in
3164 4339 3334 4377 carne
3366 4323 3593 4383 venisse,
3618 4317 3688 4374 vel

448 4430 623 4473 manu
642 4407 948 4467 Salvatoris
976 4405 1047 4458 ad
1074 4404 1247 4457 vitam
1273 4401 1659 4459 resuscitatur.

524 4503 863 4561 Transeunte
893 4496 1023 4550 inde
1049 4496 1197 4560 Jesu,
1224 4494 1396 4546 secuti
1423 4497 1555 4545 sunt
1601 4510 1727 4547 eum
1768 4494 1877 4547 duo
1914 4496 2037 4548 caeci

448 4596 752 4655 clamantes
776 4608 791 4643 :
813 4589 1070 4643 Miserere
1086 4583 1282 4648 nostri,
1304 4583 1390 4649 ﬁli
1408 4582 1602 4635 David.
1621 4587 1806 4648 454
1831 4582 1948 4636 Hoc
1965 4583 2034 4638 de

446 4683 665 4743 duobus
677 4678 857 4745 caecis,
879 4680 937 4731 et
948 4675 1017 4729 de
1032 4677 1189 4728 muto
1202 4670 1563 4736 daemonioso,
1579 4671 1730 4726 solus
1742 4672 2037 4728 Matthaaus

448 4775 584 4831 dicit
619 4769 838 4842 (Matth.
874 4780 968 4832 xx,
989 4762 1096 4833 30).
1123 4761 1210 4816 Illi
1237 4760 1385 4815 enim
1426 4760 1536 4815 duo
1562 4760 1708 4826 caeci,
1743 4761 1812 4816 de
1837 4761 2037 4832 quibus

447 4869 506 4921 et
531 4861 629 4918 alii
656 4873 889 4914 narrare
918 4852 1244 4927 probantur,
1276 4866 1389 4904 non
1409 4855 1542 4905 sunt
1569 4850 1663 4904 isti
1688 4870 1700 4918 ;
1733 4850 1829 4905 sed
1847 4856 2038 4906 tamen

446 4952 631 5012 simile
656 4949 864 5004 factum
887 4949 991 4999 est.
1023 4936 1111 4998 Ita
1125 4946 1192 4996 at
1209 4940 1360 4994 sihic
1378 4940 1496 5011 ipse
1522 4956 1715 4995 eorum
1731 4939 1903 4994 etiam
1924 4956 2036 4995 non

449 5039 817 5103 meminisset,
848 5037 1038 5106 posset
1064 5030 1169 5084 hoc
1198 5028 1346 5100 quod
1392 5044 1541 5083 nunc
1584 5033 1780 5082 narrat
1806 5026 1875 5081 ab
1913 5027 2037 5082 aliis

446 5132 661 5188 dictum
687 5126 857 5183 fuisse
884 5121 1121 5178 duobus.
1154 5118 1310 5183 Quod
1334 5118 1728 5172 commendare
1754 5117 2038 5173 memoriae

448 5222 749 5292 diligenter
776 5214 1064 5278 debemus,
1097 5225 1219 5264 esse
1259 5207 1511 5279 quaedam
1563 5206 1708 5261 facta
1737 5206 1944 5261 similia
1980 5206 2038 5261 in

446 5325 605 5367 sacro
616 5304 1066 5377 Evangelio,cum
1080 5299 1229 5353 idem
1247 5298 1365 5369 ipse
1380 5302 1681 5368 utrumque
1693 5313 2035 5351 commemo-

444 5399 635 5457 rat.Ut
652 5395 699 5452 si
717 5393 939 5468 quando
952 5390 1090 5446 talia
1109 5388 1327 5459 singula
1338 5387 1485 5458 apud
1504 5387 1750 5457 singulos
1765 5387 2037 5441 inveneri-

444 5506 593 5559 mus,
610 5485 850 5559 atquein
867 5482 1077 5537 eisdem
1097 5477 1440 5534 contrarium
1460 5476 1608 5548 quod
1622 5476 1758 5529 solvi
1770 5482 2033 5547 nequeat,

447 5574 770 5647 occurrerit,
811 5587 925 5631 non
949 5571 1055 5627 hoc
1082 5582 1225 5635 esse,
1273 5566 1424 5622 illius
1473 5564 1580 5621 loci
1607 5564 1817 5623 factum
1854 5565 2036 5622 simile

2054 4386 2103 4445 D
2121 4407 2216 4479 qui
2232 4424 2421 4462 veram
2446 4408 2804 4463 Divinitatem
2828 4409 2887 4464 in
2903 4426 3016 4464 una
3036 4412 3345 4483 eademque
3367 4429 3594 4485 persona
3608 4425 3688 4463 ne-

2120 4503 2291 4567 gant;
2342 4503 2398 4551 et
2453 4497 2672 4552 discant
2700 4498 2983 4553 Christum
3015 4501 3299 4571 appellare
3329 4503 3507 4557 ﬁlium
3535 4496 3689 4557 David

2121 4587 2425 4641 secundum
2465 4603 2711 4651 carnem,
2736 4605 2976 4660 eumque
3000 4589 3184 4659 ipsum
3205 4590 3506 4646 Dominum
3535 4588 3690 4645 conﬁ-

2119 4675 2247 4729 teri.
2282 4676 2557 4730 Ceeterum
2587 4676 2668 4730 illi
2706 4678 2801 4748 qui
2850 4683 3006 4733 extra
3053 4679 3356 4735 Ecclesiam
3404 4698 3462 4736 se
3502 4679 3692 4735 faciunt

2118 4764 2468 4829 catholicam,
2493 4766 2727 4820 redeant
2742 4767 2813 4820 ad
2833 4767 3059 4822 domum
3080 4769 3109 4823 J
3114 4785 3232 4833 esu,
3267 4770 3401 4841 quia
3429 4770 3692 4841 nequeunt

2118 4851 2320 4906 alicubi
2341 4852 2532 4907 lumen
2563 4854 2828 4926 recipere,
2864 4862 3140 4927 quatenus
3192 4876 3296 4929 per
3324 4876 3511 4914 veram
3541 4857 3689 4911 ﬁdem

2118 4948 2408 4996 resumant
2436 4944 2583 5014 quod
2599 4946 2927 5001 amiserunt.
2954 4947 3223 5002 Noverint
3251 4949 3426 5019 igitur
3444 4949 3548 5003 ﬁde
3575 4961 3691 5017 pro-

2117 5031 2465 5099 merendum,
2484 5033 2751 5105 quidquid
2776 5035 3199 5105 petierintintra
3228 5038 3456 5093 domum
3482 5031 3689 5096 Christi,

2118 5125 2175 5175 et
2193 5137 2305 5176 non
2324 5137 2389 5176 ex
2402 5122 2692 5194 imperatis
2711 5126 2877 5178 ﬁdem
2920 5128 3271 5191 sumendam,
3289 5129 3550 5200 quoniam
3586 5123 3692 5177 istis

2118 5228 2228 5267 non
2257 5211 2413 5284 prius
2438 5211 2589 5267 salus
2605 5219 2905 5284 prmstatur
2925 5232 3092 5286 quam
3124 5217 3369 5271 credant.

2185 5302 2389 5356 Deinde
2417 5305 2784 5357 comminu/u's
2806 5311 2883 5359 est
2908 5309 2983 5359 eis
3014 5323 3079 5360 ne
3105 5311 3229 5375 quis
3257 5311 3453 5367 sciret;
3494 5309 3580 5360 illi
3604 5317 3693 5357 au-

2120 5396 2224 5445 tem
2254 5392 2683 5458 diffamaversz
2717 5409 2841 5448 eum
2877 5401 2941 5448 in
2972 5401 3082 5449 tota
3112 5402 3259 5450 terra
3282 5392 3691 5451 illa.Contraria

2119 5479 2477 5550 quidem,sed
2506 5483 2679 5553 justa.
2712 5484 2856 5538 Nam
2887 5485 3158 5541 Dominus
3188 5486 3415 5540 humilis
3444 5486 3599 5539 docet
3615 5483 3692 5552 ja-

2118 5568 2385 5627 ctantiam
2418 5571 2718 5642 declinare,
2749 5573 2831 5630 illi
2859 5589 2890 5629 e
2920 5579 3115 5631 contra
3149 5574 3483 5633 beneﬁcium
3510 5568 3689 5630 salutis
