3918 6176
242 255 326 314 389

1004 259 1382 319 EXPOSITIO
1421 262 1500 317 IN
1538 257 1982 316 MATTHIEUM.
2029 291 2090 302 —
2134 262 2270 316 LIB.
2311 263 2378 329 V,
2423 263 2578 319 CAP.
2622 263 2717 318 IX.

3384 265 3490 327 390

237 385 500 451 nequeunt
528 381 602 436 ob
647 383 975 439 memoriam
1018 388 1215 457 gratia:
1268 388 1524 443 reticere.
1557 386 2118 455 NecdumAspiritus
2139 389 2462 443 immundus
2502 389 2764 444 humanis
2794 390 3174 462 distinguatur
3197 393 3490 461 membris,

240 470 367 525 enim
391 470 461 524 de
491 488 552 525 se
575 473 695 526 vult
731 474 983 528 Salvator
1009 493 1211 546 magna
1248 495 1482 550 quasque
1514 484 1570 532 et
1615 477 1812 531 deiﬁca

236 560 605 632 praedicarime
625 563 806 632 gloria
841 566 1177 635 praecederet
1201 568 1536 637 passionem.
1570 569 1810 638 Aposto-

235 649 291 702 lis
309 649 528 720 quidem
559 651 675 705 haec
703 659 1012 719 servantur,
1035 660 1090 708 et
1109 655 1235 710 ideo
1255 656 1376 710 istis
1406 663 1555 710 recte
1585 657 1806 720 dicitur,

235 755 293 792 ne
309 747 645 810 usurparent
658 743 804 812 quod
833 743 1071 797 aliorum
1099 750 1237 798 erat.
1263 745 1372 816 Ipsi
1405 762 1532 799 vero
1555 745 1810 800 diffama-

235 833 414 881 verunt
443 844 571 882 eum
603 829 660 884 in
689 836 815 884 tota
861 838 1012 886 terra
1040 833 1154 895 illa,
1181 835 1343 904 juxta
1381 835 1527 905 quod
1558 833 1809 890 futurum

233 922 352 982 erat,
387 918 523 988 quia
561 921 624 972 in
657 936 872 974 omnem
903 927 1112 975 terram
1143 926 1312 977 ewivit
1339 940 1502 977 sonus
1533 925 1812 994 apostolo~

233 1019 364 1069 rum,
389 1011 439 1058 et
470 1009 532 1059 in
557 1009 692 1074 ﬁnes
713 1010 859 1062 orbis
882 1015 1040 1064 terrae
1059 1013 1222 1064 verba
1242 1029 1430 1065 eorum
1463 1015 1628 1072 (Psal.
1652 1027 1804 1079 xvm,

230 1093 293 1160 5).
321 1094 638 1150 Secundum
673 1099 940 1152 moralem
962 1106 1152 1154 autem
1183 1100 1635 1172 intelligentiam,
1663 1106 1810 1155 exte-

228 1181 328 1236 rior
356 1188 414 1236 et
446 1184 685 1238 interior
717 1185 883 1241 homo
912 1188 1100 1242 lumen
1127 1205 1161 1241 a
1191 1189 1427 1242 Domino
1459 1189 1608 1242 infra
1627 1189 1809 1243 unita-

223 1277 321 1326 tem
349 1272 610 1328 Ecclesize
639 1275 846 1330 Christi
874 1281 995 1331 tum
1023 1277 1184 1348 plene
1210 1278 1408 1349 recipit
1443 1277 1804 1344 obsecrando,

222 1377 332 1415 cum
363 1367 423 1415 et
451 1363 739 1418 Christum
764 1365 821 1420 in
851 1383 1018 1420 carne
1047 1367 1258 1420 venisse
1286 1368 1355 1422 de
1385 1385 1598 1423 semine
1627 1368 1805 1439 David

221 1450 454 1504 creditur
498 1451 569 1506 ad
608 1453 907 1523 justitiam,
941 1461 998 1509 et
1041 1472 1168 1510 eum
1200 1457 1379 1511 Deum
1411 1461 1466 1511 et
1500 1455 1805 1510 Dominum

219 1556 301 1594 ore
324 1542 670 1597 conﬁtentur
695 1544 756 1598 in
787 1545 1044 1599 salutem.

278 1631 391 1684 Illis
423 1638 614 1686 autem
656 1638 898 1702 egressis,
931 1652 1040 1689 ecce
1089 1637 1407 1690 obtulerunt
1452 1639 1504 1690 ei
1526 1638 1802 1691 hominem

1893 477 2147 531 sensibus
2194 484 2547 548 angustetur,
2593 479 2722 550 quia
2754 480 2986 550 spiritus
3019 488 3121 547 est,
3157 488 3214 536 et
3240 499 3350 537 uno
3373 500 3496 538 mo-

1895 571 2082 617 mento
2124 566 2394 636 temporis
2441 572 2622 620 totum
2667 567 3030 622 circumvolat
3058 569 3268 635 orbem,
3314 571 3496 625 varias

1895 659 2146 707 mutatur
2172 655 2230 708 in
2273 655 2498 718 formas,
2524 656 2693 708 corda
2730 663 3006 726 penetrat,
3039 659 3223 712 illudit
3255 659 3492 726 animas,

1894 743 2104 813 aspirat.
2132 743 2329 814 impias
2378 751 2435 798 et
2492 745 2762 815 pessimus
2793 747 3177 816 cogitationes.
3212 749 3319 802 Sed
3356 748 3494 802 dum

1894 831 2100 884 misera
2138 831 2378 885 hominis
2426 832 2679 887 membra
2724 838 2899 899 tenet,
2930 835 3069 888 nihil
3103 836 3172 889 de
3197 853 3257 890 se
3285 841 3492 907 potest,

1894 937 2060 990 quem
2089 921 2248 974 fortis
2281 921 2528 992 possidet
2561 922 2844 976 inimicus.

1964 1010 2028 1062 Et
2079 1025 2205 1063 cum
2237 1014 2491 1079 ejecisset,
2545 1011 2746 1082 inquit,
2786 1013 3143 1079 daemonium,
3179 1017 3388 1067 locutus
3419 1018 3496 1068 est

1892 1104 2098 1162 mutus,
2131 1104 2180 1152 et
2207 1102 2500 1153 admiratae
2535 1107 2666 1154 sunt
2697 1103 2887 1155 turbae.
2912 1103 3114 1174 Liquet
3140 1103 3314 1173 igitur
3339 1105 3489 1174 quod

1889 1187 2164 1242 fenestras
2208 1188 2326 1259 ipse
2369 1189 2689 1252 clauserat;
2734 1197 3030 1262 propterea
3068 1198 3264 1246 auctor
3293 1193 3493 1248 salutis

1889 1283 2175 1332 auctorem
2207 1277 2364 1348 prius
2408 1277 2642 1348 pepulit,
2678 1283 2861 1343 451
2895 1297 3004 1350 quo
3031 1297 3275 1351 namque
3306 1283 3486 1352 ejecto

1888 1367 2092 1437 lingua:
2111 1366 2357 1420 ofﬁcium
2380 1383 2506 1421 mox
2535 1372 2724 1421 mutus
2745 1369 2971 1439 recepit,
2997 1375 3054 1423 et
3075 1370 3356 1424 mirantur
3373 1377 3491 1424 tur-

1885 1456 1984 1511 bae.
2020 1457 2297 1511 Mirantur
2310 1473 2411 1510 nec
2429 1457 2686 1518 credunt,
2720 1473 2902 1528 neque
2932 1459 3270 1513 conﬁtentur
3286 1459 3484 1528 Deum,

1885 1547 1982 1600 sed
2011 1546 2206 1600 dicunt
2249 1546 2396 1617 quod
2450 1563 2740 1616 nunquam
2787 1546 2867 1600 sic
2897 1548 3158 1618 apparuit
3198 1549 3258 1602 in
3289 1549 3487 1603 Israel.

1887 1636 2070 1706 Supra
2099 1635 2300 1705 legem,
2344 1636 2472 1689 licet
2501 1635 2660 1689 inscii
2692 1640 2749 1688 et
2778 1635 3049 1689 increduli
3077 1652 3144 1690 ea
3182 1652 3304 1706 quae
3329 1641 3490 1706 gesta

218 1725 421 1774 mutum
443 1723 782 1776 daemonium
811 1725 1187 1778 habentem.Et
1210 1729 1366 1794 ejecta
1395 1727 1632 1780 damone
1650 1714 1864 1780 locu-B
1884 1730 2018 1778 sunt
2043 1742 2164 1778 esse
2191 1725 2532 1794 intelligunt,
2570 1742 2740 1795 supra
2782 1741 2976 1778 omnes
3005 1725 3101 1795 qui
3154 1731 3304 1778 retro
3331 1724 3490 1779 fuere

217 1814 291 1861 tus
314 1816 385 1862 est
420 1815 634 1867 mutus.
672 1811 831 1876 Quod
861 1819 1050 1867 autem
1078 1814 1268 1868 Graece
1292 1814 1497 1869 dicitur
1524 1813 1707 1886 κωφὸν,
1742 1816 1801 1870 in

213 1899 488 1953 communi
511 1916 707 1955 eorum
728 1918 984 1956 sermone
1003 1903 1182 1978 magis
1198 1905 1402 1957 surdus
1429 1921 1597 1974 quam
1615 1911 1800 1960 mulus

213 1987 557 2058 intelligitur.
585 1991 693 2044 Sed
723 1992 894 2046 moris
924 1997 1010 2046 est
1038 1993 1453 2063 Scripturarum
1485 2010 1584 2064 per
1611 1991 1800 2064 κωφὸν,

213 2084 436 2145 mutum,
491 2079 578 2132 vel
617 2080 851 2134 surdum
893 2081 1280 2135 indifferenter
1326 2082 1527 2136 dicere.
1581 2083 1657 2136 Ex
1690 2099 1799 2153 quo

209 2173 345 2236 patet
366 2167 430 2221 in
465 2184 582 2222 uno
611 2169 920 2240 eodemque
944 2170 1170 2224 homine
1198 2170 1310 2224 tria
1337 2170 1504 2225 simul
1532 2170 1692 2241 signa
1712 2189 1800 2225 ex-

208 2255 381 2323 hibita,
417 2258 563 2311 dum
603 2259 780 2328 ejecto
822 2260 1072 2314 daemone
1104 2260 1321 2314 locutus
1371 2266 1457 2314 est
1503 2266 1710 2325 mutus,
1743 2266 1801 2315 et

209 2361 295 2415 per
335 2346 672 2417 ambiguum
720 2347 950 2402 verbum
999 2349 1202 2402 surdus
1241 2347 1516 2419 recepisse
1542 2348 1797 2402 auditum

208 2438 379 2501 456
390 2435 772 2506 signiﬁcatur.
796 2437 1001 2491 Mirum
1023 2437 1069 2491 si
1091 2443 1270 2492 totum
1284 2437 1568 2492 hominem
1581 2438 1798 2492 daemon

206 2531 539 2592 pervaserat,
580 2526 860 2594 quomodo
891 2527 1106 2595 aliquas
1134 2533 1320 2597 partes
1351 2525 1599 2596 corporis
1630 2543 1793 2580 occu-

207 2619 366 2681 parat,
389 2613 621 2684 aliquas
644 2631 773 2668 vero
794 2616 1073 2669 relaxasse
1093 2632 1203 2670 non
1221 2615 1543 2681 dubium,ut
1559 2621 1694 2686 puta
1707 2615 1792 2669 vi-

207 2717 334 2768 sum,
364 2703 674 2758 odoratum
704 2711 760 2758 et
788 2711 1021 2758 tactum.
1047 2706 1204 2768 Quod
1239 2721 1352 2759 non
1382 2705 1480 2758 abs
1510 2721 1570 2758 re
1602 2704 1796 2759 fecisse

205 2792 558 2847 manifestum
589 2799 691 2847 est.
719 2793 1084 2848 Obstruxerat
1115 2794 1264 2848 enim
1295 2795 1572 2860 auditum,
1597 2811 1796 2849 never-

206 2877 322 2934 bum
352 2883 493 2936 ﬁdei
525 2883 613 2936 vel
643 2883 908 2938 doctrina:
954 2883 1161 2938 Christi
1209 2892 1556 2954 capesceret;
1602 2883 1792 2938 obtor-

1884 1815 2076 1868 Jesum
2111 1814 2417 1884 praedicant
2446 1813 2579 1883 quia
2608 1814 2735 1867 licet
2775 1813 2941 1878 Elias,
2987 1819 3086 1867 aut
3129 1814 3376 1880 Elisaeus,
3400 1813 3488 1868 vel

1883 1903 2068 1956 caeteri
2093 1903 2327 1956 virtutes
2357 1901 2607 1964 fecerint,
2642 1902 2829 1955 nullus
2868 1910 3057 1955 tamen
3088 1909 3367 1972 potestate
3395 1902 3484 1956 vel

1883 1991 2135 2062 imperio.
2181 1991 2375 2061 Neque
2400 1989 2602 2059 aliquis
2633 2006 2828 2044 eorum
2861 1990 3000 2043 talia
3029 1991 3115 2043 vel
3145 1996 3306 2044 tanta
3332 1991 3482 2045 fecit.

1880 2082 2060 2134 Judaei
2081 2085 2267 2134 autem
2307 2081 2555 2132 dicebant
2586 2081 2729 2146 quod
2779 2082 2841 2132 in
2883 2081 3138 2148 principe
3193 2081 3486 2135 daemonio-

1881 2185 2014 2223 rum
2043 2173 2190 2237 ejicit
2223 2170 2512 2222 damonia.
2557 2167 2764 2231 Miseri,
2799 2185 2921 2238 quas
2950 2184 3156 2239 negare
3179 2184 3291 2222 non
3320 2173 3482 2240 pote-

1881 2264 2028 2320 rant,
2059 2257 2476 2312 calumniantur
2503 2273 2672 2326 opera
2721 2257 2975 2310 Deitatis.
3009 2257 3206 2312 Turbae
3252 2258 3482 2329 quidem

1881 2347 2228 2401 admirantes
2266 2347 2477 2409 dicunt,
2499 2346 2647 2416 quod
2683 2362 2792 2399 non
2817 2349 3084 2414 apparuit
3104 2350 3182 2400 sic
3211 2350 3271 2400 in
3286 2349 3477 2403 Israel.

1881 2435 1955 2490 Et
1983 2436 2074 2490 isti
2104 2435 2364 2490 obcaecati
2403 2434 2613 2488 invidia
2641 2434 2835 2488 dicunt
2870 2452 3039 2506 opera
3085 2436 3389 2490 Salvatoris
3418 2437 3480 2492 in

1879 2523 2194 2579 Beelzebub
2227 2523 2476 2595 principe
2501 2523 2904 2577 daemoniorum
2929 2541 3050 2578 esse
3076 2525 3241 2579 facta.
3274 2526 3480 2581 Secun-

1881 2614 2015 2667 dum
2040 2630 2331 2684 anagogen
2360 2619 2572 2678 autem,
2611 2619 2798 2666 mutus
2822 2613 2926 2666 iste
2953 2614 3208 2682 gentium
3239 2615 3480 2685 populus

1879 2703 2224 2773 designatur,
2259 2702 2354 2773 qui
2375 2702 2759 2771 apostolorum
2785 2701 3095 2754 ministerio
3118 2701 3360 2756 Domino
3392 2709 3480 2759 est

1878 2792 2116 2856 oblatus,
2142 2792 2318 2845 cultui
2343 2792 2620 2844 idolorum
2653 2790 3019 2860 mancipatus.
3051 2790 3156 2852 Qui
3179 2791 3341 2861 plane
3357 2808 3479 2846 mu-

1875 2887 1967 2935 tus
1995 2881 2164 2935 fuisse
2212 2881 2499 2952 probatur,
2533 2880 2666 2933 dum
2700 2879 2992 2932 veritatem
3044 2879 3196 2949 loqui
3236 2881 3477 2935 necdum

201 2979 381 3039 puerat
406 2972 635 3042 lingua,
669 2988 738 3026 ne
785 2971 1147 3026 confessionis
1179 2989 1385 3039 vocem,
1417 2973 1502 3026 vel
1532 2973 1789 3027 obsecra-
1814 3037 1846 3042 _
1871 2970 2162 3025 didicerat.
2200 2971 2414 3024 Surdus
2444 2975 2651 3029 autem,
2679 2969 2811 3038 quia
2828 2968 3049 3021 Domini
3081 2974 3358 3040 przecepta
3375 2987 3478 3025 nec

201 3037 352 3112 tionis
377 3037 694 3114 emitteret.
721 3059 908 3114 Oculis
930 3066 1138 3125 autem,
1160 3037 1484 3130 caeterisque
1513 3060 1786 3122 sensibus,
1807 3037 1848 3095 Ο
1873 3060 2000 3114 ﬁdei
2046 3059 2274 3114 verbum
2322 3059 2595 3113 audierat.
2638 3037 2842 3110 Plenus
2884 3037 3123 3128 denique
3177 3037 3472 3127 daemonio,

199 3161 295 3200 non
326 3149 431 3203 nisi
474 3148 788 3220 corporalia
835 3149 1043 3202 sentire
1087 3155 1323 3219 poterat.
1374 3149 1532 3204 Unde
1579 3155 1793 3220 quaerat

198 3236 426 3304 prudens
464 3237 663 3302 lector,
685 3236 732 3290 si
757 3237 1002 3290 animam
1026 3237 1301 3292 introrsus
1326 3237 1625 3308 possideat,
1655 3238 1787 3292 dum

197 3324 265 3376 sic
292 3327 548 3380 exterius
580 3325 833 3380 membra
859 3326 1119 3380 inimicus
1135 3327 1371 3381 dilaniat
1390 3327 1477 3381 his
1489 3327 1790 3394 utens,alia

195 3414 405 3482 quidem
447 3421 522 3469 ut
560 3415 777 3470 nullum
809 3432 974 3469 usum
1004 3415 1264 3480 habeant,
1299 3433 1362 3470 ac
1392 3416 1437 3470 si
1466 3433 1696 3486 organo,
1727 3422 1792 3470 ut

194 3501 351 3556 miser
370 3504 552 3557 homo
565 3503 705 3556 nihil
735 3503 951 3557 interea
973 3519 1142 3573 agere
1176 3505 1448 3558 videatur.
1482 3505 1658 3559 Porro
1687 3521 1789 3558 nec

192 3592 382 3647 mirum
401 3595 449 3647 si
491 3593 549 3646 in
575 3609 742 3646 carne
783 3592 1124 3660 dominatur,
1171 3593 1265 3647 ubi
1297 3593 1514 3647 habitat
1540 3593 1629 3647 lex
1657 3611 1787 3664 pec-

191 3683 378 3746 cati,dc
415 3699 540 3756 qua
565 3683 772 3737 Paulus
792 3683 1077 3754 apostolus
1101 3701 1112 3736 :
1136 3683 1258 3738 Scio
1271 3685 1414 3752 quod
1441 3700 1552 3737 non
1574 3685 1785 3738 habitat

191 3775 415 3827 incarne
430 3789 562 3827 mea
593 3774 794 3826 bonum
814 3774 984 3839 (Rom.
1019 3787 1116 3838 vn,
1157 3772 1258 3836 18).
1289 3773 1370 3826 Ac
1400 3789 1499 3843 per
1524 3773 1630 3826 hoc
1655 3774 1786 3843 jure

191 3861 250 3914 ad
291 3878 436 3928 eam,
491 3863 655 3933 quasi
693 3861 763 3915 ad
815 3879 974 3918 suam
1022 3863 1222 3932 legem,
1257 3862 1472 3916 accedit
1502 3862 1778 3918 inimicus.

191 3949 283 4003 Sed
304 3952 458 4006 aliud
491 3956 584 4005 est
613 3967 740 4004 cum
779 3967 909 4005 suas
949 3953 1100 4022 leges
1142 3952 1200 4004 in
1232 3951 1390 4005 nobis
1420 3952 1490 4005 ad
1521 3953 1784 4024 concupi-

187 4041 441 4096 scendum
472 4040 814 4104 inﬂammat,
850 4041 1001 4094 aliud
1033 4058 1159 4094 cum
1191 4040 1294 4094 sibi
1325 4041 1596 4095 traditum
1625 4043 1684 4096 in
1703 4042 1785 4096 in-

186 4128 400 4184 teritum
432 4129 627 4184 carnis
657 4135 838 4183 totum
869 4131 1153 4184 hominem
1187 4129 1672 4200 possidet.Utrum
1693 4137 1782 4185 ta-

184 4232 302 4271 men
330 4219 561 4290 aliquos
583 4218 641 4271 in
672 4234 838 4272 carne
860 4224 916 4271 et
935 4219 991 4271 in
1022 4219 1209 4272 anima
1231 4219 1418 4285 simul,
1451 4220 1667 4290 aliquos
1697 4238 1784 4275 ve-

183 4321 238 4360 ro
263 4307 318 4362 in
349 4325 526 4363 carne
556 4307 760 4372 solum,
785 4313 850 4361 ut
877 4307 1106 4378 spiritus
1137 4309 1322 4362 salvus
1347 4310 1462 4375 fiat,
1482 4311 1611 4380 jure
1629 4327 1782 4381 qua:-

181 4395 332 4450 ritur.
369 4398 539 4461 Quod
573 4396 732 4450 facile
762 4403 917 4468 patet
943 4413 1008 4450 ex
1034 4396 1120 4451 his
1159 4415 1298 4468 quos
1325 4399 1544 4454 divinus
1572 4399 1781 4453 arbiter

181 4483 276 4538 sibi
301 4486 743 4557 praedestinatos
780 4493 1002 4540 servat:
1036 4487 1130 4558 qui
1163 4504 1274 4542 non
1306 4488 1356 4542 ei
1389 4488 1514 4542 ideo
1543 4489 1778 4544 tradun-

180 4579 282 4640 tur,
301 4582 367 4630 ut
382 4575 656 4646 deinceps
683 4575 929 4630 animam
953 4576 1113 4647 pejus
1143 4577 1462 4648 possideat;
1498 4577 1595 4632 sed
1615 4578 1778 4632 ultio-

182 4676 245 4716 ne
273 4665 503 4736 expleta
536 4681 639 4736 per
662 4665 766 4719 hoc
795 4665 943 4736 quod
973 4681 1138 4720 suum
1156 4672 1278 4720 erat
1305 4667 1627 4722 evindicans
1656 4684 1778 4738 quae

175 4751 267 4806 Dei
295 4761 454 4821 sunt,
473 4755 614 4826 quia
639 4771 751 4808 non
761 4755 982 4825 judicat
1006 4755 1154 4810 Deus
1175 4755 1258 4810 bis
1280 4756 1612 4826 inidipsum,
1626 4758 1780 4827 juste

175 4849 525 4910 postremum
555 4843 794 4898 amittat.
847 4843 1129 4907 Quosdam
1162 4861 1292 4898 vero
1333 4845 1542 4899 alienos
1585 4862 1619 4898 a
1665 4846 1778 4900 Deo

172 4931 475 5002 aliquando
512 4933 590 4986 sic
614 4934 735 5003 jam
765 4938 938 5000 tenet,
967 4939 1031 4987 ut
1061 4939 1236 4988 totam
1262 4933 1527 4988 fabricam
1556 4935 1777 5006 penitus

174 5023 325 5091 quasi
355 5023 633 5094 perennis
653 5028 878 5076 exactor
908 5022 1206 5093 possideat.
1241 5024 1418 5078 Istum
1448 5029 1636 5078 tamen
1664 5025 1775 5078 cal-

173 5108 399 5166 liditatis
433 5119 563 5166 arte
591 5112 672 5165 sic
708 5111 989 5177 atl‘ecerat,
1023 5112 1154 5182 quia
1196 5113 1498 5166 Dominum
1527 5113 1584 5165 in
1611 5113 1776 5166 terris

173 5208 463 5270 repererat
483 5198 800 5264 advenisse,
828 5209 1104 5271 quatenus
1135 5218 1235 5255 nec
1254 5202 1478 5256 auditus
1498 5201 1777 5265 verbi,nec

171 5287 340 5344 virtus
367 5289 557 5344 divini
577 5289 837 5354 nominis,
856 5304 957 5344 nec
971 5290 1242 5344 confessio
1257 5292 1322 5344 ad
1350 5308 1476 5344 eum
1501 5291 1778 5361 pertinge-

171 5377 424 5433 ret.Hinc
438 5384 536 5433 est
556 5379 700 5449 quod
715 5377 956 5432 latebras
978 5380 1254 5450 speluncae
1276 5396 1389 5432 suae
1407 5386 1601 5450 pectus
1627 5381 1772 5447 fecit,

172 5465 449 5525 obstruxit
476 5485 666 5538 aures,
715 5471 890 5528 vinxit
933 5472 1204 5541 linguam,
1239 5485 1308 5524 ne
1339 5468 1612 5523 obseratis
1643 5469 1774 5525 fori-

171 5552 265 5613 bus
293 5559 550 5617 verbum
567 5561 689 5618 vitae
709 5567 808 5619 aut
826 5563 1019 5620 ederet
1039 5565 1135 5618 aut
1149 5559 1615 5632 perciperet.Non
1628 5559 1777 5633 quod

1872 3149 2004 3220 quia
2033 3149 2285 3203 membra
2314 3148 2488 3219 ipsius
2517 3147 2718 3217 spiritu
2749 3147 3038 3200 immundo
3059 3148 3273 3218 repleta
3292 3157 3473 3203 erant.

1871 3239 1992 3302 Quo
2021 3256 2155 3292 sane
2200 3240 2396 3308 ejecto,
2431 3238 2669 3291 audiunt
2715 3237 2964 3305 quotidie
3009 3253 3237 3290 vernum
3270 3238 3474 3292 verita-

1870 3328 1963 3395 tis,
1997 3334 2053 3382 et
2094 3345 2189 3381 ore
2219 3327 2624 3381 confessionem
2656 3326 3022 3396 pronuntiant
3064 3327 3280 3381 salutis.
3315 3326 3474 3381 Unde

1871 3417 2151 3470 mirantur
2198 3417 2380 3470 adhuc
2422 3416 2584 3469 hodie
2613 3415 2885 3475 inﬁdeles,
2921 3415 3081 3468 sicuti
3113 3433 3145 3468 a
3174 3415 3468 3486 principio,

1873 3507 2095 3577 quando
2123 3506 2366 3559 Ecclesia
2392 3505 2600 3574 linguis
2632 3505 2964 3574 loquebatur
2991 3505 3177 3565 variis,
3211 3509 3268 3558 et
3295 3504 3474 3562 ,ἰυόωὶ

1870 3595 2291 3648 calumniantur
2317 3611 2419 3647 nos
2453 3593 2734 3647 Christum
2772 3611 2880 3646 non
2912 3595 3473 3649 credentes.Constat

1870 3683 2043 3752 igitur
2071 3683 2219 3752 quod
2257 3682 2336 3735 sic
2363 3687 2427 3734 ut
2471 3697 2572 3750 per
2609 3681 3038 3734 admirationem
3080 3689 3136 3734 et
3165 3683 3468 3737 confessio-

1868 3788 1998 3825 nem
2024 3770 2269 3841 plebium
2301 3769 2438 3822 ﬁdes
2455 3769 2710 3838 gentium
2743 3778 3224 3838 prannonstratur,
3258 3770 3338 3823 ita
3367 3787 3470 3841 per

1868 3860 2208 3914 calumniam
2236 3859 2575 3922 Judaaorum,
2614 3873 2792 3926 usque
2824 3857 2988 3910 hodie
3017 3858 3376 3912 incredulitas
3410 3865 3469 3913 et

1863 3948 2214 4019 blasphemia
2242 3947 2585 4016 designatur.
2620 3947 2780 3998 Patet
2824 3961 3065 4014 namque
3113 3945 3293 4000 omnis
3350 3945 3468 4000 ani-

1866 4056 1976 4106 ma,
2011 4039 2143 4092 dum
2175 4038 2356 4091 adhuc
2383 4036 2441 4090 in
2472 4036 2680 4089 mundo
2706 4035 3031 4088 criminibus
3052 4035 3464 4106 volvitur,quod

1866 4132 2026 4181 muta
2055 4132 2110 4180 et
2132 4126 2301 4179 surda
2330 4141 2452 4178 esse
2483 4123 2845 4177 convincitur.
2881 4122 3146 4193 Alioquin
3170 4122 3275 4176 nisi
3293 4123 3464 4177 surda
3490 4176 3500 4188 ,

1865 4223 2032 4284 esset,
2079 4216 2273 4286 utique
2321 4213 2552 4268 verbum
2582 4213 2776 4267 salutis
2823 4213 3100 4268 audiendo
3128 4213 3460 4284 perciperet.

1863 4307 2022 4361 Unde
2053 4322 2220 4376 quam
2249 4321 2393 4375 sape
2409 4303 2833 4370 Dominus:0ui
2856 4304 3008 4356 habet
3040 4319 3204 4356 aures
3232 4305 3464 4357 audien-

1862 4398 1940 4460 di,
1975 4397 2168 4448 audiat
2197 4395 2416 4466 (Matth.
2448 4407 2523 4452 x1,
2575 4391 2672 4458 15;
2718 4406 2836 4456 xm,
2871 4391 2924 4455 9,
2953 4391 3050 4459 43;
3084 4393 3255 4446 Marc.
3285 4407 3358 4457 Iv,
3389 4393 3457 4459 7;

1861 4499 1960 4552 vn,
1991 4483 2061 4539 16
2086 4502 2098 4550 ;
2131 4485 2257 4538 Luc.
2288 4497 2403 4549 vui,
2435 4481 2506 4548 8;
2536 4495 2651 4547 xxv,
2685 4482 2792 4550 35).
2827 4481 2936 4535 Sed
2968 4481 3313 4551 quiainfelix
3338 4487 3460 4536 tor-

1861 4590 1994 4644 pore
2024 4572 2314 4627 surditatis
2343 4570 2639 4643 premitur,
2691 4575 2912 4624 constat
2939 4571 3088 4640 quod
3117 4587 3150 4624 a
3182 4570 3458 4624 daemonio

1860 4668 2110 4716 vexatur.
2144 4663 2450 4732 Propterea
2477 4676 2580 4714 nec
2609 4658 2838 4713 verbum
2859 4658 3222 4713 confessionis
3246 4659 3458 4730 profer-

1863 4769 1942 4819 re,
1975 4768 2078 4806 nec
2104 4751 2344 4805 salutem
2372 4750 2496 4804 vitae
2524 4749 2802 4803 audiendo
2828 4753 3013 4819 potest
3032 4749 3279 4803 haurire.
3316 4749 3458 4804 Hinc

1861 4841 2143 4912 Propheta
2179 4839 2507 4894 terribiliter
2560 4838 2837 4892 incutiens
2885 4857 2896 4891 :
2948 4841 3221 4892 Peccatori
3269 4844 3456 4894 autem

1859 4933 2005 4985 dixit
2031 4933 2204 4984 Deus?
2220 4932 2396 4997 Quare
2418 4934 2477 4982 tu
2497 4944 2731 4982 enarras
2751 4930 3005 4997 justitias
3033 4945 3198 4995 meas,
3223 4934 3268 4982 et
3297 4946 3456 4983 assu-

1860 5026 1963 5074 mis
1994 5025 2377 5074 testamentum
2419 5034 2602 5072 meum
2639 5034 2738 5086 per
2783 5035 2838 5072 os
2870 5023 3072 5071 tuum?
3111 5020 3272 5087 (Psal.
3301 5033 3451 5085 XLIX,

1865 5109 1966 5177 16.)
1995 5113 2074 5164 Ac
2121 5110 2166 5162 si
2215 5113 2472 5178 patenter
2513 5107 2702 5161 dicat:
2739 5107 2871 5178 quia
2918 5106 3117 5178 spiritu
3165 5107 3454 5160 immundo

1858 5199 2059 5270 ageris,
2087 5199 2377 5267 indignum
2409 5202 2496 5250 est
2523 5202 2585 5250 ut
2615 5195 2845 5250 verbum
2885 5197 3082 5250 salutis
3102 5196 3200 5250 ulli
3228 5212 3456 5251 narrare

1860 5307 2180 5360 przcsumas.
2231 5287 2555 5341 Curandum
2613 5285 2788 5356 igitur
2843 5285 3183 5349 doctoribus,
3237 5286 3456 5356 quoties

1861 5386 1976 5433 tam
2013 5377 2349 5432 insensibilis
2395 5377 2468 5430 sit
2495 5374 2735 5440 auditor,
2764 5381 2828 5429 ut
2858 5391 2959 5429 nec
2984 5375 3132 5442 velit,
3164 5391 3265 5428 nec
3295 5375 3457 5430 intel«

1859 5471 2032 5540 ligere
2056 5468 2239 5521 cordis
2268 5484 2402 5521 aure
2433 5483 2554 5538 quae
2586 5465 2848 5520 dicuntur
2876 5471 3064 5537 queat,
3099 5465 3297 5520 oflerat
3326 5483 3454 5520 eum

1861 5559 1977 5616 suis
2007 5557 2263 5630 precibus
2295 5556 2592 5626 Salvatori,
2608 5555 2704 5628 qui
2725 5571 2759 5610 a
2787 5553 3036 5628 maligno
3057 5553 3454 5632 premiturspi-
