3918 6176
428 239 529 299 391
1210 238 1266 294 S.
1309 235 1687 294 PASCHASII
1725 233 2085 291 RADBERTI
2121 232 2427 291 ABBATIS
2465 232 2967 291 CORBEIENSIS.
3567 241 3659 299 392

430 365 565 430 ritu,
592 368 675 432 ut,
703 363 801 418 illo
829 365 1029 435 ejecto,
1047 362 1230 419 cordis
1257 339 1473 417 exulta
1500 364 1850 422 conﬁteatur,
1868 360 2027 414 dein-
2048 361 2100 420 Α
2117 363 2458 417 claruerunt.
2494 360 2638 424 Quia
2672 360 2898 415 larvalis
2927 359 3043 425 illa,
3074 357 3345 429 inquiunt,
3369 363 3559 418 curatio
3584 367 3661 421 de-

429 471 558 526 ceps
588 459 780 509 autem
809 453 1005 508 auditu
1035 453 1187 508 auris
1215 452 1410 506 audire
1439 468 1560 523 quae
1574 451 1761 504 divina
1778 455 1907 505 sunt
1929 450 2028 504 de-
2114 454 2328 519 bilium,
2362 457 2419 505 et
2447 450 2667 504 reddita
2699 449 2812 505 vita
2842 447 3137 513 defunctis,
3170 448 3217 501 si
3255 454 3309 502 et
3336 451 3423 504 alii
3449 454 3661 509 conside-

429 550 599 599 votus
627 544 899 615 invigilet.
927 543 1190 613 Alioquin
1217 547 1403 607 458
1438 541 1672 611 quisque
1708 540 1765 595 in
1795 556 2030 594 vacuum
2114 550 2311 600 rentur
2336 540 2431 612 qui
2461 539 2607 593 mira
2626 538 2897 603 fecerunt,
2931 538 3046 592 Deo
3075 554 3240 609 parva
3266 544 3405 593 sunt.
3435 540 3658 598 Fatemur

430 632 670 701 laborat,
700 632 809 688 nisi
838 634 986 687 Deus
1014 630 1278 686 audiendi
1318 630 1595 685 introrsus
1619 629 2030 684 incrementum
2118 632 2343 704 quidem
2391 634 2449 682 et
2477 645 2577 682 nos
2607 628 2746 681 talia
2773 626 2965 681 fecisse
2994 627 3308 697 prophetas.
3356 628 3485 682 Nam
3515 630 3568 686 in
3588 632 3662 687 his

432 722 700 793 praebeat.
2118 721 2294 793 signis
2320 718 2454 791 quid
2470 716 2850 782 excellentius,
2876 733 3045 787 quam
3066 723 3311 772 mortuos
3337 717 3403 771 ad
3419 718 3569 773 vitam
3587 737 3662 774 re-

501 812 569 866 Et
595 812 869 866 circuibat
886 812 1038 864 Jesus
1067 811 1311 863 civitates
1341 824 1545 873 omnes,
1579 813 1627 862 et
1660 811 1902 875 castella,
1949 810 2039 862 do-
2119 808 2461 866 suscitasse?
2509 805 2665 861 Fecit
2708 805 2814 859 hoc
2853 805 3002 860 Elias
3032 804 3090 860 in
3123 805 3305 859 Veteri
3328 807 3661 875 Testamento,

431 916 554 955 cens
570 902 633 954 in
651 900 943 967 synagogis
970 913 1182 951 eorum.
1214 897 1322 951 Per
1341 914 1535 952 omnes
1562 902 1754 951 autem
1780 896 2031 951 civitates
2118 899 2248 955 fecit
2269 904 2327 953 et
2351 896 2600 961 Eliseus,
2634 894 2887 949 fecerunt
2912 894 3017 948 hoc
3056 900 3113 949 et
3150 894 3424 950 innumeri
3449 904 3559 968 post
3582 898 3664 953 ad-

429 993 489 1043 et
514 987 761 1050 castella,
816 992 881 1040 ut
923 1001 1089 1040 nemo
1118 986 1464 1057 exciperetur
1490 986 1560 1039 ab
1599 985 1781 1040 ofﬁcio
1810 986 2027 1040 salutis.
2112 994 2341 1044 ventum
2370 985 2614 1041 Domini.
2669 984 2815 1038 Nam
2848 984 2917 1037 de
2966 1000 3261 1054 magorum
3311 985 3585 1051 miraculis,
3612 1004 3667 1043 ex

428 1076 723 1148 Apostolos
766 1079 958 1129 tamen
986 1075 1143 1146 prius
1181 1075 1373 1130 docuit
1419 1075 1477 1130 in
1533 1080 1743 1139 monte,
1787 1092 2029 1146 quorum
2114 1078 2316 1151 quibus
2338 1074 2543 1148 pagani
2571 1074 2908 1144 gloriantur,
2936 1074 3248 1144 utrumipsi
3267 1081 3504 1129 mortuos
3520 1077 3666 1132 susci-

427 1164 773 1241 conversatio
803 1164 861 1218 in
888 1163 1206 1218 cmlestibus
1234 1164 1427 1218 futura
1448 1164 1839 1235 praesignatur,
1869 1168 2028 1219 cmte-
2108 1166 2353 1223 taverint
2379 1165 2463 1220 illi
2507 1162 2766 1230 viderint,
2814 1163 2909 1234 qui
2954 1163 3072 1217 suis
3121 1179 3216 1217 eos
3265 1163 3452 1218 fecisse
3482 1165 3668 1235 ﬁngunt

425 1272 520 1311 ras
546 1253 916 1326 insynagogis
935 1253 1261 1324 eorum,qui
1282 1253 1482 1309 altiora
1509 1253 1745 1307 necdum
1764 1258 2028 1324 poterant
2108 1254 2436 1312 mendaciis.
2469 1253 2577 1318 Qui
2608 1257 2664 1307 et
2690 1252 2991 1323 Apuleium
3021 1256 3219 1306 contra
3249 1252 3571 1323 magicarum
3599 1270 3669 1308 ar-

426 1343 921 1415 comprehendere.
964 1341 1200 1399 Mirabili
1244 1342 1469 1413 quidem
1518 1341 1713 1397 ordine
1736 1342 1893 1413 prius
1921 1342 2022 1397 do-
2104 1346 2249 1401 tium
2295 1342 2592 1399 conamina
2632 1341 3011 1412 copiosissime
3058 1341 3363 1395 defendunt
3405 1342 3582 1412 egisse,
3624 1348 3671 1397 et

425 1451 558 1491 cens
580 1431 943 1502 Evangelium
971 1430 1149 1501 regni,
1183 1430 1385 1485 deinde
1414 1436 1541 1502 post
1569 1431 2025 1502 praedicationem
2105 1440 2381 1489 conantur
2408 1449 2522 1488 non
2550 1431 2884 1498 accusando,
2916 1430 3015 1484 sed
3055 1430 3333 1485 laudando
3364 1431 3667 1486 convincere.

425 1528 596 1594 atque
637 1520 970 1585 doctrinam,
1011 1518 1245 1574 curabat
1299 1536 1522 1574 omnem
1576 1521 1923 1590 languorem,
1973 1525 2031 1574 et
2112 1522 2379 1594 Legimus
2418 1527 2475 1576 et
2503 1537 2698 1591 magos
2747 1519 3140 1591 Egyptiorum
3177 1519 3411 1574 istarum
3440 1520 3670 1575 virtutum

427 1627 653 1667 omnem
698 1608 1121 1675 inﬁrmitatem;
1150 1614 1216 1663 ut
1253 1609 1455 1679 quibus
1485 1625 1669 1663 sermo
1719 1609 1886 1664 ﬁdem
1916 1626 2085 1683 non_
2112 1612 2502 1683 peritissimos,
2544 1615 2737 1664 tamen
2766 1626 2801 1663 a
2847 1608 3035 1679 Moyse
3065 1607 3275 1663 famulo
3317 1609 3415 1662 Dei
3453 1615 3672 1680 potenter

426 1704 700 1765 suaserat,
727 1698 999 1753 virtutum
1030 1714 1202 1769 opera
1228 1678 1667 1769 persuaderent;
1706 1699 2023 1765 Eratcm'm,
2047 1678 2093 1737 Β
2111 1678 2313 1772 utique
2340 1704 2658 1771 superatos.
2686 1698 2829 1762 Quia
2880 1678 3126 1770 profecto
3148 1698 3228 1751 illi
3248 1704 3304 1752 et
3317 1678 3499 1752 omnes
3514 1700 3672 1753 saeculi

424 1792 517 1860 (ut
538 1791 650 1845 duo
676 1806 742 1843 ex
771 1788 1060 1858 discipulis
1092 1786 1445 1842 ambulantes
1484 1788 1812 1858 loquuntur:
1844 1794 2027 1856 potens
2110 1791 2416 1862 sapientes,
2455 1789 2501 1843 si
2534 1787 2748 1859 aliquid
2797 1792 3049 1857 egerunt,
3086 1803 3199 1841 non
3232 1787 3340 1841 nisi
3368 1793 3481 1841 arte
3507 1787 3674 1842 diabo-

427 1883 492 1934 in
520 1895 675 1948 opere
704 1882 755 1932 et
779 1893 1026 1931 sermone
1054 1878 1211 1947 (Luc.
1245 1891 1391 1943 XXIV,
1435 1875 1540 1945 l9),
1578 1884 1872 1948 propterea
1896 1894 2029 1948 pro-
2109 1881 2235 1947 lica,
2268 1878 2447 1935 nostri
2472 1895 2600 1932 vero
2648 1893 2763 1931 non
2805 1876 2914 1931 nisi
2947 1876 3155 1931 virtute
3196 1876 3402 1931 Christi
3430 1883 3483 1931 et
3508 1878 3558 1931 in
3587 1894 3670 1931 no-

425 1966 686 2025 mittebat
718 1965 877 2036 regni
921 1965 1278 2030 documenta,
1320 1971 1518 2036 postea
1568 1982 1695 2019 vero
1739 1965 1918 2037 signis
1969 1972 2028 2020 et
2109 1971 2263 2025 mine
2294 1967 2615 2024 Salvatoris.
2649 1967 2830 2030 Quem
2869 1972 2926 2020 et
2956 1966 3357 2037 prephetantes
3402 1972 3456 2020 et
3500 1966 3671 2037 praedi-

421 2056 713 2129 prodigiis,
738 2061 804 2109 ut
820 2054 1392 2109 commoverenturad
1418 2055 1608 2120 ﬁdem,
1634 2060 1894 2125 potenter
1921 2055 2027 2110 hoc
2107 2065 2317 2125 cantes,
2363 2073 2629 2127 magnam
2660 2056 2711 2110 ei
2742 2054 2981 2125 gloriam
3019 2055 3315 2122 dederunt,
3358 2055 3489 2110 nihil
3541 2056 3601 2109 de
3625 2072 3672 2110 se

420 2147 610 2218 ipsum
637 2144 1056 2200 commendans.
1077 2145 1368 2214 Nusquam
1398 2144 1572 2213 igitur
1602 2144 1671 2198 de
1698 2144 1807 2197 alio
1834 2144 2023 2215 aliquo
2106 2152 2529 2220 praesumentes.
2554 2147 2715 2201 Hunc
2732 2150 2921 2198 autem
2945 2160 3056 2198 non
3077 2150 3344 2215 tanquam
3369 2161 3547 2216 parem
3565 2143 3668 2211 sibi,

421 2235 637 2290 dictum
664 2233 930 2305 reperies,
964 2232 1072 2286 nisi
1118 2232 1189 2287 de
1233 2233 1351 2287 solo
1380 2233 1638 2301 Domino,
1670 2233 1817 2304 quod
1857 2250 2022 2288 cura-
2104 2254 2206 2292 nec
2253 2237 2311 2291 in
2342 2235 2536 2290 eadem
2589 2234 2989 2288 miraculorum
3040 2234 3294 2305 potentia
3339 2234 3666 2306 superiorem,

421 2323 565 2379 verit
607 2339 830 2377 omnem
870 2323 1198 2391 languorem
1246 2325 1302 2375 et
1344 2337 1567 2375 omnem
1593 2322 2016 2390 inﬁrmitatem;
2102 2327 2199 2381 sed
2219 2326 2383 2397 plane
2413 2326 2592 2380 Deum
2634 2323 2805 2377 illum
2820 2329 2877 2377 et
2902 2322 3151 2377 omnium
3182 2323 3495 2389 Dominum,
3516 2322 3669 2377 homi-

420 2412 554 2467 licet
581 2416 639 2465 et
658 2410 917 2481 discipuli
962 2410 1169 2465 multos
1206 2409 1545 2476 sanaverint,
1591 2410 1733 2465 sicut
1759 2412 2017 2481 legimus,
2102 2432 2233 2470 nem
2273 2419 2504 2486 propter
2553 2412 2810 2466 homines
2870 2411 3080 2466 factum
3128 2412 3537 2467 nuntiaverunt.
3581 2410 3669 2475 Qui

424 2501 574 2572 quod
603 2500 774 2554 etiam
804 2516 871 2553 ex
894 2498 1098 2553 umbra
1114 2498 1265 2553 Petri
1295 2498 1484 2569 plures
1510 2500 1691 2554 curati
1719 2505 1869 2555 sunt.
1913 2501 2023 2556 Sed
2104 2509 2403 2577 propterea
2427 2507 2484 2557 et
2512 2502 2632 2574 ipse
2659 2500 2796 2555 talia
2822 2500 3001 2555 voluit
3026 2500 3233 2565 facere,
3258 2518 3327 2557 ne
3353 2500 3578 2556 absurda
3599 2500 3666 2554 vi-

424 2588 786 2661 quarendum
799 2594 989 2642 utrum
1013 2586 1083 2641 ab
1102 2604 1167 2641 eo
1196 2587 1317 2641 loco
1336 2604 1445 2659 quo
1475 2588 1546 2643 de
1576 2595 1766 2644 monte
1795 2590 2021 2645 descen-
2102 2593 2373 2648 derentur
2399 2607 2521 2663 quae
2545 2606 2645 2662 per
2686 2590 2847 2644 illum
2877 2589 3140 2653 fecerant,
3176 2590 3287 2645 nisi
3317 2596 3372 2644 et
3398 2590 3510 2662 ipse
3536 2588 3682 2643 simi-.

422 2678 523 2740 dit,
557 2694 783 2733 omnem
814 2677 1142 2746 languorem
1173 2682 1229 2730 et
1257 2693 1479 2731 omnem
1518 2678 1909 2733 inﬁrmitatem
1929 2696 2022 2735 cu-
2100 2682 2177 2737 lia
2198 2682 2426 2737 faceret.
2462 2681 2864 2735 Verumtamen
2894 2684 2951 2734 et
2969 2679 3181 2749 aliquid
3213 2679 3493 2752 proprium
3515 2680 3667 2733 facere

421 2767 631 2822 raverit
653 2783 850 2821 eorum
882 2766 978 2836 qui
1019 2764 1192 2820 oblati
1238 2771 1388 2833 sunt,
1420 2783 1547 2821 cum
1577 2767 1771 2821 decem
1814 2768 2022 2823 solum-
2099 2771 2315 2839 debuit,
2346 2769 2501 2825 nasci
2544 2769 2613 2823 de
2652 2768 2900 2839 Virgine,
2934 2784 3233 2838 resurgere
3280 2785 3315 2824 a
3360 2768 3596 2832 mortuis,
3620 2767 3667 2820 in

420 2857 588 2911 modo
632 2855 834 2909 exinde
877 2854 1061 2908 curati
1098 2862 1594 2921 connumerantur,
1642 2873 1715 2910 an
1764 2857 1934 2911 etiam
1965 2863 2022 2911 et
2099 2861 2298 2915 coelum
2328 2858 2655 2923 ascendere,
2682 2857 2876 2911 sedere
2906 2856 2977 2911 ad
3000 2857 3295 2913 dexteram
3314 2858 3492 2913 Patris
3527 2872 3670 2927 super

420 2946 561 3000 alios
601 2945 748 3015 quod
796 2944 1153 2998 manifestum
1205 2949 1327 3011 est;
1361 2944 1493 3014 quia
1529 2946 1775 3015 profecto
1808 2947 1878 3000 ad
1915 2947 2293 3016 hocnomnes
2343 2948 2542 3002 choros
2589 2946 2937 3016 angelorum,
2980 2951 3039 2999 et
3080 2946 3366 3001 daemonia
3418 2946 3669 3016 subjacere

418 3040 539 3089 tam
559 2996 830 3087 sollicitus
859 3032 1049 3086 omnia
1071 2996 1449 3098 circuibatfut
1468 2996 1663 3087 omnes
1695 3041 1940 3101 sanaret,
1965 2996 2081 3090 etC
2103 3038 2235 3093 Deo.
2277 3022 2395 3092 Hoc
2420 3036 2515 3107 qui
2544 2996 2744 3108 paruam
2777 2996 2957 3105 putat,
2993 3033 3125 3104 quid
3153 3035 3398 3107 amplius
3427 2996 3672 3106 exspectet

419 3121 527 3192 ipsi
552 3120 905 3191 perciperent
938 3118 1305 3188 Evangelium
1334 3121 1511 3190 regni.
1550 3122 1897 3178 Manifestum
1931 3131 2019 3178 est
2100 3126 2322 3198 penitus
2358 3126 2573 3197 ignoro.
2606 3123 2865 3178 Arbitror
2892 3122 3043 3177 enim
3066 3122 3199 3194 quia
3231 3125 3291 3178 in
3314 3123 3568 3195 principio
3588 3136 3670 3193 per

419 3208 569 3281 quod
598 3208 746 3263 sicut
772 3208 831 3260 in
868 3206 1184 3261 civitatibus
1218 3213 1277 3261 et
1302 3210 1564 3276 castellis,
1593 3210 1726 3265 etin
1757 3212 2018 3267 omnibus
2098 3216 2284 3287 ipsum
2313 3215 2502 3269 omnia
2544 3213 2691 3269 facta
2733 3218 2882 3277 sunt,
2915 3210 3141 3267 homine
3188 3217 3476 3284 assumpto
3506 3210 3671 3266 debuit

419 3297 552 3354 vicis
579 3296 814 3351 docebat
840 3296 899 3349 in
928 3296 1229 3366 synagogis
1251 3313 1595 3370 eorum,quse
1619 3316 1803 3354 sermo
1837 3301 2015 3356 Evan-
2099 3305 2271 3359 alium
2301 3304 2576 3359 mundum
2620 3302 2819 3366 facere,
2852 3306 2917 3355 ut
2970 3317 3098 3355 eum
3154 3302 3510 3357 crederemus
3550 3300 3666 3363 fore,

414 3388 629 3461 gelicus
672 3385 937 3457 explanat
958 3401 1058 3456 per
1096 3384 1316 3455 singula
1364 3393 1422 3440 et
1456 3388 1751 3458 promittit,
1796 3390 1924 3444 licet
1952 3408 2017 3446 ex
2098 3411 2198 3465 per
2216 3411 2383 3466 quem
2408 3393 2587 3448 factus
2617 3397 2705 3446 est
2728 3389 3019 3447 mundus?
3046 3389 3155 3443 Sed
3191 3406 3298 3446 nec
3334 3392 3509 3461 major
3534 3404 3670 3443 mun-

414 3479 521 3533 hoc
550 3476 898 3545 intelligatur
926 3473 1059 3545 quid
1081 3474 1351 3538 docuerit,
1381 3476 1513 3546 quia
1542 3477 1747 3547 legitur
1773 3479 2017 3550 Evange-
2097 3484 2219 3548 dus,
2255 3500 2358 3537 nec
2385 3481 2682 3552 coaequalis
2707 3480 2767 3534 in
2793 3479 2897 3533 hoc
2916 3478 3126 3533 mundo
3155 3479 3286 3534 ﬁeri
3310 3485 3510 3552 posset.
3534 3475 3670 3542 Quod

413 3567 554 3623 lium
580 3564 739 3635 regni
764 3563 1038 3619 docuisse.
1082 3564 1167 3617 Ita
1203 3563 1384 3634 liquet
1428 3565 1753 3622 innumeras
1781 3568 2015 3623 virtutes
2097 3572 2143 3626 si
2193 3572 2470 3627 minorem
2524 3570 2733 3625 faceret
2762 3574 2819 3623 et
2869 3567 3015 3622 infra
3050 3567 3247 3635 istum,
3294 3569 3545 3623 similiter
3584 3567 3672 3620 hoc

414 3656 628 3719 fecisse,
665 3671 787 3725 quae
820 3669 932 3707 non
962 3656 1094 3707 sunt
1121 3652 1360 3723 scriptae,
1388 3653 1447 3709 in
1478 3660 1699 3710 tantum
1730 3662 1794 3711 ut
1822 3659 2010 3713 nullus
2096 3678 2316 3732 quoque
2347 3677 2546 3733 parum
2575 3663 2891 3731 putaretur.
2924 3658 3089 3727 Ergo,
3123 3656 3262 3727 quia
3286 3673 3398 3713 non
3426 3655 3666 3729 oportuit,

409 3746 670 3817 languor,
690 3743 846 3798 nulla
871 3741 1173 3797 inﬁrmitas
1201 3748 1349 3797 esset
1366 3760 1559 3798 eorum
1583 3762 1753 3815 quam
1775 3762 1887 3800 non
1908 3763 2005 3801 cu-
2091 3767 2234 3805 nova
2276 3750 2407 3804 fecit
2442 3750 2501 3803 in
2528 3748 2759 3802 mundo.
2810 3745 3102 3800 Potentius
3144 3746 3385 3802 fortasse
3413 3751 3511 3811 est,
3539 3742 3668 3815 quod

409 3840 608 3889 rasset.
644 3833 817 3887 Porro
849 3830 1108 3901 discipuli
1148 3847 1262 3885 non
1290 3836 1553 3902 poterant
1579 3849 1708 3886 eum
1738 3850 1940 3887 sanare
1969 3850 2004 3886 a
2088 3839 2408 3894 novissimis
2435 3836 2805 3908 temporibus,
2841 3852 3011 3907 quam
3042 3834 3191 3906 quod
3221 3835 3284 3890 in
3322 3835 3582 3908 principio
3602 3833 3669 3885 fe-

407 3922 704 3991 dzemonio,
736 3920 833 3992 qui
862 3920 1081 3975 delatus
1111 3926 1195 3975 est
1224 3920 1296 3974 ei.
1333 3922 1413 3975 De
1450 3938 1559 3992 quo
1597 3922 1820 3987 dicitur,
1853 3923 2003 3993 quod
2090 3928 2184 3981 cit.
2216 3927 2374 3982 Unde
2414 3926 2559 3980 mira
2594 3925 2890 3980 hominum
2928 3924 3163 3979 caecitas.
3197 3924 3357 3979 Fecit
3398 3924 3561 3979 Filius
3587 3920 3671 3977 Dei

407 4014 513 4068 hoc
541 4029 720 4083 genus
749 4011 1069 4065 daemonum
1113 4026 1227 4064 non
1256 4010 1366 4064 nisi
1411 4011 1665 4065 oratione
1714 4017 1771 4066 et
1792 4013 2008 4083 jejunio
2090 4017 2148 4071 in
2178 4033 2344 4071 carne
2374 4016 2595 4070 minora
2617 4014 2702 4069 vel
2730 4013 2987 4085 aequalia,
3014 4017 3206 4079 460
3232 4031 3404 4085 quam
3424 4019 3478 4069 et
3503 4013 3590 4067 alii
3609 4011 3671 4065 fe-

406 4099 918 4156 curetur.Christus
937 4114 1066 4152 vero
1096 4114 1321 4151 omnem
1353 4099 1683 4170 languorem
1709 4107 1765 4155 et
1784 4118 2010 4156 omnem
2090 4110 2305 4172 cerunt,
2352 4110 2410 4159 et
2446 4108 2840 4170 contemnunt;
2871 4102 3002 4157 fecit
3042 4103 3281 4172 majora,
3316 4109 3371 4157 et
3418 4120 3527 4157 non
3565 4116 3670 4155 cre-

407 4189 794 4243 inﬁrmitatem
825 4187 1063 4241 interius
1092 4187 1402 4241 exteriusve
1432 4190 1673 4258 pellebat
1705 4193 1862 4262 quasi
1895 4194 2005 4246 Do-
2089 4196 2249 4251 dunt.
2282 4194 2435 4248 Fecit
2464 4193 2687 4264 quidem
2714 4193 2878 4262 juxta
2914 4207 3106 4245 eorum
3155 4192 3492 4246 sententiam
3520 4189 3671 4243 credi-

407 4275 896 4378 min‘us,.probans
944 4274 1051 4329 sibi
1097 4274 1237 4378 nihil
1256 4276 1628 4378 impossibile:
1664 4280 1773 4333 Sed
1801 4282 2239 4378 solum—Dbilia,
2271 4289 2329 4337 et
2382 4299 2580 4355 parum
2625 4282 2908 4336 aestimant
2936 4281 3052 4335 Deo
3105 4279 3261 4334 Fecit
3293 4298 3421 4336 vero
3464 4281 3668 4347 Deiﬁca,

407 4364 573 4421 modo
603 4363 749 4418 sicut
776 4362 871 4416 ille
908 4377 1093 4417 sermo
1123 4379 1189 4416 ex
1214 4362 1300 4416 his
1325 4363 1583 4418 omnibus
1603 4365 1664 4419 in
1690 4375 1880 4421 monte
1912 4369 2007 4422 ha-
2026 4362 2070 4378 ⁸³
2090 4374 2186 4427 sed
2212 4374 2412 4429 nolunt
2436 4372 2683 4438 credere,
2718 4370 2851 4441 quia
2878 4375 3207 4441 competunt
3242 4370 3384 4425 Deo.
3424 4370 3670 4425 Nesciunt

405 4453 581 4519 bitus.
613 4453 871 4507 sufﬁcere
927 4450 1190 4516 creditur,
1243 4456 1543 4522 prepterea
1568 4454 1770 4524 spiritu
1813 4464 2005 4511 sancto
2088 4462 2263 4533 igitur
2288 4462 2480 4516 miseri
2512 4460 2660 4531 quod
2687 4459 2943 4515 Christus
2974 4475 3087 4513 non
3116 4459 3271 4513 venit
3307 4476 3500 4514 rursus
3532 4472 3671 4512 mun-

405 4546 695 4599 reserante
734 4540 975 4613 posteris
1004 4539 1150 4612 style
1179 4540 1421 4596 traditus
1458 4548 1546 4597 est
1571 4544 1644 4597 ad
1668 4545 2001 4601 doctrinam.
2088 4551 2225 4606 dum
2254 4551 2435 4607 facere
2463 4570 2475 4618 ;
2508 4554 2700 4605 manet
2745 4548 2897 4603 enim
2942 4547 3091 4620 quod
3124 4548 3339 4604 fecerat
3371 4568 3384 4602 :
3418 4549 3512 4604 sed
3537 4545 3669 4601 venit

403 4633 495 4689 Ita
516 4630 796 4703 siquidem
823 4647 890 4685 ex
913 4629 1172 4685 omnibus
1200 4630 1549 4702 paucissimae
1567 4640 1872 4689 narrantur
1899 4641 2004 4692 vir-
2086 4641 2235 4712 quod
2290 4640 2535 4712 perierat
2582 4639 2915 4709 (humanum
2962 4637 3174 4691 scilicet
3217 4636 3418 4708 genus)
3450 4637 3664 4698 salvere,

402 4725 579 4790 tutes,
611 4737 734 4792 quae
761 4719 929 4775 rebus
969 4725 1028 4775 et
1061 4735 1298 4774 numero
1326 4727 1681 4778 sacramenta
1704 4724 1835 4779 ﬁdei
1857 4742 2004 4780 com-
2085 4735 2315 4801 propter
2348 4728 2496 4800 quod
2516 4728 2634 4784 haec
2662 4727 2853 4783 omnia
2872 4727 3003 4782 olim
3024 4731 3263 4782 crearat.
3288 4727 3413 4793 Qua
3434 4727 3501 4782 de
3518 4738 3669 4780 causa

402 4809 691 4877 mendent,
724 4814 782 4864 et
821 4809 1010 4864 omnia
1038 4808 1340 4865 Salvatoris
1370 4827 1541 4883 opera
1568 4811 1858 4869 insinuent
1882 4816 2003 4886 ple-
2085 4818 2218 4872 fecit
2236 4834 2357 4888 qua:
2376 4817 2447 4871 ad
2468 4817 2706 4872 salutem
2737 4816 3019 4888 pertinere
3046 4823 3375 4884 noscuntur,
3404 4821 3461 4870 et
3487 4811 3666 4869 lecitin

401 4916 478 4956 n8
514 4900 632 4956 fore
674 4898 925 4971 mysticis
964 4898 1311 4954 numefibus-
1345 4906 1538 4967 459
1565 4902 1722 4974 Saepe
1750 4903 1899 4958 enim
1929 4905 2005 4958 le-
2086 4907 2359 4962 exteriore
2392 4906 2619 4963 homine
2666 4905 2909 4961 visibilia
2955 4904 3222 4962 virtutum
3259 4907 3440 4977 signa,
3495 4907 3668 4976 quate-

399 4989 587 5061 gimus
615 4989 676 5043 in
703 4989 809 5043 hoc
836 4987 957 5059 ipso
984 4989 1282 5058 Evangelia
1313 4990 1433 5044 sine
1461 4993 1783 5048 narratione
1810 4998 2000 5063 gesto-
2083 5014 2190 5052 nus
2216 5012 2317 5068 per
2335 4996 2454 5051 haec
2477 5012 2637 5050 mens
2665 4995 2826 5050 avida
2866 4995 3002 5049 satis
3032 4995 3275 5051 disceret
3295 4995 3425 5068 quid
3452 4991 3666 5047 interius

400 5095 531 5136 rum
558 5078 960 5141 indifferenter,
993 5077 1204 5149 absque
1234 5095 1602 5150 personarum
1643 5082 1999 5154 expressione
2080 5085 2415 5158 requireret.
2458 5084 2703 5140 Interius
2742 5100 2986 5155 namque
3029 5083 3087 5138 in
3131 5084 3339 5146 anima.
3386 5099 3493 5155 qua
3521 5083 3663 5152 parte

399 5175 626 5225 curatos
654 5184 868 5233 omnes,
895 5172 955 5221 et
1000 5183 1194 5222 omnes
1234 5168 1532 5239 languores
1570 5177 1739 5242 atque
1766 5172 1999 5227 inﬁrmi-
2078 5174 2247 5229 homo
2274 5172 2473 5227 melior
2506 5189 2627 5228 esse
2668 5171 2937 5235 creditur,
2982 5175 3137 5226 totus
3176 5171 3485 5234 ceciderat;
3518 5164 3663 5220 idcir.

399 5262 565 5323 tates,
598 5258 721 5312 sine
759 5256 1029 5327 cujusque
1066 5256 1426 5327 proprietatis
1467 5258 1873 5331 designatione,
1905 5261 1999 5317 de—
2078 5280 2142 5318 co
2190 5263 2422 5318 virtutes
2452 5268 2758 5335 operantur
2795 5260 2992 5315 salutis
3030 5261 3295 5322 exterius,
3333 5264 3397 5313 ut
3435 5256 3503 5311 ad
3532 5252 3663 5308 salu-

399 5347 610 5419 pulsas.
643 5346 752 5402 Sed
774 5362 918 5400 caaca
944 5345 1247 5400 inﬁdelitas
1274 5362 1388 5400 non
1422 5348 1537 5401 vult
1560 5348 1845 5405 interdum
1874 5368 1999 5407 cre-
2077 5359 2193 5407 tem
2216 5354 2384 5407 homo
2412 5370 2477 5407 ex
2508 5352 2777 5407 beneﬁcio
2810 5355 3141 5422 provocetur
3178 5349 3434 5411 interius,
3470 5349 3524 5400 et
3555 5339 3663 5395 dili-

399 5435 533 5491 dere
560 5451 927 5509 paganorum.
965 5434 1172 5491 Dicunt
1206 5434 1358 5489 enim
1392 5438 1540 5509 quod
1568 5439 1739 5507 nulla,
1766 5458 1991 5513 compe-
2072 5447 2172 5513 gat
2207 5448 2490 5497 auctorem
2522 5442 2666 5509 vitae,
2700 5458 2765 5496 ac
2793 5442 3004 5506 credat,
3052 5447 3110 5495 et
3138 5445 3353 5511 quaerat
3378 5436 3447 5490 ab
3473 5450 3536 5489 eo
3580 5429 3661 5483 de-

398 5524 650 5584 tentibus
672 5524 865 5597 signis,
889 5522 1097 5580 indicia
1123 5527 1298 5580 tantae
1341 5526 1655 5596 maiestatis
1681 5528 1744 5586 in
1771 5531 1992 5586 Christo
2073 5535 2236 5588 vetus
2274 5531 2613 5589 medicinam
2642 5530 2859 5588 salutis.
2892 5529 3054 5596 Quod
3082 5529 3131 5587 si
3160 5527 3432 5601 quaeritur
3472 5521 3654 5586 adhuc,
