3918 6176
200 160 283 219 393

953 158 1333 216 EXPOSITIO
1372 161 1450 216 IN
1488 157 1932 219 MATTHIEUM.
1979 189 2041 199 —
2080 160 2217 217 LIB.
2258 162 2326 229 V,
2369 162 2524 218 CAP.
2567 163 2660 218 IX.

3329 163 3434 224 391

198 285 309 376 quid
319 284 599 376 Christus,
636 284 785 355 quod
810 284 995 338 nullus
1011 375 1018 376 ί
1034 286 1178 340 alius
1222 286 1452 353 fecerit;
1486 303 1669 376 pauca
1691 286 1759 339 de
1777 289 1820 343 A
1844 295 1996 364 plum
2023 296 2177 350 dedit
2196 296 2371 351 totius
2394 295 2671 363 sanitatis,
2690 295 2827 351 dum
2850 296 3040 352 omnia
3067 299 3322 358 dolorum
3340 321 3436 376 ge-

195 374 417 445 pluribus
447 374 623 427 libeat
651 390 959 427 recensere.
997 375 1309 445 Complevit
1334 376 1483 429 enim
1517 374 1757 446 prophe-

193 471 347 518 tarum
393 463 650 516 omnium
702 481 765 516 ex
796 480 855 517 se
893 463 1171 529 vaticinia,
1206 464 1354 534 quod
1393 464 1581 518 nullus
1618 465 1762 518 alter

193 553 311 606 fecit.
343 553 525 605 Natus
549 558 634 605 est
664 553 732 606 de
764 552 1012 622 Virgine,
1038 552 1097 606 in
1127 555 1289 622 cujus
1315 559 1441 607 ortu
1470 553 1624 607 sidus
1658 569 1758 606 no-

193 658 300 695 vum
332 641 575 704 refulsit,
629 650 688 695 et
722 658 822 712 per
850 641 992 694 viam
1041 658 1237 713 magos
1266 643 1335 696 ad
1383 659 1512 696 eum
1537 642 1764 696 devotos

194 731 419 785 adduxit.
454 731 800 801 Angelorum
824 732 1097 786 exercitus
1125 732 1195 786 ad
1227 733 1347 802 ejus
1377 748 1549 786 cunas
1573 736 1762 802 pasto-

192 820 320 873 ribus
367 820 731 874 audientibus
776 826 987 874 canunt
1022 822 1175 891 (Luc.
1218 835 1277 886 II,
1314 820 1394 890 10)
1433 820 1663 876 :Glorz’a
1702 822 1766 873 in

193 912 390 963 excelsis
428 911 552 963 Deo.
601 910 670 964 Et
715 910 939 964 Gabriel
982 910 1233 964 fatetur:
1286 911 1412 964 Ecce
1441 910 1768 977 Evangelizo

194 1000 312 1051 vobis
344 1001 621 1065 gaudium
640 1016 907 1067 magnum
925 1001 1068 1068 quod
1095 1003 1201 1053 erit
1230 1002 1386 1053 omni
1405 1000 1768 1067 populo,quia

191 1092 336 1140 natus
367 1092 442 1140 est
482 1089 628 1141 vobis
660 1090 815 1142 hodie
852 1087 1124 1143 Salvator.
1159 1088 1331 1142 Porro
1360 1087 1497 1141 talia
1526 1091 1584 1139 et
1609 1089 1770 1139 tanta

191 1176 246 1229 de
267 1176 423 1229 nullo
456 1176 565 1230 alio
587 1194 620 1230 a
640 1177 838 1231 saeculo
868 1178 1151 1247 leguntur.
1175 1177 1326 1231 Fecit
1347 1176 1570 1247 quidem
1588 1175 1771 1227 virtu-

1841 396 1979 435 nera
2006 399 2231 437 curasse
2280 390 2761 454 praemonstratur.
2793 384 3033 454 Lepram
3071 388 3283 445 scilicet
3324 393 3436 448 im-

1841 471 2267 536 munditiarum,
2286 472 2570 543 paralysin
2590 471 2990 540 dissolutionis,
3012 473 3223 532 febrem
3243 480 3437 537 incen-

1844 558 2217 622 dii,dazmonis
2240 561 2607 618 vexationem.
2633 562 2845 615 ﬂuxum
2861 560 3226 633 inﬁdelitatis,
3243 570 3441 625 mortis

1847 645 2154 714 incursum,
2186 650 2494 704 caecitatem
2520 649 2868 719 ignorantiae,
2905 653 3352 729 surditatemque
3382 664 3440 713 et

1846 734 2057 789 nodum
2086 737 2292 808 linguae
2320 738 2603 809 loquendi.
2620 739 2755 802 Quae
2775 739 2822 792 si
2842 739 3140 811 diligenter
3157 745 3440 819 inspicias,

1848 829 1976 893 post
2005 831 2129 879 octo
2178 825 2444 881 doctrinae
2485 826 2859 882 beatitudines
2882 836 3181 901 propterea
3209 836 3444 891 totidem

1851 912 2205 967 curationum
2233 930 2443 984 genera
2470 922 2803 986 sequuntur,
2820 922 2885 971 ut
2899 917 2972 971 sit
3002 935 3201 975 sensus
3222 924 3444 980 eviden-

1848 1000 1977 1066 tior,
2004 1002 2362 1073 quidcunque
2382 1004 2483 1057 has
2510 1008 2635 1058 octo
2664 1004 3040 1063 beatitudines
3072 1011 3261 1066 animo
3289 1030 3443 1069 com-

1850 1090 2104 1160 pleverit,
2121 1107 2346 1145 omnem
2368 1093 2665 1146 sanitatem
2679 1094 2973 1164 recepisse,
2987 1113 3211 1153 omnem
3233 1117 3337 1155 ase
3354 1103 3442 1157 in-

1851 1177 2176 1233 ﬁrmitatem
2213 1196 2529 1234 evacuasse.
2565 1182 2698 1245 Quae
2720 1182 2985 1238 nimirum
3009 1186 3169 1256 signa
3182 1189 3228 1241 si
3257 1190 3370 1244 duo
3386 1190 3447 1245 in

189 1270 276 1327 tes,
313 1282 462 1335 quas
493 1272 550 1318 et
569 1266 654 1319 sui
688 1271 858 1331 vates,
891 1273 953 1320 ut
975 1266 1087 1319 veri
1120 1266 1218 1321 Dei
1250 1266 1533 1337 prophetae
1564 1262 1767 1334 proba-
1855 1283 2029 1320 unum
2057 1269 2397 1338 junguntur,
2433 1270 2679 1323 surditas
2707 1270 2981 1330 videlicet.
2998 1279 3054 1327 et
3072 1275 3277 1346 linguae
3305 1278 3448 1333 obli-

191 1360 390 1419 rentur,
446 1355 603 1425 prius
645 1354 932 1420 fecerunt;
966 1356 1063 1409 sed
1094 1355 1425 1426 potestative
1471 1358 1527 1407 et
1560 1353 1768 1407 nullius
1850 1356 2024 1425 gatio,
2057 1362 2273 1427 septem
2304 1363 2804 1416 connumerantur.
2829 1359 2995 1414 sicuti
3024 1366 3079 1415 et
3110 1362 3166 1417 in
3191 1367 3443 1423 oratione

187 1442 523 1497 invocatione
552 1444 802 1508 alterius,
837 1451 1006 1499 tantae
1026 1462 1090 1498 ac
1116 1445 1260 1498 tales
1288 1448 1438 1505 sunt,
1468 1450 1532 1496 ut
1552 1460 1585 1496 a
1614 1442 1767 1495 nullo
1851 1444 2141 1499 Dominica
2175 1463 2365 1516 preces
2394 1446 2499 1501 sub
2529 1447 2725 1501 eodem
2746 1464 2982 1503 numero
3003 1452 3440 1510 constituuntur.

187 1531 357 1601 aliquo
388 1549 642 1603 unquam
668 1532 826 1587 factae
856 1535 1136 1603 legantur,
1169 1538 1232 1587 ut
1262 1532 1589 1603 praedictum
1622 1535 1762 1584 erat.
1849 1534 1928 1587 Ac
1967 1550 2066 1604 per
2114 1534 2219 1589 hoc
2266 1535 2313 1589 si
2343 1536 2780 1603 animadvertas,
2811 1538 2998 1595 omnia
3034 1539 3235 1595 divinis
3262 1544 3448 1599 conci-

187 1621 242 1673 Et
284 1621 419 1675 hinc
475 1627 578 1683 est,
638 1623 785 1692 quod
828 1624 1116 1677 multoties
1161 1623 1260 1687 ait,
1291 1638 1493 1676 curans
1541 1606 2496 1692 omnemBnuntsacramentis;ut
2515 1624 3093 1682 etdenariusnumero
3114 1632 3448 1701 respondeat

184 1709 500 1779 languorem
531 1716 589 1764 et
618 1728 841 1765 omnem
870 1712 1256 1766 inﬁrmitatem
1292 1728 1505 1772 eorum,
1541 1710 1635 1780 qui
1667 1726 1771 1763 sua
1852 1711 1909 1765 in
1939 1713 2211 1782 personis,
2250 1714 2570 1767 octonarius
2600 1720 2790 1767 autem
2820 1714 2879 1767 in
2931 1716 3255 1772 morborum
3284 1738 3451 1791 gene-

184 1815 393 1869 quoque
424 1801 632 1854 virtute
660 1801 814 1854 dedit
834 1802 1006 1854 etiam
1038 1800 1278 1855 testibus
1308 1800 1589 1869 Evangelii
1621 1804 1771 1869 pote-
1854 1799 2042 1865 ribus;
2079 1802 2211 1871 quia
2236 1801 2369 1855 dum
2400 1801 2568 1855 simul
2597 1802 2707 1855 duo
2729 1803 3023 1873 paralytici
3044 1806 3448 1876 junguntur,in

185 1893 374 1943 statam
406 1889 613 1943 similia
642 1890 895 1951 faciendi,
931 1890 1025 1945 sed
1059 1908 1160 1961 per
1183 1889 1349 1943 ﬁdem
1382 1891 1439 1942 in
1467 1887 1769 1942 invocatio-
1855 1888 2068 1943 eisdem
2102 1906 2215 1943 una
2245 1891 2544 1944 inﬁrmitas
2573 1896 2820 1944 curatur.
2838 1892 3054 1946 Rursus
3071 1910 3198 1948 cum
3218 1896 3330 1952 duo
3344 1899 3452 1954 daa-

186 1993 293 2031 nem
318 1979 572 2032 nominis
599 1980 740 2049 ejus,
770 1980 912 2050 quod
941 1996 1108 2033 nemo
1133 1981 1277 2033 alter
1296 1978 1441 2032 iecit.
1473 1979 1552 2032 Ea
1578 1983 1769 2031 tamen
1852 1978 2094 2032 moniaci
2135 1984 2425 2044 sanantur,
2465 1995 2610 2033 unus
2640 1980 2815 2033 hostis
2845 1982 3163 2051 expellitur.
3185 1984 3291 2039 Ubi
3314 1987 3450 2042 dum

184 2067 523 2121 solummodo
552 2068 621 2121 de
645 2069 818 2137 gestis
848 2069 970 2138 ejus
1000 2068 1320 2122 scribuntur
1349 2084 1470 2138 quae
1500 2066 1570 2120 ad
1602 2066 1769 2119 ﬁdem
1853 2073 2088 2137 septem,
2118 2072 2175 2120 et
2198 2073 2340 2131 octo,
2372 2073 2541 2137 atque
2571 2067 2761 2121 decem
2790 2068 3073 2137 gradatim
3108 2071 3447 2142 dignoscan-

183 2156 473 2221 sufﬁciant,
503 2163 562 2210 et
586 2158 826 2228 mystica
852 2158 1013 2211 nobis
1058 2157 1346 2211 insinuent
1368 2157 1638 2210 virtutum
1670 2155 1771 2209 do-
1853 2159 1965 2218 tur,
1991 2160 2244 2209 sacratus
2274 2156 2403 2209 hinc
2432 2155 2561 2209 inde
2573 2155 2829 2210 redditur
2851 2174 3142 2227 numerus,
3161 2167 3219 2215 et
3246 2168 3452 2235 myste-

183 2252 453 2299 cumenta.
479 2245 834 2316 Quapropter
862 2245 1109 2316 prudens
1131 2244 1499 2310 lector,velim
1523 2259 1593 2296 ne
1624 2241 1774 2295 fasti-
1854 2242 2068 2296 riorum
2108 2243 2286 2297 virtus
2332 2242 2561 2297 uberius
2593 2244 2861 2315 aperitur.
2908 2247 3081 2301 Porro
3110 2249 3259 2319 quod
3296 2268 3451 2307 mare

185 2334 305 2395 dias,
343 2334 483 2387 dum
530 2334 723 2388 omnia
774 2334 975 2388 divinis
1030 2334 1371 2405 respondent
1421 2331 1768 2386 muneribus.
1854 2337 2188 2402 tempestate
2210 2338 2525 2402 permotum
2539 2332 2706 2387 verbo
2736 2340 3049 2401 serenatur,
3070 2337 3131 2390 ﬁt
3163 2343 3226 2391 ut
3255 2354 3450 2395 omnes

184 2421 641 2492 Quandoquidem
695 2422 740 2475 si
803 2422 993 2475 omnia
1041 2439 1162 2493 quae
1210 2422 1537 2475 incarnatus
1575 2420 1767 2490 gessit,
1854 2436 1982 2473 cum
2008 2420 2231 2475 Christo
2266 2421 2496 2475 sanitati
2517 2422 2975 2493 redditi.possint
2994 2425 3312 2497 pertingere
3330 2445 3455 2500 por-

184 2511 383 2565 Ioanne
430 2516 596 2577 teste,
643 2510 846 2564 litteris
886 2512 1309 2576 mandarentur,
1363 2528 1468 2564 nec
1508 2514 1660 2563 totus
1706 2525 1774 2561 ea
1854 2515 1974 2563 tum
2002 2509 2217 2563 salutis.
2254 2510 2414 2564 Unde
2444 2511 2849 2580 prius,utdixi,
2873 2513 2984 2567 duo
3001 2522 3273 2583 parantur
3293 2516 3454 2572 disci-

184 2616 367 2670 capere
398 2601 685 2654 sufﬁceret
724 2600 968 2654 mundus
1000 2603 1156 2667 (Joan
1219 2614 1336 2661 xxx,
1390 2598 1506 2667 25).
1548 2597 1621 2652 Et
1660 2613 1771 2651 non
1855 2597 1988 2667 puli,
2017 2614 2256 2668 quorum
2281 2614 2427 2652 unus
2457 2615 2557 2668 pro
2586 2599 2760 2669 culpae
2790 2616 2903 2654 sum
2924 2601 3276 2658 inﬁdelitatis
3295 2606 3450 2675 ejici-

184 2688 291 2743 dico
322 2695 617 2744 tantarum
650 2690 893 2757 insignia
924 2706 1133 2753 rerum,
1176 2705 1370 2742 verum
1420 2704 1522 2741 nec
1551 2702 1617 2740 ea
1647 2702 1771 2756 qua:
1853 2692 1965 2753 tur,
1998 2686 2141 2739 alter
2170 2691 2359 2750 462
2389 2703 2519 2741 vero
2543 2687 2753 2742 Christi
2774 2690 2958 2757 gratia
2988 2690 3258 2747 liberatus
3279 2694 3349 2747 ad
3369 2694 3451 2748 vi-

182 2777 233 2832 in
256 2778 371 2833 suis
392 2783 590 2850 postea
623 2784 887 2850 operatus
905 2783 991 2833 est
1020 2778 1303 2832 membris.
1327 2777 1486 2831 Unde
1518 2781 1574 2829 et
1602 2791 1771 2845 quam
1853 2778 1969 2828 tam
1999 2775 2404 2845 transponitur.
2420 2776 2542 2839 Quo
2567 2777 2926 2846 transposito.
2959 2778 3208 2848 legiones
3236 2781 3445 2838 daemo-

184 2867 451 2920 mirabilis
492 2868 621 2937 jure
664 2869 1001 2938 praedicatur
1039 2868 1097 2921 in
1147 2867 1355 2922 sanctis
1398 2866 1533 2931 suis,
1567 2863 1771 2934 quibus
1853 2880 1987 2918 num
2026 2881 2151 2918 cum
2177 2864 2372 2919 suibus
2389 2882 2529 2935 quos
2550 2866 2833 2931 tenebant,
2850 2868 2909 2921 in
2932 2869 3453 2942 maredemergun-

181 2971 282 3009 non
336 2956 505 3009 modo
559 2955 788 3022 similia,
830 2957 927 3010 sed
980 2956 1150 3010 etiam
1202 2957 1401 3009 horum
1436 2955 1654 3024 majora
1678 2969 1831 3039 po-C
1853 2954 2053 3008 tur.Ut
2081 2953 2214 3007 dum
2235 2970 2400 3008 verus
2423 2954 2594 3008 Israel
2609 2955 2678 3008 ad
2700 2956 2942 3025 patriam
2975 2957 3277 3024 revehitur,
3300 2960 3455 3031 equi-

179 3047 433 3098 testatem
483 3045 640 3098 dedit
682 3045 940 3099 faciendi.
988 3046 1341 3116 Quapropter
1373 3045 1483 3098 ista
1530 3058 1651 3113 quze
1701 3040 1771 3095 ob
1853 3041 2325 3095 tatusPharaonis
2353 3042 2553 3096 mediis
2570 3043 2895 3098 obvolvatur
2916 3044 3195 3100 ﬂuctibus.
3223 3048 3290 3101 Et
3309 3048 3454 3103 mira

179 3134 656 3187 conﬁrmationem
718 3134 867 3200 ﬁdei,
917 3141 975 3188 et
1032 3135 1299 3188 doctrinae
1359 3131 1765 3195 testimonium,
1854 3129 2328 3200 Deidispensatio.
2348 3136 2413 3185 ut
2440 3136 2593 3185 totus
2622 3132 2788 3185 homo
2810 3140 3056 3200 curetur,
3083 3136 3450 3205 agitur.Nam

180 3227 352 3290 46]
376 3240 640 3277 sermone
655 3223 889 3277 decurso
901 3230 1225 3289 narrantur,
1249 3223 1427 3293 magis
1444 3220 1691 3293 mysticis
1710 3224 1774 3272 ut

178 3313 469 3381 proﬁciant
493 3312 761 3366 dicuntur
790 3313 918 3366 hinc
949 3313 1079 3367 inde
1110 3310 1496 3374 sacramentis,
1521 3325 1688 3379 quam
1710 3311 1774 3361 ut

179 3408 461 3468 gestorum
491 3418 726 3472 operum
759 3401 1058 3455 exhibeant
1083 3401 1481 3471 quantitatem.
1523 3398 1772 3461 Quorum

184 3490 457 3543 conclusio
489 3492 673 3560 major
688 3496 775 3544 est
800 3491 917 3545 sine
934 3490 1305 3560 praeﬁnitione
1339 3486 1577 3549 numeri,
1602 3501 1772 3555 quam

184 3578 553 3631 numerositas
584 3578 873 3648 signorum
885 3577 1003 3632 sine
1017 3577 1391 3647 intelligentia
1406 3573 1767 3629 sacramenti.

188 3663 323 3719 Sunt
344 3667 492 3720 enim
513 3667 584 3721 ab
609 3667 834 3721 exordio
846 3668 1135 3737 signorum
1152 3666 1211 3719 in
1228 3667 1334 3719 hoc
1351 3663 1653 3734 Evangelio
1668 3663 1774 3715 vir-

185 3759 330 3810 tutes
379 3756 555 3811 ferme
602 3757 794 3811 decem
825 3763 925 3810 aut
950 3772 1016 3810 eo
1059 3755 1321 3826 amplius,
1354 3770 1419 3807 ex
1457 3768 1566 3823 quo
1608 3751 1775 3822 coepit

188 3843 341 3899 Iesus
370 3846 529 3915 signa
566 3846 767 3907 facere,
797 3845 930 3916 quia
955 3845 1147 3899 decem
1173 3845 1437 3913 leguntur
1465 3842 1645 3896 curati
1671 3842 1772 3894 ho-

189 3934 380 4000 mines,
419 3952 572 3989 mare
610 3952 741 3989 vero
771 3942 829 3988 et
851 3935 1001 3988 venti
1042 3933 1205 3987 veibo
1245 3932 1467 4003 imperii
1504 3929 1768 4000 mitigati.

193 4020 633 4078 Constatetenim
654 4025 847 4078 decem
873 4024 1050 4094 plagis
1066 4023 1199 4076 olim
1221 4038 1319 4092 pro
1340 4021 1428 4075 sui
1458 4020 1640 4074 cordis
1667 4019 1772 4072 du-

190 4110 319 4164 ritia
348 4113 648 4184 {Egyptum
696 4113 869 4167 fuisse
901 4129 1240 4183 percussam,
1274 4116 1328 4164 et
1367 4110 1435 4163 ad
1460 4116 1770 4163 extremum

192 4214 405 4256 omnem
420 4220 611 4257 eorum
626 4203 940 4273 equitatum
962 4203 1019 4256 in
1039 4218 1192 4255 mare
1213 4201 1550 4264 demersum;
1571 4197 1771 4268 quibus

192 4287 248 4341 in
263 4291 477 4345 modum
509 4292 690 4363 plagis
706 4299 896 4345 noster
916 4292 1007 4344 hic
1019 4291 1262 4344 mundus
1276 4288 1499 4359 jacebat
1518 4287 1767 4341 attritus.

192 4376 394 4433 Idcirco
421 4390 483 4435 ut
509 4387 642 4435 tunc
661 4381 732 4435 ad
752 4380 1064 4435 curandum
1094 4379 1285 4433 decem
1317 4378 1375 4431 in
1408 4383 1596 4430 monte
1628 4392 1771 4448 pra:-

192 4474 345 4537 cepta
396 4469 602 4524 dantur
638 4488 649 4522 :
694 4469 775 4523 ita
808 4486 955 4524 nunc
991 4485 1213 4522 sursum
1244 4466 1501 4536 discipuli
1530 4465 1771 4536 amplius

193 4569 357 4623 quam
367 4558 582 4630 Moyses
598 4564 656 4613 et
666 4559 966 4630 perfectius
984 4558 1041 4611 in
1065 4555 1484 4611 sublimioribus
1496 4555 1767 4610 erudiun-

191 4646 304 4695 tur.
327 4644 589 4702 Deorsum
619 4665 751 4702 vero
779 4646 970 4702 decem
995 4646 1312 4702 curationes
1338 4645 1602 4699 divinitus
1615 4644 1770 4699 exhi-

190 4728 405 4794 bentur.
423 4742 483 4791 ut
504 4754 615 4807 quo
636 4736 984 4791 vexabantur
998 4752 1235 4791 numero
1255 4734 1771 4807 plagarum,eodem

195 4820 563 4880 relevarentur
620 4826 989 4881 medicamine
1046 4826 1263 4880 salutis.
1324 4825 1466 4879 Hinc
1518 4824 1772 4879 fortassis

196 4906 394 4965 dicitur
419 4931 623 4969 curans
640 4931 858 4969 omnem
876 4919 1224 4984 languorem,
1246 4914 1377 4985 quia
1392 4913 1453 4967 in
1482 4912 1568 4966 his
1584 4928 1772 4967 exem-

1854 3218 1911 3271 in
1941 3223 2119 3282 muto,
2154 3218 2302 3272 labia
2330 3225 2387 3272 et
2414 3224 2633 3289 gustus,
2666 3219 2724 3273 in
2766 3222 2934 3275 surdo
2962 3239 3092 3277 vero
3121 3239 3287 3279 aures
3316 3243 3452 3297 pur-

1853 3312 2078 3377 gantur,
2103 3312 2157 3361 et
2185 3308 2437 3378 aperitur
2474 3308 2719 3362 auditus.
2754 3310 2818 3363 In
2847 3326 2987 3365 caeco
3033 3328 3275 3385 namque
3300 3320 3454 3370 tene-

1854 3394 2083 3450 brarum
2111 3396 2289 3467 caligo
2310 3396 2629 3464 discutitur,
2654 3402 2712 3451 et
2740 3397 3055 3455 illustratur
3073 3402 3242 3457 visus.
3276 3404 3451 3461 Porro

1857 3484 1913 3538 in
1946 3486 2168 3556 leproso
2199 3485 2345 3539 fetor
2368 3486 2591 3539 narium
2615 3486 2887 3557 rejicitur,
2904 3494 2962 3542 et
2986 3491 3342 3560 pulchritudo
3370 3500 3453 3549 to-

1853 3576 1966 3629 tius
1995 3574 2243 3644 corporis
2265 3574 2568 3640 inducitur,
2610 3581 2673 3628 ut
2709 3576 2783 3629 sit
2811 3578 3083 3634 confessio
3115 3580 3173 3635 in
3204 3582 3445 3654 loquela,

1853 3662 2212 3735 pulchritudo
2241 3679 2371 3716 vero
2392 3663 2449 3716 in
2479 3663 2834 3733 reparatione
2862 3664 3097 3721 decoris.
3130 3668 3341 3723 Deinde
3367 3672 3449 3725 fe-

1856 3751 2150 3806 bricitante
2181 3767 2342 3805 socru
2370 3756 2554 3805 tactus
2578 3751 2637 3805 in
2666 3752 2924 3807 manibus
2947 3760 3240 3825 purgatur,
3259 3759 3448 3813 reddi-

1855 3847 1949 3896 tur
1976 3840 2231 3911 mitigato
2263 3856 2437 3907 mare,
2470 3846 2533 3894 ut
2552 3856 2680 3893 cum
2710 3840 2933 3895 Christo
2955 3843 3237 3898 suffocatis
3268 3847 3445 3901 hosti-

1856 3930 1977 3997 bus,
1996 3930 2327 4001 quantocius
2352 3929 2420 3982 ad
2448 3928 2688 3999 patriam
2719 3930 3206 3987 revehatur.Talia
3221 3935 3447 4005 quidem

1858 4025 1914 4073 et
1959 4018 2346 4089 hujuscemodi
2382 4018 2623 4087 diligens
2680 4026 3061 4088 perscrutator
3101 4025 3446 4081 enucleatius

1856 4108 2155 4178 perpende,
2191 4113 2247 4161 et
2260 4106 2471 4160 videbis
2500 4107 2649 4176 quod
2671 4124 2776 4161 nec
2808 4110 3087 4165 conclusio
3118 4111 3237 4167 sine
3259 4130 3447 4169 sacra-

1858 4204 2067 4262 mento,
2092 4212 2193 4250 nec
2221 4196 2457 4249 virtutes
2477 4195 2598 4249 sine
2619 4197 2905 4268 mysterio,
2930 4215 3031 4253 nec
3060 4201 3314 4257 doctrina
3328 4203 3448 4260 sine

1857 4285 2196 4341 narrationis
2225 4285 2595 4355 intelligentia
2624 4286 2986 4355 pedetentim,
3005 4288 3137 4342 dum
3169 4290 3353 4348 adhuc
3369 4299 3451 4349 te-

1854 4394 1994 4431 nera
2039 4378 2097 4430 in
2135 4375 2540 4445 discipulorum
2584 4374 2844 4429 cordibus
2872 4376 3011 4431 ﬁdes
3041 4380 3346 4446 enutritur,
3391 4389 3450 4437 et

1854 4464 2223 4520 continuatim
2248 4462 2661 4517 describuntur.
2701 4462 2810 4517 Sed
2840 4464 2970 4534 quia
2997 4467 3349 4523 concluditur
3376 4469 3447 4524 ab

1853 4553 2016 4608 initio
2056 4551 2465 4625 praedicationis
2520 4550 2730 4605 Christi
2783 4552 3045 4621 periocha
3090 4558 3444 4626 sacramenti,

1852 4643 2020 4697 velim
2048 4641 2414 4697 concludatur
2439 4644 2497 4694 et
2523 4638 2666 4693 liber
2696 4640 3121 4711 explanationis,
3138 4650 3203 4699 ut
3225 4645 3284 4700 in
3301 4648 3450 4718 prin-

1854 4732 1997 4804 cipio
2020 4748 2085 4786 ac
2114 4730 2160 4784 si
2182 4747 2340 4785 novae
2369 4727 2711 4783 narrationis
2741 4730 2996 4794 articulo,
3024 4731 3248 4788 animus
3283 4752 3445 4806 repa-

1853 4826 2030 4888 ratus,
2061 4818 2291 4876 uberius
2321 4834 2390 4872 ea
2419 4835 2541 4889 quae
2574 4824 2906 4888 sequuntur,
2941 4819 3197 4889 delectet,
3222 4828 3279 4876 et
3304 4823 3448 4878 dele-

1854 4910 2058 4966 ctando
2086 4908 2306 4980 plenius
2326 4905 2727 4978 apprehendat.

1318 5173 1741 5241 PREFATIO
1790 5171 2006 5236 LIBRI
2057 5167 2314 5235 SEXTI.

1656 5290 2019 5308 ——-—-

283 5364 542 5443 Expositio
573 5390 720 5440 mea,
743 5370 1108 5432 dilectissimi,
1130 5372 1437 5427 multorum
1463 5369 1779 5425 eruditissi-
1864 5363 2111 5423 ﬁrmavit
2152 5358 2460 5418 auctoritas
2489 5358 2762 5416 veritatis.
2795 5360 2906 5415 Sed
2931 5366 3159 5437 praprio
3181 5383 3460 5428 commen.

208 5471 417 5517 morum
436 5470 520 5519 est
546 5464 858 5532 doctorum,
887 5480 1025 5535 quos
1054 5461 1337 5535 antiquior
1364 5460 1494 5518 tulit
1523 5467 1679 5530 aetas,
1727 5466 1785 5515 et
1865 5457 2058 5513 datam
2074 5452 2222 5526 stylo
2238 5449 2457 5507 novitas
2474 5447 2609 5507 facit
2618 5464 2740 5506 esse
2759 5463 2949 5508 meam
2967 5471 2979 5507 :
3000 5453 3083 5510 ita
3105 5461 3169 5511 ut
3185 5463 3458 5517 tractatus

474 5562 737 5628 Ρηιιοι..
766 5559 943 5625 CXX.

3147 5556 3222 5616 13
