3918 6176
538 307 641 366 395
1324 307 1379 361 S.
1421 304 1798 361 PASCHASII
1826 301 2186 358 RADBERTI
2222 300 2524 355 ABBATIS
2562 301 3051 357 CORBEIENSIS.
3650 314 3733 371 396

533 436 629 507 qui
649 436 720 490 de
741 433 1002 489 omnibus
1031 433 1329 504 colligitur,
1347 449 1491 487 unus
1510 448 1638 486 vere
1651 431 1908 484 videatur
1930 435 1986 483 et
1999 446 2120 499 spe-
2136 431 2181 486 A
2204 426 2537 480 sustinuisse
2558 427 2730 481 multa
2752 446 2850 498 pro
2867 428 3046 482 nobis.
3069 430 3209 484 Cum
3228 448 3331 502 quo
3345 435 3561 490 caelestis
3578 440 3735 495 anima

529 524 747 579 cialiter
765 542 889 579 esse
905 524 1211 587 meus.Quo
1224 538 1549 577 communes
1570 520 1812 590 plurium
1831 519 2122 573 doctorum
2207 516 2399 569 multis
2422 516 2629 570 afflicta
2658 518 3112 572 tribulationibus
3133 523 3188 573 et
3217 524 3493 591 angustiis,
3515 543 3733 582 reascen-

533 629 732 669 sensus
762 614 871 668 ﬁde
899 620 957 668 et
979 613 1265 668 intellectu
1297 610 1715 673 catholicorum,
1735 608 1985 679 proprios
1999 624 2122 661 esse
2204 605 2287 658 dit
2312 610 2495 670 46$
2536 606 2591 659 in
2607 606 2858 659 Judaeum
2894 624 2992 677 per
3018 608 3115 661 Dei
3147 611 3401 679 gratiam,
3418 612 3467 666 id
3493 617 3644 669 estad
3664 635 3735 671 ve-

525 701 651 758 feci.
679 703 805 758 Non
830 703 980 757 enim
1012 700 1279 773 mysteria
1325 698 1525 752 divinae
1564 697 1965 766 intelligentiae,
2020 713 2120 750 seu
2203 710 2324 747 ram
2356 694 2779 755 confessionem,
2816 699 2879 748 ut
2896 696 3229 751 conﬁteatur
3255 698 3308 752 in
3334 702 3567 756 omnibus
3594 706 3733 759 mise-

526 792 835 847 sententias
856 789 1158 846 Salvatoris
1171 787 1270 842 Dei
1284 787 1424 841 meis
1438 792 1658 841 tantum
1681 786 1979 857 explanare
1996 802 2120 856 pro-
2201 783 2468 838 ricordias
2489 784 2728 848 Domini,
2757 784 3100 839 etmirabilia
3111 804 3335 857 operum
3363 790 3567 845 Domini
3587 794 3734 849 fidelis

522 879 653 936 bavi
681 879 908 935 ausibus
935 898 945 931 :
982 877 1127 949 quod
1165 876 1326 931 multi
1357 876 1627 940 fecerunt,
1662 875 1759 946 qui
1817 875 2119 928 noluerunt
2201 879 2443 927 enarret.
2477 874 2840 929 Postmodum
2870 874 3118 929 nutritur
3146 894 3268 930 cum
3299 894 3362 931 eo
3399 879 3451 932 in
3477 881 3730 947 Nazareth,

520 985 716 1040 sapere
745 985 867 1040 quae
900 983 1061 1020 sacra
1090 965 1328 1021 interius
1349 966 1641 1035 Scriptura
1655 963 1922 1017 divinitus
1944 962 2113 1034 inspi—
2199 962 2253 1015 id
2272 968 2358 1016 est
2383 963 2439 1015 in
2457 963 2592 1016 ﬂore
2614 962 2741 1016 boni
2756 963 3243 1034 operis,quatenus
3262 973 3317 1019 et
3340 968 3453 1037 ipsa
3472 986 3583 1024 cum
3599 972 3733 1026 Chri-

518 1063 643 1119 rata
662 1057 826 1127 sapit,
846 1056 944 1110 sed
975 1072 1099 1110 eam
1130 1055 1189 1109 in
1209 1054 1402 1108 multis
1426 1070 1684 1125 perverse
1703 1052 1818 1107 suis
1838 1052 2113 1123 applicue-
2194 1057 2280 1104 sto
2312 1052 2414 1105 ﬂos
2444 1058 2670 1105 vocetur
2694 1053 3047 1117 convallium,
3073 1071 3138 1107 eo
3161 1055 3302 1125 quod
3329 1058 3564 1111 floruerit
3581 1060 3628 1112 in
3644 1061 3734 1130 pal-

515 1151 652 1201 runt
670 1144 973 1200 erroribus.
1004 1145 1075 1199 Et
1110 1144 1235 1198 ideo
1263 1148 1423 1197 tanto
1448 1144 1613 1213 longe
1642 1141 2043 1196 oberraverunt
2079 1158 2113 1196 a
2194 1156 2306 1205 ma,
2339 1146 2403 1194 ut
2423 1140 2664 1194 fructum
2705 1142 2850 1195 ferat
2870 1142 3124 1212 justitiae.
3160 1144 3355 1214 Sicque
3390 1146 3567 1201 adulta
3591 1151 3735 1219 possit

516 1250 670 1301 vero,
686 1239 897 1305 quanto
921 1233 1108 1288 minus
1127 1233 1316 1304 palato
1335 1232 1519 1286 cordis
1547 1237 1778 1302 gustare
1808 1235 2114 1302 potuerunt
2197 1230 2496 1284 ascendere
2519 1231 2681 1300 juxta
2702 1231 3305 1302 alium‘evangelistam
3334 1235 3473 1301 (Luc.
3500 1235 3651 1305 11,4?)
3674 1238 3729 1291 ad

514 1323 850 1397 sapientiam
862 1321 1282 1377 interiusdivini
1303 1320 1475 1388 verbi,
1492 1321 1626 1392 quia
1652 1320 1831 1391 magis
1854 1319 2113 1374 humanis
2196 1319 2466 1390 templum
2488 1319 2710 1374 Domini
2731 1320 2790 1373 in
2808 1319 3169 1387 Hierusalem,
3190 1321 3504 1395 ubisemper
3523 1332 3735 1379 moratur

514 1416 925 1469 consenserunt
949 1410 1261 1476 conatibus,
1285 1427 1455 1481 quam
1484 1415 1550 1464 ut
1577 1427 1637 1464 se
1670 1416 1727 1464 et
1754 1425 1953 1463 sensus
1979 1425 2110 1462 suos
2196 1408 2376 1471 Jesus,
2408 1409 2542 1479 quia
2586 1408 2644 1463 in
2686 1408 2773 1463 his
2803 1426 2932 1464 eum
2961 1416 3181 1481 oportet
3210 1413 3412 1465 versari
3444 1431 3555 1484 quae
3584 1414 3730 1468 Patris

516 1501 721 1558 divinis
743 1500 1142 1557 submitterent
1166 1499 1420 1570 eloquiis.
1444 1498 1588 1553 Hinc
1607 1498 1781 1553 malui
1810 1497 2109 1551 catholico-
2168 1504 2347 1575 sunt.
2370 1498 2775 1552 Verumtamen
2802 1500 2907 1553 etsi
2938 1499 3055 1570 ipse
3069 1500 3422 1571 sitsapientia
3449 1502 3538 1556 Dei
3560 1504 3726 1570 Patris,

513 1607 643 1646 rum
672 1591 906 1646 Patrum
932 1589 1091 1660 sequi
1119 1588 1518 1660 vestigia,quos
1546 1588 1788 1642 caelestis
1817 1586 2105 1657 sapientiae
2190 1585 2504 1657 interrogat
2531 1592 2723 1641 tamen
2747 1587 2967 1642 Scribas
3004 1595 3061 1643 et
3088 1591 3401 1644 sacerdotes
3429 1591 3491 1644 de
3529 1592 3650 1662 lege,
3676 1593 3729 1647 de

514 1679 755 1735 eruditio
776 1680 893 1734 sale
922 1683 1111 1745 ιιω
1138 1677 1401 1743 condivit,
1430 1683 1617 1749 atque,
1646 1682 1711 1731 ut
1740 1676 1875 1741 dixi,
1910 1692 2105 1730 eorum
2189 1676 2474 1746 prophetis
2500 1695 2511 1744 ;
2544 1694 2655 1730 non
2684 1683 2745 1731 ut
2776 1678 3060 1741 doceatur,
3093 1679 3190 1732 sed
3209 1684 3271 1733 ut
3297 1681 3595 1751 exemplum
3616 1697 3729 1751 prae-

511 1769 823 1825 doctrinam
863 1784 1047 1823 meam
1067 1766 1191 1833 feci,
1220 1773 1285 1821 ut
1301 1766 1453 1821 vobis
1475 1766 1866 1821 eruditissimis
1897 1766 1954 1819 in
1985 1766 2107 1835 lege
2125 1767 2171 1826 B
2194 1763 2323 1818 beat
2345 1766 2414 1819 de
2440 1782 2517 1831 se,
2553 1766 2687 1837 quid
2724 1766 2782 1819 in
2812 1767 2915 1820 hac
2945 1772 3107 1821 aetate
3138 1769 3324 1839 pueris
3350 1769 3421 1823 sit
3447 1770 3691 1839 agendum
3716 1786 3725 1820 :

512 1857 719 1925 divina,
764 1874 878 1913 non
905 1856 1058 1912 aliud
1088 1873 1255 1927 quam
1287 1856 1434 1927 quod
1468 1855 1765 1927 probatum
1794 1860 1918 1909 erat
1945 1843 2105 1908 affer-
2186 1853 2265 1907 ita
2294 1860 2358 1908 ut
2384 1855 2723 1910 mirarentur
2750 1873 2942 1909 omnes
2977 1856 3045 1911 de
3085 1856 3181 1911 illo
3221 1875 3387 1929 super
3425 1858 3727 1929 prudentiam

506 1947 773 2002 rem.Etsi
783 1946 1008 2002 aliunde
1019 1946 1231 2016 aliquid
1250 1945 1500 1999 veritatis
1510 1944 1897 2009 contraxi,non
1908 1960 2105 1997 eorum
2187 1941 2605 2013 interrogantis,
2628 1949 2683 1997 et
2703 1944 2983 2015 responsis
3012 1946 3273 2014 ejus.Nec
3287 1946 3485 2017 absque
3504 1946 3725 2017 mysterio

509 2034 619 2092 fuit
645 2036 793 2107 apud
816 2051 955 2107 quos
981 2033 1446 2106 peregrinabatur
1462 2034 1583 2104 ipsa
1608 2032 2104 2096 veritas.Quinimo
2190 2038 2293 2096 est,
2321 2033 2469 2102 quod
2500 2033 2770 2087 duodenis
2812 2033 2983 2087 fuisse
3011 2034 3238 2104 legitur,
3271 2036 3398 2106 quia
3426 2036 3481 2090 in
3516 2053 3573 2090 ea
3594 2040 3724 2089 etate

503 2131 761 2180 nostrum
774 2133 1032 2180 eratcum
1056 2140 1451 2194 recognoscere
1476 2127 1533 2176 et
1552 2121 1991 2186 restituere,suis
2012 2121 2106 2174 ad-
2185 2137 2351 2173 omne
2376 2138 2554 2191 genus
2585 2122 2890 2176 humanum
2922 2122 3119 2193 incipit
3146 2141 3315 2177 sensu
3357 2142 3419 2178 ac
3447 2125 3637 2178 ratione
3660 2123 3725 2176 vi-

505 2214 736 2269 modum
757 2214 1061 2268 utﬁoreret
1088 2213 1148 2267 in
1178 2211 1458 2267 locis.Sed
1480 2212 1613 2282 quia
1630 2217 1846 2265 sextum
1876 2212 1934 2264 in
1968 2210 2104 2263 Mat-
2180 2226 2333 2278 gere,
2370 2217 2426 2263 et
2454 2227 2620 2263 carne
2670 2210 2988 2281 pubescere,
3039 2218 3101 2266 ut
3153 2218 3327 2267 totam
3376 2230 3432 2267 se
3474 2212 3724 2267 transferat

502 2303 650 2358 thaeo
677 2302 880 2357 librum
913 2302 1116 2355 cudere
1163 2317 1446 2371 paramus.
1478 2300 1783 2370 plurimum
1813 2299 1879 2352 ad
1926 2298 2101 2369 perfe-
2183 2297 2371 2351 anima
2391 2299 2461 2352 ad
2492 2299 2758 2363 coelestia,
2783 2306 2839 2353 et
2868 2300 3047 2354 discat
3072 2302 3419 2372 interrogare
3442 2319 3553 2372 quae
3574 2300 3723 2353 divina

504 2391 746 2446 ctionem
768 2390 1086 2445 intellectus
1110 2390 1289 2444 nostri
1310 2388 1742 2454 valerecredo,si
1760 2388 1925 2442 homo
1946 2394 2098 2442 sexto
2182 2394 2332 2449 sunt,
2366 2394 2671 2459 contraque
2702 2390 3161 2459 propulsantibus
3190 2391 3293 2444 Sibi
3320 2392 3373 2443 in
3403 2391 3576 2444 animo
3604 2387 3719 2442 vitiis

504 2479 597 2534 die
626 2482 728 2535 sub
746 2478 989 2552 perfecto
1015 2495 1249 2534 numero
1283 2479 1352 2533 de
1373 2479 1508 2532 limo
1536 2483 1701 2532 teme
1726 2477 2023 2543 formatus,
2042 2482 2100 2531 et
2181 2481 2237 2529 et
2257 2476 2732 2546 interrogantibus
2751 2478 2905 2532 intus
2923 2478 2981 2533 in
3002 2480 3359 2545 conscientia,
3381 2486 3440 2533 ut
3454 2480 3611 2550 possit
3623 2494 3721 2549 pru-

504 2569 577 2623 ad
596 2569 900 2640 imaginem
922 2568 1022 2623 Dei
1041 2574 1281 2633 creatus,
1326 2567 1629 2622 reducatur
1654 2567 1725 2621 ab
1747 2566 1972 2622 exordio
1993 2583 2095 2620 na-
2178 2565 2376 2619 denter
2403 2567 2739 2637 respondere
2769 2567 2839 2621 ad
2871 2567 3113 2638 singula.
3157 2570 3241 2623 Ne
3269 2569 3407 2623 forte
3454 2569 3576 2639 quia
3599 2567 3647 2619 in
3669 2581 3718 2619 eo

504 2657 742 2713 tivitatis
771 2658 978 2711 Christi
1008 2673 1183 2728 usque
1209 2656 1281 2711 ad
1305 2656 1454 2711 hunc
1482 2657 1667 2711 locum
1697 2672 1799 2727 per
1826 2656 2002 2709 lineas
2041 2660 2098 2710 et
2177 2660 2429 2725 tempore
2459 2655 2791 2725 aperiuntur
2814 2657 2977 2723 oculi,
3010 2675 3102 2729 qui
3129 2658 3277 2712 male
3306 2657 3477 2728 aperti
3505 2657 3720 2726 leguntur

500 2745 646 2800 viam
674 2762 799 2818 quae
828 2745 1086 2800 Christus
1109 2751 1197 2799 est
1232 2762 1243 2797 ;
1297 2749 1362 2798 ut
1388 2744 1669 2815 intelligat
1696 2744 1876 2797 ﬁdelis
1906 2744 2097 2798 anima
2177 2742 2235 2796 in
2266 2743 2547 2812 paradiso,
2583 2744 2959 2799 confundatur
2981 2747 3253 2816 juventus
3300 2744 3579 2800 erroribus.
3607 2743 3720 2806 Qua-

499 2836 855 2891 ascensiones
880 2835 940 2889 in
965 2834 1130 2889 corde
1144 2850 1265 2899 suo,
1285 2833 1355 2888 de
1384 2832 1588 2888 virtute
1615 2833 1688 2887 ad
1712 2833 1946 2886 virtutes
1964 2848 2097 2903 quo-
2177 2839 2407 2902 propter
2432 2832 2598 2886 debet
2625 2834 2926 2888 ascendere
2956 2835 3023 2888 ad
3055 2837 3353 2907 templum.
3386 2834 3556 2906 ibique
3586 2833 3719 2887 inter-

496 2925 637 2980 tidie
663 2924 1038 2996 proﬁciscens.
1070 2922 1212 2987 Quia
1239 2922 1318 2975 sic
1347 2922 1537 2975 omnia
1565 2922 1773 2975 Christi
1802 2938 1973 2991 Opera
2002 2922 2096 2976 de-
2175 2936 2374 2990 rogare
2388 2921 2666 2991 quomodo
2682 2922 2860 2992 possit
2887 2924 3161 2994 proﬁcere
3189 2925 3333 2979 sicut
3352 2929 3521 2988 aetate,
3536 2922 3604 2975 ita
3622 2935 3719 2990 grs-

499 3012 838 3079 scribuntur,
853 3017 918 3067 ut
933 3011 1096 3065 nobis
1115 3010 1233 3081 ipse
1254 3026 1353 3081 per
1380 3009 1550 3064 eavia
1579 3026 1699 3064 esse
1724 3015 2087 3065 monstretur.
2173 3009 2254 3061 tia
2283 3015 2339 3062 et
2360 3010 2652 3080 sapientia,
2686 3027 2873 3064 coram
2915 3012 3031 3066 Deo
3063 3017 3119 3065 et
3147 3007 3715 3079 hominibus.'Alioquin

503 3100 783 3164 Quoniam
810 3100 929 3171 ipse
949 3098 1028 3153 sic
1052 3098 1200 3152 venit
1228 3098 1300 3151 ad
1320 3114 1423 3152 nos
1438 3097 1645 3152 saliens
1666 3114 1836 3169 super
1848 3105 2086 3165 montes,
2107 3085 2150 3144 Ο
2172 3097 2200 3149 J
2206 3113 2333 3150 esus
2352 3097 2491 3150 nihil
2508 3098 2695 3168 gratia
2716 3099 2965 3170 nihilque
2981 3101 3038 3155 in
3050 3102 3329 3172 sapientia
3340 3102 3439 3156 sibi
3454 3118 3545 3172 per
3562 3103 3715 3153 aetates

502 3188 828 3245 transiliens
858 3188 1046 3253 colles,
1079 3185 1422 3259 prospiciens
1450 3203 1549 3258 per
1577 3188 1870 3251 cancellos,
1896 3194 1961 3241 ut
1988 3204 2088 3241 nos
2173 3186 2423 3255 profecit,
2451 3186 2546 3257 qui
2576 3187 2744 3241 simul
2775 3194 2947 3254 totus,
3001 3190 3174 3244 etiam
3218 3191 3277 3244 in
3307 3198 3459 3245 utero
3505 3184 3711 3257 virginis,

496 3293 718 3349 semper
744 3276 815 3331 ad
840 3276 1043 3330 altiora
1069 3281 1274 3330 evocet.
1318 3275 1528 3331 Idcirco
1554 3276 1799 3346 prudens
1813 3276 1986 3329 lector
2005 3292 2091 3329 ve-
2169 3274 2355 3343 gratia
2383 3280 2435 3328 et
2468 3276 2747 3346 sapientia
2782 3277 2882 3331 Dei
2912 3278 3094 3332 Patris
3126 3279 3256 3334 fuit.
3290 3280 3442 3334 Unde
3470 3279 3675 3333 Joannes
3700 3289 3708 3323 :

493 3366 615 3421 niat
636 3366 885 3438 primum
934 3365 995 3420 in
1026 3365 1289 3436 Ephrata,
1320 3364 1418 3419 ubi
1448 3365 1613 3434 longe
1646 3365 1743 3417 diu
1782 3365 1976 3419 audita
2004 3370 2091 3419 est
2170 3363 2237 3417 Et
2270 3366 2513 3417 vidimus
2543 3381 2687 3431 eum,
2714 3365 2915 3437 inquit,
2942 3370 3107 3436 quasi
3130 3371 3479 3437 unigenitum
3510 3384 3541 3420 a
3565 3368 3706 3427 Patre,

493 3455 694 3528 copula
720 3454 1065 3527 nuptiarum.
1100 3454 1259 3508 Unde
1288 3454 1463 3508 David
1497 3453 1947 3524 gratulabundus
1973 3470 2086 3508 non
2161 3454 2395 3520 plenum
2423 3456 2619 3519 gratiae
2644 3459 2691 3507 et
2722 3457 2971 3508 veritatis
2996 3458 3179 3519 (Joan.
3198 3472 3239 3521 ι,
3270 3456 3451 3523 14).Εῐ
3479 3455 3606 3518 ideo,
3634 3465 3709 3522 pro

491 3546 612 3599 vult
637 3560 898 3600 somnum
927 3543 1063 3598 dare
1092 3542 1284 3609 oculis,
1328 3559 1511 3614 neque
1540 3543 1791 3613 requiem
1815 3543 2085 3615 tempori-
2165 3539 2325 3593 nobis
2354 3547 2455 3607 est,
2490 3542 2637 3612 quod
2664 3541 2781 3613 ipse
2803 3545 3070 3613 proﬁcere
3089 3545 3316 3613 dicitur,
3345 3545 3531 3618 quibus
3552 3542 3708 3614 plenus

490 3632 596 3689 bus
624 3633 760 3700 suis,
792 3633 968 3687 donec
996 3632 1244 3687 inveniat
1261 3632 1443 3688 locum
1473 3632 1731 3698 Domino,
1752 3632 1848 3702 qui
1876 3631 2083 3703 ubique
2165 3630 2341 3694 venit;
2376 3636 2652 3700 quatenus
2700 3638 2757 3685 et
2793 3648 2893 3686 nos
2930 3635 3293 3690 exhortemur
3311 3650 3545 3689 crescere
3569 3633 3705 3683 virtu-

488 3729 576 3779 est
607 3723 862 3789 illocalis,
903 3728 961 3777 et
990 3721 1412 3776 tabernaculum
1447 3721 1546 3775 Dei
1577 3721 1765 3787 Jacob,
1798 3722 1947 3792 quod
1976 3722 2081 3776 sibi
2163 3718 2335 3787 tibus,
2355 3726 2421 3773 ut
2453 3727 2724 3790 quantum
2752 3726 2885 3775 tetas
2916 3729 3159 3793 augetur
3193 3742 3379 3779 coram
3418 3718 3708 3781 hominibus,

484 3812 593 3885 ipsi
608 3812 865 3868 Christus
890 3810 950 3865 in
978 3811 1095 3867 sole
1126 3810 1330 3883 posuit.
1354 3812 1481 3865 Ecce
1492 3814 1814 3867 audivimus
1835 3828 1974 3877 eam,
1999 3812 2082 3865 in-
2164 3812 2383 3862 tantum
2395 3809 2578 3878 gratia
2598 3815 2655 3863 et
2681 3810 2958 3882 sapientia
2969 3812 3069 3866 Dei
3099 3814 3350 3884 quotidie
3374 3814 3514 3867 intus
3539 3809 3707 3863 crescat

487 3901 1071 3975 quit,(Psat.cxxx1,4),
1096 3904 1159 3955 in
1176 3900 1515 3970 Ephrata,id
1542 3908 1627 3953 est
1673 3900 1732 3955 in
1768 3900 2073 3967 Bethleem,
2162 3895 2219 3949 in
2250 3896 2518 3951 moribus.
2556 3898 2664 3954 Sed
2695 3915 2765 3953 ne
2810 3917 2911 3954 nos
2942 3901 3175 3956 extollat
3197 3904 3458 3974 juventus
3486 3906 3536 3955 et
3568 3897 3703 3950 virtus

484 3990 582 4045 ubi
624 3997 791 4046 natus
837 3995 924 4044 est
960 3989 1235 4043 Christus.
1266 3989 1352 4042 Ad
1381 3989 1541 4058 cujus
1569 4004 1741 4042 cunas
1780 3988 2081 4043 multitudo
2164 3984 2472 4056 sapientiae,
2501 4004 2623 4058 quae
2655 4005 2784 4042 suos
2815 4006 3223 4062 nonnunquam
3260 3992 3452 4047 inflare
3496 3989 3704 4043 solet.ve-

484 4079 816 4148 angelorum
838 4076 992 4131 canit
1021 4091 1035 4125 :
1068 4078 1257 4133 Gloria
1286 4078 1351 4130 in
1378 4079 1596 4130 excelsis
1624 4079 1747 4143 Deo,
1767 4082 1815 4130 et
1847 4080 2081 4131 interra
2163 4074 2432 4129 niendum
2457 4084 2542 4130 est
2561 4077 2631 4131 ad
2660 4078 2989 4133 descensum
3019 4081 3303 4136 Jordanis.
3327 4079 3589 4152 Siquidem
3612 4075 3702 4127 Jor-

434 4158 443 4177 ⁸
479 4182 600 4235 pas:
627 4168 946 4221 hominibus
967 4166 1116 4218 bonae
1142 4168 1443 4219 voluntatis
1472 4166 1613 4234 (Luc.
1656 4179 1717 4231 II,
1758 4164 1863 4235 14).
1898 4166 2078 4229 Quem
2160 4163 2321 4219 danis
2349 4166 2617 4220 descensio
2646 4166 3068 4239 interpretatur,
3119 4188 3222 4242 per
3260 4187 3426 4242 quam
3474 4183 3591 4223 sane
3624 4163 3698 4216 de-

484 4260 739 4326 pastores
759 4252 1003 4309 Verbum
1024 4252 1347 4323 praedicant,
1382 4258 1439 4306 et
1464 4260 1803 4308 contuentur
1832 4254 2078 4309 Verbum
2160 4269 2505 4308 scensnonem
2549 4255 2898 4325 signiﬁcatur
2940 4258 3245 4313 humilitas.
3296 4260 3364 4314 Ut
3394 4255 3697 4313 humiliemus

480 4358 670 4411 carne,
703 4342 851 4414 quod
880 4342 940 4397 in
966 4340 1237 4413 principio
1257 4346 1381 4395 erat
1406 4341 1555 4411 apud
1575 4343 1772 4406 Deum,
1794 4344 1941 4412 quod
1964 4345 2076 4399 Do-
2094 4397 2141 4417 ἢ
2161 4342 2415 4413 nosipsos
2443 4344 2500 4398 in
2523 4344 2801 4409 omnibus,
2837 4345 2970 4417 quia
3002 4364 3115 4402 non
3144 4349 3350 4403 nostris
3386 4344 3598 4406 meritis,
3622 4335 3697 4393 sed

482 4432 672 4488 minus
700 4430 946 4485 ostendit
972 4430 1070 4484 eis.
1104 4430 1278 4484 Exeat
1304 4429 1550 4500 primum
1580 4431 1649 4483 de
1682 4430 1983 4502 Babylone,
2018 4434 2072 4487 id
2096 4425 2344 4502 “gratia
2375 4433 2658 4487 abluimur
2697 4434 2755 4488 in
2788 4435 3064 4506 baptismo
3116 4455 3180 4491 ac
3210 4439 3495 4493 salvamur.
3526 4425 3695 4487 Deinde

483 4527 571 4578 est
588 4521 658 4576 de
684 4520 1027 4585 confusione,
1051 4535 1161 4589 quo
1186 4519 1352 4589 longe
1373 4518 1470 4572 diu
1494 4519 1639 4572 male
1653 4520 1934 4590 jacuimus
1963 4523 2077 4577 vul-
2151 4521 2270 4591 jam
2323 4523 2519 4577 salvati
2568 4524 2827 4577 ducimur
2856 4542 2983 4579 cum
3012 4524 3235 4581 Christo
3264 4528 3321 4581 in
3351 4526 3621 4581 desertum,
3647 4520 3695 4569 ut

482 4610 684 4679 nerati,
716 4609 896 4665 ﬁdelis
924 4609 1133 4675 anima,
1165 4613 1224 4663 et
1247 4608 1435 4662 videat
1458 4608 1552 4663 ubi
1580 4609 1748 4664 debet
1774 4612 2074 4668 ascendere
2157 4609 2435 4665 discamus
2464 4628 2718 4682 pugnare
2743 4613 2949 4684 singuli
2981 4621 3178 4669 contra
3204 4615 3501 4669 invisibiles
3525 4612 3689 4669 hostes,

479 4704 538 4753 et
554 4698 791 4753 adorare
815 4714 944 4752 cum
971 4697 1151 4768 Magis
1172 4713 1385 4767 suaque
1412 4696 1630 4752 deferre
1654 4699 1786 4753 ﬁdei
1815 4717 2068 4758 munera.
2156 4704 2213 4753 et
2241 4706 2437 4754 contra
2449 4700 2582 4754 vitia
2601 4701 2803 4769 carnis,
2825 4719 2926 4772 per
2940 4703 3337 4759 abstinentiam
3358 4710 3412 4759 et
3429 4696 3689 4756 custodiam

480 4786 602 4852 Quo
629 4786 780 4842 enim
810 4786 1016 4842 alicubi
1038 4786 1194 4841 exsul
1207 4786 1712 4858 paradisijacebat,
1735 4789 1841 4845 nisi
1860 4790 1920 4844 in
1936 4806 2071 4845 con-
2153 4794 2345 4855 ιιῧὸ
2376 4795 2577 4844 nostra:
2607 4796 2827 4857 ment's,
2858 4791 2905 4846 si
2934 4810 3044 4865 quo
3071 4794 3238 4848 modo
3282 4794 3351 4847 ad
3390 4787 3690 4859 triumphum

477 4876 695 4933 fusione
719 4876 853 4931 sua?
875 4876 945 4931 Et
964 4875 1060 4931 ubi
1088 4876 1333 4948 primum
1364 4876 1664 4931 ascendere
1688 4884 1928 4949 oportet,
1961 4879 2070 4935 nisi
2152 4875 2392 4932 victoriae
2422 4879 2708 4951 pertingat
2750 4881 2939 4935 anima
2966 4889 3178 4951 nostra,
3235 4883 3458 4955 depulso
3485 4873 3685 4934 inimico-

478 4966 551 5022 ad
578 4966 810 5021 domum
830 4965 1029 5038 panis?
1055 4965 1331 5029 Quoniam
1358 4965 1437 5019 ibi
1461 4966 1621 5036 panis
1653 4966 1808 5022 vivus
1849 4968 1943 5022 ille
1969 4969 2067 5024 de-
2153 4964 2362 5022 Omnes
2411 4968 2586 5037 igitur
2639 4970 2737 5024 isti
2792 4988 3084 5042 processus
3131 4973 3332 5027 animae
3372 4976 3557 5026 nostra:
3585 4964 3688 5017 sunt

476 5056 695 5112 scendit
732 5056 802 5111 de
826 5055 983 5110 coelo.
1017 5054 1103 5109 Ad
1151 5070 1319 5127 quam
1349 5054 1445 5125 qui
1471 5057 1790 5127 pervenerit
1814 5057 2065 5125 domum,
2149 5066 2520 5134 ascensiones,
2550 5074 2615 5122 ut
2644 5085 2947 5140 sequamur
2976 5071 3260 5126 Christum
3307 5071 3411 5125 ﬁde
3457 5063 3687 5122 indefessa

471 5146 755 5217 jamultra
777 5144 980 5199 famem
1015 5160 1127 5198 non
1148 5143 1364 5214 patitur
1399 5144 1568 5211 verbi,
1592 5146 1725 5217 quia
1750 5146 1810 5200 in
1839 5164 1903 5202 eo
1932 5148 2070 5203 vivit
2148 5171 2274 5209 cum
2320 5154 2482 5211 bonis
2528 5158 2809 5229 operibus.
2868 5160 2979 5214 Per
3016 5178 3155 5232 quos
3199 5161 3457 5216 nimirum
3500 5164 3684 5227 gressus

476 5235 794 5306 quicunque
819 5233 970 5300 vivit,
1000 5233 1095 5304 qui
1124 5233 1286 5304 panis
1313 5240 1399 5287 est
1436 5234 1589 5289 vivus
1608 5242 1665 5290 et
1688 5253 1871 5303 verus,
1905 5254 1969 5292 ac
1996 5239 2065 5294 de
2148 5244 2336 5299 anima
2356 5246 2662 5317 plurimum
2689 5248 2991 5303 exercitata
3013 5250 3261 5305 inveniat
3275 5250 3503 5322 gratiam
3520 5240 3684 5316 pirein—

470 5323 608 5377 caelo
644 5322 949 5378 descendit.
999 5323 1211 5376 Deinde
1239 5323 1372 5394 quia
1395 5323 1453 5377 in
1502 5323 1806 5398 [Egyptum
1854 5328 2063 5383 venditi
2146 5334 2472 5402 stitutionis,
2495 5342 2552 5390 et
2578 5338 2860 5408 pertingat
2886 5339 2955 5392 ad
2987 5340 3207 5394 culmen
3230 5333 3566 5393 virtutis.Sul
3580 5326 3681 5400 quia

470 5428 698 5467 eramus
746 5412 938 5466 multis
972 5413 1301 5482 praegravati
1348 5414 1629 5479 oneribus,
1680 5434 1780 5471 suo
1812 5418 2060 5473 defertur
2143 5430 2437 5495 postquam
2469 5426 2647 5479 Adam
2678 5428 2941 5498 expulsus
2961 5436 3047 5482 est
3075 5429 3141 5482 de
3183 5428 3449 5498 paradiso.
3478 5425 3679 5476 humana
3774 5432 3777 5489 ς

466 5508 631 5571 nutu,
686 5501 846 5574 quasi
890 5502 1361 5572 Ρθοῐτυοίῐιειωΐυε,
1396 5508 1460 5556 ut
1500 5503 1789 5560 nobiscum
1837 5516 2059 5565 nostros
2139 5514 2384 5568 conditio
2412 5515 2647 5585 religata
2675 5517 2836 5570 estin
2864 5518 3106 5572 castellis
3133 5516 3677 5586 Vitiorum:propterea
3772 5540 3773 5553 η

466 5607 737 5650 ωωτοΐθε
767 5595 827 5650 ει
855 5590 1155 5649 “mstiti”
1201 5606 1263 5647 se
1293 5590 1656 5664 Pal'ticipasse
1697 5595 1964 5665 insinuet,
2001 5604 2060 5654 et
2137 5599 2572 5673 benignissimus
2599 5606 2762 5663 Jesus
2785 5607 2974 5664 omnia
3004 5607 3265 5665 circuisse
3310 5606 3519 5669 dicitur,
3555 5602 3603 5653 et
3625 5594 3671 5647 in
3768 5588 3771 5673 λ
