3918 6176
211 294 294 351 397

956 292 1333 349 EXPOSITIO
1372 295 1449 350 ΙΝ
1489 294 1933 350 ΜΑἹἾῊᾸΞΗΜ.
1976 325 2039 335 -
2080 294 2215 350 LIB.
2258 294 2352 360 VI,
2395 294 2553 349 CAP.
2597 295 2691 350 IX.

3350 293 3454 351 398

214 418 446 475 omnibus
473 418 694 473 viarum
724 418 1066 477 anfractibus
1093 420 1528 491 perambulasse.
1570 423 1779 477 Verum
1799 421 2135 484 Aascendit,
2174 425 2232 475 et
2276 420 2439 475 docet
2460 437 2562 475 suo
2591 420 2843 491 exemplo
2887 420 3090 475 ﬂuctus
3118 420 3287 491 hujus
3334 421 3458 477 vite
3513 412 3521 425 ’

214 526 302 581 qua
326 514 496 562 aetate
518 508 572 561 id
600 510 761 562 Jesus
791 525 861 562 ea
876 509 1020 579 perit
1063 509 1529 565 considerandum
1561 528 1783 577 censeo,

216 605 265 652 ut
295 598 472 652 discat
497 599 747 669 prudens
793 598 1001 660 anima,
1034 598 1176 652 nihil
1206 600 1360 670 prius
1389 601 1458 654 de
1487 618 1545 655 se
1574 618 1789 672 praesu-

214 704 359 753 mere,
386 704 561 758 quam
578 687 868 741 erudiatur
886 687 989 741 sub
1019 688 1313 759 disciplina
1333 690 1541 744 Christi
1565 709 1576 757 ;
1606 707 1788 761 neque

216 778 370 831 locum
401 783 755 848 przeoccupet
774 776 1085 846 regiminis,
1116 784 1418 848 antequam
1441 779 1619 833 discat
1640 780 1789 850 quod

216 866 388 920 docere
417 865 625 919 debeat
644 866 766 935 jam
796 871 1070 920 maturus.
1118 866 1259 920 Hinc
1306 868 1580 922 sancitum
1631 874 1786 939 puto,

215 972 353 1009 nemo
382 954 845 1026 presbyterorum
876 961 1007 1009 ante
1036 956 1269 1026 triginta
1301 973 1479 1010 annos
1502 957 1794 1012 ordinetur

216 1046 387 1098 doctor
417 1050 477 1097 et
501 1045 790 1113 magister,
824 1044 973 1098 circa
1004 1062 1172 1114 quam
1201 1051 1423 1100 aetatem
1448 1046 1617 1117 cmpit
1634 1046 1793 1099 beni-

213 1134 502 1204 gnissimus
539 1135 702 1187 Jesus
731 1132 965 1187 circuire
994 1134 1224 1187 castella
1263 1140 1319 1188 et
1347 1136 1651 1205 praedicare
1679 1152 1798 1188 ver-

216 1222 326 1276 bum
374 1223 526 1276 vitae.
562 1223 803 1277 Exorsus
834 1229 919 1276 est
959 1229 1147 1277 autem
1187 1224 1431 1294 primum
1458 1226 1621 1295 juxta
1658 1226 1796 1279 fines

213 1312 462 1376 Zabulon,
505 1312 563 1365 id
593 1318 695 1376 est,
729 1312 873 1365 circa
929 1318 1207 1366 nocturna
1252 1313 1545 1383 proﬂuvia,
1582 1314 1684 1367 hoc
1713 1320 1800 1367 est

211 1403 351 1471 juxta
365 1400 693 1454 obscuriora
713 1402 1113 1471 prophetarum
1130 1402 1538 1470 aanigmatalbi
1570 1403 1798 1473 quidem

210 1490 600 1545 sedentibusin
620 1492 846 1560 regione
875 1491 1085 1544 umbra:
1108 1492 1423 1555 mortis,lux
1452 1500 1570 1545 orta
1593 1500 1678 1545 est
1696 1493 1796 1546 eis.

213 1580 345 1643 Quos
368 1597 502 1633 cum
536 1579 819 1633 illustrare
850 1579 1108 1649 cmpisset
1134 1580 1227 1633 Sol
1252 1581 1508 1649 justitize,
1544 1582 1799 1652 provehit

212 1684 295 1723 eos
320 1669 387 1721 ad
422 1668 776 1732 sublimiora,
811 1667 905 1721 ubi
935 1668 1037 1721 soli
1062 1676 1275 1739 queunt
1296 1670 1596 1724 ascendere
1639 1671 1800 1725 disci-

1868 518 1926 565 et
1954 514 2224 583 procellas
2260 528 2374 567 non
2419 512 2637 566 timere.
2684 510 2867 566 Habet
2912 527 3153 582 namque
3201 511 3459 566 Christus

1870 618 2069 655 navem
2107 601 2515 672 intelligibilem
2543 617 2713 672 quam
2741 600 2906 671 regit,
2936 606 2994 656 et
3012 601 3069 655 in
3094 616 3162 655 ea
3185 599 3308 671 pias
3336 615 3461 671 pro-

1870 691 2022 744 vehit
2040 691 2323 745 mercedes
2342 690 2416 744 ad
2436 690 2695 762 patriam.
2717 691 2782 745 In
2797 691 2956 760 cujus
2976 689 3245 745 nimirum
3264 688 3459 760 puppi,

1870 784 2140 851 tanquam
2190 779 2371 834 bonus
2418 779 2783 849 gubernator,
2824 778 3129 850 tranquillo
3164 776 3467 849 requiescit

1872 885 2089 923 somno.
2107 870 2284 940 Cujus
2302 869 2493 939 itaque
2504 868 2776 923 excitatur
2792 868 3230 938 motu,increpat
3248 872 3460 930 ventos,

1875 963 2153 1028 quatenus
2206 957 2320 1011 suis
2354 958 2823 1028 tranquillitatem
2854 956 3132 1012 refundat.
3163 955 3466 1010 Transiens

1877 1062 2097 1117 quoque
2126 1046 2197 1100 ad
2226 1053 2423 1116 gentes
2453 1047 2655 1101 liberat
2681 1047 2917 1111 animas,
2941 1062 3063 1117 quae
3093 1044 3285 1100 multis
3311 1059 3469 1098 vexa-

1877 1137 2083 1189 bantur
2108 1136 2472 1200 daemonibus,
2502 1140 2560 1189 et
2587 1135 2888 1200 concludit,
2919 1140 2984 1189 ut
3024 1134 3155 1199 dixi,
3207 1132 3470 1204 periocha

1878 1226 2094 1293 salutis,
2127 1225 2275 1297 quod
2294 1225 2574 1279 curaverit
2596 1230 2653 1278 et
2671 1223 2924 1278 docuerit
2947 1240 3159 1278 omnes.
3181 1223 3325 1276 Vere
3371 1220 3472 1276 mi-

1880 1333 2008 1370 sera
2028 1320 2085 1369 et
2106 1314 2298 1368 infelix
2317 1314 2554 1368 nimium
2577 1312 2684 1367 dici
2716 1318 2901 1384 potest
2928 1313 3266 1381 anima,qum
3299 1310 3358 1365 in
3387 1315 3474 1365 tot

1881 1402 2233 1474 provectibus
2262 1402 2476 1456 nullam
2520 1400 2717 1470 recipit
2756 1398 3073 1454 sanitatem.
3130 1398 3241 1452 Sed
3285 1404 3475 1451 tamen

1882 1509 1985 1546 uec
2013 1493 2295 1562 desperet,
2328 1490 2590 1561 quoniam
2624 1490 2809 1543 adhuc
2835 1489 2960 1559 pius
2982 1493 3190 1558 pastor,
3223 1485 3383 1557 quasi
3418 1485 3477 1539 in

1880 1582 1991 1635 alio
2010 1581 2349 1635 narrationis
2374 1585 2567 1647 466
2587 1579 2830 1642 exordio,
2861 1578 3085 1632 visitare
3114 1576 3377 1646 dignatus
3395 1579 3481 1628 est

1882 1687 2114 1741 gregem
2170 1670 2357 1723 ovium
2413 1685 2664 1733 suarum,
2724 1672 2787 1721 ut
2816 1682 3010 1720 omnes
3044 1666 3115 1720 ad
3145 1664 3479 1719 medicinam

213 1759 335 1828 puli.
367 1764 429 1811 et
459 1758 625 1812 docet
646 1758 913 1829 mysteria
936 1758 1175 1812 caelestis
1190 1759 1328 1821 vitae,
1348 1776 1469 1829 quae
1490 1776 1601 1814 non
1618 1760 1725 1814 nisi
1744 1761 1797 1814 in
1819 1779 1867 1839 B
1889 1760 2085 1814 salutis
2112 1759 2422 1814 indefessus
2450 1756 2735 1829 perducat.
2778 1756 2905 1810 Haec
2932 1755 3057 1809 ideo
3086 1754 3370 1809 interdum
3401 1751 3484 1806 di-

212 1848 525 1901 celestibus
538 1847 731 1900 animo
751 1848 1070 1917 capiuntur.
1093 1848 1199 1901 Sed
1232 1849 1365 1918 quia
1385 1848 1539 1919 plebs
1562 1849 1804 1904 invalida

212 1932 330 1989 illuc
359 1953 499 1990 eum
530 1935 689 2006 sequi
718 1936 1063 2006 nequiverat,
1101 1937 1327 1990 veniens
1358 1937 1618 1991 deorsum
1650 1945 1807 1993 curat

214 2019 506 2096 languores
533 2025 874 2089 animarum,
925 2030 982 2078 et
1010 2026 1293 2095 pertendit
1343 2042 1521 2096 usque
1561 2027 1808 2098 Caphar-

212 2130 387 2177 naum,
425 2131 559 2185 qua;
588 2113 997 2183 interpretatur
1020 2117 1153 2167 villa
1168 2116 1550 2182 pulcherrima
1574 2136 1588 2168 .-
1620 2124 1811 2188 quate-

213 2218 306 2255 nus
328 2202 396 2256 de
427 2203 611 2256 tantis
640 2202 1014 2273 squaloribus,
1039 2203 1110 2256 ad
1140 2204 1445 2258 incolatum
1468 2205 1587 2275 agri
1608 2212 1664 2258 et
1694 2207 1813 2276 pul-

209 2291 586 2345 chritudinem
615 2290 976 2346 habitationis
995 2292 1342 2363 perveniant.
1378 2294 1451 2347 Ex
1484 2311 1592 2365 quo
1621 2312 1811 2365 proce-

210 2378 353 2443 dens,
386 2386 457 2434 ut
510 2379 583 2433 ad
621 2381 763 2434 ﬁnes
795 2382 1209 2436 Gerasenorum
1258 2382 1560 2453 pertingat.
1607 2400 1809 2438 navem

1888 1849 2083 1911 xerim,
2118 1855 2392 1919 quatenus
2413 1864 2478 1901 ex
2509 1846 2597 1900 his
2628 1845 2813 1916 potius
2835 1844 3057 1898 animus
3082 1843 3303 1914 potiora
3330 1857 3482 1895 com-

1890 1938 2219 2009 prehendat,
2255 1943 2313 1991 et
2338 1937 2515 1989 discat
2544 1935 2602 1988 in
2634 1933 2931 2003 Evangelia
2985 1932 3122 1987 nihil
3172 1930 3323 1986 aliud
3354 1930 3484 1984 hinc

1892 2028 2023 2081 inde
2047 2027 2406 2089 renitescere,
2440 2040 2608 2095 quam
2639 2022 2829 2077 vitam.
2880 2021 3167 2092 Siquidem
3230 2018 3485 2073 Christus

1892 2116 2053 2170 nobis
2095 2133 2129 2169 a
2156 2116 2270 2170 Deo
2300 2115 2388 2168 via
2417 2113 2596 2168 factus
2624 2118 2726 2179 est,
2761 2118 2819 2166 et
2844 2111 3048 2165 veritas
3088 2126 3154 2164 ac
3179 2108 3313 2163 vita.
3355 2107 3487 2161 Pro-

1893 2212 2087 2276 pterea
2136 2204 2196 2258 in
2226 2204 2314 2258 his
2347 2220 2469 2274 quas
2497 2202 2674 2273 gessit
2720 2216 2942 2272 semper
3001 2200 3093 2253 via
3128 2213 3353 2253 necesse
3402 2198 3490 2249 est

1895 2294 2235 2365 requiratur,
2272 2298 2532 2348 teneatur
2560 2291 2784 2357 veritas,
2824 2295 2882 2344 et
2917 2289 3142 2344 fruatur
3167 2287 3309 2345 vita.

1486 2696 1778 2772 LIBER
1838 2698 2221 2771 SEXTUS.

283 2901 478 2954 Viden:
519 2904 708 2953 autem
736 2902 888 2953 Jesus
933 2903 1141 2967 turbas,
1188 2905 1444 2957 nn'sertus
1490 2908 1565 2957 est
1600 2906 1676 2957 eis
1716 2906 1815 2971 qui

204 2995 360 3044 erant
382 2992 600 3049 vexati,
627 2994 677 3042 et
713 2992 952 3057 jacentes
980 2994 1121 3045 sicut
1143 3008 1257 3045 ores
1296 3009 1407 3046 non
1427 2986 1677 3047 habéntcs
1712 3009 1813 3061 pa-

1894 2920 2007 2957 sam
2037 2919 2215 2957 suam.
2243 2900 2376 2956 Mira
2413 2901 2721 2970 ﬁgurarum
2746 2896 2882 2951 satis
2920 2900 2978 2950 et
3005 2898 3206 2949 ornata
3232 2893 3492 2948 varietas.

1899 2993 2048 3057 Quos
2070 3008 2199 3046 oves
2224 2991 2377 3062 prius
2399 2990 2519 3044 sine
2535 2992 2759 3059 pastore
2779 2986 2982 3056 signat,
3012 2984 3237 3039 eosdem
3256 2999 3496 3037 messem

204 3082 420 3132 storem.
474 3079 546 3132 In
582 3077 685 3131 hoc
726 3094 862 3131 sane
905 3080 1149 3149 capitulo
1181 3081 1491 3151 completur
1520 3082 1658 3135 illud
1692 3067 1876 3136 Eze-C
1902 3082 2022 3136 sine
2044 3080 2315 3151 operariis
2336 3078 2749 3151 appellat.0ves
2779 3074 3024 3147 quidem,
3055 3073 3187 3127 licet
3214 3089 3249 3126 a
3274 3071 3497 3145 pascuis

206 3164 417 3233 chielis,
467 3165 572 3221 ubi
615 3166 753 3220 dicit
782 3183 847 3220 ex
878 3185 1114 3238 persona
1145 3170 1393 3224 Domini:
1416 3171 1546 3224 Ecce
1574 3188 1664 3238 ego
1710 3174 1819 3239 ipse

204 3260 507 3324 requiram
525 3272 643 3309 oves
669 3273 832 3322 meas,
862 3263 909 3310 ct
942 3260 1173 3313 visitabo
1199 3276 1306 3324 eas,
1341 3264 1483 3313 sicut
1519 3263 1705 3313 υιέιίαι
1722 3276 1821 3329 pa-

200 3350 312 3396 stor
357 3361 600 3413 gregem
657 3362 845 3411 suum,
875 3349 935 3399 in
958 3348 1046 3400 die
1085 3350 1306 3415 quando
1326 3350 1501 3415 fuerit
1535 3352 1594 3403 in
1645 3351 1820 3403 medio

192 3437 379 3487 arium
410 3449 672 3487 suarum
696 3436 1097 3503 disw'patarum
1127 3438 1326 3495 (Ezcc/i.
1363 3454 1543 3501 xxxxv,
1590 3436 1666 3495 ll.
1717 3437 1815 3505 12).

194 3520 579 3577 Vexabantur
608 3530 798 3576 autem
830 3524 997 3577 variis
1046 3525 1410 3594 languoribus
1449 3526 1730 3591 vitiorum,
1765 3534 1821 3580 et

186 3613 462 3680 iacebant
490 3614 771 3684 prostrati
791 3612 894 3667 sub
923 3614 1155 3684 pedibus
1180 3614 1533 3669 inimicorum
1558 3634 1571 3681 ;
1606 3614 1739 3685 quia
1755 3632 1819 3668 ex

192 3702 434 3769 perﬁdia
478 3702 653 3773 prius
700 3703 853 3773 pium
900 3704 1209 3757 amiserant
1237 3711 1542 3774 pastorem,
1584 3711 1641 3758 et
1682 3704 1820 3759 mul-

186 3789 257 3842 tis
306 3790 664 3845 daemonum
713 3791 1072 3845 laniamentis
1129 3792 1530 3846 cruciabantur
1556 3792 1814 3863 dispersi.

188 3876 517 3950 Propterea
565 3896 705 3949 ergo
754 3880 949 3934 circuit
1007 3881 1278 3935 Dominus
1323 3898 1517 3935 omnes
1543 3882 1813 3947 civitates,

183 3966 396 4024 docens
432 3976 502 4023 et
553 3984 787 4034 sanans,
824 3975 887 4023 ut
920 3986 1115 4024 omnes
1144 3970 1409 4035 inveniat,
1467 3977 1524 4025 et
1563 3973 1817 4040 jacentes

186 4058 397 4127 erigat,
446 4058 558 4130 qui
588 4058 962 4128 nequiverant
990 4066 1160 4113 stare.
1198 4060 1353 4114 Vidit
1378 4066 1564 4113 autem
1598 4060 1811 4125 turbsa,

173 4160 286 4201 non
316 4147 383 4201 in
435 4163 569 4201 uno
603 4146 856 4216 quolibet
884 4148 1023 4213 loco,
1057 4149 1155 4203 sed
1186 4149 1321 4203 dum
1350 4149 1546 4203 circuit
1573 4149 1716 4202 vicos
1761 4155 1819 4203 et

176 4237 441 4301 castella,
496 4235 605 4290 ubi
650 4235 995 4306 disperserat
1039 4255 1134 4293 eos
1190 4244 1387 4292 ventus
1441 4238 1811 4303 infidelitatis,

1904 3171 2149 3241 paradisi
2179 3170 2541 3225 recessissent
2559 3166 2751 3221 multis
2770 3182 2835 3219 ex
2855 3164 3038 3219 causis
3056 3167 3217 3217 vocat
3236 3178 3497 3217 :messem

1905 3272 2053 3319 vero,
2077 3261 2579 3326 propternaturam
2601 3250 2830 3306 seminis
2854 3268 2866 3316 ;
2891 3249 3023 3321 quia
3053 3265 3119 3302 ex
3140 3264 3249 3302 uno
3280 3263 3494 3311 omnes,

1906 3361 1969 3398 ac
1994 3344 2041 3398 si
2071 3344 2274 3399 annuis
2312 3341 2685 3414 temporibus,
2728 3339 2865 3394 satis
2894 3338 2963 3391 de
3004 3345 3154 3391 terra
3200 3335 3493 3391 crevimus.

1903 3438 1968 3491 In
2000 3453 2110 3507 qua
2142 3435 2409 3490 nimirum
2462 3449 2641 3487 messe
2687 3429 2929 3501 operarii
2960 3428 3123 3501 pauci
3172 3432 3353 3492 erant,
3402 3425 3498 3498 qui

1903 3541 2027 3578 eam
2056 3523 2353 3577 excolendo
2396 3522 2468 3575 ad
2519 3521 2783 3574 horreum
2807 3517 3073 3590 paradisi,
3108 3515 3256 3571 unde
3305 3530 3498 3575 semen

1905 3613 2116 3667 exierat
2168 3618 2396 3683 prOpter
2424 3615 2732 3681 peccatum,
2780 3624 2879 3678 per
2927 3606 3169 3677 gratiam
3200 3604 3494 3658 referrent.

1902 3702 2119 3756 Etenim
2146 3701 2240 3755 alii
2270 3699 2328 3753 in
2357 3700 2461 3753 hoc
2490 3714 2625 3768 agro
2653 3696 3059 3757 laboraverant,
3088 3692 3340 3764 quamvis
3360 3708 3496 3762 apo-

1900 3791 2030 3845 stoli
2074 3791 2134 3844 in
2192 3790 2411 3844 labores
2460 3804 2654 3841 eorum
2686 3785 3029 3848 introissent,
3072 3788 3263 3836 tamen
3314 3781 3495 3835 adhuc

1900 3880 2061 3952 pauci
2091 3884 2270 3939 erant.
2302 3877 2506 3932 idcirco
2530 3874 2803 3946 jubentur
2843 3872 3143 3927 Dominum
3173 3870 3370 3924 messis
3401 3886 3494 3923 ro-

1896 3986 2052 4041 gare,
2087 3974 2150 4022 ut
2178 3968 2367 4022 mittat
2412 3964 2696 4037 operarios
2722 3964 2778 4016 in
2811 3978 3047 4016 messem
3076 3976 3256 4014 suam.
3292 3960 3359 4014 Et
3389 3975 3493 4012 no-

1899 4054 2153 4117 tandum,
2193 4052 2324 4123 quia
2352 4050 2547 4104 messis
2583 4049 2716 4102 licet
2742 4047 2931 4119 spinas
2959 4063 3024 4099 ac
3054 4044 3276 4119 tribulis
3320 4044 3492 4098 sullo-

1899 4148 2024 4197 cata
2053 4142 2143 4207 sit,
2168 4158 2282 4195 non
2311 4139 2544 4193 alterius
2569 4129 2826 4208 estfquia
2856 4135 2975 4205 ipse
3004 4134 3199 4204 utique
3220 4133 3345 4187 fecit
3367 4148 3489 4199 nos,

1900 4237 1953 4286 et
1982 4248 2091 4286 non
2112 4230 2217 4303 ipsi
2249 4247 2385 4296 nos;
2414 4234 2476 4282 ut
2504 4226 2734 4299 quidam
2765 4224 3123 4296 physicorum
3150 4224 3364 4288 volunt,
3390 4238 3491 4277 na-

169 4331 417 4397 propter
438 4324 616 4396 quod
638 4323 902 4379 circuisse
922 4326 1448 4397 legitur.Erraverat
1477 4326 1625 4381 enim
1651 4343 1816 4380 omne
1839 4387 1874 4397 _‘
1897 4328 2085 4375 turam
2124 4320 2541 4374 introducentes
2590 4314 2926 4369 ellectricem
2974 4312 3204 4368 humani
3244 4311 3488 4382 generis.

168 4431 357 4483 genus
392 4416 740 4470 humanum
787 4414 933 4469 sicut
960 4417 1078 4470 ovis
1129 4433 1253 4486 qua}
1303 4416 1578 4487 perierat:
1613 4415 1815 4469 idcirco
1837 4387 1880 4444 θ
1900 4410 2158 4481 Seipsum
2188 4408 2378 4479 itaque
2419 4404 2720 4460 Dominum
2768 4420 2831 4456 ac
2862 4403 3184 4458 Creatorem
3222 4401 3490 4467 insinuat,

168 4505 496 4576 requirens
534 4519 691 4561 eam.
744 4502 957 4558 invenit
998 4512 1221 4559 vexatos
1277 4513 1333 4560 et
1382 4506 1631 4576 jacentes
1676 4505 1819 4559 sicut

167 4609 300 4647 oves
321 4595 464 4648 sine
504 4598 768 4664 pastore,
784 4592 916 4665 quia
945 4593 1269 4648 oberrantes
1295 4610 1487 4648 verum
1518 4593 1826 4648 amiserant

168 4680 592 4738 Salvatorem.
639 4681 878 4735 Vexatas
906 4682 1133 4753 quidem
1165 4700 1199 4737 a
1244 4680 1590 4737 daemonibus
1645 4698 1739 4736 eas
1769 4687 1826 4736 et

156 4771 435 4839 jacentes
496 4770 751 4835 invenit,
779 4770 915 4825 dum
940 4771 1342 4843 premebantur
1368 4771 1530 4826 variis
1562 4771 1822 4825 vitiorum

160 4858 607 4932 languoribus,
642 4859 858 4914 nullum
905 4860 1177 4916 habentes
1217 4868 1677 4933 procuratorem;
1726 4859 1823 4914 sed

160 4964 369 5005 omnes
406 4952 711 5021 luporum
738 4950 1016 5005 morsibus
1044 4951 1285 5017 laniata),
1297 4951 1561 5021 jaccbant
1579 4951 1635 5005 in
1648 4955 1824 5004 strato

160 5051 399 5110 magna
434 5035 839 5091 infirmitatis.
882 5038 1149 5109 Alioquin
1196 5056 1289 5093 eas
1320 5040 1425 5093 nisi
1454 5040 1608 5110 prius
1638 5038 1824 5108 requi-

158 5136 339 5193 reret,
391 5134 464 5183 et
528 5125 814 5180 misertus
860 5126 1107 5192 vidisset,
1153 5128 1423 5182 hactenus
1448 5128 1505 5182 in
1535 5128 1651 5182 suis
1673 5133 1824 5180 totus

158 5231 300 5285 grex
325 5219 606 5287 jacerct.
637 5214 1201 5283 languoribusNunc
1231 5233 1359 5270 vero
1377 5223 1573 5270 sanata
1594 5215 1825 5269 inﬁrmi-

1902 4498 1999 4570 qui
2027 4496 2227 4551 debeat
2271 4494 2659 4565 praedicatores
2690 4490 2913 4543 mittere
2944 4488 3000 4542 in
3032 4504 3269 4542 messem
3308 4505 3487 4542 suam.
3568 4506 3580 4516 ·

1905 4582 2168 4652 Alioquin
2218 4578 2496 4651 quomodo
2538 4574 2949 4648 przedicabitur,
3003 4573 3112 4626 nisi
3156 4572 3493 4627 mittantur?

1904 4672 2304 4727 Praedicatores
2346 4684 2478 4737 ergo
2507 4665 2623 4719 l'ore
2676 4668 2980 4734 nequeunt,
3012 4661 3118 4715 nisi
3160 4661 3229 4715 ab
3260 4680 3325 4717 eo
3356 4662 3495 4731 diri-

1903 4759 2109 4824 gantur
2134 4756 2198 4804 ut
2219 4748 2532 4821 proﬁciant.
2560 4744 2769 4799 Idcirco
2800 4742 3081 4812 rogandus
3110 4747 3196 4795 est
3223 4743 3495 4798 Dominus

1906 4840 2123 4905 messis,
2149 4837 2237 4893 cui
2268 4854 2402 4891 cura
2431 4841 2516 4889 est
2544 4835 2613 4888 de
2643 4830 2923 4896 omnibus,
2949 4836 3012 4885 ut
3031 4830 3220 4885 mittat
3250 4832 3493 4887 cultores

1907 4932 1977 4985 ad
2008 4928 2390 4983 excolendum.
2430 4923 2574 4988 Quia
2616 4922 2861 4994 profecto
2906 4920 3145 4991 languor
3191 4921 3397 4989 ovium,
3438 4927 3495 4976 et

1907 5018 2175 5089 sterilitas
2204 5017 2447 5085 frugum,
2464 5012 2867 5084 spiuarumque
2884 5016 2941 5063 et
2967 5009 3299 5064 tribulorum
3324 5012 3495 5064 suffo-

1906 5109 2071 5175 catio,
2091 5106 2462 5177 agricolarum
2492 5107 2891 5173 pastorumque
2921 5100 2985 5152 iit
3008 5098 3336 5169 indigentia.
3369 5099 3499 5153 For-

1910 5198 2073 5253 tassis
2102 5213 2235 5267 ergo
2265 5195 2382 5247 lucc
2411 5191 2534 5245 ideo
2554 5190 2692 5243 istos
2720 5188 3013 5241 duodecim
3046 5187 3281 5253 monuit,
3309 5205 3379 5242 ne
3408 5188 3497 5243 in-

157 5277 275 5359 tate
318 5277 607 5360 fortiter
638 5301 745 5356 fert
784 5304 988 5359 lectum
1009 5305 1373 5369 infirmitatis,
1414 5304 1605 5358 refecti
1634 5319 1829 5356 onmes
1909 5288 2059 5340 "idm
2089 5288 2464 5347 moverentur,
2496 5279 2609 5333 ίιηο
2650 5277 3110 5369 τοεειξεηιενθιυι
3129 5277 3326 5348 Optimi
3349 5279 3501 5369 ἑλενί-

158 5394 513 5449 virentibus
552 5376 777 5455 herbis,
794 5398 858 5446 ut
869 5394 941 5446 ad
970 5394 1181 5448 fontem
1200 5366 1475 5448 satietatis
1495 5392 1803 5463 quandoqut

1912 5376 2171 5436 cultores,
2196 5370 2392 5431 socios,
2433 5384 2672 5439 quorum
2700 5366 2981 5435 sutl‘ragiis
3027 5382 3219 5420 eorum
3249 5367 3505 5439 paucitas

161 5486 568 5556 pertingant.
617 5478 774 5534 Tunc
803 5481 885 5536 ait
907 5498 923 5538 :

1914 5464 2223 5520 fulciretur.
2273 5457 2543 5530 Eligendo
2583 5472 2826 5526 namque
2875 5455 3235 5524 septuaginta
3281 5460 3336 5507 et
3365 5455 3506 5510 duos

223 5540 437 5629 M653:S
464 5568 727 5641 quidem
758 5573 1212 5640 mutta,operam'i
1237 5577 1420 5627 autem
1434 5572 1621 5642 pauci.
1642 5571 1803 5640 Rogat

1918 5552 2220 5625 discipulos
2240 5548 2502 5623 providus
2542 5546 2829 5617 magister,
2877 5542 3169 5613 praemittit
3193 5540 3378 5612 potius
3406 5558 3509 5612 pro

164 5675 293 5735 ergo
302 5662 616 5720 Domina
626 5672 684 5711 m
694 5661 881 5715 messis
891 5662 1619 5735 utejicz'amoﬂoperartos
1630 5663 1654 5718 ἰ
1657 5676 1695 5716 η
1710 5675 1841 5717 mes-

1920 5643 2009 5701 his
2036 5648 2101 5700 ut
2118 5644 2337 5714 rogent,
2369 5651 2546 5711 quam
2574 5639 2638 5691 ut
2659 5631 2961 5691 invideant.
2982 5628 3131 5705 Ergo
3158 5628 3293 5684 dum
3311 5627 3513 5687 circuit
3578 5678 3583 5683 .
