3918 6176
537 354 642 414 399

1308 356 1363 411 S.
1406 355 1783 411 PASCHASII
1822 347 2181 409 RADBERTI
2218 349 2521 405 ABBATIS
2561 350 3050 409 CORBEIENSIS.

3644 362 3726 419 400

536 480 727 536 omnia
771 482 1002 537 castella
1044 486 1101 537 et
1137 482 1302 548 vicos,
1354 481 1491 535 vidit
1535 480 1730 535 turbas
1762 496 1873 534 non
1904 484 2124 532 tantum
2146 477 2188 535 Α
2214 476 2748 532 meratur.Clemens
2778 478 2951 548 igitur
2979 480 3261 550 magister.
3293 483 3379 553 qui
3413 485 3518 538 suis
3535 502 3630 540 non
3657 488 3726 541 in-

535 571 721 625 carnis
748 570 1076 625 inﬁrmitate
1112 573 1382 641 jacentes,
1412 585 1579 639 quam
1612 585 1833 622 morum
1867 565 2130 638 improbi-

534 664 652 714 tate
679 666 848 731 atque
878 660 1208 714 inﬁdelitate
1229 657 1466 723 mentis;
1509 656 1640 727 quia
1668 656 2013 710 vexabantur
2042 672 2129 708 va-

530 749 632 804 riis
652 749 967 804 daemonum
991 748 1266 812 ludibriis,
1296 746 1500 801 idcirco
1531 746 1794 800 misertus
1822 746 1903 800 ait
1935 764 1946 798 :

603 841 789 893 Messis
827 841 1047 907 quidem
1073 841 1274 903 multa,
1307 839 1553 905 operarii
1599 842 1785 890 autem
1815 838 1999 904 pauci.
2040 835 2125 888 Ad

532 928 639 983 hoc
660 927 864 999 quippe
882 928 983 981 hos
1002 926 1296 981 duodecim
1318 927 1437 996 jam
1459 942 1630 989 supra
1650 930 1903 991 vocarat;
1924 925 1992 977 ad
2021 924 2125 977 hoc

533 1033 783 1071 seorsum
814 1016 870 1069 in
900 1022 1091 1070 monte
1120 1015 1341 1086 plenius
1362 1015 1680 1069 erudierat:
1715 1014 1785 1068 ad
1813 1015 1917 1067 hoc
1937 1030 2124 1067 coram

532 1106 614 1159 eis
644 1106 879 1159 virtutes
898 1105 1124 1159 fecerat.
1159 1105 1266 1159 Sed
1298 1104 1431 1175 quia
1469 1103 1706 1157 necdum
1752 1119 1845 1156 eos
1893 1102 1963 1156 ad
1988 1119 2125 1173 pras-

529 1193 830 1249 dicandum
861 1195 1112 1260 miserat,
1145 1193 1333 1264 rogari
1361 1210 1422 1247 se
1454 1193 1590 1257 vult,
1623 1196 1688 1246 ut
1714 1191 1933 1245 discant
1959 1190 2029 1244 ab
2059 1207 2123 1245 eo

529 1299 799 1354 quaerere,
824 1284 945 1337 sine
965 1300 1076 1355 quo
1107 1282 1249 1336 nihil
1287 1287 1501 1352 queunt
1551 1282 1838 1351 proﬁcere.
1870 1280 2013 1334 Doni
2040 1284 2127 1334 est

2210 564 2362 618 videt
2389 565 2621 620 virtutes
2649 573 2707 620 et
2725 567 2871 621 dona
2897 569 3222 638 largiri.Sed
3244 577 3424 636 469
3441 574 3582 645 longe
3607 576 3726 630 aliud

2210 662 2312 717 est,
2347 653 2554 708 habere
2608 657 2998 722 essentialiter,
3043 659 3193 713 aliud
3237 660 3363 714 dare
3410 662 3726 733 indulgenter,

2209 742 2363 795 aliud
2388 760 2517 797 vero
2540 745 2792 816 accipere
2818 748 3425 813 misericorditer.Quod
3440 752 3512 805 illi
3533 753 3728 807 scientes

2208 847 2431 902 semper
2457 850 2617 886 suam
2644 834 3054 889 conﬁtebantur
3081 837 3469 903 inﬁrmitatem,
3491 841 3725 895 dicentes:

2207 921 2272 975 In
2305 922 2528 976 nomine
2553 924 2581 976 J
2587 940 2684 977 esu
2716 924 2923 978 Christi
2941 942 3126 996 surge,
3150 928 3233 980 vel
3259 928 3403 981 aliud
3423 930 3554 998 quod
3576 947 3629 982 ex
3650 930 3729 983 im-

2207 1012 2362 1081 perio
2393 1020 2725 1082 congrueret
2754 1014 3032 1069 sanitatis.
3051 1017 3171 1079 Qua
3199 1017 3267 1070 de
3293 1007 3472 1082 causa,
3495 1019 3585 1072 etsi
3603 1019 3731 1071 disci-

2207 1101 2324 1171 puli
2350 1108 2549 1155 curant
2575 1119 2796 1156 omnem
2826 1104 3232 1169 inﬁrmitatem,
3264 1113 3318 1159 et
3336 1111 3522 1159 sanant
3546 1123 3728 1160 omnem

2207 1189 2555 1260 languorem,
2585 1192 2841 1246 Christus
2869 1200 2956 1246 est
2983 1194 3076 1263 qui
3106 1195 3240 1264 agit,
3273 1197 3424 1265 cujus
3449 1201 3661 1266 potestas
3683 1196 3727 1249 in

2208 1278 2495 1350 discipulis
2523 1280 2877 1351 operabatur.
2914 1282 3183 1337 Mirabilis
3204 1284 3420 1354 quidem
3435 1285 3572 1349 ordo,
3605 1285 3727 1355 prius

518 1388 765 1444 namque
805 1389 1003 1427 eorum
1038 1370 1462 1442 copiosissimus
1492 1368 1723 1435 fructus,
1751 1369 1898 1439 quod
1929 1385 2122 1440 quam—
2203 1368 2393 1423 docuit
2435 1375 2499 1424 ut
2524 1370 2733 1425 scirent
2776 1372 2910 1441 quid
2933 1372 3279 1437 sectandum,
3311 1383 3365 1427 et
3391 1373 3610 1427 instituit
3633 1390 3726 1426 mo-

527 1462 612 1515 vis
649 1467 908 1517 sumatur
949 1478 984 1514 a
1027 1459 1261 1525 cunctis,
1310 1464 1501 1513 tamen
1549 1475 1772 1528 semper
1822 1457 2117 1525 exuberat;
2206 1458 2323 1512 nita
2350 1459 2782 1525 salutis,deinde
2807 1462 3094 1516 miraculis
3124 1462 3523 1516 ﬁrmavitﬁdem
3551 1477 3722 1527 eorum,

530 1547 1373 1621 propterearogarijubet,quod
1388 1546 1565 1617 gratis
1584 1546 1740 1618 cupit
1762 1546 2113 1617 impendere.
2206 1553 2262 1601 et
2281 1548 2593 1602 doctrinam
2635 1549 2909 1603 solidavit.
2948 1549 3028 1604 At
3057 1568 3185 1605 vero
3200 1568 3326 1605 cum
3356 1551 3518 1604 mittit
3534 1551 3591 1604 ad
3620 1567 3727 1620 prae-

531 1638 839 1692 Praestatur
895 1637 1046 1691 enim
1087 1637 1331 1707 Spiritus
1360 1636 1539 1690 sancti
1568 1636 1750 1705 gratia
1774 1634 2124 1706 pulsantibus
2203 1633 2682 1693 dicandum,dedit
2703 1635 2879 1689 etillis
2894 1641 3228 1706 potestatem
3243 1636 3523 1706 spirituum
3540 1635 3730 1688 immun-

530 1733 720 1794 463
749 1733 807 1781 et
841 1726 1179 1798 petentibus,
1230 1731 1295 1781 ut
1334 1731 1721 1796 cooperatores
1762 1726 1877 1778 sint
1924 1725 2180 1798 gratia:_
2205 1721 2427 1787 dorum,
2455 1723 2797 1793 utejicerent
2816 1741 2929 1789 eos,
2966 1732 3024 1778 et
3038 1733 3300 1779 curarent
3317 1740 3525 1778 omnem
3543 1725 3730 1793 languo-

530 1816 653 1871 Dei.
678 1816 941 1887 Alioquin
970 1816 1027 1869 in
1054 1832 1291 1870 vacuum
1321 1815 1441 1869 sine
1470 1815 1712 1886 Spiritus
1749 1815 1927 1868 sancti
1967 1792 2188 1885 capiaB
2208 1828 2326 1865 rem
2357 1818 2414 1867 et
2442 1829 2670 1867 omnem
2698 1813 3084 1868 inﬁrmitatem
3108 1831 3321 1869 eorum.
3353 1813 3621 1884 Sapientia:
3640 1811 3730 1881 qui-

529 1906 740 1978 passim
769 1921 1045 1960 messores
1076 1905 1353 1971 laborant,
1384 1905 1519 1959 dum
1543 1906 1672 1975 jure
1699 1904 2002 1976 przedicare
2018 1904 2126 1958 nisi
2208 1900 2335 1955 dem
2383 1902 2637 1956 doctrina
2677 1904 2758 1956 eis
2790 1904 3034 1974 primum
3066 1911 3364 1975 praestatur
3403 1920 3463 1956 ex
3505 1916 3728 1965 sermone,

528 1996 847 2051 mittantur.
869 1999 1176 2066 nequeunt.
1209 1993 1368 2048 Unde
1396 1993 1570 2048 virtus
1597 1993 1891 2048 verborum
1918 1993 2125 2064 ubique

526 2101 641 2139 non
679 2084 866 2138 minus
894 2083 1299 2138 consideranda
1325 2100 1492 2153 quam
1523 2100 1713 2137 rerum
1739 2102 1752 2150 ;
1782 2083 1911 2154 quia
1934 2100 2038 2153 par
2063 2083 2122 2136 in

528 2174 692 2228 dictis
731 2179 789 2227 et
826 2173 987 2226 factis
1032 2179 1320 2243 gestorum
1385 2171 1718 2241 signiﬁcatio
1783 2173 2117 2226 declaratur.

526 2263 672 2330 Nam
703 2279 804 2334 per
828 2278 923 2316 eos
950 2260 1153 2331 quibus
1199 2260 1463 2315 misertus
1491 2261 1714 2330 legitur,
1747 2277 1913 2314 omne
1942 2278 2121 2331 genus

524 2351 836 2405 humanum
890 2350 1180 2420 designat;
1243 2350 1375 2420 quia
1424 2349 1689 2403 nimirum
1723 2350 1903 2404 vexati
1960 2346 2121 2404 erant

525 2456 719 2495 omnes
745 2440 915 2494 variis
942 2438 1321 2509 nequitiamm
1361 2439 1676 2509 praestigiis.
1739 2439 1850 2493 Alii
1894 2440 2117 2509 quidem

524 2528 923 2601 philosophicis
950 2528 1166 2581 artibus
1204 2528 1425 2599 pellecti
1455 2534 1512 2582 et
1540 2527 1771 2598 magicis
1797 2547 1809 2595 ;
1842 2529 1938 2582 alii
1969 2529 2117 2583 Scri-

522 2617 720 2673 barum
753 2624 811 2672 et
836 2617 1246 2671 Pharisaeorum
1277 2617 1462 2688 pravis
1492 2617 1856 2671 traditionum
1886 2634 2116 2672 suarum

522 2706 793 2762 doctrinis
821 2702 1021 2761 imbuti
1046 2724 1056 2759 :
1092 2707 1185 2760 alii
1215 2706 1541 2777 deceptione
1562 2706 1877 2761 daemonum
1890 2707 2118 2760 idolola-

517 2797 646 2852 triis
676 2796 930 2869 occupati
956 2814 969 2863 ;
991 2796 1086 2849 alii
1118 2796 1331 2867 peccati
1361 2796 1625 2850 oneribus
1656 2796 1925 2867 pressi,et
1951 2814 2117 2850 saecu-

518 2886 732 2942 laribus
761 2886 911 2941 curis
938 2885 1160 2948 intenti,
1212 2901 1325 2939 non
1357 2885 1625 2939 habentes
1656 2891 1990 2956 potestatem
2026 2903 2115 2940 re-

519 2976 803 3045 surgendi.
829 2974 1081 3029 Perierat
1100 2974 1247 3027 enim
1269 2974 1355 3027 lex
1384 2979 1619 3039 natum,
1654 2975 1982 3044 patriarchae
2015 2975 2117 3029 de-

518 3063 696 3118 functi
726 3069 907 3128 erant,
931 3063 1204 3134 propheta
1219 3063 1427 3128 nullus,
1449 3068 1507 3116 et
1519 3068 1689 3126 totus.
1712 3070 1777 3117 ut
1803 3064 1883 3117 ita
1909 3064 2111 3129 dicam,

2208 1991 2394 2045 media
2412 2009 2477 2045 ex
2500 1991 2760 2063 operibus
2800 1993 3111 2047 divinitatis
3133 1994 3300 2059 ﬁdes;
3335 1992 3522 2046 deinde
3539 1995 3732 2062 potestas

2207 2080 2338 2134 ﬁdei
2365 2097 2464 2151 per
2490 2082 2732 2151 gratiam
2762 2083 3103 2136 terminatur
3145 2102 3156 2135 :
3220 2088 3283 2136 ut
3311 2098 3408 2136 nec
3436 2080 3657 2135 doctrina
3680 2077 3732 2130 sit

2204 2169 2323 2224 sine
2357 2175 2634 2240 potestate
2664 2171 2970 2241 signorum,
3003 2188 3104 2225 nec
3123 2176 3369 2242 potestas
3394 2171 3503 2224 sine
3529 2167 3730 2222 doctrina

2204 2259 2509 2329 sapientiae,
2551 2276 2733 2331 neque
2765 2266 3014 2331 potestas
3042 2262 3350 2331 signorum,
3379 2266 3472 2314 aut
3490 2256 3726 2329 sapientia,

2203 2348 2324 2402 sine
2352 2349 2459 2402 ﬁde
2489 2367 2499 2401 :
2526 2349 2623 2403 sed
2643 2351 2886 2419 pendeat
2900 2356 3137 2420 uterque
3157 2351 3426 2404 terminus
3439 2365 3497 2402 ex
3520 2347 3612 2401 ﬁde
3627 2346 3727 2399 Jesu

2204 2439 2431 2503 Christi,
2461 2445 2737 2509 quatenus
2768 2445 2824 2493 et
2852 2439 3106 2493 doctrina
3131 2457 3255 2494 eam
3284 2445 3426 2493 recte
3451 2436 3611 2508 sapiat
3643 2453 3655 2501 ;
3686 2439 3727 2487 et

2200 2534 2447 2599 potestas
2469 2545 2579 2583 non
2611 2529 2837 2582 aliunde
2858 2546 3025 2600 quam
3039 2548 3102 2583 ex
3117 2531 3227 2584 ﬁde
3247 2529 3434 2601 possit.
3455 2528 3611 2592 Quam
3625 2539 3725 2577 sane

2200 2617 2586 2671 alternationis
2635 2619 2877 2689 speciem
2926 2619 3123 2673 musici
3172 2619 3499 2673 admirantes
3522 2614 3721 2672 laudant,

2199 2711 2264 2759 ut
2291 2706 2566 2761 medietas
2607 2708 2954 2779 symphoniae
2992 2709 3234 2762 duarum
3264 2708 3495 2779 partium
3523 2704 3723 2771 utrisque

2199 2811 2426 2849 suorum
2460 2813 2616 2867 teque
2646 2798 2981 2867 respondeat
3010 2799 3290 2864 terminis,
3340 2803 3393 2850 et
3419 2794 3515 2866 ipsi
3542 2791 3721 2847 tandem

2198 2885 2557 2938 medietatem
2577 2885 2838 2940 efﬁciant.
2874 2885 3133 2940 Efﬁcitur
3157 2893 3342 2940 autem
3368 2885 3496 2938 ﬁdes
3523 2880 3722 2937 testimo-

2198 2973 2353 3027 nium
2386 2973 2596 3027 habens
2627 2992 2661 3027 a
2689 2975 2809 3045 lege
2838 2976 2923 3029 vel
2951 2976 3259 3047 prophetis,
3293 2981 3348 3029 et
3374 2974 3560 3027 virtute
3585 2971 3724 3039 signo-

2200 3077 2323 3115 rum
2357 3062 2542 3116 media
2565 3063 2934 3117 concluditur.
2968 3064 3181 3118 Idcirco
3212 3065 3447 3136 primum
3485 3058 3657 3117 docuit.
3678 3060 3723 3109 ut

519 3151 671 3208 orbis
700 3152 944 3206 incultus
965 3150 1205 3222 jacebat,
1233 3156 1286 3205 et
1308 3152 1427 3221 jam
1453 3152 1559 3222 ipsi
1588 3152 1784 3216 Judaei,
1821 3152 1878 3205 in
1909 3145 2171 3223 quibusC
2196 3151 2555 3205 erudirentur
2582 3169 2615 3205 a
2635 3152 2778 3221 lege,
2813 3158 2869 3206 et
2895 3152 3114 3206 addidit
3131 3153 3396 3224 quidquid
3425 3150 3524 3220 legi
3554 3148 3721 3206 deerat,

520 3240 653 3296 olim
680 3246 866 3311 patres
891 3240 1017 3293 vitae
1046 3240 1262 3293 semina
1276 3246 1615 3310 sparserant.
1640 3242 1722 3294 Ad
1745 3243 1905 3311 cujus
1920 3243 2113 3313 utique

519 3330 994 3402 comparationem
1026 3329 1693 3401 multitudinis,0perarii,
1708 3331 1963 3385 videlicet
1983 3349 2113 3403 apo-

518 3421 667 3485 stoli,
699 3420 861 3492 pauci
890 3425 1070 3484 erant,
1105 3435 1205 3474 nec
1234 3418 1339 3489 ipsi
1366 3418 1551 3490 gratia
1600 3419 1841 3489 Spiritus
1877 3428 2109 3475 eatenus

517 3508 801 3563 illustrati.
834 3514 897 3562 ut
921 3507 1259 3561 sufﬁcerent.
1295 3508 1359 3561 In
1386 3509 1546 3578 cujus
1578 3508 1741 3577 plane
1763 3509 1843 3562 rei
1870 3510 2107 3578 ﬁguram

517 3614 583 3653 ex
602 3597 831 3653 consilio
860 3597 1037 3652 soceri
1067 3597 1294 3668 Moysen
1327 3597 1395 3650 ad
1439 3596 1806 3651 erudiendum
1842 3600 2109 3670 populum

516 3688 683 3743 unius
724 3687 909 3758 gentis
954 3686 1143 3758 plures
1194 3685 1550 3740 constituisse
1595 3687 1804 3756 gradus
1870 3688 2109 3758 legimus

520 3778 706 3849 (Exod.
741 3791 894 3840 xvmi
936 3793 951 3831 :
1009 3782 1217 3847 quanto
1270 3775 1454 3846 magis
1504 3776 1562 3830 in
1593 3777 1698 3830 hac
1748 3777 2109 3832 multitudine

512 3866 749 3922 humani
778 3866 1001 3937 generis
1031 3865 1366 3936 rogandum,
1395 3870 1460 3919 ut
1499 3866 1800 3920 mittantur
1826 3883 1860 3919 a
1889 3867 2109 3920 Christo

515 3957 705 4028 plures
749 3955 1012 4027 operarii,
1044 3971 1283 4026 quorum
1313 3954 1581 4009 doctrinis
1614 3956 1811 4009 messis
1842 3961 1899 4009 et
1927 3956 2105 4023 vinea,

514 4044 573 4099 in
605 4061 717 4117 qua
745 4050 904 4116 pater
931 4044 1174 4115 agricola
1205 4049 1308 4108 est,
1326 4044 1563 4098 ulterius
1580 4045 1798 4099 exculta
1830 4045 2109 4116 copiosius

514 4131 797 4198 exuberet,
831 4138 887 4186 et
912 4132 1153 4202 amplius
1172 4131 1507 4186 fructiﬁcet?

592 4221 739 4290 (CAP.
796 4220 888 4287 X.)
918 4221 1123 4288 Itaque,
1157 4224 1458 4274 convocatis
1507 4222 1789 4275 duodecim
1819 4224 2110 4292 discipulis

515 4311 650 4375 suis,
682 4310 830 4362 dedit
856 4311 972 4363 illis
998 4314 1311 4377 potestatem
1332 4313 1637 4377 spirituum
1659 4313 2103 4380 immundorum,

515 4402 577 4452 ut
606 4399 863 4468 ejicerent
907 4413 1009 4463 eos,
1058 4402 1107 4451 et
1133 4402 1397 4450 curarent
1426 4414 1641 4451 omnem
1684 4402 2029 4465 languorem,
2060 4407 2109 4454 et

2194 3240 2395 3294 deinde
2422 3240 2656 3295 Deitatis
2686 3258 2853 3312 opere
2883 3243 3030 3311 quod
3062 3243 3212 3296 Deus
3242 3248 3383 3296 esset
3427 3241 3574 3294 ﬁdem
3598 3233 3721 3290 insti-

2192 3330 2321 3396 tuit,
2358 3346 2523 3400 quam
2554 3347 2747 3384 rursus
2772 3331 2887 3384 suis
2907 3337 3242 3401 potestatem
3264 3330 3567 3403 impertiens
3584 3325 3721 3393 signo-

2192 3435 2339 3482 rum,
2363 3420 2702 3473 validissime
2721 3420 2981 3473 ﬁrmavit.
3016 3420 3272 3475 Primum
3291 3420 3471 3490 itaque
3493 3412 3651 3470 docuit
3672 3425 3717 3462 ex

2192 3508 2300 3562 ﬁde
2320 3509 2518 3570 vivere,
2550 3509 2695 3562 sicut
2722 3509 2989 3579 scriptum
3019 3515 3126 3577 est,
3166 3514 3354 3566 Justus
3398 3512 3565 3563 autem
3606 3513 3718 3554 meus

2193 3614 2265 3651 ea:
2292 3600 2396 3666 ﬁde
2428 3602 2563 3651 vivit
2588 3600 2767 3665 (Hebr.
2811 3598 3004 3667 x,_38).
3036 3600 3182 3654 Tum
3208 3601 3427 3655 demum
3454 3595 3551 3651 ﬁde
3577 3604 3717 3665 pelec-

2193 3694 2289 3761 pta
2318 3690 2552 3744 Deitatis
2581 3706 2749 3761 Opere
2787 3689 3024 3760 largitus
3053 3695 3141 3744 est
3180 3690 3371 3750 etiam,
3408 3693 3469 3742 ut
3508 3685 3549 3738 si
3590 3680 3715 3734 ﬁdem

2192 3777 2464 3833 haberent
2494 3780 2643 3833 velut
2667 3796 2905 3849 granum
2930 3779 3164 3849 sinapis,
3184 3783 3405 3851 possent
3432 3772 3579 3829 verbo
3602 3780 3716 3823 mon-

2190 3874 2277 3923 tes
2309 3869 2377 3923 de
2415 3871 2536 3924 loco
2563 3869 2867 3925 transferre
2893 3890 2905 3933 ;
2935 3877 3215 3942 quatenus
3236 3877 3293 3926 et
3313 3869 3414 3941 ipsi
3442 3856 3715 3939 potentesin
3808 3864 3811 3925 ς

2193 3958 2346 4012 omni
2375 3975 2543 4029 opere
2571 3976 2636 4014 ac
2665 3976 2922 4014 sermone
2956 3960 3124 4014 ﬁdem
3174 3959 3425 4015 omnibus
3461 3955 3523 4010 de
3546 3947 3714 4006 Christo
3804 3970 3807 4039 ξι

2192 4053 2514 4103 astruerent
2558 4049 2827 4104 veritatis.
2871 4050 2939 4104 Et
2972 4050 3307 4113 notandum,
3356 4045 3492 4119 quod
3526 4040 3714 4113 primum

2192 4138 2492 4209 spirituum
2516 4138 2935 4194 immundorum
2964 4145 3216 4210 potestas
3244 4137 3516 4198 tribuitur,
3546 4134 3599 4184 ut
3613 4123 3713 4180 scia-

2192 4243 2319 4281 mus
2348 4227 2495 4298 quod
2516 4226 2838 4282 morborum
2869 4244 3079 4297 genera
3107 4228 3320 4282 eisdem
3351 4219 3635 4295 corporibus
3655 4213 3713 4306 in:
3794 4290 3795 4305 χ

2194 4315 2497 4385 ﬂiguntur:
2536 4316 2736 4386 quibus
2759 4316 2982 4369 demum
3017 4316 3279 4386 expulsis,
3321 4311 3505 4368 tribuit
3529 4298 3710 4361 sanandi

2190 4404 2512 4458 facultatem
2558 4405 2606 4459 si
2649 4404 2781 4475 quid
2832 4404 2900 4458 ab
2946 4404 3025 4457 eis
3055 4410 3142 4458 est
3188 4405 3480 4475 ingestum.
3507 4388 3709 4462 Alioquin
3788 4412 3791 4475 1

516 4502 733 4541 omnem
754 4488 1165 4554 inﬁrmitatem.
1192 4485 1312 4549 Quo
1330 4502 1463 4539 sane
1496 4486 1613 4539 loco
1639 4486 1697 4539 in
1723 4493 1925 4541 neutro
1939 4506 2106 4544 evan-
2122 4460 2173 4522 Β
2190 4494 2298 4547 nisi
2317 4501 2514 4548 auctor
2538 4493 2801 4547 tormenti
2832 4493 2989 4564 prius
3019 4494 3341 4564 pelleretur,
3366 4492 3505 4545 virus
3536 4487 3709 4550 languo-
3786 4516 3787 4564 (

510 4576 840 4647 gelistarum
870 4575 1007 4630 satis
1036 4580 1287 4646 apparet,
1330 4592 1404 4629 an
1432 4591 1532 4647 per
1550 4576 2015 4645 recordationem,
2032 4596 2104 4634 an
2191 4582 2269 4636 ris
2298 4588 2466 4653 atque
2494 4582 2840 4636 inﬁrmitatis
2869 4588 3143 4637 maneret.
3188 4584 3256 4637 Et
3282 4583 3403 4637 ideo
3431 4582 3562 4633 recte
3589 4564 3708 4641 spifi'

506 4665 669 4736 juxta
696 4664 944 4719 historia:
972 4664 1281 4730 veritatem,
1301 4665 1435 4719 ordo
1456 4666 1723 4720 narrandi
1754 4668 2101 4727 successerit.
2186 4676 2347 4726 tuum
2376 4671 2793 4726 immundorum
2814 4675 3063 4741 potestas
3083 4677 3252 4726 antea
3276 4668 3515 4740 largitur,
3542 4668 3589 4716 et
3608 4665 3706 4712 tunc

510 4753 671 4808 Unde
698 4754 903 4825 singuli
919 4770 1133 4818 eorum,
1166 4754 1387 4809 Marcus
1412 4754 1622 4809 scilicet
1648 4760 1817 4827 atque
1845 4758 2106 4827 Lucas,et
2186 4760 2256 4814 ab
2288 4761 2367 4815 eis
2397 4761 2871 4831 quidquid430
2898 4760 3176 4815 inﬂictum
3198 4767 3301 4825 est,
3319 4754 3535 4813 curandi
3551 4749 3700 4831 virtus,
3776 4820 3777 4825 γ

510 4848 838 4914 sequentem
866 4859 1182 4898 sermonem
1214 4843 1465 4916 quolibet
1496 4844 1553 4899 in
1583 4845 1701 4899 loco
1733 4845 1986 4901 habiturn
2016 4847 2103 4903 in-
2186 4850 2331 4904 Mira
2358 4829 2585 4921 quidem
2630 4849 3032 4922 omnipotentis
3065 4849 3420 4922 dispensatio.
3476 4840 3597 4907 Quia
3624 4829 3700 4887 etsi
3774 4840 3777 4915 ρ

508 4931 755 5000 sinuant,
788 4938 845 4988 et
887 4938 1080 4987 tamen
1123 4949 1288 4988 nemo
1317 4934 1539 4989 illorum
1569 4934 1785 5006 uspiam
1817 4952 1850 4989 a
1877 4936 2104 4991 tramite
2185 4940 2342 4993 nulla
2360 4945 2445 4993 est
2474 4946 2721 5010 potestas
2741 4939 3237 5008 nisiaDeo,tamen
3257 4939 3363 4993 alia
3378 4925 3707 5005 estqunmii'se

504 5022 757 5077 veritatis
782 5021 1132 5086 deviat,dum
1171 5029 1228 5078 et
1252 5022 1449 5078 missos
1469 5041 1563 5079 eos
1591 5042 1625 5078 a
1647 5024 1903 5091 Domino,
1939 5033 1995 5079 et
2012 5043 2103 5081 vo-
2182 5028 2460 5100 permittit
2489 5029 2771 5084 interdum
2821 5029 3030 5101 aliquid
3061 5036 3124 5084 ut
3170 5028 3361 5101 possit.
3397 5040 3507 5095 quae
3537 5021 3707 5081 semper
3766 5100 3767 5105 γ

3782 4570 3785 4625 1

3780 4628 3783 4739 1

506 5117 659 5167 catos
689 5112 859 5166 fuisse
892 5118 1062 5182 patet.
1098 5112 1241 5166 Nam
1281 5113 1458 5167 Lucas
1489 5131 1583 5168 eos
1612 5114 1671 5168 in
1714 5121 1904 5169 monte
1934 5116 2102 5171 simul

504 5208 727 5256 vocatos
755 5207 812 5256 et
849 5201 1167 5255 nominatos
1207 5201 1343 5255 dicit
1374 5220 1386 5269 ;
1448 5203 1580 5256 alibi
1628 5210 1837 5269 autem,
1872 5206 2095 5262 missos.

501 5289 715 5345 Dehinc
726 5290 893 5345 tertio
911 5291 1029 5344 loco
1050 5291 1405 5361 septuaginta
1426 5292 1663 5346 duorum
1695 5293 2097 5364 discipulorum

500 5378 573 5433 ad
602 5380 1015 5451 prmdicandum
1048 5386 1243 5433 narrat
1271 5379 1660 5438 directionem.
1703 5382 1860 5446 Quod
1916 5390 1973 5438 et
2006 5385 2096 5439 hic

497 5486 635 5526 sane
658 5469 1009 5523 tantumdem
1061 5469 1254 5539 quovis
1285 5469 1489 5522 factum
1539 5472 1977 5542 comprehendit.
2028 5476 2097 5530 Et

496 5558 810 5616 notandum
840 5559 988 5632 quod
1031 5558 1087 5612 in
1117 5559 1286 5631 hujus
1312 5558 1507 5631 gratiae
1547 5560 1943 5617 distributione
1994 5579 2095 5619 nec

494 5649 667 5707 Iudas
696 5647 1096 5723 excipitur,sed
1114 5652 1180 5707 ut
1205 5646 1264 5704 in
1291 5646 1485 5704 ordine
1512 5648 1594 5705 ita
1622 5649 1682 5707 in
1710 5649 1857 5708 dono
1885 5670 2094 5711 connu-

2185 5119 2409 5190 pietatis
2440 5118 2662 5172 obsistit
2688 5118 2852 5183 bono,
2883 5119 3137 5190 quamvis
3161 5120 3312 5189 justa
3329 5118 3450 5185 jure
3466 5107 3703 5197 credatut;
3762 5150 3765 5197 ἢ

2183 5209 2295 5263 alia
2325 5226 2447 5279 Quae
2494 5208 2767 5262 voluntati
2799 5209 2921 5278 ejus
2950 5225 3172 5281 semper
3212 5207 3412 5261 obedit.
3443 5213 3586 5271 quam

2181 5278 2452 5353 Dominus
2481 5300 2785 5353 clementer
2830 5278 3088 5352 indulsit:
3121 5298 3227 5352 Sed
3261 5297 3348 5350 illa
3378 5295 3495 5347 licet
3527 5278 3703 5377 emolliit

2180 5405 2239 5442 se
2270 5406 2440 5459 super
2464 5405 2629 5443 omne
2662 5389 2809 5460 quod
2833 5388 3038 5443 dicitur
3060 5389 3224 5443 Deus.
3260 5393 3314 5439 et
3334 5386 3408 5437 ita
3437 5380 3602 5435 efﬁcax
3631 5369 3699 5425 sit.
3756 5376 3759 5433 ;

2177 5484 2243 5532 ut
2268 5479 2420 5532 nulla
2454 5478 2701 5532 humana
2739 5477 2916 5532 virtus
2954 5477 3217 5531 adversus
3246 5492 3364 5530 eam
3392 5467 3564 5543 possit
3600 5468 3700 5530 Pm‘
3752 5482 3755 5551 ς

2178 5573 2360 5623 statur
2380 5574 2568 5623 tamen
2584 5566 2904 5622 hominibus
2924 5584 3037 5621 non
3070 5567 3232 5621 modo
3263 5575 3323 5620 ut
3352 5557 3599 5615 resistant,
3628 5558 3695 5597 "9‘
3750 5600 3751 5613 .

2177 5670 2307 5713 rum
2365 5655 2444 5712 eis
2492 5662 2559 5713 ut
2610 5653 2971 5714 dominentur
3022 5661 3079 5714 et
3120 5660 3443 5733 potestatem
3482 5644 3672 5731 advers“
3746 5648 3749 5729 ς

3798 4184 3799 4215 1

3792 4362 3793 4391 1

3788 4470 3789 4507 1

3786 4516 3787 4565 1

3782 4570 3785 4625 1

3772 4940 3773 4973 1

3768 5038 3769 5089 1

3762 5166 3765 5205 1

3760 5226 3763 5263 J

3760 5278 3761 5321 1
