3918 6176
251 275 345 333 401

1028 256 1527 332 EXPOSITIOlN
1564 275 2009 333 MATTHEUM.
2053 307 2118 321 -
2159 279 2296 334 LIB.
2338 279 2435 347 v1,
2478 277 2636 334 CAP.
2674 278 2743 332 x.

3409 277 3516 338 402

249 416 431 466 omne,
467 400 619 471 quod
649 403 844 455 contra
870 398 1170 454 Dominum
1209 405 1311 464 est,
1339 405 1555 470 gerant.
1592 402 1904 464 AudiantA
1923 402 2293 459 fundamenta
2318 404 2558 459 civitatis
2587 402 2707 469 Dei,
2735 417 2857 474 qua
2888 403 2948 458 in
2992 404 3326 476 Apocalypsi
3370 419 3515 477 pm-

244 490 416 560 igitur
446 490 760 555 Manichzei,
791 489 886 560 qui
916 489 1214 544 Dominum
1247 496 1442 544 contra
1472 491 1648 546 Deum
1681 500 1839 548 tene-

244 578 474 633 brarum
505 579 804 633 dimicasse
833 583 1151 641 autumant,
1183 584 1241 633 et
1288 596 1523 651 corpora
1559 581 1628 634 de
1667 597 1839 651 regno

243 669 609 725 tenebrarum
640 685 760 723 esse
791 668 1153 739 contendunt,
1190 670 1470 739 quomodo
1500 671 1839 740 condignum

242 764 466 831 putant,
504 758 599 829 qui
630 763 745 811 tam
772 758 964 828 paucis
985 764 1041 811 et
1065 757 1279 827 exiguis
1302 774 1473 829 supra
1500 776 1667 813 omne
1694 762 1841 831 quod

243 848 513 903 adversus
542 848 842 901 Dominum
871 851 1125 909 conatur,
1170 852 1505 917 potestatem
1550 848 1751 903 tribuit
1780 856 1843 903 ut

170 954 175 963 '
243 938 459 1009 pellant
486 954 521 990 a
540 936 882 1007 corporibus,
917 935 1122 990 bellum
1153 936 1417 991 adversus
1446 955 1540 991 eos
1576 918 1847 1008 gessisse:

244 1025 349 1079 Vel
382 1026 666 1096 quomodo
710 1042 946 1095 corpora
989 1026 1057 1079 de
1096 1042 1267 1096 regno
1308 1027 1667 1081 tenebrarum
1711 1030 1841 1098 jure

243 1115 566 1180 credantur,
608 1132 737 1169 cum
766 1120 824 1168 et
853 1115 1107 1169 Salvator
1125 1114 1195 1169 ab
1223 1116 1303 1169 eis
1328 1132 1597 1171 evacuare
1626 1118 1843 1172 venerit

244 1220 469 1259 omnem
500 1204 757 1258 fraudem
792 1203 1025 1269 inimici,
1061 1209 1118 1257 et
1145 1220 1345 1259 sanare
1384 1222 1608 1261 omnem
1656 1206 1839 1261 labem

243 1294 642 1364 corruptionis.
665 1293 829 1347 Patet
856 1292 1032 1363 igitur
1057 1293 1205 1364 quod
1240 1295 1397 1348 nulla
1439 1300 1524 1349 est
1543 1296 1718 1350 virtus
1738 1303 1838 1351 aut

241 1387 495 1454 potestas
523 1383 632 1436 nisi
661 1398 696 1435 a
725 1383 860 1447 Deo,
893 1388 950 1436 et
977 1382 1095 1453 ipse
1126 1383 1273 1437 Deus
1301 1384 1392 1449 sit,
1429 1384 1525 1455 qui
1549 1390 1709 1439 tanta
1722 1386 1837 1440 suis

238 1471 507 1542 praestitit
535 1476 599 1526 ut
621 1471 839 1542 possint
863 1489 874 1523 :
904 1471 1059 1525 dedit
1081 1471 1230 1526 enim
1259 1472 1339 1526 eis
1368 1479 1704 1543 potestatem
1734 1476 1842 1529 cal-

236 1561 401 1615 candi
434 1577 608 1632 supra
624 1577 846 1615 omnem
870 1560 1131 1615 virtutem
1154 1561 1365 1615 inimici
1392 1581 1405 1627 ;
1430 1564 1525 1617 sed
1543 1569 1843 1635 etcorpora

1922 500 2289 559 monstratur,
2323 494 2670 563 totidemque
2698 499 2871 563 portae
2903 498 2960 547 et
2987 493 3179 563 anguli
3208 494 3339 564 quia
3378 494 3515 549 soli-

1921 583 2146 647 dantur,
2171 584 2422 655 oportuit
2453 600 2547 637 eos
2570 582 2984 645 connumerari,
3016 589 3073 636 et
3116 583 3234 638 suis
3280 582 3514 654 signatis

1923 673 2190 743 praeﬁniri
2223 672 2564 728 nominibus.
2595 671 2754 726 Unde
2781 672 2886 725 etsi
2930 672 3023 725 alii
3067 671 3333 726 dicuntur
3376 688 3514 744 apo-

1923 762 2070 827 stoli,
2095 767 2285 817 tamen
2314 763 2372 816 in
2392 762 2511 816 istis
2525 762 2749 833 praeﬁxa
2781 766 2867 814 est
2894 766 2951 814 et
2987 762 3266 833 completa
3303 762 3515 832 ﬁgura-

1923 868 2049 905 rum
2074 852 2333 915 varietas,
2368 868 2537 922 super
2561 867 2700 921 quos
2719 866 2873 904 mare
2909 851 3214 905 collocatur
3256 867 3512 920 aeneum;

1924 946 1980 993 et
1998 940 2105 1011 ipsi
2134 958 2198 994 ac
2223 942 2270 994 si
2302 940 2584 995 duocecim
2617 940 2779 993 boves
2803 940 3050 993 ternario
3078 940 3387 994 consecrati
3415 956 3516 996 nu-

1924 1045 2099 1094 mero,
2130 1030 2198 1083 ad
2226 1030 2474 1100 singulas
2495 1028 2689 1082 mundi
2707 1030 2897 1099 plagas
2917 1028 3296 1099 respicientes,
3330 1028 3388 1083 in
3418 1045 3517 1085 no-

1922 1118 2073 1172 mine
2103 1120 2305 1183 Patris,
2341 1126 2396 1172 et
2424 1117 2567 1177 Filii,
2598 1123 2655 1171 et
2674 1116 2914 1187 Spiritus
2928 1118 3126 1182 sancti,
3148 1116 3511 1188 baptismum,

1922 1207 2072 1276 quod
2092 1212 2175 1262 est
2205 1224 2359 1261 mare
2374 1222 2609 1270 aeneum,
2632 1206 2919 1276 signanter
2947 1207 3151 1261 ferunt.
3170 1206 3345 1261 Porro
3366 1206 3516 1277 quod

1923 1306 1981 1350 et
2008 1296 2243 1367 mystice
2273 1302 2494 1351 tantum
2513 1284 2809 1349 duodecim
2829 1296 3136 1366 eliguntur,
3160 1295 3256 1366 qui
3268 1295 3515 1367 profecto

1920 1402 2191 1440 numerus
2219 1386 2351 1440 dum
2385 1390 2473 1439 ter
2496 1389 2757 1456 quatuor,
2785 1372 2870 1439 vel
2898 1389 3098 1455 quater
3141 1389 3259 1439 tres
3302 1401 3515 1456 suppu-

1920 1479 2134 1539 tantur,
2167 1474 2491 1529 alternatim
2518 1473 2833 1538 conﬁcitur,
2881 1473 2963 1526 ita
2995 1478 3059 1527 ut
3099 1488 3202 1528 nec
3238 1478 3354 1528 tres
3396 1473 3517 1529 sine

1924 1569 2184 1635 quatuor,
2208 1580 2391 1635 neque
2412 1568 2655 1634 quatuor
2670 1562 2791 1617 sine
2814 1561 2998 1617 tribus
3016 1561 3133 1617 suis
3143 1564 3520 1634 respondeant

234 1666 349 1704 non
376 1650 451 1703 ab
480 1650 592 1703 alio
620 1666 790 1720 quam
817 1648 888 1703 ab
925 1650 1045 1721 ipso
1083 1651 1325 1714 condita,
1350 1662 1413 1705 ut
1441 1653 1589 1721 quod
1618 1654 1836 1707 saucia-
1861 1704 1905 1763 Β
1924 1653 2175 1724 partibus
2199 1672 2211 1715 ;
2242 1670 2307 1707 eo
2335 1652 2485 1722 quod
2515 1651 2865 1707 solummodo
2890 1651 3013 1706 istis
3042 1656 3286 1722 quatuor
3311 1651 3521 1723 specia-

234 1746 389 1763 _-_..A
416 1739 594 1763 L-_L:..
653 1741 773 1763 2.-....
808 1745 1038 1763 -.._AJ.....
1060 1739 1123 1763 ΑΙ..
1150 1740 1337 1763 -..ΣΩ--
1364 1759 1374 1763 -
1417 1746 1702 1763 ._..__A,__-_
1748 1760 1801 1763 AM
1928 1742 2029 1763 I2---
2058 1742 2256 1763 Α..-Δὶι-
2294 1742 2401 1763 -2..Λ
2426 1741 2629 1763 μι...ε-Αι
2663 1742 2871 1763 Π---..μ-
2888 1741 2954 1763 I1-
2990 1741 3041 1763 Ζ..
3076 1740 3299 1763 ..-μ-2..-
3331 1742 3484 1763 m_.:_.:

232 1746 393 1793 verat
416 1739 618 1805 hostis,
647 1741 777 1809 jure
807 1745 1038 1793 sanetur
1058 1739 1127 1793 ab
1144 1740 1376 1811 opiﬁce;
1416 1746 1712 1812 propterea
1740 1760 1838 1798 cu-

233 1829 399 1882 randi
432 1846 657 1883 omnem
704 1829 1032 1899 languorem
1077 1835 1133 1883 et
1173 1846 1395 1883 omnem
1451 1831 1839 1887 inﬁrmitatem

235 1917 403 1972 verbo
426 1918 587 1972 dedit
616 1918 732 1973 suis
761 1925 818 1971 et
855 1919 1094 1989 gratiam
1141 1918 1391 1973 indulsit.
1439 1920 1840 1976 Verumtamen

237 2008 532 2078 quaeritur,
588 2007 721 2077 quid
777 2008 850 2061 sit
897 2008 1045 2061 inter
1107 2024 1330 2062 omnem
1385 2010 1732 2079 languorem,
1784 2017 1841 2065 et

234 2112 467 2149 omnem
497 2095 906 2161 inﬁrmitatem,
941 2096 1109 2150 etiam
1131 2097 1202 2150 ab
1236 2097 1322 2150 his
1342 2098 1437 2167 qui
1469 2099 1609 2152 nihil
1640 2104 1840 2171 putant

235 2200 475 2238 vacuum
509 2184 568 2239 in
607 2185 810 2239 divinis
848 2185 1052 2249 litteris
1102 2202 1137 2238 a
1178 2187 1447 2257 mysterio
1493 2194 1593 2241 aut
1640 2206 1838 2260 super-

238 2274 417 2328 ﬂuum
450 2275 507 2327 in
541 2275 742 2327 relatu.
776 2274 934 2327 Unde
964 2274 1127 2329 liceat
1154 2275 1473 2330 existimare
1516 2277 1661 2347 quod
1713 2279 1838 2333 lan-

235 2378 378 2432 guor
399 2363 474 2416 ad
498 2362 891 2416 inﬁdelitatem
917 2363 1119 2417 animae
1148 2364 1504 2434 pertinuerit,
1540 2366 1838 2421 inﬁrmitas

236 2466 365 2505 vero
387 2452 461 2505 ad
493 2452 841 2505 vexationem
871 2451 1073 2505 carnis.
1107 2452 1240 2515 Quae
1264 2453 1532 2508 nimirum
1555 2455 1665 2509 duo
1695 2472 1839 2509 mor-

235 2539 438 2594 borum
467 2557 676 2611 genera
707 2541 776 2594 de
805 2539 1123 2595 obsessione
1152 2542 1469 2596 daemonum
1498 2544 1686 2598 venire
1716 2561 1837 2599 ma-

236 2630 504 2684 nifestum
529 2636 633 2683 est.
664 2630 733 2683 Et
757 2630 881 2683 ideo
906 2630 1060 2700 prius
1082 2630 1161 2684 illi
1181 2632 1420 2702 pellendi
1436 2639 1616 2697 erant,
1635 2634 1838 2688 deinde

234 2735 336 2790 per
369 2719 543 2773 ﬁdem
573 2719 763 2773 anima
793 2719 1101 2789 purganda.
1124 2725 1245 2773 tum
1265 2721 1476 2775 sanitas
1505 2723 1688 2776 carnis
1712 2730 1840 2777 con-

238 2808 549 2878 sequenda.
574 2808 928 2878 Quapropter
956 2814 1013 2861 et
1035 2808 1171 2862 ﬁdes
1190 2825 1356 2880 quam
1370 2827 1514 2882 saepe
1534 2812 1843 2881 requiritur

238 2896 291 2951 in
321 2896 634 2961 miraculis,
662 2902 718 2950 et
744 2897 963 2966 plenius
1009 2899 1377 2953 conﬁrmatur
1424 2916 1489 2953 ex
1534 2899 1836 2967 beneﬁciis,

233 2986 417 3057 siquo
464 2986 635 3039 modo
680 2992 829 3039 totus
872 2987 1039 3040 homo
1081 2988 1344 3054 salvetur,
1397 2994 1454 3042 et
1498 2989 1652 3042 nulla
1695 2989 1842 3044 desit

1926 1742 2031 1796 lius
2051 1742 2264 1795 credita
2291 1742 2405 1796 sint
2425 1741 2634 1797 Christi
2663 1741 2962 1811 Evangelia
2989 1741 3045 1794 in
3076 1740 3303 1796 nomine
3331 1742 3519 1797 Trini-

1921 1832 2074 1898 tatis,
2099 1848 2221 1902 quae
2250 1830 2490 1885 debeant
2508 1847 2575 1885 ex
2604 1830 2786 1884 ofﬁcio
2806 1830 2875 1883 ad
2908 1834 3149 1900 quatuor
3176 1830 3373 1885 mundi
3403 1832 3520 1903 pla-

1920 1938 2023 1992 gas
2054 1922 2184 1991 jure
2214 1920 2450 1987 deferre,
2484 1924 2542 1973 et
2568 1920 2901 1974 Trinitatem
2930 1919 2987 1973 in
3011 1918 3213 1973 iisdem
3264 1919 3518 1991 partibus

1921 2010 2203 2063 nuntiare.
2236 2008 2379 2063 Hinc
2425 2024 2647 2079 quoque
2694 2007 2988 2061 duodecim
3029 2006 3212 2061 tribus
3271 2006 3519 2062 ﬁliorum

1921 2099 2094 2153 Israel
2122 2098 2485 2152 ascendentes
2510 2114 2576 2151 ex
2603 2097 2853 2167 [Egypto
2887 2096 3082 2165 (Num.
3142 2104 3209 2159 Il)
3258 2095 3519 2150 similiter

1920 2195 2105 2241 castra
2126 2192 2442 2253 metantur;
2465 2192 2581 2240 tres
2598 2186 2854 2239 videlicet
2865 2184 2936 2239 ad
2966 2184 3262 2251 orientem,
3312 2189 3371 2239 et
3399 2190 3517 2240 tres

1921 2278 1989 2330 ad
2020 2276 2333 2342 meridiem,
2362 2282 2480 2329 tres
2499 2292 2629 2329 vero
2649 2274 2718 2328 ad
2736 2274 3077 2345 aquilonem,
3102 2278 3161 2327 et
3187 2278 3304 2327 tres
3328 2274 3400 2327 ad
3421 2289 3517 2328 oc-

1919 2381 2129 2431 casum,
2163 2365 2545 2435 apostolorum
2574 2363 2999 2435 prmﬁgurantes
3011 2362 3267 2428 formam,
3302 2362 3371 2416 de
3400 2362 3520 2433 qui-

1918 2454 2023 2509 bus
2048 2454 2320 2525 scriptum
2358 2458 2477 2507 est:
2508 2454 2575 2506 In
2625 2468 2842 2506 omnem
2875 2456 3084 2506 terram
3139 2453 3312 2506 exivit
3350 2467 3519 2507 sonus

1920 2547 2109 2607 4’2
2137 2559 2348 2608 eorum,
2382 2547 2430 2595 et
2462 2545 2525 2594 in
2554 2543 2688 2608 ﬁnes
2719 2542 2864 2594 orbis
2914 2546 3071 2595 terra:
3113 2542 3276 2595 verba
3323 2556 3519 2595 eorum

1921 2634 2083 2697 (Psal.
2107 2644 2261 2696 xvm,
2295 2629 2371 2683 4).
2403 2629 2583 2683 Verus
2612 2629 2817 2699 quippe
2835 2628 3003 2683 Jacob
3019 2628 3521 2700 duodecimgenuit

1922 2720 2087 2781 ﬁlios,
2121 2735 2259 2790 quos
2288 2716 2765 2772 benedictionibus
2794 2717 3020 2771 collium
3042 2722 3380 2772 aeternorum
3409 2718 3520 2789 spi-

1925 2805 2162 2863 ritaliter
2188 2807 2488 2862 benedixit.
2514 2806 2584 2860 Hi
2604 2806 2896 2860 duodecim
2909 2804 3090 2859 fontes
3104 2806 3165 2859 in
3188 2806 3329 2861 Elim
3356 2805 3520 2862 uber-

1880 2900 1891 2909 ’
1923 2903 2098 2952 tatem
2116 2897 2240 2951 vitae
2268 2898 2471 2961 ﬂuunt,
2498 2895 2647 2949 circa
2665 2895 3173 2965 quosseptuaginta
3184 2895 3518 2966 dumpalmw

1922 2986 2158 3041 crevisse
2175 2987 2441 3056 leguntur
2470 2985 2657 3051 (Exod.
2711 3000 2801 3049 xv,
2844 2981 2954 3052 27),
2996 2983 3254 3038 videlicet
3292 2990 3521 3055 septua-

233 3075 507 3146 apostolis
536 3076 723 3144 gratia
750 3075 967 3129 salutis.
1004 3076 1292 3147 Siquidem
1336 3078 1666 3148 languorem
1712 3079 1838 3150 qui-
1856 3078 1900 3138 C
1919 3077 2077 3146 ginta
2101 3076 2210 3130 duo
2244 3075 2339 3146 qui
2369 3075 2440 3128 ad
2469 3072 2884 3145 praedicandum
2916 3072 3220 3127 mittuntur
3239 3072 3515 3145 discipuli,

231 3163 356 3218 dam
394 3164 468 3218 ad
497 3164 825 3218 diuturnam
852 3166 1199 3219 vexationem
1231 3167 1414 3221 carnis
1458 3168 1837 3239 interpretan-

228 3258 336 3317 tur,
370 3254 769 3307 inﬁrmitatem
800 3270 927 3308 vero
957 3255 1027 3307 ad
1050 3254 1404 3325 ingruentem
1434 3256 1621 3311 subito
1650 3275 1838 3313 corru-

228 3344 505 3414 ptionem.
532 3343 706 3397 Porro
731 3343 825 3396 alii
846 3344 1206 3397 aﬁlictionem
1238 3345 1412 3399 hostis
1444 3347 1513 3400 ad
1544 3346 1839 3401 inﬁrmita-

227 3440 309 3485 tes
339 3432 640 3485 azstimant
663 3430 961 3501 pertinere,
994 3432 1291 3501 languores
1318 3449 1449 3487 vero
1468 3435 1539 3488 ad
1570 3434 1839 3505 intempe-

227 3521 477 3575 rantiam
510 3520 713 3574 carnis.
739 3520 796 3574 Si
818 3521 951 3590 quid
984 3522 1180 3575 horum
1214 3522 1397 3576 verius
1411 3522 1500 3585 sit,
1529 3529 1683 3593 patet
1712 3541 1837 3577 sen-

226 3626 316 3664 sus
344 3611 491 3664 dum
524 3610 662 3663 dicit
689 3614 808 3674 (ιτ
828 3615 864 3674 Ι
917 3626 1140 3663 omnem
1168 3611 1494 3679 languorem
1523 3619 1579 3665 et
1611 3630 1835 3668 omnem

225 3698 652 3763 inﬁrmitatem;
673 3698 884 3751 nullam
907 3715 1039 3767 ergo
1061 3698 1263 3768 excipit
1278 3698 1520 3753 hominis
1537 3701 1830 3768 malitiam,

223 3804 332 3857 qua
361 3787 554 3860 possit
606 3787 853 3840 exterius
901 3786 1207 3841 interiusve
1253 3789 1574 3859 corrumpi;
1623 3791 1834 3845 nullam

223 3894 389 3947 quam
424 3894 544 3931 non
574 3877 795 3930 dederit
821 3876 1088 3946 apostolis
1120 3877 1362 3946 gratiam
1393 3884 1589 3932 contra
1611 3896 1833 3935 omnem

218 3967 630 4022 adversitatem
659 3966 939 4032 sanitatis,
974 3972 1039 4020 ut
1065 3966 1122 4020 in
1152 3967 1304 4021 nullo
1334 3974 1582 4038 potestas
1635 3987 1831 4025 eorum

218 4055 515 4111 videretur
544 4055 788 4109 inﬁrma.
820 4055 962 4109 Nam
993 4056 1175 4109 omnis
1203 4058 1487 4127 corruptio
1512 4075 1546 4111 a
1585 4060 1829 4131 maligno

217 4151 336 4211 est;
368 4153 430 4200 et
450 4145 584 4199 ideo
608 4144 854 4215 perfecta
876 4150 1122 4215 potestas
1153 4146 1233 4199 eis
1278 4146 1564 4213 tribuitur,
1617 4155 1681 4203 ut
1727 4150 1828 4204 ha-

217 4232 389 4289 beant
418 4233 704 4304 largiendi
736 4250 801 4286 ex
829 4234 1059 4287 domino
1090 4234 1240 4303 quod
1271 4234 1330 4289 in
1360 4236 1480 4306 ipso
1530 4244 1615 4292 est
1642 4256 1653 4291 :
1709 4238 1828 4310 ipse

1920 3182 2059 3236 quos
2090 3165 2336 3236 profecto
2360 3163 2743 3235 apostolorum
2758 3161 2882 3216 fons
2902 3161 3207 3217 salubriter
3227 3161 3514 3221 enutrivit.

1921 3255 2029 3308 Sed
2055 3261 2113 3308 et
2140 3255 2329 3309 leones
2360 3252 2655 3308 duodecim
2683 3252 2953 3306 thronum
2979 3251 3223 3306 ferentes
3262 3251 3518 3307 Salomo-

1921 3343 2008 3397 nis
2037 3346 2146 3400 (ΙΙΙ
2173 3346 2296 3410 Reg.
2321 3360 2372 3407 x,
2406 3340 2515 3411 2U),
2549 3342 2686 3396 dum
2717 3341 2993 3412 quadrato
3022 3345 3414 3406 numero,tres
3440 3340 3519 3395 si-

1919 3433 2037 3486 mul
2060 3432 2131 3488 ad
2160 3432 2411 3502 singulas
2439 3432 2634 3486 mundi
2658 3432 2980 3502 junguntur
3015 3431 3229 3501 plagas,
3277 3430 3518 3485 istorum

1918 3526 2353 3592 praemonstrant
2379 3521 2785 3585 fortitudinem,
2827 3520 3033 3591 quibus
3060 3536 3225 3574 verus
3254 3519 3519 3575 Salomon

1920 3610 2175 3664 Christus
2204 3610 2504 3680 praesidere
2524 3610 2584 3663 in
2613 3610 2817 3664 throno
2849 3609 3104 3663 Ecclesiae
3120 3610 3375 3679 suaejure
3393 3625 3517 3664 cre-

1916 3698 2088 3765 ditur,
2129 3700 2263 3769 quia
2303 3716 2475 3769 super
2514 3715 2609 3753 eos
2651 3699 2831 3752 solum
2880 3698 3194 3767 majestatis
3243 3698 3369 3767 ejus
3405 3697 3516 3753 ﬁde

1913 3788 2201 3854 fundatur,
2229 3792 2286 3842 et
2312 3788 2524 3854 civitas,
2560 3787 2631 3840 de
2662 3803 2774 3857 qua
2793 3787 3003 3841 dictum
3045 3791 3148 3850 est,
3198 3785 3508 3840 solidatur:

1916 3879 2300 3932 Fundamenta
2329 3881 2444 3945 ejus
2474 3880 2537 3930 in
2563 3878 2841 3929 montibus
2861 3878 3066 3928 sanctis
3096 3877 3260 3940 (Psal.
3290 3888 3510 3941 Luxvl,

1924 3968 1987 4035 l),
2021 3986 2143 4039 quae
2172 3967 2440 4022 nimirum
2466 3966 2835 4021 fundamenta
2863 3980 2988 4019 mox
3018 3968 3192 4035 portae
3222 3963 3507 4033 dicuntur,

1914 4075 2053 4128 quas
2081 4057 2353 4111 Dominus
2374 4056 2557 4127 diligit
2590 4071 2761 4126 supra
2791 4053 2980 4108 omnia
3005 4052 3367 4108 tabernacula
3411 4054 3509 4109 Ja-

1911 4147 2030 4201 cob.
2058 4147 2114 4201 Si
2138 4146 2263 4217 quis
2279 4162 2412 4216 ergo
2429 4162 2531 4217 per
2555 4161 2672 4202 eas.
2711 4160 2812 4215 per
2838 4159 3035 4197 eorum
3083 4141 3294 4197 scilicet
3338 4142 3508 4198 ﬁdem

1909 4242 2077 4306 atque
2107 4235 2440 4299 doctrinam,
2475 4233 2685 4289 Christi
2708 4232 3016 4287 Ecclesiam
3048 4248 3161 4286 non
3205 4231 3504 4300 introierit,

214 4331 406 4377 autem
430 4328 709 4395 potestas,
744 4323 894 4376 salus
923 4328 977 4375 et
1007 4322 1225 4377 bonitas
1252 4331 1354 4389 est,
1388 4331 1444 4379 et
1490 4326 1611 4380 fons
1654 4329 1828 4383 totius
1911 4324 2118 4378 ostium
2147 4339 2427 4395 nusquam
2449 4328 2507 4377 et
2532 4338 2822 4393 nunquam
2851 4321 3095 4392 reperiet
3120 4321 3218 4391 qui
3241 4320 3322 4375 ait
3354 4338 3367 4376 :
3398 4322 3507 4391 Ego

212 4411 680 4484 incorruptionis.
714 4412 927 4466 Idcirco
954 4413 1216 4482 praestitit
1234 4414 1349 4469 suis
1367 4432 1430 4468 ex
1448 4417 1651 4486 gratia,
1678 4419 1824 4487 quod
1845 4398 1891 4456 D
1908 4430 2030 4467 sum
2048 4416 2372 4482 ostium,per
2390 4429 2476 4467 me
2491 4415 2541 4466 si
2555 4415 2678 4482 quis
2692 4411 3503 4479 intraverit,satvabituonan.

210 4500 329 4572 ipse
358 4508 454 4556 est
486 4518 589 4573 per
615 4506 899 4565 naturam,
944 4506 1165 4555 tantum
1208 4509 1272 4556 ut
1308 4504 1591 4559 auditores
1628 4523 1820 4560 eorum

210 4589 556 4655 doctrinam,
582 4606 752 4661 quam
777 4589 1045 4653 exhibuit,
1071 4598 1127 4644 ct
1152 4592 1317 4645 ﬁdem
1339 4594 1628 4664 recipiant,
1654 4612 1822 4666 quam

208 4678 386 4749 signis
416 4686 482 4734 et
510 4678 817 4733 virtutibus
842 4680 1270 4735 commendavit.
1297 4682 1590 4752 Sequitur:

278 4770 591 4823 Duodecim
622 4773 989 4836 aposto!nrum
1018 4773 1248 4823 nomina
1276 4776 1406 4823 sunt
1437 4772 1561 4824 lure.
1597 4773 1672 4826 Ex
1715 4789 1825 4844 quo

208 4857 417 4929 quippe
443 4858 761 4929 praeﬁgitur
785 4857 999 4922 titulus,
1029 4858 1162 4929 quia
1178 4859 1569 4914 venturierant
1587 4863 1826 4931 pseudo-

203 4948 476 5015 apostoli,
512 4963 582 5000 ne
619 4947 764 4999 ullus
792 4946 936 4999 alius
956 4945 1285 5016 recipiatur;
1305 4951 1361 5000 et
1394 4947 1518 5001 ideo
1543 4965 1669 5003 mox
1691 4968 1823 5005 con-

203 5042 613 5090 numerantur.
649 5037 712 5089 In
742 5034 867 5088 istis
892 5051 1136 5105 namque
1167 5042 1525 5091 consecratus
1564 5038 1724 5103 ordo,
1770 5045 1827 5093 et

202 5124 600 5179 duodenarius
621 5130 708 5178 est
735 5139 1024 5181 numerus.
1078 5125 1383 5195 Pr0pterea
1422 5126 1559 5179 satis
1599 5128 1824 5197 provide

203 5222 328 5283 post
353 5214 684 5268 doctrinam
707 5213 1029 5278 Salvatoris,
1054 5224 1110 5267 et
1136 5214 1392 5284 prodigia
1421 5215 1728 5284 signorum,
1756 5217 1822 5268 il-

204 5302 305 5357 lico
337 5305 487 5358 dum
528 5310 772 5372 potestas
785 5302 865 5355 eis
880 5301 1147 5357 tribuitur
1164 5303 1601 5374 prsetitulantur,
1637 5321 1705 5357 ne
1726 5304 1822 5358 ali-

205 5393 326 5462 quis
353 5392 527 5446 aliud
560 5400 719 5445 extra
740 5391 1051 5445 doctrinam
1104 5392 1338 5447 istorum
1387 5393 1624 5447 aﬁerens
1668 5394 1823 5464 (licet

204 5482 331 5536 ullis
361 5480 596 5552 aliquid
629 5481 882 5535 videatur
930 5480 1159 5549 artibus)
1202 5482 1343 5537 forte
1385 5482 1443 5535 in
1481 5484 1816 5553 apostolatu,

204 5571 286 5626 vel
313 5570 593 5629 doctrina
612 5571 812 5629 salutis
840 5570 1202 5643 reciperetur.
1233 5572 1408 5627 Porro
1438 5572 1498 5627 hi
1524 5572 1821 5630 duodecim

1910 4520 1958 4565 x,
1996 4503 2068 4562 9).
2102 4503 2278 4557 Multa
2306 4508 2441 4557 sunt
2464 4502 2638 4572 igitur
2656 4501 2968 4570 ﬁgurarum
2997 4498 3271 4569 exempla,
3304 4497 3508 4569 quibus

1912 4592 2290 4662 apostolorum
2310 4607 2578 4645 numerus
2605 4588 2995 4661 praesignatur,
3012 4587 3358 4659 principatus
3372 4604 3508 4659 quo-

1911 4698 2038 4752 que,
2091 4697 2285 4735 eorum
2334 4680 2471 4733 ordo
2516 4685 2573 4733 et
2611 4678 2929 4733 sublimitas
2971 4677 3306 4732 declaratur.
3345 4676 3506 4733 Unde

1908 4770 2099 4824 multis
2123 4770 2538 4839 Scripturarum
2559 4768 2782 4822 indiciis
2797 4768 3132 4834 divinarum,
3166 4765 3503 4822 creberrime

1907 4860 2215 4914 ofﬁciorum
2246 4864 2303 4912 et
2331 4873 2698 4929 personarum
2715 4857 3055 4928 praeconium
3077 4855 3180 4911 sub
3204 4856 3401 4911 eodem
3418 4872 3505 4911 re-

1907 4949 2114 5003 texitur
2143 4964 2396 5013 numero,
2415 4952 2692 5018 quatenus
2714 4947 2948 5019 mystice
2970 4947 3209 5001 istorum
3227 4950 3285 5001 et
3312 4962 3505 5001 nume-

1904 5055 2001 5092 rus
2030 5042 2086 5091 et
2115 5036 2314 5091 merita
2338 5036 2819 5091 commendentur.
2846 5036 3027 5091 Habet
3042 5036 3191 5090 enim
3220 5052 3385 5090 verus
3406 5035 3504 5091 Sa-

1905 5128 2092 5181 lomon
2122 5126 2513 5181 tantummodo
2543 5142 2714 5196 super
2738 5142 2962 5180 omnem
3006 5126 3178 5180 Israel
3215 5125 3317 5179 hos
3358 5124 3501 5180 duo-

1903 5216 2081 5270 decim
2112 5216 2279 5270 duces
2301 5216 2577 5286 praelatos,
2595 5215 2798 5286 quibus
2826 5215 3036 5270 dictum
3069 5220 3154 5269 est
3179 5213 3499 5268 aDomino:

1904 5306 2163 5360 Sedebitis
2189 5321 2276 5358 vos
2303 5321 2465 5373 super
2485 5306 2628 5358 sedes
2649 5306 2953 5365 duodecim,
2966 5305 3283 5371 judicantes
3304 5304 3502 5359 duode-

1903 5397 2010 5448 cim
2040 5396 2217 5447 tribus
2241 5396 2411 5448 Israel
2434 5394 2650 5454 (Matth.
2677 5407 2786 5459 xxx,
2810 5390 2911 5458 18).
2947 5392 3236 5463 Siquidem
3255 5391 3349 5447 isti
3367 5397 3500 5447 sunt

1903 5483 2196 5537 duodecim
2218 5483 2430 5555 lapides
2450 5483 2662 5549 altaris,
2689 5488 2747 5537 et
2764 5481 3054 5536 duodecim
3089 5498 3262 5553 panes
3291 5498 3498 5554 propo-

1906 5572 2128 5629 sitionis
2143 5589 2333 5629 coram
2355 5572 2592 5629 Domino
2614 5572 2805 5645 (Leuit.
2829 5583 2906 5637 1v,
2938 5568 3014 5640 5).
3058 5558 3157 5627 Isti
3203 5571 3274 5628 de
3313 5568 3499 5627 medio
