3918 6176
446 282 554 342 408

1225 286 1282 342 S.
1322 285 1703 344 PASCHASII
1740 252 2121 343 RADBERTI‘
2138 282 2443 339 ABBATIS
2482 268 2975 339 CORBEIENSIS.

3558 293 3644 351 404

450 410 729 468 tolluntur
754 414 895 467 alvei
915 411 1174 467 Jordanis
1196 417 1251 466 et
1282 411 1603 466 referuntur
1619 415 1744 469 tJos.
1777 415 1891 487 Ivl,_
1905 427 2037 482 quo.
2054 411 2103 471 Α
2119 408 2532 463 distinctionem
2547 406 2747 463 habeat
2759 407 2829 463 ab
2839 410 2950 463 alio
2963 410 3438 483 apostolorum,qui
3451 417 3644 472 etjudas

452 517 580 555 rum
611 502 839 556 nomina
863 518 989 556 mox
1018 502 1076 556 in
1090 502 1271 556 fronte
1283 503 1444 571 juxta
1471 501 1840 571 Apocalypsin
1871 506 2043 571 portae

455 590 693 646 civitatis
721 586 1150 646 conscribuntur
1180 592 1354 658 (Apoc.
1386 604 1479 655 xu,
1510 591 1560 655 1)
1588 608 1600 654 ;
1632 590 1727 659 qui
1749 596 1807 644 et
1834 590 1957 661 ipsi,
1983 596 2046 644 ut

452 678 718 746 diximus,
751 687 924 751 portae
957 680 1238 739 dicuntur,
1271 695 1336 732 eo
1369 678 1515 749 quod
1547 695 1647 749 per
1675 695 1769 732 eos
1793 684 2045 733 tantum-

452 770 617 823 modo
646 771 861 824 cunctis
888 775 1079 840 pateat
1104 767 1389 821 introitus.
1422 767 1682 822 Pluribus
1709 768 1885 837 igitur
1912 769 2041 822 tali-

451 857 556 912 bus
585 864 643 912 et
665 856 986 929 hujusmodi
1017 856 1230 926 figuris,
1254 855 1592 911 creberrime
1611 873 1805 911 eorum
1824 858 1881 911 in
1909 857 2043 911 divi-

450 948 540 1002 nis
570 948 773 1002 litteris
801 947 1156 1018 praascriptus
1185 951 1273 999 est
1293 961 1563 1000 numerus
1608 952 1663 999 et
1698 946 2037 1016 assignatus,

450 1044 515 1091 ut
551 1042 607 1090 et
632 1037 875 1100 illorum,
904 1042 970 1090 ut
995 1036 1175 1089 fassus
1201 1050 1346 1099 sum,
1380 1034 1625 1105 dignitas
1653 1052 1719 1088 ex
1739 1036 1842 1089 hoc
1871 1037 2042 1089 clare-

449 1130 647 1191 sceret,
669 1131 727 1179 et
747 1126 895 1196 quod
913 1125 1171 1188 totidem,
1195 1140 1298 1178 nec
1317 1124 1557 1194 amplius
1596 1124 1681 1177 vel
1728 1125 1914 1178 minus
1958 1142 2043 1179 re-

449 1214 691 1284 cipiendi
711 1220 915 1269 essent.
944 1214 1088 1277 Quia
1111 1213 1216 1267 etsi
1245 1213 1358 1267 sint
1381 1212 1475 1266 alii
1495 1213 1676 1267 adhuc
1699 1214 1954 1284 apostoli,
1979 1219 2043 1268 ut

448 1303 657 1358 Paulus
685 1310 743 1357 et
769 1302 1077 1364 Barnabas,
1110 1319 1175 1355 ac
1202 1303 1387 1356 caeteri
1413 1302 1616 1372 quibus
1660 1302 1872 1356 credita
1907 1310 2043 1358 sunt

448 1394 798 1464 apostolatus
828 1392 914 1445 sui
936 1394 1068 1462 jura
1086 1391 1292 1456 divina,
1314 1391 1583 1445 tamenin
1604 1391 1726 1445 istis
1745 1408 2040 1446 consecra-

449 1486 542 1535 tus
554 1486 640 1535 est
658 1481 927 1552 mysticus
941 1480 1277 1534 sacramenti
1298 1496 1585 1545 numerus,
1635 1485 1692 1534 et
1718 1480 1953 1535 fundata
1982 1482 2039 1535 in

447 1570 645 1624 eodem
663 1569 866 1624 Christi
888 1568 1149 1633 Ecclesia,
1171 1574 1449 1639 quatenus
1466 1569 1535 1623 ad
1551 1586 1646 1623 eos
1664 1574 1722 1633 4
1736 1574 1853 1634 ατι
1868 1571 2037 1623 etiam

449 1663 507 1713 et
534 1658 743 1713 Paulus
762 1674 828 1711 ac
853 1658 1039 1711 caeteri
1081 1658 1435 1728 colligantur,
1462 1664 1517 1711 et
1543 1674 1738 1711 omnes
1763 1658 1820 1712 in
1845 1675 2038 1713 eorum

2125 499 2466 553 nominatur.
2486 500 2548 553 In
2568 516 2675 570 quo
2697 516 2831 552 sane
2847 500 3307 571 sciendum,quod
3325 505 3644 561 solusscmta-

2126 595 2216 644 tor
2236 594 2421 655 4'34
2455 590 2727 655 cordium,
2759 590 2855 659 qui
2904 590 3101 643 merita
3133 592 3279 645 novit
3328 593 3642 664 singulorum,

2127 696 2220 734 eos
2259 679 2339 733 ita
2364 679 2621 733 distinxit
2649 686 2706 732 et
2735 680 3143 751 przeordinavit,
3176 686 3237 734 ut
3264 687 3317 734 et
3352 691 3649 740 sacramenta

2125 770 2416 823 redoleant
2442 769 2511 823 de
2542 770 2741 833 relatu,
2771 774 2829 823 et
2854 769 3041 823 divina
3070 769 3123 822 in
3143 770 3341 824 eisdem
3364 779 3649 825 venerentur

2124 874 2192 911 ex
2224 857 2444 912 atl‘ectu.
2477 858 2723 912 Tertiam
2765 875 2894 912 vero
2923 857 3172 912 fatentur
3196 875 3427 921 causam,
3452 860 3586 929 quasi
3598 876 3650 913 ex

2123 947 2453 1016 cognatione
2472 947 2673 1009 carnis,
2694 946 2841 1017 quod
2865 963 2976 1000 non
3004 947 3141 999 satis
3168 946 3425 1016 approbo;
3447 948 3558 1000 licet
3574 948 3652 1001 Pe.

2123 1041 2244 1090 trus
2263 1040 2320 1089 et
2338 1036 2609 1100 Andreas,
2640 1035 2879 1089 Jacobus
2922 1041 2977 1089 et
3006 1036 3263 1099 Joannes,
3307 1036 3460 1090 simul
3488 1036 3652 1090 fratres

2116 1125 2453 1194 iungantur,
2481 1123 2574 1195 qui
2607 1125 2873 1178 nimirum
2912 1124 3029 1178 bini
3058 1130 3346 1195 propterea
3396 1132 3653 1194 ponuntur.

2122 1214 2255 1284 quia
2273 1213 2352 1267 sic
2381 1213 2451 1266 ad
2470 1213 2884 1283 praedicandum
2912 1213 3171 1267 mittendi
3187 1219 3359 1275 erant,
3382 1219 3440 1266 ut
3455 1214 3655 1267 chan'tas

2120 1302 2176 1356 in
2210 1302 2291 1356 eis
2319 1303 2564 1369 gemina,
2590 1302 2691 1357 Dei
2715 1302 2972 1356 videlicet
2999 1318 3062 1356 ac
3089 1303 3339 1373 proximi,
3372 1319 3520 1372 quam
3546 1320 3659 1373 pne-

2120 1391 2359 1446 dicaturi
2387 1396 2573 1455 erant.
2605 1396 2934 1462 patesceret,
2969 1399 3025 1445 et
3058 1392 3394 1461 germanitas
3417 1408 3585 1444 eorum
3611 1392 3655 1445 in

2122 1480 2322 1551 spiritu
2349 1480 2579 1534 solidior
2607 1481 2947 1533 ﬁrmaretur.
2962 1480 3122 1533 Unde
3152 1486 3208 1533 et
3229 1479 3655 1533 fraternitasPetri

2123 1574 2180 1623 et
2206 1569 2443 1623 Andreae
2477 1585 2619 1638 pene
2640 1568 2847 1639 ubique
2869 1586 2901 1622 a
2925 1568 3525 1639 principiodesignatur.
3547 1569 3659 1622 Cou-

2122 1662 2237 1711 stat
2272 1657 2447 1727 igitur
2469 1658 2801 1712 charitatem
2833 1674 2945 1712 non
2974 1658 3162 1711 minus
3193 1674 3356 1728 quam
3392 1657 3526 1710 inter
3546 1657 3660 1710 duos

448 1746 705 1813 numero,
720 1762 889 1818 supra
910 1745 1203 1801 duodecim
1224 1746 1384 1800 sedes
1399 1746 1716 1816 judicantes
1735 1747 2035 1801 resideant:
2058 1762 2102 1820 Β
2123 1746 2316 1800 haberi
2347 1763 2536 1818 posse;
2576 1747 2779 1800 idcirco
2806 1747 2946 1800 satis
2976 1747 3345 1817 dispensative
3373 1747 3476 1800 duo
3506 1746 3658 1809 simul,

445 1843 510 1891 ut
539 1837 685 1891 sicut
710 1851 823 1890 non
853 1836 1073 1889 excedit
1090 1835 1382 1889 duodecim
1420 1834 1665 1889 tribuum
1694 1835 1763 1889 de
1802 1836 2042 1907 Egypto

442 1926 767 1981 transiliens
786 1941 1073 1990 numerus,
1098 1924 1195 1978 sed
1216 1928 1272 1977 et
1297 1928 1496 1994 gentes
1526 1924 1695 1977 etiam
1747 1924 1805 1977 in
1844 1924 2039 1978 eodem

443 2015 809 2081 inseruntur;
844 2013 924 2067 ita
966 2029 1068 2067 nec
1108 2013 1245 2067 ordo
1291 2013 1375 2066 vel
1418 2028 1687 2067 numerus
1730 2014 2039 2084 praedican-

440 2104 606 2165 tium,
638 2104 736 2158 sed
765 2119 959 2157 omnes
975 2118 1040 2156 ex
1057 2102 1266 2156 eisdem
1290 2102 1579 2173 propagati
1591 2117 1785 2159 eorum
1817 2102 2038 2157 socian-

440 2198 538 2247 tur
564 2192 733 2247 cetui
754 2208 858 2263 per
882 2191 1050 2245 ﬁdem
1079 2190 1311 2254 Christi,
1336 2196 1389 2245 et
1411 2190 1754 2244 couniuntur
1781 2206 2033 2245 numero.

441 2279 707 2352 Oportuit
735 2279 961 2351 quidem
992 2284 1057 2333 ut
1083 2293 1276 2333 eorum
1298 2278 1524 2332 evidens
1541 2278 1941 2349 mysteriorum
1959 2278 2039 2332 di-

438 2369 627 2439 gnitas
657 2368 849 2423 multis
876 2383 941 2421 ac
955 2366 1307 2421 creberrimis
1327 2366 1743 2436 Scripturarum
1760 2383 2039 2422 commen-

440 2459 674 2513 daretur
697 2457 988 2528 prteconiis
1015 2475 1027 2523 ;
1064 2462 1118 2510 et
1140 2456 1285 2521 ideo,
1309 2455 1555 2526 prudens
1574 2456 1767 2522 lector,
1786 2457 2034 2523 attende,

438 2546 572 2618 quia
599 2551 810 2617 quanto
848 2544 1172 2614 diligentius
1218 2559 1285 2597 ea
1325 2543 1672 2605 discusseris,
1719 2550 1877 2600 tanto
1908 2562 2037 2617 pro-

438 2636 701 2691 fundiore
728 2634 797 2688 de
822 2634 944 2704 lege
974 2633 1075 2688 Dei
1104 2632 1385 2686 mirabilia
1408 2633 1805 2688 considerabis.

510 2725 755 2787 Primus,
789 2721 990 2792 inquit,
1025 2721 1221 2778 Simon
1248 2724 1458 2785 Petrus,
1494 2728 1543 2775 et
1574 2721 1822 2777 Andreas
1859 2724 2038 2790 frater

434 2817 573 2882 ejus.
593 2812 714 2866 Jam
731 2812 1047 2881 catalogum
1065 2827 1260 2865 eorum
1280 2811 1537 2865 adoritur
1556 2811 2039 2882 divinadispensa-

438 2904 537 2966 tio,
569 2902 664 2972 qui
694 2901 849 2954 novit
876 2899 1080 2954 merita
1112 2900 1497 2969 singulorum.
1535 2900 1639 2954 Sed
1675 2901 2035 2970 quaerendum

437 2989 509 3044 de
530 2990 757 3044 Simone
777 2989 962 3053 Petro,
998 2988 1129 3058 quia
1148 2987 1353 3041 dicitur
1371 2987 1604 3057 primus,
1639 2994 1830 3042 utrum
1863 2990 1931 3042 ad
1946 3006 2034 3043 or-

2125 1852 2273 1902 reor,
2298 1836 2633 1906 junguntur,
2649 1840 2926 1905 quatenus
2946 1841 3003 1889 et
3029 1835 3131 1906 ipsi
3152 1836 3304 1906 prius
3324 1835 3505 1889 eadem
3524 1833 3663 1888 ﬁbula

2122 1924 2411 1978 charitatis
2442 1930 2834 1987 annectantur,
2865 1929 2930 1977 et
2968 1930 3197 1978 caeteros
3220 1926 3354 1995 jugo
3395 1922 3662 1977 dilectionis

2122 2012 2179 2065 in
2200 2012 2304 2066 hac
2326 2012 2553 2066 Domini
2569 2012 2912 2081 agricultura
2935 2011 3093 2066 binos
3114 2030 3180 2066 ac
3199 2012 3355 2066 binos
3371 2011 3661 2065 consocient.

2123 2101 2179 2155 Si
2211 2118 2320 2171 quo
2354 2102 2521 2155 modo
2546 2101 2729 2155 omnis
2773 2107 3055 2156 structura
3099 2102 3299 2155 domus
3333 2106 3590 2171 compacta
3620 2106 3665 2153 et

2119 2190 2438 2244 consociata
2466 2195 2679 2244 crescat
2694 2191 2753 2245 in
2783 2190 3038 2245 Domino.
3076 2190 3259 2244 Habet
3277 2190 3417 2244 enim
3444 2190 3533 2243 Dei
3549 2189 3665 2258 agri-

2118 2280 2338 2333 cultura
2369 2296 2611 2345 necesse,
2634 2285 2698 2334 ut
2721 2279 2826 2333 sub
2850 2296 2961 2334 uno
2981 2282 3119 2350 jugo
3140 2280 3270 2334 ﬁdei
3289 2279 3399 2333 bini
3421 2278 3664 2333 charitatis

2119 2369 2239 2422 loro
2260 2369 2666 2439 astringantur,
2698 2386 2768 2423 ne
2790 2369 2966 2439 possit
2992 2369 3282 2423 dissociari
3300 2368 3611 2439 germanitas
3621 2371 3665 2420 et

2120 2457 2391 2511 lascivire.
2439 2457 2583 2521 Quia
2630 2457 2873 2527 profecto
2915 2473 3081 2512 nemo
3114 2474 3348 2512 manum
3378 2457 3583 2511 mittens
3609 2455 3665 2508 ad

2120 2552 2369 2600 aratrum
2400 2552 2458 2600 et
2486 2547 2761 2617 aspiciens
2810 2553 2981 2612 retro,
3033 2554 3201 2619 aptus
3230 2553 3316 2601 est
3343 2563 3503 2615 regno
3535 2545 3667 2598 cisio-

2121 2650 2243 2690 rum
2279 2636 2423 2705 (Luc.
2462 2650 2538 2701 IX,
2571 2635 2682 2705 61').
2714 2636 2783 2690 Et
2813 2635 2937 2689 ideo
2968 2652 3138 2706 quam
3161 2636 3299 2690 bene
3333 2636 3441 2690 bini
3478 2651 3534 2688 ac
3574 2632 3666 2686 bini

2119 2725 2528 2788 consociantur,
2581 2730 2645 2778 ut
2680 2742 2879 2779 eorum
2940 2726 3263 2796 coniugatio
3316 2725 3369 2778 in
3424 2723 3665 2778 senarium

2119 2818 2332 2881 surgat.
2350 2814 2583 2867 Constat
2598 2813 2749 2867 enim
2768 2813 2961 2867 eodem
2974 2814 3196 2868 dierum
3213 2814 3418 2868 calculo
3427 2812 3664 2875 universa,

2120 2906 2176 2955 et
2205 2901 2259 2954 in
2281 2906 2434 2955 sexto
2461 2902 2764 2967 hominem,
2808 2902 2940 2973 quia
2981 2903 3261 2973 perfectus
3298 2909 3382 2957 est
3419 2916 3665 2962 numerus,

2121 2996 2497 3060 procreatum.
2546 2991 2654 3045 Sed
2680 2992 2815 3061 quia
2854 3008 3077 3046 omnem
3096 2994 3491 3061 agriculturam
3514 2987 3669 3045 saeculi

438 3077 629 3131 dinem
650 3083 708 3130 et
733 3092 1032 3130 numerum
1044 3076 1341 3146 pertineat,
1369 3092 1440 3129 an
1468 3077 1539 3129 ad
1554 3077 1855 3131 meritum?
1879 3078 2041 3132 Haud
2059 3077 2101 3136 C
2124 3079 2298 3150 spina;
2349 3084 2701 3150 peccatorum
2723 3087 2781 3134 et
2807 3080 3066 3135 fruticeta
3086 3081 3431 3137 inﬁdelitatis
3459 3093 3673 3151 pervase-

439 3165 670 3221 dubium
704 3165 841 3235 quin
870 3165 940 3219 ad
969 3170 1273 3235 utrumque
1296 3164 1491 3218 referri
1520 3166 1716 3236 possit,
1739 3167 1871 3237 quia
1899 3167 2044 3221 sicut
2124 3173 2271 3231 rant,
2294 3170 2511 3238 justum
2541 3170 2647 3222 fuit
2676 3170 2908 3223 totidem
2927 3171 3066 3240 juga
3104 3170 3276 3225 boum
3306 3176 3541 3224 aratrum
3567 3183 3673 3220 san-

438 3255 530 3309 hic
552 3254 767 3325 primus
785 3253 1081 3307 ordinatur
1108 3253 1166 3306 in
1199 3254 1477 3323 catalogo,
1510 3254 1590 3308 ita
1612 3262 1668 3308 et
1687 3254 1744 3309 in
1769 3256 1895 3310 aliis
1924 3256 2044 3327 qui-
2124 3258 2198 3311 cti
2221 3257 2504 3327 Evangelii
2522 3258 2590 3310 ad
2612 3258 2944 3312 scindendas
2962 3259 3216 3314 cordium
3239 3260 3443 3330 glebas.
3468 3256 3673 3328 perfecto

437 3342 683 3398 buslibet
710 3342 846 3397 locis
869 3361 882 3408 ;
912 3343 1045 3396 dum
1064 3347 1123 3397 et
1141 3342 1462 3413 specialiter
1481 3343 1650 3407 solus,
1686 3350 1743 3398 et
1760 3345 2040 3415 generali-
2123 3347 2415 3401 traherent
2430 3364 2682 3407 numero,
2700 3354 2757 3402 et
2777 3349 2995 3402 semina
3016 3348 3174 3403 verbi
3193 3352 3671 3421 superspargerent;

437 3438 528 3487 ter
561 3448 691 3487 cum
733 3431 947 3487 caeteris
988 3430 1195 3502 ubique
1237 3430 1549 3503 praefertur.
1603 3433 1766 3487 Solus
1813 3433 2039 3504 quidem
2124 3436 3596 3510 quatenuscharitatisjugosimulasciti,peifectionem
3611 3449 3676 3486 se-

436 3538 565 3577 cum
592 3521 797 3576 dicitur
821 3539 832 3574 :
866 3522 945 3575 Tu
966 3537 1018 3575 es
1036 3523 1250 3587 Petrus,
1275 3526 1321 3575 et
1342 3537 1505 3590 super
1519 3522 1663 3576 hanc
1677 3527 1893 3591 petram
1915 3525 2040 3577 aedt-

439 3613 607 3679 ficabo
642 3612 942 3665 Ecclesium
971 3626 1150 3664 meam
1178 3611 1390 3675 (Matth.
1434 3625 1545 3675 xvt,
1587 3611 1670 3680 18)
1699 3630 1712 3678 ;
1762 3617 1820 3666 et
1854 3610 1993 3666 illud
2021 3631 2032 3665 :

437 3700 547 3769 Ego
574 3691 678 3769 prd
707 3705 755 3754 te
782 3703 993 3768 rogavi,
1026 3702 1196 3763 Petro,
1220 3704 1285 3753 ut
1310 3716 1421 3754 non
1440 3701 1652 3767 deﬁciat
1674 3702 1801 3767 ﬁdes
1832 3706 1946 3767 tua,
1988 3705 2036 3756 et

438 3795 499 3843 tu
527 3791 831 3859 ah'quando
862 3803 1150 3843 conversus
1188 3791 1457 3857 conﬁrma
1482 3792 1686 3856 fratres
1725 3796 1843 3844 tuos
1868 3793 2024 3855 (Luc.

436 3892 587 3945 xxxx,
620 3878 728 3943 32).
762 3878 895 3933 Jure
923 3878 1101 3949 igitur
1128 3864 1186 3932 in
1215 3877 1434 3932 meritis
1460 3878 1675 3948 primus
1703 3879 2033 3946 zestimatur,

434 3983 537 4039 per
560 3985 751 4039 quem,
775 3973 834 4021 et
860 3968 919 4022 in
944 3985 1054 4039 quo
1080 3967 1151 4021 ad
1189 3968 1327 4021 alios
1356 3967 1505 4022 dona
1548 3968 2032 4023 transmittuntur.

435 4056 734 4126 Accipiunt
761 4061 951 4110 autem
990 4055 1194 4125 reliqui
1224 4055 1282 4108 in
1313 4071 1377 4109 eo
1405 4070 1600 4110 omnes
1645 4057 1825 4111 claves
1877 4057 2037 4127 regni

437 4142 724 4206 caelorum,
748 4158 874 4195 cum
893 4142 993 4195 eia
1013 4141 1251 4196 Domino
1265 4142 1563 4212 specialius
1583 4144 2034 4212 committuntur;

438 4234 496 4282 et
522 4228 793 4283 fundatur
804 4229 1014 4283 Christi
1036 4229 1281 4284 Ecclesia
1310 4246 1479 4300 super
1502 4248 1597 4285 eos
1622 4250 1633 4282 :
1667 4233 1815 4286 unde
1845 4239 1901 4287 et
1918 4233 2041 4288 fun-

440 4317 706 4372 damenta
752 4333 854 4387 per
886 4318 1214 4387 prophetam
1247 4318 1530 4378 dicuntur,
1570 4336 1696 4373 cum
1733 4326 1789 4373 et
1835 4322 1942 4392 ipsi
1980 4323 2037 4377 in

2120 3524 2263 3578 narii
2292 3524 2637 3590 exhibercnt,
2672 3532 2729 3579 et
2757 3526 2961 3595 singuli
2982 3527 3374 3581 connumerati
3400 3522 3677 3596 supraduo-

2119 3612 2297 3666 decim
2323 3613 2570 3667 tribuum
2601 3614 2762 3667 sedes
2777 3614 2846 3667 ad
2873 3615 3244 3683 judicandum
3268 3612 3677 3685 gloriosiusnitc—

2118 3708 2263 3755 rent.
2294 3702 2545 3764 Quorum
2566 3703 2783 3772 primus
2810 3702 3089 3757 binomius
3135 3705 3329 3759 Simon
3356 3706 3583 3758 obcdiens
3607 3700 3677 3752 in-

2118 3794 2480 3860 terpretatur.
2525 3792 2727 3845 Petrus
2787 3809 2913 3846 vero
2966 3809 3295 3859 agnoscens;
3355 3793 3478 3864 quia
3530 3787 3680 3844 omnis

2119 3879 2385 3949 perfectio
2424 3880 2759 3934 Christiana:
2791 3882 3079 3951 religionis
3107 3899 3178 3936 ex
3213 3881 3536 3945 obedientia,
3564 3878 3681 3931 sicut

2119 3968 2402 4038 apostasia
2431 3969 2841 4038 priorisAdam
2892 3971 2962 4024 ab
2991 3970 3373 4026 inobedientia
3402 3968 3611 4040 incipit;
3638 3968 3682 4016 et

2119 4074 2309 4111 nonex
2328 4057 2649 4127 ignorantia
2673 4059 2806 4111 dum
2840 4058 2992 4123 libet,
3026 4061 3123 4113 sed
3155 4078 3220 4114 ex
3251 4060 3526 4130 agnitione
3563 4052 3680 4108 veri-

2121 4146 2273 4200 tatis.
2304 4146 2611 4215 Propterea
2634 4148 2785 4216 jure,
2817 4154 2883 4201 ut
2906 4148 3037 4213 dixi,
3072 4149 3277 4204 Petrus
3319 4162 3603 4219 agnoscens
3628 4142 3681 4195 de

2123 4236 2312 4289 Graeco
2336 4234 2393 4289 in
2420 4242 2613 4289 nostra
2642 4253 2842 4290 sonare
2867 4237 3090 4291 dicitur.
3124 4238 3284 4302 Quod
3306 4246 3489 4293 tamen
3510 4246 3680 4289 nomen

2122 4340 2233 4378 non
2266 4325 2451 4379 minus
2477 4332 2532 4379 et
2566 4326 2622 4379 in
2652 4326 2851 4380 Latmo
2875 4343 2909 4379 a
2931 4334 3115 4398 petra,
3145 4345 3271 4399 quae
3310 4328 3556 4383 Christus
3597 4328 3680 4383 est,

440 4410 621 4477 petra,
665 4421 789 4477 qua;
830 4405 1084 4460 Christus
1131 4411 1233 4471 est,
1259 4404 1590 4459 solidantur.
1634 4408 1846 4461 Tamen
1893 4411 2037 4479 quod
2060 4398 2104 4454 Ῑ)
2123 4414 2456 4478 derivatum,
2477 4415 2801 4469 ﬁrmitatem
2817 4416 2944 4469 fidei
2968 4418 3091 4487 ejus
3111 4398 3389 4489 designat.
3410 4418 3541 4471 Ilinc
3558 4412 3680 4471 inde.

440 4494 573 4550 huic
584 4498 887 4566 praestatur
905 4495 1065 4566 quasi
1085 4495 1208 4561 soli,
1229 4494 1487 4549 omnibus
1516 4496 1575 4549 in
1604 4513 1669 4550 eo
1699 4498 1955 4569 largitur.
1976 4501 2042 4554 Et

439 4582 565 4637 ideo
595 4582 653 4637 in
683 4583 850 4637 Petro
878 4582 1034 4653 prior
1060 4582 1194 4636 vivit
1232 4588 1499 4653 potestas,
1545 4585 1810 4655 prmeellit
1855 4592 2041 4641 aucto-

437 4672 594 4726 ritas.
628 4673 818 4727 Simon
834 4679 1024 4726 autem
1046 4672 1245 4727 Petrus
1267 4673 1333 4726 ad
1358 4672 1775 4729 distinctionem
1806 4677 2040 4731 alterius

440 4760 685 4816 Simonis
712 4761 810 4830 qui
840 4761 1189 4816 Chananaaus
1206 4762 1387 4816 dictus
1417 4769 1519 4828 est,
1537 4765 1871 4835 appellatur,
1896 4766 2038 4820 utin

434 4850 589 4905 nullo
618 4866 719 4904 nos
748 4866 907 4905 error
934 4851 1003 4905 de
1024 4850 1109 4905 his
1133 4851 1374 4906 involvat
1401 4871 1414 4919 ;
1447 4853 1544 4907 sed
1593 4855 1953 4925 praescriptus
1984 4862 2041 4910 et

436 4939 844 5010 praeordinatus
869 4940 1005 4994 ordo
1031 4945 1300 5007 servetur,
1335 4958 1406 4995 ne
1435 4947 1535 4996 aut
1568 4943 1712 4997 alter
1759 4960 1859 5014 pro
1904 4945 2035 5012 alio,

436 5033 537 5083 aut
564 5028 709 5083 alius
738 5034 901 5083 extra
929 5030 1031 5083 hos
1053 5045 1301 5100 unquam
1331 5031 1655 5102 recipiatur,
1700 5038 1799 5086 aut
1836 5033 1905 5085 de
1944 5033 2032 5088 his

438 5116 603 5184 ullus,
637 5134 702 5172 ac
732 5118 779 5171 si
809 5135 920 5173 non
951 5119 1247 5190 ascriptus,
1282 5121 1628 5190 repudietur.
1663 5122 1812 5176 Ordo
1841 5128 2029 5176 autem

437 5224 651 5274 eorum,
686 5213 750 5263 ut
770 5208 948 5273 aiunt,
981 5207 1163 5262 tribus
1191 5208 1259 5262 de
1298 5210 1482 5263 causis
1511 5210 1592 5263 ita
1625 5210 2027 5281 distinguitur:

437 5294 654 5367 Quippe
682 5303 783 5351 aut
800 5297 1104 5352 vocationis
1131 5298 1335 5367 gratia,
1364 5304 1463 5353 aut
1487 5300 1824 5370 perfectione
1865 5299 2034 5353 meri-

435 5390 642 5449 torum,
678 5391 735 5439 et
758 5385 885 5440 ideo
914 5385 1115 5440 Petrus
1137 5385 1279 5439 forte
1309 5386 1365 5440 in
1396 5387 1642 5451 exordio,
1689 5389 1715 5442 J
1725 5387 1861 5442 udas
1910 5404 2037 5442 vero

434 5472 730 5527 Iscariotes
759 5473 818 5527 in
846 5475 957 5528 tino
987 5475 1231 5546 ponitur,
1261 5476 1348 5530 cui
1388 5476 1632 5547 elogium
1663 5477 2037 5532 denotationis

431 5563 561 5633 jure
590 5579 813 5635 semper
837 5563 1152 5630 ascribitur,
1182 5569 1247 5619 ut
1266 5571 1323 5620 et
1347 5566 1511 5637 culpa
1532 5572 1721 5638 pateat
1739 5585 1805 5623 ex
1829 5568 1948 5634 hoc,
1983 5572 2039 5621 et

2124 4503 2517 4558 utobedientia
2536 4521 2658 4575 qua:
2679 4504 2942 4558 certatrix
2959 4523 3055 4576 usq
3067 4524 3133 4560 ue
3145 4508 3216 4561 ad
3238 4512 3469 4561 mortem
3486 4510 3578 4568 est,
3594 4515 3683 4556 non

2123 4594 2287 4646 modo
2300 4593 2877 4662 agnitionemveri.sed
2893 4602 2947 4648 et
2958 4595 3346 4650 fortitudinem
3361 4595 3482 4649 ﬁdei
3496 4592 3681 4647 habeat.

2122 4681 2280 4735 Unde
2314 4687 2365 4744 ιε
2384 4687 2501 4745 θεῖ
2533 4687 2590 4734 et
2618 4682 2920 4746 scharioth,
2945 4683 3090 4752 quod
3108 4682 3164 4737 in
3183 4685 3438 4753 catalogo
3458 4681 3684 4737 ultimum

2120 4770 2409 4839 affligitur,
2422 4774 2739 4824 memoriale
2754 4774 2979 4825 Domini
3003 4774 3083 4824 vel
3110 4778 3377 4827 memoria
3400 4773 3578 4825 mortis
3591 4780 3684 4833 ητις

2119 4862 2272 4911 recte
2300 4856 2722 4927 interpretatur,
2751 4860 2884 4928 quia
2902 4877 3032 4913 vera
3054 4861 3437 4930 apostolorum
3462 4855 3686 4913 obedien-

2119 4946 2200 5000 tia
2218 4945 2272 4998 in
2295 4946 2621 5000 memoriam
2647 4948 2843 5001 mortis
2867 4949 3071 5003 Christi
3088 4949 3253 5003 debet
3270 4967 3371 5021 per
3388 4944 3683 5018 martyrium

2114 5034 2358 5099 dilatari,
2386 5040 2439 5088 et
2464 5035 2734 5090 imitatrix
2754 5038 3030 5107 passionis
3056 5040 3177 5108 ejus
3192 5056 3372 5109 usque
3391 5037 3458 5091 ad
3481 5038 3686 5089 mortem

2115 5124 2260 5179 fieri.
2301 5124 2713 5194 Interpretatur
2737 5133 2924 5181 tamen
2957 5128 3148 5182 Simon
3167 5129 3360 5193 etiam,
3382 5143 3512 5197 pone
3530 5135 3687 5176 maro-

2118 5229 2249 5277 rcm,
2285 5214 2421 5267 satis
2468 5214 2694 5283 provide
2745 5215 2813 5268 ob
2871 5216 3349 5287 dispensationem
3410 5207 3689 5284 negationis

2119 5318 2252 5367 suae,
2282 5302 2351 5355 de
2380 5319 2491 5373 qua
2516 5303 2652 5356 satis
2686 5321 2925 5359 mcerens
2951 5323 3014 5359 ac
3036 5307 3230 5361 dolens
3262 5306 3525 5360 amariter
3540 5298 3685 5359 ﬂevit;

2120 5408 2283 5460 quem
2298 5393 2561 5446 nimirum
2582 5409 2875 5448 maerorem
2891 5404 3025 5450 tunc
3036 5396 3311 5468 deposuit,
3333 5412 3455 5449 cum
3472 5391 3687 5463 repletus

2115 5480 2235 5549 jam
2266 5481 2480 5551 Spiritu
2510 5488 2702 5537 sancto
2734 5490 2980 5539 mustum
3007 5486 3379 5556 jucunditatis
3426 5476 3685 5538 eructant,

2120 5570 2216 5625 sed
2240 5564 2298 5625 et
2327 5588 2624 5628 maerorem
2648 5591 2812 5646 quem
2838 5575 2906 5629 de
2935 5576 3417 5646 Christipassione
3431 5576 3669 5628 contraxe
