3918 6176
247 276 334 336 405

992 223 1374 327 nitrosum
1412 270 1493 327 IN
1530 271 1973 329 MA'I‘THIEUM.
2011 301 2071 314 —
2104 272 2240 327 LIB.
2281 271 2377 339 vr,
2411 271 2550 327 CAP
2588 273 2656 327 Χ.

3365 270 3474 335 406

246 410 328 460 rat.
349 398 646 469 dereliquit,
678 413 806 451 cum
829 395 1112 451 Christum
1133 395 1502 450 resurrexisse
1521 398 1641 451 visu
1668 414 1791 452 cor-
1812 400 1857 460 Α
1881 398 2122 470 palmam
2138 397 2373 467 adeptus
2385 400 2471 450 est
2482 397 2759 470 martyrii;
2774 399 2870 471 qui
2881 400 3049 457 simul
3059 419 3204 475 saepe
3214 418 3470 458 seorsum

244 507 384 565 poreo
410 487 706 558 conspexit.
738 488 765 540 J
773 485 1005 555 ungitur
1032 494 1219 539 autem
1252 486 1301 538 ei
1326 486 1579 539 Andreas
1620 486 1796 541 frater

245 582 342 651 ejus
398 578 451 631 in
504 574 988 647 cognominatione
1043 575 1209 644 juxta
1273 575 1663 645 tropologiam.
1731 582 1795 630 ut

240 672 387 724 virtus
452 666 681 738 praefata
747 664 1072 719 fortitudine
1136 664 1424 717 fulciatur.
1506 664 1792 735 Siquidem

239 759 455 815 Andreas
510 758 697 810 virilis
763 755 831 807 de
896 754 1086 807 Graeco
1134 753 1555 825 interpretatur,
1598 760 1662 808 ut
1722 754 1796 807 sit

236 864 419 911 sensus,
452 845 597 915 quod
630 862 732 898 nec
761 843 1075 897 obedientia
1123 842 1245 896 sine
1277 842 1537 895 virilitate
1568 843 1790 906 mentis,

234 952 387 1007 neque
418 933 650 987 virilitas
706 933 827 986 sine
875 931 1162 1002 agnitione
1210 930 1326 984 veri
1369 936 1425 983 et
1476 930 1795 985 obedientia

234 1041 391 1080 coram
418 1022 652 1078 Domino
678 1023 948 1093 expletur.
986 1022 1428 1075 Prmmonstrant
1450 1025 1640 1074 autem
1672 1022 1719 1091 ej
1730 1038 1793 1075 us

1876 488 2159 542 ducuntur
2178 503 2211 539 a
2234 486 2469 539 Domino
2490 485 2547 539 in
2578 492 2785 552 monte,
2810 496 2867 543 et
2887 491 3073 545 nescio
3093 492 3255 561 cujus
3272 492 3470 561 gratim

1876 575 2166 647 privilegio
2196 590 2308 629 una
2338 590 2464 627 cum
2496 575 2660 629 Petro
2698 593 2811 646 prae
2855 579 3067 633 caiteris
3096 580 3467 635 honorantur.

1948 667 2232 732 Philippus
2274 669 2320 717 et
2368 665 2813 719 Dartholomzus.
2856 667 3128 740 Plilippus
3182 674 3372 723 autem
3412 685 3470 724 os

1879 756 2151 822 lampadis
2198 752 2616 824 interpretatur.
2660 754 2726 808 Et
2770 762 2919 810 recte
2949 757 3098 828 quia,
3131 758 3469 829 prmdicante

1874 842 2108 903 Joanne,
2132 841 2288 894 velut
2314 841 2528 910 lampas
2553 858 2816 897 succensa
2844 844 2998 915 prior
3024 845 3082 899 in
3125 844 3471 916 agnitionem

1876 931 2127 984 veritatis
2157 930 2379 992 effulsit,
2405 936 2461 984 et
2480 931 2651 985 alium
2677 932 3013 1003 discipulum
3029 935 3239 989 ccelesti
3258 935 3471 989 lumine

1877 1017 2202 1075 illustravit.
2242 1020 2407 1084 Quem
2438 1022 2676 1087 scripsit,
2709 1020 2911 1092 inquit,
2944 1024 3148 1090 Moyses
3178 1025 3241 1075 in
3284 1025 3393 1090 lege
3420 1026 3475 1075 et

231 1112 471 1186 tyrocinia
517 1110 802 1176 credendi,
838 1126 1007 1181 quam
1052 1109 1227 1163 virilis
1272 1108 1376 1163 iste
1419 1109 1702 1180 praefuerit
1739 1115 1794 1163 et
1869 1108 2158 1178 propheta,
2194 1109 2510 1160 invenimus
2553 1109 2737 1162 Jesum
2780 1111 2966 1177 ﬁlium
3000 1111 3192 1179 Ioseph
3218 1127 3254 1164 a
3281 1112 3472 1165 Naza-

232 1203 454 1265 decorus,
488 1199 639 1271 quod
680 1198 850 1252 simul
879 1214 943 1252 ex
974 1198 1165 1252 Graeco
1209 1196 1554 1269 Hebraaoque
1592 1214 1793 1252 sonare

228 1292 419 1345 videtur
445 1304 738 1355 sermone;
769 1286 865 1359 qui
895 1304 1040 1352 mox,
1065 1288 1280 1341 Joanne
1310 1287 1630 1341 insinuante
1662 1288 1791 1341 Ecce

227 1383 388 1449 Agnus
422 1380 538 1443 Dei,
572 1394 685 1431 non
716 1376 896 1431 solum
929 1376 1133 1441 videre,
1170 1376 1267 1430 sed
1316 1376 1473 1447 sequi
1505 1376 1790 1430 Christum

225 1467 412 1531 maluit,
430 1466 497 1521 ad
522 1482 691 1537 quem
713 1470 769 1520 et
784 1464 1013 1519 fratrem
1038 1482 1201 1519 suum
1224 1466 1527 1536 perducere
1540 1466 1783 1533 curavit;

226 1557 303 1628 qui
319 1556 473 1610 simul
495 1554 709 1609 relictis
739 1554 998 1608 omnibus
1020 1555 1088 1607 ad
1111 1555 1277 1608 unius
1286 1554 1558 1625 jussionis
1576 1571 1782 1621 vocem,

220 1652 474 1700 auctorem
506 1644 635 1699 vitae
664 1650 979 1714 sequuntur
1009 1644 1191 1709 (Joan.
1224 1661 1260 1707 ι,
1294 1642 1381 1706 ‘29,
1414 1642 1500 1709 40,
1535 1644 1641 1705 41).
1678 1644 1785 1697 Sed

1876 1198 1995 1250 relh
2028 1198 2201 1263 (Joan.
2234 1212 2269 1261 ι,
2298 1195 2414 1259 45).
2445 1195 2581 1249 Ecce
2602 1213 2775 1267 quare
2805 1213 2866 1252 os
2895 1199 3171 1270 lampadis
3194 1199 3288 1254 hic
3311 1198 3469 1255 futu-

1872 1302 2065 1340 rorum
2088 1285 2358 1356 praesagio
2372 1285 2502 1354 jure
2523 1283 2944 1356 interpretetur,
2969 1288 3065 1359 qui
3089 1287 3262 1343 veluti
3290 1288 3381 1344 fax
3405 1288 3467 1343 in

1872 1374 2193 1444 caliginoso,
2210 1372 2280 1427 ab
2309 1389 2405 1427 ore
2423 1372 2674 1427 veritatis
2688 1373 2757 1427 de
2786 1374 2909 1445 lege
2936 1390 3002 1428 ac
3022 1376 3311 1446 praphetis
3339 1376 3469 1431 edo-

1872 1463 2007 1517 cuit.
2022 1462 2464 1516 Bartholomzeus
2485 1477 2614 1514 vero
2638 1461 2769 1515 licet
2798 1462 3003 1533 Syrum
3027 1462 3118 1529 sit,
3140 1468 3198 1517 et
3221 1479 3336 1518 non
3359 1464 3467 1519 He-

1870 1550 2103 1615 braeum,
2135 1549 2541 1619 interpretatur
2567 1554 2757 1604 tamen
2784 1552 2937 1618 ﬁlius
2961 1552 3244 1619 suspendit
3271 1568 3464 1620 aquas,

1869 1640 1926 1694 id
1954 1645 2039 1694 est
2062 1641 2275 1693 fluenta
2304 1638 2687 1692 doctrinarum
2717 1638 2776 1692 in
2808 1638 3072 1705 nubibus,
3114 1655 3237 1711 quan
3265 1640 3468 1711 pluunt

220 1740 266 1788 et
296 1734 409 1789 finis
434 1713 759 1786 virilitatem
806 1732 979 1803 ipsius
1010 1739 1268 1803 patenter
1312 1733 1580 1795 insinuat,
1616 1750 1783 1804 quam
1803 1713 1850 1772 Β
1869 1745 2039 1800 super
2067 1744 2237 1781 unam
2270 1726 2648 1797 quarumlibet
2676 1726 2984 1793 civitatum,
3018 1734 3075 1782 et
3094 1729 3271 1799 super
3295 1729 3467 1783 aliam

219 1830 451 1877 strenuus
478 1823 554 1875 ad
586 1838 808 1875 crucem
841 1821 1073 1885 venerit,
1102 1839 1383 1893 quamque
1410 1822 1642 1875 viriliter
1665 1840 1786 1893 per-

217 1912 483 1976 duraverit,
521 1918 584 1965 et
613 1926 782 1981 quam
812 1910 1045 1965 decorus
1088 1910 1146 1963 in
1193 1910 1451 1965 omnibus
1481 1911 1779 1965 refulserit.

196 2052 197 2059 η
217 2000 349 2055 Unde
362 2001 550 2071 potius
572 2017 637 2053 ex
659 1999 929 2071 praesagio
950 2000 1179 2053 nomina
1198 1988 1596 2070 apostolorum,
1614 2017 1784 2071 quam

214 2089 414 2143 fortuito
442 2089 629 2142 indita
660 2084 989 2159 probantur.
1024 2090 1259 2159 Propter
1297 2090 1443 2159 quod
1477 2096 1533 2143 et
1563 2089 1674 2143 alia
1703 2090 1784 2144 eis

212 2183 666 2249 superponuntur,
696 2184 760 2231 ut
786 2178 971 2241 Petro,
998 2178 1148 2247 quod
1178 2179 1237 2231 in
1268 2184 1504 2248 utraque
1536 2178 1727 2248 lingua
1751 2195 1785 2232 a

209 2272 361 2335 petra,
383 2284 502 2338 quae
526 2267 789 2321 Christus
809 2267 1221 2332 est,derivatur,
1238 2272 1294 2320 et
1310 2270 1625 2335 Doanerges.
1650 2284 1784 2338 qua-

212 2362 351 2409 tenus
404 2356 515 2410 filii.
568 2356 684 2409 veri
736 2355 972 2409 tonitrui
1029 2350 1436 2426 intelligantur.
1470 2356 1682 2411 Idcirco
1728 2363 1783 2411 et

211 2444 377 2499 Simon
422 2445 601 2499 etiam
650 2447 881 2498 audiens
930 2448 1223 2499 tristitiam
1261 2445 1682 2515 interpretatur,
1717 2463 1781 2499 eo

210 2534 333 2604 quod
353 2534 646 2589 audierita
668 2533 902 2588 Domino
930 2553 943 2587 :
967 2535 1103 2588 Cum
1132 2540 1317 2587 autem
1345 2538 1611 2599 senueris,
1632 2538 1781 2589 alius

209 2627 247 2676 le
284 2627 467 2691 cinget,
535 2630 592 2677 et
644 2626 799 2677 ducet
850 2640 955 2691 quo
1004 2640 1115 2677 non
1168 2625 1249 2677 vis
1288 2623 1469 2693 (Joan.
1513 2638 1625 2686 xxt,
1682 2622 1778 2693 18).

207 2711 312 2765 Non
338 2713 482 2766 enim
502 2718 601 2767 est
623 2712 1015 2767 aestimandum
1037 2712 1220 2779 aliter,
1241 2712 1336 2765 sed
1356 2711 1780 2782 intelligendum

204 2802 329 2870 quod
364 2803 484 2858 haec
524 2802 724 2856 omnia
769 2801 898 2854 hinc
945 2801 1073 2855 inde
1117 2801 1396 2872 mysteriis
1435 2801 1548 2854 sint
1593 2801 1776 2872 plena,

203 2897 254 2942 ut
271 2891 445 2945 divina
463 2891 521 2945 in
546 2891 789 2960 singulis
810 2889 1145 2961 respondeat
1168 2889 1773 2961 sapientia.,Sequitur:

254 2982 467 3033 Iacobus
516 2982 761 3034 Zebeda‘i
804 2985 852 3033 et
886 2983 1122 3033 Joannes
1170 2982 1375 3046 fratres
1429 2984 1562 3048 ejus.
1607 2979 1779 3033 Filius

1867 1837 1976 1873 non
2004 1820 2227 1890 pluunt,
2257 1823 2487 1888 prepter
2514 1815 2971 1871 distributionem
2999 1818 3173 1872 divini
3211 1817 3457 1878 arbitrii.

1866 1912 2040 1965 Porro
2090 1908 2267 1963 sancti
2308 1910 2437 1979 jure
2489 1906 2666 1962 nubes
2718 1907 2999 1973 dicuntur,
3059 1907 3154 1978 qui
3210 1908 3345 1962 dum
3394 1908 3466 1963 ad

1868 2000 2070 2053 altiora
2100 2000 2305 2059 volant,
2326 1998 2584 2052 Christus
2600 1997 2658 2051 in
2679 1997 2759 2052 eis
2790 1998 2916 2052 vitae
2944 1998 3239 2068 suspendit
3265 2014 3463 2069 aquas,

1868 2089 2071 2160 quibus
2100 2088 2323 2142 visitata
2342 2092 2494 2141 terra
2516 2086 2846 2153 inebriatur,
2877 2092 2933 2141 et
2953 2087 3327 2157 locupletatur
3353 2103 3467 2141 cae-

1866 2177 2099 2232 lestibus
2127 2177 2452 2247 disciplinis.
2476 2177 2631 2230 Inter
2660 2192 2798 2247 quos
2835 2192 2971 2230 sane
3004 2175 3111 2230 iste
3139 2175 3313 2230 Filius
3342 2177 3464 2247 ejus

1868 2267 1961 2338 qui
1989 2267 2105 2321 haec
2151 2266 2268 2336 agit
2296 2267 2356 2319 in
2403 2265 2638 2336 singulis
2668 2281 2770 2336 pro
2807 2265 3065 2319 ubertate
3093 2265 3309 2335 gratiae,
3337 2267 3467 2335 jure

1865 2356 2225 2422 nominatur;
2267 2360 2333 2409 ut
2378 2371 2478 2425 per
2506 2371 2635 2408 eum
2683 2354 2853 2408 etiam
2903 2353 3137 2425 largitas
3179 2354 3365 2409 Patris
3392 2354 3465 2410 ad

1866 2445 2006 2500 alios
2034 2444 2473 2498 transmittatur.
2507 2444 2775 2515 Sequitur
2802 2461 2813 2496 :

1936 2539 2123 2598 416
2173 2516 2397 2586 Thomas
2426 2539 2473 2587 et
2498 2534 2783 2586 Matt/was
2806 2534 3164 2601 publicanus.
3188 2533 3333 2588 Nam
3363 2549 3463 2588 cae-

1865 2622 1972 2676 teri
2003 2621 2367 2692 Evangelistae
2392 2621 2450 2675 in
2489 2622 2742 2691 catalogo
2781 2622 3182 2692 apostolorum,
3214 2622 3463 2693 primum

1865 2712 2191 2765 Matthaeum
2223 2714 2456 2782 ponunt,
2488 2710 2688 2763 deinde
2716 2709 3022 2777 Thomam;
3055 2715 3109 2765 et
3140 2711 3246 2765 hoc
3273 2710 3459 2781 ipsum

1864 2800 1984 2854 sine
2023 2800 2407 2853 additamento
2436 2798 2736 2870 publicani,
2768 2815 2840 2853 ne
2878 2799 3074 2869 utique
3102 2798 3304 2870 prioris
3333 2799 3461 2855 vitae

1863 2890 2222 2943 recordantes
2262 2888 2565 2959 suggillare
2595 2887 2889 2941 videantur
2922 2887 3257 2958 apostolum,
3290 2904 3459 2959 quem

1863 2979 2119 3032 Christus
2138 2982 2297 3031 tanta
2312 2993 2426 3031 sure
2447 2975 2674 3047 pietatis
2692 2976 2878 3046 gratia
2898 2975 3180 3030 illustrare
3195 2976 3463 3046 dignatus

201 3075 366 3122 autem
387 3068 649 3123 Zebedaei
674 3069 743 3121 ad
774 3069 1189 3122 distinctionem
1223 3067 1452 3121 alterius
1481 3068 1672 3121 Jacobi
1701 3069 1839 3129 di-C
1863 3073 1974 3134 est;
2007 3067 2125 3137 ipse
2145 3072 2335 3120 autem
2359 3065 2721 3137 semetipsum
2747 3070 2802 3119 et
2831 3070 2958 3136 post
2980 3065 3253 3119 Thomam
3277 3064 3454 3136 ponit,

198 3156 348 3223 citur;
384 3164 445 3212 ut
474 3159 534 3213 in
576 3159 729 3211 nullo
759 3159 1045 3227 catalogus
1075 3174 1270 3210 eorum
1301 3156 1693 3223 confundatur,
1726 3165 1783 3211 et
1864 3166 1921 3214 et
1948 3159 2327 3232 publicanum,
2360 3159 2554 3230 utique
2584 3158 2921 3212 humilitatis
2946 3158 3151 3229 gratia,
3183 3175 3244 3213 se
3274 3159 3459 3213 nomi-

196 3246 588 3318 interpretatur
600 3246 1142 3316 supplantalor,quia
1155 3263 1267 3299 non
1282 3247 1444 3299 modo
1456 3246 1637 3299 carnis
1647 3246 1693 3299 vi
1704 3246 1779 3300 tia

194 3338 560 3407 supplantare,
606 3337 846 3391 Domino
887 3342 1137 3400 vocante,
1166 3352 1356 3388 verum
1388 3336 1557 3389 etiam
1596 3337 1773 3408 ipsam

194 3441 392 3480 carnem
434 3427 667 3481 Herode
718 3426 971 3489 feriente,
1014 3441 1113 3495 pro
1144 3424 1367 3478 Christo
1417 3433 1775 3481 contemnere

191 3515 328 3584 prius
363 3517 625 3571 omnium
684 3515 1064 3585 apostolorum
1109 3514 1334 3583 gavisus
1379 3520 1483 3568 est.
1533 3516 1777 3569 Joannes

192 3618 301 3657 vero
328 3612 521 3671 493
551 3604 768 3659 Christi
805 3619 1090 3671 respersus
1122 3601 1307 3670 gratia
1353 3603 1627 3672 praefulsit
1666 3604 1775 3657 vir-

189 3691 419 3760 ginitatis
456 3712 577 3749 sum
615 3694 815 3763 gloria,
857 3699 913 3746 et
940 3693 1089 3746 solus
1118 3691 1173 3743 in
1195 3708 1353 3744 caena
1382 3708 1552 3763 supra
1581 3699 1774 3763 pectus

190 3780 470 3837 Salvatoris
501 3782 789 3838 recubuit.
826 3788 888 3835 ut
929 3788 1082 3835 totus
1121 3780 1306 3850 gratia
1346 3781 1446 3835 Dei
1487 3799 1774 3852 possessus

189 3877 422 3940 patenter
468 3877 763 3927 annueret
809 3887 1015 3923 nomen
1074 3887 1138 3923 ex
1192 3870 1464 3941 prmsagio
1514 3871 1767 3927 traxisse.

190 3959 326 4015 Unde
354 3960 749 4033 etiam’prisca
778 3960 1108 4013 meritorum
1131 3965 1357 4029 gestant
1372 3977 1497 4013 cum
1520 3961 1774 4014 recorda-

187 4048 317 4103 tione
342 4052 528 4122 patris
562 4050 816 4115 nomina,
841 4055 1117 4119 quatenus
1146 4049 1433 4104 evidenter
1457 4050 1774 4104 insinuetur

184 4141 322 4208 cujus
357 4146 491 4195 ante
537 4139 760 4194 fuerint
788 4138 994 4203 meriti,
1035 4138 1118 4190 vel
1148 4140 1308 4207 cujus
1334 4138 1561 4193 demum
1588 4139 1773 4209 gratia

184 4226 279 4281 sint
291 4230 487 4283 salvati
498 4272 509 4282 .
527 4230 950 4298 Interpretatur
965 4227 1153 4297 itaque
1167 4228 1460 4281 Zebedzeus
1476 4229 1764 4295 fugitivus,

181 4315 310 4372 illius
337 4319 562 4374 habens
595 4320 857 4389 figuram,
893 4316 989 4387 qui
1022 4333 1245 4386 semper
1270 4316 1341 4370 ab
1372 4316 1531 4369 initio
1561 4316 1707 4385 fugit
1738 4332 1770 4369 a

1861 3255 1994 3315 nat;
2031 3255 2307 3320 quatenus
2332 3247 2545 3320 liqueat
2579 3247 2813 3313 cunctis,
2848 3248 2997 3318 quod
3028 3247 3123 3301 ubi
3152 3247 3462 3303 abundavit

1860 3339 2015 3410 prius
2041 3343 2350 3409 peccatum,
2395 3336 2880 3409 superabundaret
2919 3336 3123 3407 gratia.
3162 3337 3458 3392 Enimvero

1860 3445 1923 3481 ex
1953 3429 2057 3481 hoc
2082 3429 2252 3481 etiam
2273 3428 2453 3492 docet,
2488 3442 2589 3481 nos
2610 3428 2799 3498 priora
2827 3443 3015 3481 coram
3038 3427 3212 3481 oculis
3231 3432 3460 3498 peccata

1859 3534 2083 3588 semper
2103 3533 2383 3588 opponere
2403 3515 2627 3582 debere,
2654 3522 2985 3587 nostrasque
3010 3516 3315 3586 injustitias
3334 3533 3459 3588 per-

1859 3613 2020 3676 cepta
2048 3605 2398 3674 indulgentia
2429 3622 2541 3658 non
2567 3604 2925 3669 abscondere,
2959 3610 3023 3659 ut
3046 3611 3103 3658 et
3129 3605 3226 3659 alii
3256 3622 3454 3660 conso-

1858 3697 2043 3749 lentur
2066 3713 2163 3766 spe
2190 3695 2363 3747 veniae
2387 3700 2514 3765 post
2542 3701 2782 3758 reatum,
2817 3699 2873 3747 et
2898 3694 3190 3747 humilitas
3227 3711 3453 3748 conser-

1862 3791 2017 3838 vetur
2041 3784 2096 3837 in
2122 3783 2287 3836 corde
2309 3781 2672 3854 pcrnitudinis
2688 3781 2938 3838 obtentu.
2958 3782 3203 3836 Thomas
3223 3783 3451 3853 quidem

1854 3875 2263 3944 interpretatur
2288 3875 2539 3941 abyssus.
2578 3871 2781 3941 Utique
2818 3870 3052 3942 abyssus
3081 3888 3251 3942 super
3281 3888 3451 3942 quam

1855 3963 2139 4017 ferebatur
2167 3960 2299 4015 olim
2346 3960 2588 4032 Spiritus
2634 3966 2860 4014 sanctus
2885 3960 3041 4027 (Gen.
3075 3978 3111 4025 ι,
3139 3958 3194 4028 2)
3222 3979 3235 4026 ;
3278 3967 3343 4015 ut
3379 3960 3449 4015 de

1856 4052 2185 4106 infirmitate
2216 4050 2399 4105 cordis
2421 4051 2527 4115 sui,
2555 4050 2889 4121 quandoque
2919 4049 3040 4121 ipso
3060 4049 3301 4121 desuper
3327 4049 3451 4104 illu-

1854 4147 2069 4195 strante
2098 4141 2168 4194 ad
2199 4140 2433 4195 formam
2464 4140 2790 4211 procederet
2812 4145 2976 4194 rectae
3004 4139 3153 4195 fidei.
3186 4138 3448 4210 Alioquin

1852 4235 1979 4301 post
2009 4237 2093 4285 tot
2121 4229 2415 4301 praeconia,
2448 4234 2574 4300 post
2599 4228 2886 4294 miracula,
2917 4233 3046 4300 post
3065 4231 3317 4282 mortuos
3347 4245 3448 4283 ex-

1853 4319 2052 4373 citatos
2084 4319 2153 4373 ad
2180 4319 2371 4386 vitam,
2404 4318 2619 4372 caeteris
2648 4317 2948 4372 Dominum
2978 4333 3038 4371 se
3068 4316 3271 4371 vidisse
3299 4333 3447 4373 nun-

181 4403 297 4459 facie
327 4408 664 4472 Salvatoris,
696 4407 828 4460 licet
855 4405 948 4460 ubi
979 4406 1062 4459 vel
1104 4406 1195 4460 ubi
1228 4407 1350 4476 ejus
1389 4406 1834 4488 indesinenterD
1853 4408 2124 4462 tiantibus
2146 4408 2424 4479 quomodo
2446 4424 2557 4461 non
2579 4405 2835 4471 credidit,
2861 4405 2966 4460 nisi
2991 4406 3124 4476 quia
3144 4422 3303 4460 mens
3325 4408 3447 4478 ejus

178 4497 681 4567 comprehendatur
710 4495 977 4567 potentia.
1003 4496 1081 4549 De
1107 4512 1216 4565 quo
1246 4495 1525 4565 PrOpheta
1548 4501 1766 4566 patrem

180 4594 380 4639 monet:
419 4588 757 4642 Oblz'riscerc
781 4589 1047 4653 populum
1071 4591 1229 4637 tuum
1260 4590 1307 4637 et
1338 4586 1561 4637 domum
1588 4587 1768 4652 patris

179 4676 251 4725 lui
280 4678 439 4741 (Psal.
466 4692 626 4739 XLVI,
658 4674 761 4737 ll).
795 4674 917 4736 Quo
946 4674 1159 4737 relicto,
1190 4674 1454 4727 continuo
1476 4690 1510 4726 a
1532 4673 1767 4727 Domino

178 4761 454 4832 Boanergrs
477 4769 777 4829 vocantur,
799 4763 854 4815 id
878 4768 982 4828 est,
1006 4763 1107 4816 filii
1137 4763 1391 4827 tonitrui,
1413 4764 1609 4817 saltem
1636 4764 1768 4833 quia

177 4864 343 4906 Vocem
388 4853 578 4924 patris
612 4869 865 4905 seorsum
895 4868 1065 4923 supra
1112 4852 1397 4905 Christum
1441 4852 1768 4905 terribiliter

176 4938 511 4995 intonantem
544 4941 851 4995 audierant
879 4965 890 4998 :
914 4942 1014 4995 llic
1040 4946 1111 4993 est
1144 4942 1316 4993 Filius
1350 4958 1498 4993 meus
1513 4943 1759 5006 dilectus,

176 5029 335 5094 ipsum
364 5032 567 5085 audite
595 5031 815 5099 (.lIallh.
845 5044 977 5093 xvu,
1007 5030 1077 5091 5),
1112 5030 1195 5082 vel
1226 5029 1357 5100 quia
1397 5031 1540 5084 alter
1568 5047 1763 5084 eorum

174 5119 313 5185 quasi
332 5120 402 5173 de
419 5119 753 5174 caelestibus
776 5119 1036 5172 intonans
1053 5135 1237 5172 vocem
1260 5119 1411 5172 illam
1433 5119 1758 5183 theoricam,

174 5221 319 5275 quam
336 5226 509 5264 nemo
529 5209 694 5280 prius
709 5210 1063 5278 attigeratzln
1076 5212 1355 5276 principio
1372 5214 1489 5262 eral
1514 5210 1757 5273 Verbum,

172 5300 209 5347 et
246 5298 465 5352 Verbum
516 5304 645 5351 erat
687 5301 836 5365 apud
876 5300 1064 5359 Deum,
1106 5302 1153 5349 cl
1192 5299 1329 5350 Dem
1368 5303 1487 5349 erat
1537 5299 1758 5351 Verbum

177 5384 327 5451 (Joan.
356 5401 393 5452 ι,
424 5386 499 5457 1),
529 5386 779 5439 effulsit:
816 5386 911 5456 qui
943 5386 989 5439 si
1014 5386 1181 5439 altius
1208 5386 1469 5451 evolaret,
1505 5393 1639 5457 puto
1662 5403 1762 5441 nec

172 5476 301 5529 totus
317 5484 510 5547 posset
524 5492 733 5546 capere
745 5475 1006 5529 mundus.
1022 5476 1179 5529 Alter
1192 5492 1318 5529 vero
1336 5492 1460 5528 mox
1474 5476 1761 5531 Christum

176 5564 315 5634 quasi
341 5565 485 5622 tuba
514 5565 854 5639 praedicans,
875 5570 1007 5621 ante
1026 5565 1166 5620 alios
1190 5564 1442 5620 imitator
1467 5565 1761 5637 passionis,

1851 4497 2083 4567 abyssus
2110 4503 2232 4550 erat
2259 4496 2532 4563 informis,
2565 4512 2735 4567 super
2765 4512 2932 4567 quam
2958 4494 3243 4549 ferebatur
3267 4496 3447 4568 Spiri-

1849 4592 1940 4640 tus
1961 4591 2207 4651 sanctus,
2227 4592 2292 4639 ut
2306 4587 2622 4641 confoveret
2638 4591 2695 4639 et
2714 4585 2989 4639 enutriret
3010 4601 3134 4638 eam
3151 4585 3223 4639 ad
3246 4585 3446 4641 ﬁdem?

1852 4675 1993 4728 Hinc
2020 4692 2155 4729 sane
2194 4680 2296 4739 est,
2330 4674 2477 4745 quod
2514 4674 2826 4728 attrectatis
2868 4673 3172 4743 diligenter
3197 4675 3445 4731 vulneri-
3485 4719 3493 4731 .

1849 4763 1972 4827 bus,
2003 4782 2129 4818 mox
2157 4763 2503 4829 exclamavit,
2541 4764 2728 4817 dicens
2762 4778 2773 4811 τ
2814 4765 2953 4817 Deus
2976 4780 3145 4830 meus,
3174 4765 3444 4820 Dominus

1848 4871 1999 4907 meus
2023 4856 2201 4909 :Joan.
2233 4869 2321 4918 xx,
2347 4850 2463 4923 28).
2487 4853 2641 4906 Alias
2678 4858 2865 4906 autem
2893 4869 3182 4923 nunquam
3203 4853 3313 4908 nisi
3348 4870 3443 4909 eo-

1847 4943 1973 4996 dem
2008 4942 2217 5013 Spiritu
2248 4947 2561 5008 recreante,
2584 4942 2652 4996 de
2682 4946 2842 4996 tanta
2862 4942 3148 4997 dubietate
3177 4942 3445 4997 formare-

1847 5037 1941 5087 tur
1963 5032 2032 5086 ad
2056 5032 2255 5095 lucem,
2271 5037 2334 5085 ut
2351 5048 2537 5085 veram
2554 5031 2998 5103 deprehenderet
3018 5032 3075 5086 in
3094 5049 3207 5087 una
3221 5032 3441 5086 eadem-

1846 5139 1955 5192 que
1978 5138 2217 5192 peisona
2240 5120 2610 5176 divinitatem.
2635 5120 2921 5192 Siquidem
2952 5120 3198 5175 hominis
3213 5137 3441 5176 carnem

1844 5211 2054 5281 palpat,
2078 5198 2176 5264 sed
2206 5211 2385 5264 Deum
2417 5216 2474 5264 et
2502 5210 2802 5265 Dominum
2826 5211 3122 5265 exclamat.
3135 5210 3443 5283 Propterea

1844 5300 2018 5370 igitur
2054 5300 2297 5353 Thomas
2332 5300 2461 5370 jure
2512 5301 2738 5367 abyssus
2766 5300 3190 5371 interpretatur,
3233 5301 3328 5373 qui
3372 5302 3442 5357 de

1844 5394 2004 5443 tanta
2031 5388 2381 5443 deformitate
2402 5405 2505 5443 sua
2532 5389 2785 5460 pervenit
2812 5389 2882 5444 ad
2909 5395 3126 5444 tantam
3155 5390 3443 5462 profundi-

1846 5484 2020 5533 tatem
2034 5479 2309 5551 mysterii.
2330 5478 2474 5533 Nam
2497 5478 2646 5534 idem
2668 5480 2727 5534 in
2748 5480 2938 5536 Graeco
2961 5480 3233 5554 Didymus
3253 5480 3444 5552 appel-

1848 5560 2015 5635 latur,
2065 5568 2213 5639 quod
2252 5569 2657 5642 interpretatur
2695 5571 2899 5627 similis
2937 5584 3038 5625 seu
3066 5570 3340 5640 geminus,
3373 5584 3439 5626 eo
