3918 6176
428 314 534 373 407

1205 314 1263 371 S.
1302 310 1681 370 PASCHASII
1718 308 2080 365 RADBERTI
2116 307 2423 364 ABBATIS
2460 306 2949 365 CORBEIENSIS.

3536 312 3622 370 1108

432 442 599 513 quod,
625 446 690 496 ut
717 441 895 504 aiunt,
926 441 1085 495 vultu
1111 439 1311 494 similis
1348 438 1517 493 fuerit
1557 437 1850 501 Salvatori,
1874 435 2194 505 sicutAqui
2224 437 2512 504 stupentes
2541 433 2609 486 de
2638 432 2924 486 miraculis
2952 431 3175 488 aiebant
3203 452 3215 486 ι
3253 436 3423 489 Nonne
3450 440 3530 491 iste
3562 446 3620 492 est

431 531 680 585 assolent
705 530 816 584 duo
834 530 1044 600 gemini
1075 528 1307 583 alternis
1332 527 1573 582 vultibus
1602 543 1769 580 unam
1798 525 2019 580 habitus

432 620 746 691 exprimere
759 618 1029 687 facieique
1048 618 1305 687 figuram.
1329 617 1502 670 Porro
1531 617 1826 671 Matthaeus
1854 616 2022 669 dona-

434 713 521 761 tus
541 708 762 772 dicitur,
796 713 852 761 et
871 723 1038 777 quam
1067 706 1237 769 bene;
1280 704 1414 776 quia
1435 705 1503 758 de
1532 705 1752 758 teloneo
1780 704 2022 757 donatus

429 801 516 851 est
533 796 692 851 nobis
721 795 961 866 Spiritus
990 794 1168 848 sancti
1196 794 1381 864 gratia
1405 794 1691 864 apostolus
1712 799 1768 847 et
1790 809 2023 863 evange-

428 884 575 939 lista.
613 886 791 939 Omne
818 883 994 954 igitur
1018 882 1227 937 donum
1258 900 1322 936 ex
1350 883 1497 936 dono
1525 882 1787 937 donantis
1812 883 2021 935 donum

429 990 551 1027 esse
579 972 841 1026 creditur.
865 973 1165 1042 Propterea
1190 977 1248 1024 et
1269 971 1509 1042 Spiritus
1525 978 1749 1025 sanctus
1774 972 1829 1024 in
1851 970 2021 1024 sacris

426 1061 650 1127 litteris,
684 1061 816 1131 quia
841 1062 1024 1115 Patris
1054 1065 1111 1115 et
1149 1060 1275 1114 Filii
1305 1064 1391 1113 est
1419 1076 1643 1123 munus,
1679 1076 1847 1130 quam
1877 1076 2021 1130 saepe

427 1150 636 1204 donum
666 1154 916 1204 vocatur.
945 1151 995 1203 A
1021 1165 1130 1219 quo
1161 1154 1218 1202 et
1244 1149 1350 1202 iste
1374 1150 1502 1218 jure
1531 1149 1770 1202 donatus
1794 1148 2015 1214 dicitur,

426 1255 492 1294 eo
525 1238 673 1309 quod
716 1239 811 1293 illo
843 1239 988 1292 dono
1030 1238 1299 1308 repletur,
1332 1254 1460 1291 mox
1491 1237 1611 1291 sine
1636 1237 1805 1292 ullius
1836 1238 2023 1292 meriti

425 1327 804 1399 praeventione
832 1327 887 1380 in
929 1326 1129 1381 melius
1150 1326 1219 1379 de
1243 1326 1463 1380 teloneo
1489 1331 1885 1381 commutatus.

500 1421 621 1481 4|:
633 1422 691 1482 8
702 1418 931 1470 Jacobus
945 1417 983 1469 A
994 1415 1156 1483 tpha’i
1166 1426 1214 1468 et
1237 1415 1821 1469 ThaddaeusJacobum
1834 1420 2022 1469 autem

426 1504 643 1574 Alphaai
673 1503 797 1574 pari
830 1503 994 1557 modo
1022 1503 1090 1557 ad
1123 1503 1534 1557 distinctionem
1567 1503 1799 1558 alterius
1834 1503 2023 1559 Jacobi

429 1593 769 1657 nominavit;
793 1578 1047 1646 fortassis
1068 1609 1133 1646 eo
1156 1593 1302 1663 quod
1322 1599 1480 1663 pater
1494 1592 1687 1664 ipsius,
1709 1593 1855 1647 sicut
1867 1593 2026 1647 etille

427 1680 581 1735 illius
601 1680 789 1736 fuerit.
814 1680 920 1745 Qui
960 1681 1206 1751 profecto
1226 1680 1463 1736 Jacobus
1493 1681 1551 1736 in
1581 1681 1894 1752 Evangeliis
1922 1682 2029 1736 fra-

2100 526 2253 591 fabri
2278 526 2429 589 ﬁlius
2454 529 2502 575 et
2535 524 2739 586 Mariae,
2773 523 2953 588 frater
2972 525 3158 576 Jacobi
3175 526 3403 591 ctJoscph
3425 542 3479 579 ac
3500 529 3626 581 Jude

2103 618 2149 664 et
2170 612 2452 667 Simonis?
2483 611 2690 666 (Matth.
2711 625 2843 675 vaI,
2873 608 2978 677 55.)
3007 611 3132 665 Non
3153 612 3289 682 quod
3308 629 3366 666 ex
3394 619 3560 679 matre,
3578 621 3629 669 ut

2103 699 2390 754 Helvidius
2420 699 2641 761 delirat,
2675 700 2876 753 fratres
2906 699 3115 754 fuerint
3145 702 3438 763 Salvatoris,
3472 704 3553 757 sed
3579 722 3629 757 ex

2103 788 2587 859 consanguinitate
2627 789 2871 858 generis,
2904 789 2985 842 uti
3014 805 3135 843 mos
3165 796 3247 844 est
3273 791 3627 861 Scripturarum

2101 878 2305 932 fratres
2335 877 2624 949 appellari.

2174 968 2367 1023 Simon
2395 968 2756 1032 Chananeus,
2788 971 2835 1019 et
2854 968 3027 1021 Judas
3047 967 3357 1031 Schariotis,
3380 971 3467 1035 qui
3486 974 3525 1021 et
3548 974 3638 1023 tra-

2103 1057 2250 1109 didit
2282 1058 2602 1110 Dominum.
2626 1056 2739 1109 Hos
2761 1056 2935 1125 igitur
2965 1062 3020 1109 et
3049 1073 3173 1110 cum
3204 1057 3547 1110 additamento
3564 1074 3638 1111 co-

2101 1144 2386 1214 gnominis
2413 1143 2617 1214 posuit,
2647 1145 2718 1197 ad
2748 1143 3162 1199 distinctionem
3183 1145 3412 1199 Simonis
3431 1146 3577 1209 Petri,
3597 1151 3641 1199 et

2104 1233 2259 1287 Juda:
2295 1232 2504 1287 Jacobi.
2534 1233 2638 1286 Hic
2668 1233 2800 1303 quia
2827 1233 2933 1287 fuit
2963 1233 3031 1287 de
3060 1234 3175 1287 vico
3202 1234 3385 1288 Chana
3419 1234 3639 1302 Galilaze,

2104 1322 2163 1375 in
2189 1338 2297 1392 quo
2337 1320 2611 1376 Dominus
2642 1338 2815 1392 aquas
2861 1322 3134 1377 convertit
3170 1323 3226 1376 in
3263 1322 3472 1387 vinum;
3509 1339 3642 1393 quem

2104 1411 2281 1464 Lucas
2307 1428 2565 1465 sermone
2605 1411 2828 1465 Zeloten
2858 1411 2916 1465 in
2954 1429 3055 1465 suo
3085 1412 3334 1466 nominat
3372 1412 3642 1482 Evangelia,

2109 1500 2241 1570 quia
2287 1500 2481 1553 Chana
2525 1503 2675 1554 zelus
2721 1500 3146 1570 interpretatur,
3188 1501 3330 1554 unde
3376 1505 3428 1554 et
3467 1501 3648 1553 Chana-

2108 1604 2263 1642 nzeus
2295 1589 2425 1657 jure
2457 1589 2939 1659 interpretationis
2972 1588 3040 1642 ab
3071 1606 3136 1642 eo
3166 1592 3356 1643 Zelotcs
3381 1595 3457 1642 est
3483 1588 3645 1651 dictus,

2110 1675 2178 1730 ob
2200 1676 2435 1730 nimium
2461 1676 2734 1731 fervorem
2761 1678 3054 1731 charitatis
3079 1697 3090 1744 ;
3125 1695 3290 1749 quem
3319 1678 3457 1731 zelus
3490 1677 3651 1730 domus

428 1774 520 1823 ter
568 1768 831 1824 scribitur
876 1768 1121 1835 Domini,
1155 1770 1261 1823 etsi
1299 1769 1463 1824 ambo
1494 1786 1529 1824 a
1556 1776 1714 1841 patre
1741 1770 2025 1841 cognomi-
2045 1756 2090 1816 B
2111 1765 2319 1818 Christi
2346 1765 2812 1830 inflammaverat,
2836 1771 2892 1820 et
2920 1767 3044 1821 ideo
3070 1768 3336 1838 martyrio
3356 1781 3655 1820 consumma-

429 1864 664 1925 nantur;
699 1858 831 1929 quia
858 1858 1037 1912 Maria
1057 1876 1197 1913 uxor
1223 1858 1386 1913 istius
1408 1859 1623 1930 Alphaei
1653 1876 1811 1913 soror
1838 1858 2027 1913 Mariae

427 1947 625 2001 matris
667 1946 892 2001 Domini
941 1947 1112 2001 fuisse
1159 1946 1446 2018 probatur,
1490 1964 1657 2018 quam
1699 1948 1943 2002 Joannes
1971 1948 2027 2001 in

425 2052 528 2090 suo
558 2035 853 2105 Evangelio
883 2035 1117 2090 Mariam
1149 2036 1408 2106 Cleophae
1436 2036 1861 2106 cognominasse
1893 2036 2027 2106 legi-

424 2129 537 2189 tur,
562 2123 705 2178 forte
726 2141 759 2178 a
777 2129 956 2194 patre,
980 2124 1094 2178 sive
1118 2123 1187 2177 ab
1208 2125 1396 2195 aliquo
1418 2124 1642 2179 familiae
1663 2141 1776 2179 suae
1797 2126 2026 2187 trahens

425 2229 631 2267 nomen
667 2231 680 2279 ;
730 2217 830 2266 aut
856 2218 1005 2266 certe
1043 2213 1189 2283 quod
1221 2212 1483 2267 defuncto
1512 2214 1740 2284 Alphan
1769 2214 2025 2284 Cleophae

426 2300 590 2356 alteri
618 2301 736 2354 viro
763 2300 860 2354 illa
889 2301 1171 2372 nupserit;
1206 2318 1304 2355 seu
1343 2302 1455 2355 alia
1486 2302 1734 2372 qualibet
1768 2319 1833 2356 ex
1857 2318 2026 2355 causa

428 2406 739 2460 cognomen
763 2406 964 2460 gerens
995 2389 1341 2461 impositum.
1366 2390 1473 2454 Qui
1493 2390 1739 2461 profecto
1763 2391 2026 2461 Alphaeus

429 2495 497 2533 ex
517 2477 750 2533 Hebraeo
771 2495 1028 2535 sermone
1050 2481 1398 2543 millesimus,
1416 2480 1530 2534 sive
1550 2483 1735 2533 doctus
1757 2480 2028 2551 interpre-

429 2572 603 2632 tatur,
632 2572 697 2621 ut
722 2567 795 2621 sit
815 2567 964 2622 docti
990 2568 1139 2622 ﬁlius
1159 2569 1244 2622 vel
1272 2568 1520 2640 perfecti,
1539 2569 1633 2640 qui
1657 2569 1810 2640 prior
1830 2569 2030 2623 Hiero-

431 2656 662 2728 solymis
690 2655 761 2710 ab
790 2656 1059 2727 apostolis
1103 2657 1393 2729 episcopus
1422 2657 1619 2712 debeat
1657 2658 1925 2712 ordinari.
1959 2659 2031 2713 Et

428 2745 741 2800 notandum
769 2745 917 2816 quod
963 2746 1110 2800 sicut
1142 2746 1253 2800 duo
1284 2747 1560 2811 Simones,
1594 2747 1674 2800 ita
1703 2752 1759 2800 et
1795 2747 1905 2801 duo
1933 2747 2027 2800 Ja-

430 2834 569 2895 cobi,
591 2839 648 2889 et
676 2835 786 2889 duo
812 2836 988 2900 Judze,
1021 2852 1148 2889 cum
1177 2835 1294 2889 suis
1323 2841 1799 2889 connumerantur
1824 2852 2029 2905 cogno-

430 2924 657 2977 mentis.
675 2923 819 2987 Quia
844 2922 990 2977 sicut
1018 2923 1264 2993 perfecta
1292 2922 1612 2978 obedientia
1630 2924 1795 2978 corde
1814 2929 2032 2977 constat

2108 1859 2202 1908 tus
2233 1860 2337 1908 est.
2364 1854 2536 1908 Judas
2563 1871 2691 1907 vero
2723 1855 3037 1919 Scharioth,
3069 1857 3156 1909 vel
3186 1873 3217 1909 a
3250 1858 3362 1909 vico
3388 1856 3442 1908 in
3468 1872 3561 1926 quo
3585 1871 3656 1907 or-

2108 1949 2201 1997 tus
2245 1949 2345 2006 est,
2390 1944 2475 2015 vel
2517 1960 2551 1997 a
2594 1943 2746 1997 tribu
2793 1945 3049 1999 Issachar
3093 1945 3414 1999 vocabulum
3459 1942 3658 2014 sumpsit

2112 2031 2353 2101 quodam
2389 2031 2561 2085 futuri
2613 2033 2881 2102 praesagio
2920 2033 2979 2086 in
3025 2033 3529 2087 condemnationem
3557 2031 3656 2096 sui;

2108 2120 2365 2173 Issachar
2393 2119 2620 2190 quidem
2652 2138 2852 2174 merces
2878 2121 3304 2193 interpretatur,
3336 2122 3460 2192 quia
3486 2136 3660 2174 merce-

2108 2208 2236 2261 dem
2272 2208 2605 2279 proditionis
2652 2215 2737 2264 est
2775 2216 3039 2277 sectatus,
3091 2213 3162 2266 de
3195 2229 3304 2283 qua
3349 2211 3595 2282 propheta
3617 2208 3664 2261 in

2108 2312 2348 2367 persona
2401 2298 2625 2351 Domini
2657 2316 2669 2350 :
2729 2298 3145 2367 Appenderunt,
3180 2301 3379 2371 inquit,
3412 2299 3663 2352 mercedem

2109 2401 2288 2439 meam
2330 2388 2568 2453 triginta
2597 2393 2898 2455 argenteos,
2927 2392 3177 2457 pretium
3218 2406 3322 2459 quo
3363 2390 3665 2458 apprcciatus

2108 2490 2232 2528 sum
2257 2477 2327 2528 ab
2356 2477 2430 2527 eis
2454 2476 2632 2539 (Zach.
2662 2490 2739 2541 x1,
2775 2476 2860 2541 l2)
2913 2477 3087 2531 Porro
3120 2478 3423 2532 Schariotis
3442 2477 3666 2529 memoria

2116 2566 2309 2616 mortis
2340 2568 2521 2627 sonat,
2555 2570 2619 2617 ut
2666 2563 2739 2617 sit
2781 2564 3194 2633 inexcusabilis,
3230 2567 3375 2637 quod
3413 2582 3516 2619 non
3543 2578 3666 2623 casus

2113 2651 2209 2704 sed
2240 2668 2304 2704 ex
2336 2651 2699 2706 meditatione
2723 2654 2920 2707 mortis
2940 2655 3244 2709 Dominum
3272 2655 3581 2726 prodiderit,
3601 2668 3673 2704 cu-

2106 2741 2200 2810 jus
2232 2742 2562 2794 memoriam
2592 2741 2647 2795 in
2678 2742 2865 2795 animo
2888 2743 3004 2807 diu,
3032 2760 3142 2814 quo
3179 2745 3363 2809 modo,
3387 2744 3469 2797 vel
3487 2740 3674 2813 quando

2112 2827 2270 2881 illum
2296 2830 2574 2899 proderet,
2606 2831 2865 2899 gestavit.
2898 2831 3114 2886 Dicitur
3137 2840 3336 2887 autem
3366 2838 3420 2886 et
3446 2828 3677 2884 memoria

2112 2916 2326 2983 mortis,
2360 2919 2492 2988 quia
2520 2919 2739 2989 quoties
2769 2937 2896 2973 eum
2920 2921 3243 2987 recolimus,
3274 2920 3487 2976 Domini
3507 2916 3679 2990 passio-

433 3014 491 3063 et
519 3026 719 3080 opere:
753 3011 835 3064 ita
862 3011 1242 3081 supplantatio
1268 3010 1530 3065 vitiorum
1556 3028 1668 3065 non
1699 3012 1883 3065 minus
1912 3029 2031 3066 esse
2059 3072 2094 3082 ﬂ
2113 3022 2239 3059 nem
2263 3007 2526 3062 continuo
2548 3025 2942 3073 memoramus,
2971 3015 3033 3063 ut
3063 3010 3391 3065 obedientia
3412 3026 3526 3082 quae
3545 3006 3683 3077 coepit

433 3094 601 3150 debet
636 3095 695 3149 in
722 3096 909 3150 anima
940 3114 1107 3167 quam
1140 3098 1199 3151 in
1227 3114 1412 3163 carne,
1446 3104 1503 3152 et
1526 3098 1708 3152 cordis
1731 3090 2032 3153 credulitas
2054 3072 2095 3131 Ο
2115 3112 2148 3148 a
2179 3095 2405 3149 Simone
2435 3096 2492 3150 in
2510 3098 2699 3151 animo
2717 3115 2895 3169 usque
2914 3100 2985 3153 ad
3014 3100 3191 3153 alium
3218 3102 3498 3155 Simonem
3518 3111 3683 3151 consu-

432 3199 546 3238 non
578 3183 764 3238 minus
798 3184 866 3238 ad
898 3185 1199 3255 justitiam,
1222 3203 1391 3256 quam
1413 3186 1525 3240 oris
1546 3187 1817 3242 confessio
1842 3189 1913 3242 ad
1943 3206 2034 3243 sa-

433 3272 632 3329 lutem.
653 3273 797 3327 Hinc
811 3273 1322 3346 quoquePropheta
1335 3275 1513 3330 canit:
1539 3278 1896 3344 Conﬁtebitur
1913 3280 2030 3343 tibi,

431 3362 592 3427 Deus,
617 3363 965 3429 conﬁtebitur
994 3365 1162 3432 (Psal.
1191 3379 1369 3430 Lxxlv,
1404 3364 1470 3434 l),
1502 3381 1567 3419 ac
1597 3366 1643 3419 si
1666 3371 1924 3436 patenter
1948 3367 2033 3421 di-

432 3454 556 3503 cat:
583 3450 762 3505 Corde
772 3455 934 3505 etore
955 3450 1055 3506 tibi
1071 3452 1448 3518 conﬁtebitur,
1463 3470 1532 3508 ne
1554 3471 1729 3508 unum
1752 3455 1893 3509 forte
1914 3456 2033 3521 sine

433 3539 610 3593 altero
639 3556 673 3592 a
701 3540 891 3610 te,qui
919 3545 1200 3595 scrutator
1219 3558 1277 3595 es
1309 3542 1581 3608 cordium,
1609 3543 2028 3599 condemnetur.

432 3627 809 3682 Geminantur
837 3634 1027 3683 autem
1067 3646 1160 3684 sex
1189 3630 1302 3693 isti,
1338 3636 1402 3685 ut
1431 3632 1638 3686 senarii
1672 3632 1936 3703 perfectio
1967 3651 2032 3687 ex

432 3716 777 3772 duodenario
798 3718 1085 3783 solidetur,
1113 3724 1168 3774 et
1196 3720 1423 3789 gemina
1447 3721 1689 3775 hominis
1718 3722 2033 3777 substantia

433 3823 499 3861 ex
520 3806 702 3861 tribus
740 3807 864 3861 istis
893 3807 1193 3879 virtutibus
1222 3809 1554 3864 Trinitatem
1586 3811 1773 3865 colens
1798 3812 2033 3865 counia-

432 3900 528 3949 tur
556 3896 829 3967 incipiens
860 3896 929 3950 ab
971 3895 1308 3963 obedientia,
1341 3897 1605 3953 vitiorum
1637 3901 1863 3954 demum
1907 3918 2034 3972 sup-

431 3984 695 4055 plantans
720 3984 850 4038 hinc
880 3985 1009 4038 inde
1041 3987 1351 4050 molimina,
1388 3993 1445 4041 et
1484 3989 1812 4059 perveniens
1841 4005 1874 4042 a
1900 4006 2033 4043 con-

431 4072 672 4125 fessione
701 4072 883 4126 cordis
912 4089 1090 4143 usque
1138 4075 1207 4127 ad
1239 4076 1643 4131 confessionem
1689 4078 1820 4142 oris,
1855 4079 2030 4133 etiam

439 4157 505 4229 (si
530 4159 845 4228 contigerit)
888 4177 988 4229 per
1014 4163 1273 4232 martyrii
1320 4164 1635 4233 passionem
1672 4166 1731 4220 in
1768 4168 2029 4221 salutem.

436 4245 566 4299 Haec
586 4247 712 4299 ideo
741 4246 997 4311 dixerim,
1030 4265 1101 4301 ne
1132 4251 1376 4319 prudens
1407 4253 1580 4306 lector
1607 4254 1819 4323 aliquid
1858 4256 1915 4309 in
1947 4256 2032 4309 his

435 4339 597 4406 putet
631 4350 826 4388 vacare
872 4351 907 4389 a
950 4338 1236 4407 mysterio.
1271 4339 1545 4393 Caeterum
1575 4342 1885 4397 Thaddaaus
1914 4344 2033 4414 ipse

435 4427 541 4485 est,
576 4439 743 4493 quem
772 4423 949 4478 Lucas
972 4424 1030 4478 in
1060 4424 1358 4495 Evangelia
1391 4431 1447 4480 et
1475 4428 1531 4480 in
1559 4429 1787 4483 Actibus
1816 4438 2029 4501 aposto-

436 4509 620 4563 lorum
655 4510 911 4565 nominat
930 4513 959 4565 J
966 4512 1133 4565 udam
1153 4513 1373 4580 Jacobi;
1406 4520 1463 4568 et
1482 4515 1615 4569 alibi
1644 4516 1908 4572 Lebbaeus
1939 4536 2032 4573 co-

433 4604 818 4669 gnomentum
835 4599 1003 4654 habet
1031 4618 1066 4655 a
1093 4602 1276 4669 corde,
1302 4603 1449 4674 quod
1470 4621 1576 4659 nos
1597 4606 1757 4677 quasi
1796 4607 2035 4662 diminu-

435 4684 546 4738 tive
576 4687 861 4740 corculum
888 4705 1184 4759 possumus
1204 4691 1504 4760 appellare.
1530 4692 1695 4747 Forte
1717 4693 1786 4747 ob
1816 4695 2036 4766 dispen-

435 4775 710 4829 sationem
751 4777 907 4847 prius
947 4777 1163 4832 duobus
1204 4779 1327 4833 istis
1377 4797 1511 4835 usus
1553 4787 1640 4836 est
1676 4785 2027 4853 nominibus;

436 4864 595 4934 quasi
633 4864 845 4935 aliquid
890 4864 1223 4921 facetiarum
1261 4885 1482 4938 gerens,
1516 4871 1648 4942 quia
1684 4873 1900 4942 gratius
1938 4890 2030 4927 so-

435 4968 571 5006 nare
600 4953 820 5007 videtur
846 4956 1132 5010 corculum
1163 4956 1492 5013 diminutive
1523 4967 1843 5015 maternum
1886 4962 2032 5015 inter

433 5043 768 5114 crepundias
813 5045 931 5098 nati
977 5045 1293 5116 exprimens
1336 5048 1616 5115 affectum,
1651 5068 1818 5122 quam
1848 5051 1895 5105 si
1935 5067 2031 5105 cor

435 5131 716 5186 diceretur
730 5133 1168 5188 teneritudinem
1187 5153 1391 5191 sonans
1406 5140 1633 5193 amoris.
1648 5141 1771 5210 Ipse
1788 5157 2030 5211 namque

433 5225 537 5285 est,
553 5237 719 5291 quem
742 5221 1114 5277 ecclesiastica
1131 5226 1307 5280 tradit
1326 5227 1570 5282 Historia
1601 5228 1828 5283 missum
1852 5246 1883 5283 a
1907 5230 2028 5283 Sal-

428 5314 620 5363 vatore
644 5309 715 5363 ad
747 5310 1011 5366 Edessam
1043 5313 1323 5369 civitatem
1361 5309 1781 5387 ad'Abagarum
1814 5335 2024 5389 regem.

429 5396 564 5455 Erat
593 5398 743 5453 enim
770 5399 946 5455 frater
972 5402 1161 5457 Jacobi
1193 5409 1386 5470 419
1412 5405 1601 5460 fratris
1622 5407 1865 5475 Domini,
1886 5409 2029 5462 sicut

427 5486 547 5556 ipse
577 5487 635 5541 in
683 5505 785 5543 sua
828 5488 1022 5546 scribit
1069 5492 1335 5564 Epistola.
1378 5494 1522 5548 Hinc
1552 5511 1775 5567 quoque
1809 5501 1867 5550 et
1907 5496 2025 5567 ipse

423 5571 600 5631 frater
626 5576 832 5635 dicitur
856 5580 1180 5651 Salvatoris,
1212 5582 1608 5639 attestantibus
1637 5585 1758 5655 ejus
1791 5584 2020 5654 civibus,

2117 3189 2368 3238 meretur
2394 3185 2451 3239 in
2491 3202 2681 3252 carne,
2724 3196 2999 3258 quatenus
3028 3188 3156 3242 hinc
3192 3189 3325 3244 inde
3354 3190 3410 3243 in
3429 3185 3688 3243 confessiov

2116 3289 2245 3326 nem
2271 3274 2643 3344 perdurantes
2672 3277 3000 3330 memoriam
3033 3279 3238 3332 mortis
3264 3278 3469 3333 Christi
3496 3288 3686 3345 semper

2116 3359 2442 3426 habeamus,
2475 3362 2669 3424 donec,
2703 3364 2747 3418 si
2789 3365 3104 3435 contigerit,
3136 3367 3315 3421 etiam
3354 3371 3411 3421 et
3452 3364 3552 3436 ipsi
3579 3379 3687 3434 pro-

2115 3456 2241 3519 pter
2282 3450 2438 3504 illum
2480 3453 2751 3523 martyrio
2793 3454 3151 3523 explicemur.
3201 3457 3331 3509 Non
3372 3455 3536 3525 igitur
3564 3450 3687 3505 testi

2114 3539 2404 3598 mandum.
2425 3541 2571 3611 quod
2599 3540 2717 3595 sine
2739 3542 3090 3611 providentia
3114 3544 3221 3598 Dei
3252 3545 3462 3598 electus
3482 3543 3552 3597 sit
3567 3541 3690 3595 inter

2115 3628 2413 3697 apostolos,
2437 3629 2526 3681 cui
2558 3635 2614 3682 et
2640 3630 3027 3700 interpretatio
3053 3633 3306 3686 nominis
3336 3630 3626 3702 respondit,
3646 3631 3690 3679 et

2114 3715 2347 3770 ultimus
2378 3717 2536 3786 quasi
2570 3726 2725 3772 extra
2761 3719 2862 3772 hos
2886 3721 3007 3789 jam
3038 3722 3430 3790 repudiandus
3462 3717 3685 3789 eligitur.

2116 3804 2305 3857 Maluit
2322 3806 2469 3858 enim
2494 3806 2913 3861 Christusinter
2931 3796 3227 3879 imperitos
3247 3811 3524 3880 judicium
3548 3820 3687 3860 suum

2115 3890 2183 3945 de
2209 3892 2302 3946 illo
2329 3894 2649 3964 periclitari,
2677 3913 2842 3966 quam
2868 3898 3145 3952 effectum.
3166 3900 3492 3953 Praesertim
3517 3911 3631 3950 cum
3650 3898 3696 3946 et

2116 3980 2284 4035 simili
2318 3983 2480 4036 modo
2506 3983 2564 4037 in
2588 3984 2830 4039 Ecclesia
2859 4002 3006 4040 nunc
3037 3987 3347 4057 eligantur,
3372 3988 3468 4041 alii
3500 3984 3696 4058 quidem

2115 4075 2179 4123 ut
2198 4070 2524 4140 probentur,
2539 4079 2595 4126 et
2611 4073 2829 4143 probati
2855 4076 3183 4145 perveniant
3204 4078 3278 4130 ad
3303 4093 3592 4141 coronam;
3618 4070 3697 4125 alii

2113 4176 2243 4212 vero
2275 4167 2339 4212 ut
2369 4160 2608 4231 probent
2637 4161 2774 4215 alios
2806 4162 2861 4216 in
2899 4163 3101 4233 quibus
3132 4173 3409 4236 operatur
3449 4163 3695 4222 diabolus,

2116 4248 2274 4318 quasi
2317 4249 2374 4301 in
2414 4250 2570 4303 filios
2616 4250 2957 4318 diffidentiae,
3002 4253 3096 4323 qui
3140 4260 3199 4307 et
3246 4255 3376 4308 falsi
3423 4254 3614 4307 fratres
3644 4246 3700 4301 ab

2115 4338 2366 4408 apostolo
2390 4339 2770 4393 nominantur.
2789 4340 3079 4411 Siquidem
3100 4348 3300 4408 430
3323 4344 3406 4397 illi
3435 4348 3498 4397 ut
3516 4342 3704 4395 salven-

2118 4430 2230 4492 tur,
2266 4426 2360 4480 isti
2388 4444 2520 4481 vero
2559 4433 2622 4480 ut
2651 4445 2750 4498 per
2779 4446 2873 4482 eos
2913 4429 3040 4483 boni
3078 4440 3489 4498 exerceantur;
3533 4442 3701 4484 omnes

2117 4518 2307 4568 tamen
2327 4532 2390 4568 ex
2416 4517 2767 4586 prmscientia
2792 4517 2890 4571 Dei
2918 4525 2975 4572 et
3000 4519 3361 4588 providentia
3383 4521 3623 4575 diversas
3647 4514 3704 4568 ob

2117 4618 2316 4656 causas
2337 4604 2653 4674 eliguntur;
2687 4622 2797 4659 non
2820 4607 2967 4677 quod
2996 4609 3447 4677 praescribantur
3474 4626 3541 4662 ne
3564 4606 3708 4660 aliter

2117 4691 2333 4761 possint
2360 4709 2482 4746 esse
2503 4710 2670 4764 quam
2695 4695 2846 4757 mali,
2871 4696 2964 4749 sed
2990 4698 3376 4766 prarsciuntur
3398 4699 3591 4770 quales
3605 4697 3709 4766 jam

2114 4797 2240 4833 cum
2266 4782 2501 4835 necdum
2533 4783 2661 4847 sint,
2698 4784 2922 4855 utrique
2951 4784 3125 4839 futuri
3165 4788 3304 4851 sint,
3343 4788 3437 4842 isti
3469 4804 3569 4858 per
3591 4799 3708 4854 gra-

2111 4868 2269 4933 tiam,
2289 4870 2369 4922 illi
2391 4888 2519 4925 vero
2544 4873 2698 4941 justo
2722 4873 2822 4927 Dei
2847 4873 3060 4943 judicio
3089 4875 3146 4928 in
3173 4892 3372 4930 massa
3395 4871 3714 4948 perditionis

2112 4957 2383 5023 derelicti,
2418 4977 2483 5013 eo
2515 4962 2663 5031 quod
2702 4979 2803 5015 nec
2832 4964 3215 5033 praedestinati
3260 4966 3384 5020 sint
3424 4967 3495 5021 ad
3537 4966 3708 5017 vitam.

2113 5046 2321 5101 Omnes
2340 5054 2548 5116 tamen,
2565 5060 2627 5104 ut
2646 5050 2774 5113 dixi,
2794 5056 2850 5104 et
2872 5052 3128 5106 sciuntur
3149 5058 3206 5107 et
3236 5056 3640 5124 praesciuntur.
3656 5050 3713 5105 In

2112 5143 2265 5196 nullo
2295 5142 2467 5212 igitur
2495 5144 2729 5199 scientia
2760 5145 2859 5199 Dei
2900 5146 3129 5211 fallitur,
3164 5146 3224 5199 in
3258 5149 3423 5201 nullo
3452 5145 3714 5217 judicium

2113 5233 2234 5302 ejus
2264 5250 2297 5285 a
2326 5249 2453 5287 vero
2486 5239 2542 5287 et
2564 5234 2719 5302 justo
2753 5234 2957 5290 deviat.
2981 5239 3031 5287 et
3056 5234 3172 5289 haec
3201 5241 3295 5289 est
3326 5236 3573 5291 altitudo
3594 5231 3717 5288 divi-

2110 5321 2318 5375 tiarum
2352 5323 2491 5391 ejus,
2526 5322 2674 5375 unde
2712 5324 3010 5394 Apostolus
3041 5324 3323 5379 exclamat
3360 5344 3372 5379 :
3419 5327 3597 5391 Quam
3635 5326 3718 5375 in-

2110 5412 2615 5479 comprehensibilcs
2644 5420 2776 5465 sunt
2805 5417 2903 5467 via;
2933 5417 3084 5482 ejus!
3116 5415 3293 5481 (Rom.
3332 5431 3410 5477 x1,
3449 5412 3562 5479 33.)
3593 5412 3718 5468 Pro-

2108 5504 2235 5571 pter
2265 5500 2412 5570 quod
2442 5501 2678 5573 quisque
2727 5502 2906 5556 fidelis
2947 5502 3165 5575 quoties
3195 5501 3492 5557 desereris
3521 5520 3556 5557 a
3583 5498 3719 5556 socio

2109 5587 2327 5659 quoties
2344 5590 2650 5661 lnjuriatus
2670 5589 2863 5658 fueris,
2884 5590 3055 5647 etiam
3077 5589 3330 5648 traditus
3348 5592 3637 5664 patienter
3654 5586 3722 5642 fe-
