3918 6176
238 300 343 359 409

1016 304 1396 362 EXPOSITIO
1436 308 1514 365 IN
1550 308 1995 368 MATI‘HIEUM.
2046 342 2111 353 —
2151 310 2289 366 LIB.
2330 311 2427 378 Vl,
2469 310 2628 366 CAP.
2669 313 2737 366 X.

3413 317 3521 377 410

236 442 355 489 ras;
384 425 518 497 quia
536 423 687 480 sicut
719 426 838 481 haec
866 429 1056 483 omnia
1077 430 1145 484 de
1174 430 1280 485 isto
1303 433 1569 503 praedicta
1594 434 1837 493 fuerant.
1860 435 2052 496 Aideo
2083 436 2263 504 magis
2291 436 2651 489 scandalizari
2677 442 2954 508 poterant,
2983 439 3031 494 si
3058 440 3125 494 ad
3158 456 3296 510 quos
3326 458 3520 513 repro-

232 515 313 569 ita
343 521 399 569 et
428 515 497 567 de
534 515 723 585 pravis
750 521 808 570 et
836 516 987 571 falsis
1016 518 1304 584 fratribus,
1338 522 1485 591 quod
1517 521 1727 576 mistim
1752 523 1841 576 fu-

232 604 346 658 turi
364 604 500 663 sint.
518 621 663 675 pene
693 605 877 659 omnis
903 607 1108 676 pagina
1129 613 1389 663 testatur.
1420 609 1443 662 ἱ
1466 610 1573 664 nde
1596 611 1841 681 profecto

232 700 285 747 et
317 694 593 747 Dominus
626 694 756 747 ideo
792 696 969 749 voluit
999 698 1145 750 tradi
1173 714 1207 750 a
1246 697 1537 769 discipulo,
1572 700 1755 753 voluit
1786 707 1843 755 et

236 782 440 847 deseri,
475 789 759 852 quatenus
781 790 842 837 tu
872 801 984 839 non
1018 786 1294 857 frangaris
1309 804 1433 842 cum
1458 789 1664 843 videris
1683 795 1844 845 tuum

234 871 522 941 deperisse
550 872 856 941 judicium,
890 872 1223 929 beneﬁcium
1249 877 1533 931 defecisse.

310 962 419 1016 Hos
449 962 743 1015 duodecim
761 965 914 1016 misit
930 966 1102 1017 Jesus.
1128 966 1286 1019 Unde
1307 972 1360 1020 et
1382 967 1671 1038 speciatim
1690 968 1847 1022 missi

238 1049 631 1115 nominantur,
646 1051 782 1120 quia
797 1052 1071 1121 siquidem
1089 1055 1324 1123 apostoli
1346 1055 1555 1119 Graece,
1576 1060 1732 1111 missi
1747 1058 1847 1111 La-

233 1139 354 1192 tino
376 1155 643 1192 sermone
674 1140 1139 1211 interpretantur.
1166 1143 1278 1196 Etsi
1296 1144 1387 1197 alii
1424 1146 1579 1198 missi
1611 1146 1843 1211 sint,isti

234 1237 428 1285 tamen
443 1231 747 1301 specialius
764 1233 866 1287 sub
887 1233 1230 1289 duodenario
1246 1239 1477 1309 mystice
1488 1239 1845 1293 destinantur

238 1336 503 1384 numero,
536 1327 814 1391 quatenus
842 1322 1006 1378 rebus
1032 1331 1087 1378 et
1108 1326 1301 1395 ﬁguris
1326 1328 1581 1382 omnium
1610 1329 1844 1399 scriptu-

232 1425 430 1463 rarum
464 1410 756 1480 sapientiae
787 1412 993 1466 Christi
1036 1414 1240 1468 serviat
1263 1416 1417 1469 ordo.
1452 1418 1595 1470 Hinc
1624 1434 1845 1489 quoque

233 1498 537 1568 signanter
570 1496 813 1554 dicituP:
848 1503 952 1555 [los
979 1504 1263 1557 duodecim
1300 1508 1450 1558 misit
1478 1508 1648 1571 Jesus,
1685 1508 1845 1577 quasi

231 1588 500 1658 praefixos
532 1592 590 1642 et
612 1588 975 1658 praesignatos
998 1590 1053 1644 in
1082 1608 1272 1645 eorum
1297 1594 1528 1656 calculo,
1546 1612 1683 1657 quos
1714 1596 1846 1649 olim

233 1678 451 1747 Moyses
475 1676 549 1729 ad
572 1677 969 1748 explorandam
993 1680 1221 1734 miserat
1242 1686 1452 1735 terram
1474 1685 1654 1747 (Deut.
1678 1702 1714 1747 Ι,
1734 1683 1844 1741 ‘23).

1927 525 2116 578 missio
2148 526 2293 578 facta
2315 525 2499 578 fuerat
2526 526 2869 583 desererent.
2894 533 2951 581 et
2973 528 3042 581 ad
3066 534 3321 583 externos
3350 532 3516 585 irent.

1926 615 2034 667 Sed
2065 632 2189 667 mox
2227 619 2288 667 ut
2316 614 2575 683 indignos
2606 631 2664 668 se
2687 616 3082 684 judicaverunt
3109 625 3331 674 aeternae
3372 619 3517 685 vitm,

1927 704 2169 756 solutum
2225 708 2310 756 est
2359 703 2463 756 hoc
2514 711 2898 775 praeceptum;
2953 723 3066 761 non
3118 708 3263 779 quod
3324 707 3527 762 umbra

1927 791 2113 855 fuerit,
2148 793 2244 845 sed
2275 793 2405 862 quia
2437 793 2507 845 ad
2534 799 2757 863 tempus
2780 794 2975 849 datum
2999 802 3138 850 erat.
3157 798 3279 861 Quo
3300 801 3525 881 gonstat

1931 882 2120 935 omnia
2148 882 2347 935 divinae
2380 882 2516 951 legis
2547 889 2822 953 praecepta
2840 900 2905 936 eo
2933 901 3101 939 sensu
3121 886 3295 957 accipi
3321 886 3523 941 debere

1933 988 2042 1043 quo
2077 971 2208 1024 data
2234 976 2385 1035 sunt,
2410 987 2517 1023 non
2551 972 2797 1025 humana
2827 974 3261 1045 praesumptione
3299 976 3524 1045 penitus

1929 1060 2212 1115 temerari.
2248 1060 2651 1113 Verumtamen
2682 1062 2988 1116 secundum
3016 1064 3385 1133 tropologiam
3416 1066 3521 1120 hoc

1920 1151 2135 1222 jugiter
2156 1148 2582 1209 observandum,
2612 1165 2681 1201 ne
2710 1149 2765 1202 in
2788 1151 2889 1203 viis
2916 1152 3189 1221 gentium,
3222 1153 3300 1222 pii
3324 1153 3522 1224 pradi-

1927 1246 2161 1303 catores,
2210 1254 2330 1307 quae
2388 1242 2521 1290 sunt
2574 1237 2820 1292 actiones
2858 1256 3040 1309 pravae
3094 1241 3237 1303 vitae,
3299 1242 3521 1313 uspiam

1927 1332 2088 1394 eant;
2130 1328 2275 1381 sicut
2324 1342 2425 1379 nec
2473 1326 2530 1379 in
2560 1326 2810 1380 civitates
2852 1328 3356 1395 Samaritanorum,
3390 1347 3513 1401 quae

1929 1423 2063 1472 sunt
2086 1416 2426 1474 munitiones
2446 1415 2858 1481 haereticorum,
2875 1433 3126 1487 unquam
3144 1418 3354 1472 intrare
3370 1420 3519 1474 licet.

1930 1509 1998 1562 Et
2028 1507 2152 1559 ideo
2193 1505 2379 1559 debite
2410 1509 2711 1558 monentur
2744 1505 2839 1575 qui
2887 1505 2958 1559 ad
2999 1506 3239 1560 salutem
3267 1508 3521 1577 gentium

1930 1595 2298 1650 mittebantur
2354 1610 2520 1665 opere
2569 1610 2633 1647 ac
2679 1594 2793 1647 vita
2832 1594 3166 1663 gentilitatis
3206 1595 3525 1665 ignorantia

1932 1685 2245 1747 abstinere;
2280 1700 2382 1736 nec
2406 1699 2513 1735 non
2546 1688 2602 1735 et
2630 1683 2880 1737 civitates
2902 1679 3388 1739 Samaritanorum
3410 1702 3525 1740 mo-

230 1765 316 1819 Illi
346 1765 604 1835 quidem,
650 1766 781 1836 quia
811 1768 991 1837 ﬁgura
1029 1776 1208 1833 erant,
1244 1770 1364 1824 sine
1396 1772 1512 1824 suis
1546 1772 1848 1826 mittuntur
1872 1775 2119 1837 Braliter
2152 1772 2403 1834 introire,
2457 1772 2764 1841 praesertim
2817 1789 2943 1826 cum
2990 1779 3045 1826 et
3089 1773 3207 1843 ipse
3248 1774 3528 1829 curaverit

233 1854 598 1920 nominibus;
633 1855 725 1908 isti
752 1873 880 1910 vero
910 1857 968 1912 in
999 1858 1201 1928 quibus
1232 1860 1434 1913 veritas
1464 1860 1658 1930 fulget,
1706 1878 1847 1932 quos

233 1943 394 1997 Raab
416 1944 541 1997 sola
574 1946 821 2015 suscepit
848 1948 1131 2013 meretrix,
1166 1950 1607 2018 praimonstratis
1628 1957 1685 2004 et
1705 1969 1848 2021 prae-

235 2033 359 2087 ﬁxis
380 2033 752 2102 assignantur
766 2035 1105 2101 nominibus,
1128 2043 1190 2090 ut
1214 2039 1399 2092 nullus
1415 2039 1485 2092 de
1506 2039 1592 2092 his
1618 2040 1848 2094 scanda-

232 2121 353 2176 lum
380 2122 659 2193 patiatur.
675 2123 782 2186 Qui
805 2123 918 2177 bini
942 2141 1005 2178 ac
1026 2125 1140 2179 bini
1161 2144 1329 2197 quam
1351 2127 1491 2181 bene
1506 2129 1843 2199 junguntur,

233 2218 296 2266 ut
323 2211 562 2265 bou'um
601 2228 710 2282 quo
738 2218 935 2280 gentes
964 2214 1311 2269 inebrientur
1330 2217 1440 2270 duo
1465 2233 1531 2271 ac
1559 2218 1670 2271 duo
1698 2220 1845 2289 (quia

235 2300 493 2355 Charitas
523 2317 635 2354 non
682 2300 870 2355 minus
913 2319 1081 2373 quam
1126 2303 1275 2357 inter
1321 2305 1459 2358 duos
1495 2322 1617 2359 esse
1646 2312 1844 2377 potest)

238 2389 361 2442 suis
397 2388 660 2442 deferant
686 2388 957 2443 humeris.
990 2391 1087 2445 Isti
1120 2398 1251 2446 sunt
1280 2392 1574 2446 duodecim
1605 2410 1843 2460 menses,

239 2478 337 2548 qui
368 2478 545 2531 simul
574 2494 782 2532 annum
815 2478 1163 2549 placabilem,
1188 2498 1510 2553 annumque
1539 2483 1849 2554 acceptabi-

236 2568 353 2622 lem
382 2568 507 2621 sole
527 2567 1086 2638 illustrantejustitiae
1105 2571 1404 2641 complent.
1431 2572 1530 2625 Isti
1554 2572 1845 2626 duodecim

240 2658 404 2711 horae
425 2656 540 2710 diei
578 2657 635 2710 in
655 2656 855 2728 quibus
877 2658 973 2728 qui
1003 2659 1257 2713 ambulat
1275 2660 1520 2730 profecto
1546 2677 1657 2717 non
1680 2662 1848 2716 often-

241 2744 349 2799 dit.
389 2745 461 2799 Et
511 2744 635 2798 ideo
691 2746 791 2800 hos
828 2747 1117 2801 duodecim
1159 2748 1314 2803 misit
1358 2749 1539 2814 Jesus,
1585 2754 1647 2803 ut
1683 2766 1851 2805 nemo

240 2833 422 2887 aliam
456 2840 672 2904 quaerat
710 2836 909 2897 lucem,
945 2836 1049 2889 nisi
1080 2853 1248 2907 quam
1292 2837 1396 2908 ipsi
1439 2838 1846 2905 demonstrant,

1931 1862 2365 1918 Samaritanam.
2400 1861 2557 1913 Unde
2589 1860 2947 1914 manifestum
2982 1868 3068 1915 est
3094 1879 3190 1916 eos
3215 1863 3524 1932 prohibitos

1931 1969 2001 2005 ne
2030 1951 2251 2004 adirent
2273 1950 2554 2002 doctrinas
2584 1949 2995 2019 pravitatesque
3015 1951 3258 2016 illorum,
3285 1969 3521 2021 quorum

1932 2057 2118 2095 sermo
2146 2038 2318 2109 serpit
2346 2044 2410 2091 ut
2431 2055 2647 2101 cancer,
2680 2039 2775 2091 sed
2803 2039 3157 2109 disciplinam
3189 2045 3378 2106 48η
3408 2042 3525 2095 veri

1930 2128 2186 2198 magistri
2226 2128 2522 2191 sinceram,
2567 2127 2949 2197 illibatamque
2999 2128 3207 2199 passim
3262 2128 3523 2184 omnibus

1928 2219 2103 2273 libere
2123 2217 2507 2289 praedicarent.
2532 2217 2705 2270 Porro
2737 2216 3045 2281 Samaritae,
3063 2218 3225 2286 juxta
3251 2217 3522 2283 litteram,

1930 2308 1986 2361 hi
2016 2312 2149 2361 sunt
2170 2322 2308 2377 quos
2336 2306 2405 2358 ad
2436 2304 2857 2359 custodiendam
2887 2311 3098 2359 terram
3128 2306 3301 2360 Israel
3329 2306 3523 2361 decem

1931 2395 2187 2449 tribubus
2201 2395 2493 2465 captivatis
2518 2396 2732 2464 Sargon
2764 2404 3045 2465 posuerat.
3074 2395 3236 2450 Unde
3266 2400 3322 2449 et
3347 2401 3526 2450 custo-

1930 2486 2017 2538 des
2047 2484 2507 2554 interpretantur,
2542 2484 2637 2554 qui
2683 2485 2859 2552 legem
2916 2484 3132 2538 Veteris
3182 2485 3529 2540 Testamenti

1932 2574 2177 2644 primum
2207 2574 2511 2642 depravare
2541 2579 2845 2642 cmperunt,
2880 2589 2991 2626 non
3044 2574 3377 2643 recipientes
3418 2574 3527 2628 nisi

1932 2662 2179 2732 quinque
2210 2660 2379 2713 libros
2407 2667 2629 2713 tantum
2665 2661 2863 2731 Moysi,
2896 2667 2954 2713 et
2999 2662 3224 2715 eosdem
3256 2661 3528 2733 pravitate

1935 2750 2255 2806 Scribarum
2304 2755 2593 2819 corruptos
2627 2767 2638 2815 ;
2672 2749 2875 2802 idcirco
2908 2749 3296 2803 haereticorum
3334 2766 3526 2820 perso-

1933 2856 2062 2893 nam
2085 2840 2215 2908 jure
2242 2837 2551 2909 probantur
2578 2837 2803 2891 habere.
2830 2838 2924 2907 qui
2953 2844 3163 2891 norunt
3189 2838 3364 2891 solida
3386 2837 3529 2892 scin-

236 2929 294 2978 et
313 2939 492 2977 nemo
513 2924 663 2977 aliud
682 2925 917 2995 recipiat
935 2925 1219 2991 doctrinae,
1237 2943 1404 2997 quam
1426 2928 1571 2998 quod
1589 2928 1694 2998 ipsi
1715 2927 1854 2981 affe-
1935 2929 2089 2992 dere,
2124 2928 2345 2997 integra
2386 2926 2610 2979 violare.
2644 2927 2729 2979 Ad
2762 2943 2900 2996 quos
2930 2927 3120 2997 itaque
3153 2927 3397 2997 primum
3441 2927 3529 2980 in-

236 3017 402 3066 runt.
424 3012 572 3076 Quia
591 3013 681 3067 isti
702 3020 835 3068 sunt
854 3014 970 3069 veri
997 3017 1396 3086 exploratores,
1428 3017 1523 3087 qui
1543 3018 1610 3071 de
1629 3019 1849 3072 Christo
1933 3017 2105 3071 troire
2128 3022 2278 3069 vetat
2291 3021 2421 3069 ante
2441 3014 2776 3085 passionem,
2795 3015 2927 3085 quia
2950 3021 3005 3068 et
3030 3015 3134 3086 ipsi
3163 3016 3232 3069 de
3267 3014 3529 3085 gentibus

239 3106 297 3155 et
327 3102 634 3171 majestate
670 3104 856 3158 divina
888 3121 1111 3158 omnem
1144 3106 1506 3176 explorarunt
1528 3107 1845 3173 veritatem,
1866 3110 1910 3170 C
1932 3111 2125 3161 erant:
2157 3112 2222 3160 ut
2247 3122 2280 3158 a
2300 3104 2492 3158 Iudaea
2524 3104 2847 3174 praedicatio
2868 3104 3251 3187 apostolorum
3280 3104 3527 3174 repulsa,

239 3194 297 3244 et
328 3190 456 3243 suis
486 3207 665 3261 usque
691 3192 760 3245 ad
779 3209 881 3246 nos
901 3193 1151 3247 humeris
1177 3194 1667 3249 mortiﬁcationem
1687 3196 1850 3250 Chri-
1935 3196 2329 3267 praedicatores
2368 3194 2544 3248 sancti
2584 3201 2707 3264 post
2736 3195 3206 3248 resurrectionem
3248 3210 3347 3265 per
3377 3193 3529 3247 ordi-

239 3280 315 3333 sti
348 3279 410 3332 in
442 3285 570 3344 48
588 3287 620 3345 |
660 3298 824 3334 crure
852 3282 993 3335 lastis
1020 3283 1306 3351 gressibus
1327 3284 1668 3338 detulerunt.

316 3368 390 3422 Et
412 3373 669 3437 praecepit
688 3372 792 3423 eis:
820 3372 885 3424 In
912 3373 1057 3423 riam
1081 3376 1329 3438 gentium
1354 3389 1423 3426 ne
1441 3374 1708 3428 abieritis.
1730 3374 1847 3428 Hoc

240 3463 431 3534 igitur
475 3461 593 3513 loco
641 3459 1047 3512 consideranda
1099 3466 1180 3513 est
1238 3460 1341 3525 vis,
1385 3466 1442 3514 et
1478 3477 1674 3516 sensus
1715 3480 1851 3533 prae-

242 3557 572 3624 ceptorum,
594 3548 727 3618 quia
747 3564 858 3601 non
879 3548 1067 3601 omnia
1094 3555 1371 3619 praerepta
1384 3551 1582 3621 aequali
1608 3552 1852 3621 pondere

242 3641 337 3697 vel
367 3641 481 3693 ﬁne
506 3637 902 3692 terminantur.
946 3637 1071 3690 Alia
1095 3638 1244 3690 enim
1276 3644 1410 3693 sunt
1435 3644 1657 3694 tantum
1686 3639 1855 3709 signi-

245 3728 490 3784 ﬁcandae
526 3727 672 3788 vitae,
706 3726 815 3779 alia
853 3742 980 3779 vero
1009 3727 1236 3789 agendae
1261 3728 1404 3795 vitae,
1441 3728 1552 3781 alia
1580 3744 1708 3781 vero
1738 3728 1853 3782 dis-

246 3817 542 3889 pensative
566 3815 635 3868 ad
667 3820 887 3885 tempus
917 3817 1210 3875 servanda,
1237 3820 1295 3869 et
1320 3816 1661 3887 trapologice
1690 3816 1851 3870 inde-

247 3907 508 3960 sinenter
527 3904 905 3974 adimplenda.
930 3909 993 3956 ut
1018 3914 1101 3956 est
1124 3904 1255 3957 illud
1285 3924 1295 3957 :
1324 3907 1389 3959 1n.
1430 3908 1580 3960 viam
1604 3909 1855 3973 gentium

249 4011 321 4048 ne
343 3996 599 4047 abieritis
613 4012 629 4057 ;
652 3992 899 4063 alioquin
921 3994 1265 4046 contrarium
1278 4000 1365 4047 est
1376 3994 1523 4065 quod
1544 3994 1625 4048 ait
1645 3995 1856 4049 eisdem

250 4082 566 4155 apostolis:
614 4084 704 4145 Ite,
741 4082 913 4135 docete
962 4099 1145 4135 omn-s
1190 4088 1368 4147 gentis
1414 4084 1632 4151 (Matth.
1664 4098 1848 4148 xxvnt,

252 4171 371 4242 19).
424 4170 718 4235 Quomodo
749 4186 883 4241 ergo
914 4171 1193 4224 docebunt
1245 4188 1437 4225 omnes
1464 4178 1679 4242 gentes,
1714 4173 1759 4227 si
1784 4173 1854 4227 ad

252 4278 451 4316 eorum
482 4277 596 4313 non
623 4260 746 4313 dico
770 4259 1021 4314 civitates
1062 4269 1117 4312 et
1147 4262 1278 4326 vias,
1312 4277 1506 4315 verum
1534 4262 1605 4315 ad
1636 4278 1855 4316 consor-

252 4351 339 4405 tia
352 4356 409 4405 et
418 4349 866 4403 communionem
886 4349 1117 4403 docendi
1131 4350 1312 4417 gratia
1324 4367 1435 4404 non
1449 4356 1611 4404 erant
1626 4350 1852 4419 adituri,

1934 3283 2062 3339 nem
2095 3285 2165 3338 ad
2196 3283 2540 3338 vocationem
2574 3283 2825 3352 gentium
2868 3283 3139 3337 venirent.

2003 3375 2204 3428 Euntes
2224 3378 2429 3435 autem,
2464 3372 2666 3441 inquit,
2679 3374 2986 3439 praedicata,
3018 3374 3252 3426 dicentes
3276 3375 3410 3443 quia
3432 3390 3527 3442 ap-

1927 3464 2325 3532 propinquavit
2354 3477 2591 3528 regnum
2620 3464 2907 3513 ccelorum.
2933 3461 3052 3514 Hoc
3087 3461 3261 3531 igitur
3284 3461 3533 3532 primum

1936 3568 2114 3622 praeco
2166 3549 2415 3603 veritatis
2468 3548 2708 3612 edocuit,
2748 3549 2853 3602 hoc
2908 3549 3182 3613 Christus,
3226 3551 3532 3622 appropin-

1937 3655 2138 3710 quasse
2175 3654 2410 3708 regnum
2441 3638 2705 3691 caelorum
2752 3637 3089 3707 principium
3124 3638 3535 3708 praedicationis

1937 3745 2051 3782 suae
2093 3727 2242 3780 fecit.
2277 3727 2394 3780 Hoc
2422 3733 2478 3779 et
2505 3726 2784 3795 apostolos
2816 3726 3059 3795 primum
3088 3726 3307 3779 monuit
3330 3728 3533 3797 praedi-

1938 3833 2065 3870 care
2092 3841 2104 3871 ι
2140 3816 2271 3886 quia
2312 3814 2507 3885 utique
2538 3819 2659 3867 tota
2685 3812 2743 3866 in
2769 3830 2862 3867 eos
2892 3820 3139 3883 potestas
3171 3815 3391 3868 virtutis
3423 3816 3533 3869 Do-

1940 3905 2156 3960 minicae
2184 3904 2540 3966 transfertur,
2575 3908 2637 3956 ut
2666 3902 2760 3972 qui
2790 3903 2847 3956 in
2879 3902 3057 3956 Adam
3088 3908 3243 3956 terra
3271 3908 3452 3968 erant,
3479 3907 3537 3958 et

1938 3995 2242 4064 imaginem
2301 3994 2402 4048 Dei
2453 4010 2516 4047 ac
2566 3991 2994 4046 similitudinem
3033 3992 3354 4051 amiserant,
3388 4008 3536 4047 nunc

1938 4085 2241 4155 perfectam
2274 4083 2483 4137 Christi
2521 4081 2823 4151 imaginem
2859 4087 2916 4134 et
2947 4080 3376 4136 similitudinem
3422 4098 3537 4135 sor-

1933 4173 2168 4238 tiantur,
2219 4172 2359 4226 nihil
2406 4188 2441 4225 a
2491 4170 2717 4225 Domini
2766 4170 2854 4224 sui
2887 4170 3203 4235 virtutibus,
3257 4176 3535 4243 potestate

1938 4268 2203 4334 percepta
2255 4262 2592 4315 diiierentes.
2641 4261 2708 4314 Et
2736 4259 2860 4314 ideo
2905 4260 3001 4331 qui
3033 4269 3200 4315 antea
3239 4266 3536 4316 terrestres

1939 4357 2099 4406 erant
2132 4352 2259 4421 jure
2302 4350 2545 4420 primum
2577 4349 2828 4402 ccelestes
2855 4350 3035 4414 ﬁunt;
3070 4354 3126 4402 et
3141 4348 3413 4419 jubentur
3434 4367 3535 4421 ap-

256 4456 443 4510 neque
493 4455 530 4492 a
558 4438 751 4491 Judaea
781 4439 1063 4509 egressuri
1094 4438 1116 4489 ’ἶ
1159 4447 1214 4490 et
1256 4439 1405 4492 unde
1448 4454 1619 4492 sonus
1662 4456 1857 4493 eorum
1884 4432 2348 4511 Dpropinquasse
2397 4455 2631 4508 regnum
2662 4438 2927 4491 ccelorum
2958 4438 3298 4508 praedicare;
3333 4438 3535 4508 imagi-

257 4528 393 4582 exiit
422 4528 481 4581 in
514 4543 739 4580 omnem
764 4532 993 4591 terram,
1025 4536 1071 4580 e1
1116 4528 1170 4581 in
1210 4529 1347 4580 fines
1378 4544 1555 4598 usque
1586 4528 1856 4599 pervenit,

256 4617 309 4671 si
334 4633 445 4670 non
476 4616 701 4669 delatus
729 4614 799 4677 ab
825 4616 904 4669 eis
933 4617 1002 4669 ad
1033 4622 1228 4684 gentes
1258 4616 1572 4669 conﬂuxit?
1613 4618 1862 4687 Quapro-

257 4710 385 4777 pter
404 4721 521 4759 non
542 4704 913 4774 ignorandum
926 4704 1243 4774 hujusmodi
1261 4711 1539 4776 praecepta
1552 4706 1621 4759 ad
1644 4713 1864 4777 tempus

258 4794 644 4866 dispensative
666 4794 817 4856 data,
852 4799 909 4847 et
928 4794 1235 4847 secundum
1268 4794 1632 4865 tropologiam
1651 4796 1864 4865 jugiter

263 4883 641 4954 exsequenda.
695 4881 1017 4935 Exhibenda
1045 4882 1269 4951 quidem
1300 4882 1369 4935 ad
1409 4888 1658 4953 tempus,
1686 4884 1863 4937 donec

261 4973 468 5043 repulsi
500 4988 537 5025 a
566 4971 760 5024 Judma
802 4969 1017 5024 exirent
1052 4970 1318 5024 divinitus
1348 4971 1416 5024 ad
1448 4988 1660 5026 omnes.
1696 4973 1860 5026 Dedit

264 5062 411 5115 enim
433 5062 544 5114 hoc
564 5065 920 5130 praeceptum,
946 5075 1017 5114 ne
1041 5060 1235 5123 Judwi,
1261 5059 1464 5131 quibus
1488 5061 1859 5131 repromissus

263 5156 387 5204 erat
413 5149 768 5207 Christus,et
797 5148 867 5201 ad
900 5164 1038 5219 quas
1070 5156 1297 5203 venerat
1316 5148 1565 5219 perditas
1604 5167 1732 5203 oves
1758 5151 1858 5204 do-

263 5254 389 5293 mus
419 5238 623 5304 Israel,
645 5236 967 5291 scandalum
1001 5254 1073 5290 ex
1103 5238 1207 5290 hoc
1228 5244 1531 5294 sumerent.
1564 5239 1606 5293 si
1632 5240 1699 5293 ad
1730 5256 1863 5309 gen-

267 5332 349 5381 tes
400 5327 561 5399 prius
606 5326 773 5392 irent,
822 5325 1023 5395 quibus
1049 5327 1461 5381 communicare
1487 5329 1653 5397 juxta
1681 5329 1861 5398 legem

266 5431 377 5470 non
421 5414 666 5481 licebat;
718 5430 935 5469 memor
971 5432 1200 5469 suorum
1243 5422 1647 5487 praeceptorum
1688 5436 1701 5472 :
1759 5418 1865 5484 Qui

266 5506 730 5560 soanda’izaverit
756 5520 938 5558 unum
967 5506 1031 5558 de
1057 5507 1279 5573 pusillis
1312 5507 1432 5558 istis
1465 5507 1675 5576 (Matth.
1709 5521 1857 5573 xviii,

270 5587 364 5663 6);
402 5593 721 5666 prasertim
748 5609 876 5650 cum
922 5593 1161 5650 necdum
1189 5593 1249 5649 in
1292 5610 1421 5650 eum
1461 5595 1772 5665 crederent,
1805 5601 1862 5651 et

1943 4545 2072 4583 nem
2117 4528 2330 4581 scilicet
2358 4546 2422 4582 ac
2450 4526 2875 4580 similitudinem
2923 4542 3071 4579 nunc
3102 4527 3158 4580 in
3193 4528 3538 4582 consortium

1943 4617 2195 4670 veritatis
2225 4616 2455 4675 assumi,
2489 4622 2550 4669 ut
2580 4614 2759 4668 sancti
2788 4630 2982 4668 omnes
3024 4615 3119 4685 qui
3153 4615 3276 4669 caeli
3309 4616 3537 4671 nomine

1946 4713 2078 4762 sunt
2129 4705 2412 4776 appellati,
2467 4704 2687 4758 Christo
2744 4710 3105 4774 conregnent,
3141 4710 3198 4759 et
3233 4705 3292 4759 in
3336 4705 3539 4776 quibus

1946 4794 2203 4849 Christus
2251 4792 2452 4846 amodo
2500 4809 2735 4862 regnum
2778 4792 3182 4863 sempiternum
3233 4794 3534 4865 possideat.

1943 4884 2147 4940 Anima
2172 4883 2318 4937 enim
2345 4881 2482 4953 justi
2504 4881 2664 4936 sedes
2694 4887 2780 4935 est
2808 4882 3117 4952 sapientiae,
3143 4883 3419 4954 sapientia
3445 4900 3541 4939 au-

1941 4979 2058 5026 tem
2106 4972 2361 5025 Christus
2401 4977 2512 5037 est;
2547 4970 2803 5024 Christus
2845 4986 2976 5025 vero
3014 4987 3290 5042 nusquam
3342 4972 3450 5026 nisi
3480 4973 3539 5027 in

1943 5061 2258 5115 caelestibus
2282 5059 2528 5125 habitat;
2553 5059 2621 5112 de
2652 5058 2853 5129 quibus
2883 5059 3095 5114 dictum
3144 5061 3381 5131 legimus
3411 5062 3540 5117 Gali

1943 5156 2215 5204 enarrant
2243 5152 2485 5218 gloriam
2517 5149 2614 5202 Dei
2637 5150 2798 5212 (Psal.
2830 5163 2981 5216 xvm,
3012 5150 3089 5218 4).
3122 5149 3360 5220 Propter
3389 5150 3538 5221 quod

1946 5238 2024 5291 eis
2078 5254 2207 5291 mox
2258 5238 2520 5291 virtutem
2572 5236 2887 5307 adoptionis
2936 5254 3048 5309 qua
3089 5238 3244 5293 dedit
3288 5243 3538 5310 potesta-

1946 5332 2060 5381 tem
2090 5327 2232 5380 ﬁlios
2259 5327 2362 5382 Dei
2415 5325 2555 5391 ﬁeri,
2606 5324 2807 5380 deinde
2840 5343 3012 5399 opera
3048 5327 3367 5384 Divinitatis
3413 5346 3541 5385 con-

1947 5416 2130 5471 cessit.

1960 5500 1967 5506 ’
2017 5509 2295 5574 Inﬂrmos,
2329 5505 2531 5578 inquit,
2562 5511 2771 5571 curate,
2802 5512 3047 5562 mortuos
3066 5511 3341 5574 suscitata,
3364 5511 3540 5577 lepro-

1944 5613 2025 5652 sos
2050 5597 2335 5665 mundata,
2363 5598 2628 5654 damonis
2656 5599 2853 5668 ejicitc.
2883 5596 3174 5661 Quatenus
3202 5613 3306 5669 per
3331 5611 3399 5651 ea
3425 5609 3538 5650 non
