3918 6176
470 321 571 379 411

1240 322 1302 377 S.
1340 320 1720 377 PASCHASII
1758 319 2119 376 RADBERTI
2156 319 2458 377 ABBATIS
2495 319 2989 377 CORBEIENSIS.

3577 319 3663 377 il?

465 442 702 498 modoin
719 444 942 498 Christo
957 443 1232 499 Deitatem
1256 442 1741 515 deprehenderent
1751 441 2054 496 visibilibus
2070 445 2120 503 A
2138 442 2422 497 Potestate
2453 442 2730 513 siquidem
2756 444 2885 498 ﬁdei
2916 445 3066 498 mala
3088 443 3416 513 fugarentur.
3434 449 3486 496 et
3506 442 3665 497 diabo-

464 531 689 601 intenti,
716 550 909 588 verum
939 539 996 587 et
1039 534 1247 587 eisdem
1291 531 1557 603 apostolis
1588 532 1766 585 Deum
1798 531 1914 585 fore
1945 548 2058 585 non

464 619 811 679 dubitarent.
832 624 958 677 Non
976 623 1247 677 miremur
1266 621 1397 691 quia
1420 620 1599 690 primo
1620 620 2056 674 hominidictum

464 715 582 763 est:
609 713 777 765 Terra
794 729 864 771 es.
892 717 939 765 et
970 714 1031 765 in
1063 717 1271 763 terram
1294 712 1397 764 ibis
1420 711 1569 771 (Gen.
1594 723 1671 773 lu,
1706 707 1809 776 i9),
1833 710 1927 779 qui
1949 709 2059 763 ﬁde

462 805 837 886 renascgntur
860 800 919 854 in
947 800 1190 860 Christo,
1222 800 1270 853 si
1298 799 1552 861 audiant,
1586 798 1719 868 quia
1747 799 1945 851 ccelum
1978 815 2054 864 es,

463 892 521 941 et
548 888 606 942 in
628 889 828 944 caelum
856 888 983 945 ibis.
1008 890 1131 942 Non
1150 889 1207 944 in
1227 894 1416 953 433
1435 888 1635 941 coelum
1659 888 1853 957 utique
1872 889 2057 942 ﬁrma-

462 976 658 1040 menti,
691 977 838 1047 quod
875 977 1049 1031 locale
1079 983 1182 1040 est,
1217 978 1316 1032 sed
1350 978 1550 1030 ccelum
1579 977 1890 1047 spirituale,
1922 994 2053 1048 pro-

459 1066 601 1120 fecto
648 1067 781 1136 quia
821 1066 970 1120 Deus
1012 1067 1255 1138 Spiritus
1283 1072 1385 1121 est.
1448 1067 1511 1120 In
1572 1081 1681 1135 qno
1734 1082 1868 1119 sane
1915 1065 2054 1119 cmlo

462 1153 610 1209 Deus
654 1155 908 1210 habitare
947 1155 1213 1220 creditur,
1254 1160 1313 1209 et
1352 1155 1604 1210 localiter
1644 1154 2054 1225 quodammodo

461 1243 771 1309 ambulare,
785 1244 918 1299 licet
938 1244 1453 1315 incircumscriptus
1466 1251 1524 1297 et
1539 1234 1771 1298 illocalis
1791 1243 2055 1314 sit,quem

458 1331 667 1403 ubique
692 1349 805 1387 non
825 1332 964 1398 loco,
997 1333 1095 1387 sed
1120 1334 1326 1388 virtute
1357 1333 1655 1387 credimus.
1677 1333 1819 1386 Hinc
1834 1350 2055 1403 quoque

459 1421 607 1492 ipse:
637 1422 979 1485 Inhabz'tabo,
999 1422 1201 1491 inquit.
1219 1427 1268 1476 et
1294 1426 1450 1476 {nam
1460 1424 1652 1477 butabo
1668 1425 1727 1475 in
1752 1426 1825 1475 eis
1841 1425 1859 1483 (
1868 1424 1919 1476 ΙΙ
1929 1426 2050 1476 (ἔον.

462 1523 537 1575 v1,
566 1507 639 1577 6).
666 1509 857 1581 Atque
885 1510 1019 1564 alibi
1051 1530 1067 1564 :
1097 1513 1343 1589 Regnum.
1372 1513 1471 1565 Dei
1500 1514 1654 1565 intra
1678 1528 1767 1564 cos
1804 1516 1877 1564 est
1909 1513 2050 1576 (Luc.

461 1611 592 1663 xvu,
626 1598 739 1669 2i).
768 1600 927 1663 Quod
949 1600 1216 1654 nimirum
1248 1616 1483 1671 regnum
1511 1599 1775 1655 caelorum
1804 1602 1932 1671 jure
1961 1618 2056 1672 ap-

460 1687 867 1758 prOpinquasse
911 1688 1136 1755 dicitur,
1171 1705 1283 1743 non
1328 1689 1689 1743 inclinatione
1719 1689 1860 1753 coeli,
1904 1686 2053 1759 quod

2141 531 2227 585 lus
2256 532 2606 601 vinceretur;
2651 550 2762 601 quo
2793 534 3063 588 nimirum
3094 534 3247 599 victo,
3294 533 3499 586 libertas
3522 532 3666 586 homi~

2141 620 2306 675 nibus
2334 626 2389 674 et
2417 622 2737 693 triumphus
2768 623 3090 682 deberetur.

2213 711 2395 765 Gratis
2434 714 2731 780 accepistis,
2778 712 2878 780 ait,
2908 717 3083 781 gratis
3128 714 3266 766 date.
3310 712 3439 776 Quia
3464 710 3667 781 profecto

2140 800 2259 853 vult
2273 817 2460 853 veram
2473 800 2531 854 in
2547 800 2864 856 hominibus
2890 802 3190 872 imaginem
3211 818 3274 856 ac
3301 800 3668 855 similitudinem

2139 887 2394 951 Deitatis,
2430 905 2598 959 quam
2622 890 2950 955 amiserant,
2997 891 3265 960 reparari,
3293 888 3475 942 tribuit
3495 888 3563 941 eis
3588 904 3669 957 po-

2137 982 2401 1031 testatem
2442 978 2686 1048 primum
2734 979 3005 1049 quidquid
3049 978 3299 1033 diabolus
3325 994 3418 1031 suo
3445 977 3667 1030 instinctu

2136 1066 2488 1136 depravarat,
2521 1068 2828 1137 corrigere;
2862 1068 3064 1122 deinde
3102 1067 3365 1122 beneﬁcia
3391 1066 3521 1120 sicut
3553 1064 3669 1118 acci-

2136 1154 2299 1225 piunt
2327 1170 2362 1207 a
2390 1154 2523 1219 Deo,
2557 1155 2735 1223 gratis
2764 1155 2919 1221 dare,
2952 1160 3016 1208 ut
3045 1156 3091 1208 si
3122 1154 3373 1209 omnibus
3397 1152 3667 1224 praedicatio

2137 1242 2315 1299 sancti
2346 1242 2628 1312 Evangelii
2656 1244 2924 1311 gratuita,
2968 1246 3025 1297 et
3049 1244 3305 1315 imaginis
3335 1242 3583 1314 reparatio
3601 1246 3670 1295 at-

2138 1348 2246 1402 que
2302 1331 2687 1385 similitudinis
2726 1332 2921 1403 plena;
2960 1349 3031 1386 ne
3074 1338 3172 1387 aut
3215 1331 3532 1403 dispensatio
3557 1330 3671 1384 tanti

2138 1420 2391 1492 mysterii
2413 1427 2826 1491 corrumpatur,
2852 1426 2950 1475 aut
2976 1421 3281 1475 similitudo
3303 1420 3505 1475 reddita
3521 1420 3673 1472 inmo-

2137 1509 2313 1575 ribus,
2335 1526 2504 1564 causa
2524 1510 2771 1565 avaritiae
2799 1510 3054 1564 violetur.
3208 1527 3235 1557 ο

2207 1599 2388 1654 Nolite
2435 1601 2708 1667 possidere
2741 1616 2972 1665 aurum,
3008 1616 3177 1668 neque
3228 1602 3507 1666 argentum
3538 1612 3673 1666 neque

2133 1690 2427 1756 pecuniam
2457 1691 2524 1741 in
2543 1691 2699 1741 zonis
2730 1691 2939 1742 vestris.
2973 1689 3096 1742 Νοη
3115 1704 3307 1756 peram
3338 1690 3397 1741 in
3422 1690 3674 1754 via,neque

460 1775 878 1831 ﬁrmamentum
909 1779 1358 1848 cognominatur,
1384 1780 1477 1833 sed
1511 1778 1884 1832 illustratione
1902 1776 2050 1841 ﬁdei,
2071 1802 2115 1860 Β
2135 1778 2273 1830 duas
2297 1780 2534 1837 tunicas,
2555 1793 2723 1845 neque
2743 1781 3126 1841 calceamenta,
3162 1794 3325 1845 neque
3344 1779 3559 1843 virgam.
3574 1775 3676 1827 Hac

459 1858 572 1935 qua
588 1865 688 1919 Dei
705 1865 961 1921 homines
973 1866 1536 1921 efﬁciuntur.leoru
1544 1885 1594 1920 m
1613 1868 1803 1937 itaque
1817 1882 2051 1936 regnum

459 1969 575 2008 non
614 1954 779 2007 modo
821 1955 947 2009 ideo
993 1956 1200 2010 dicitur
1228 1974 1471 2027 praesens
1502 1956 1761 2021 Ecclesia,
1799 1956 1928 2025 quia
1956 1972 2052 2025 Spe

453 2043 573 2112 jam
604 2043 660 2097 in
690 2043 1007 2099 coelestibus
1036 2051 1235 2115 regnat
1269 2065 1281 2113 ;
1314 2046 1409 2100 sed
1442 2046 1573 2117 quia
1618 2045 1819 2099 coelum
1858 2045 2053 2098 effecta

451 2131 785 2202 spiritaliter
802 2133 1058 2187 Christus
1086 2135 1143 2188 in
1175 2153 1241 2189 ea
1265 2141 1481 2204 regnat,
1497 2134 1646 2188 sicut
1672 2140 1729 2188 et
1753 2134 1809 2186 in
1835 2133 2049 2201 angelis

456 2220 553 2291 qui
578 2222 702 2274 coeli
730 2223 955 2277 nomine
983 2224 1314 2293 spiritaliter
1342 2224 1715 2293 appellantur.
1751 2224 1894 2276 Nam
1926 2238 2049 2275 san-

455 2314 673 2363 ctorum
704 2327 940 2379 regnum
971 2312 1228 2366 Christus
1250 2318 1368 2366 est:
1398 2311 1576 2366 sancti
1594 2316 1804 2373 autem,
1823 2316 1888 2364 ut
1906 2310 2050 2363 dixi-

458 2413 603 2462 mus,
629 2398 753 2451 cu—li
778 2405 911 2453 sunt
932 2401 1127 2455 vocati.
1152 2400 1400 2465 Quorum
1429 2418 1665 2471 regnum
1689 2400 1830 2454 bene
1852 2416 2050 2471 appro-

458 2486 760 2556 pinquasse
815 2488 1037 2555 dicitur,
1081 2490 1212 2547 dum
1246 2489 1493 2544 Verbum
1524 2506 1653 2543 caro
1684 2489 1888 2543 factum
1941 2494 2045 2555 est,

458 2580 516 2629 et
542 2574 816 2631 habitavit
834 2577 889 2632 in
911 2578 1090 2632 nobis.
1117 2580 1232 2633 lloc
1252 2580 1457 2651 quippe
1486 2581 1632 2646 dono
1650 2580 1906 2634 homines
1925 2580 2048 2633 coeli

456 2665 590 2719 facti
619 2671 769 2731 sunt,
792 2672 849 2721 et
866 2668 986 2738 ipse
1015 2669 1272 2723 Christus
1289 2687 1525 2740 regnum
1548 2686 1760 2733 eorum,
1777 2674 1841 2723 ut
1862 2685 2050 2739 perve-

456 2753 618 2809 niant
635 2760 693 2808 et
706 2756 762 2809 hi
782 2756 854 2811 ad
886 2774 1059 2828 regna
1072 2758 1357 2813 ctelorum.
1388 2760 1637 2813 Primum
1669 2759 1799 2829 quia
1826 2758 2050 2812 descen-

458 2842 545 2896 dit
572 2845 1049 2916 appropinquans,
1073 2852 1130 2899 et
1158 2847 1286 2901 facti
1317 2863 1512 2901 sumus
1540 2847 1646 2917 ipsi
1678 2863 1912 2917 regnum
1944 2864 2050 2901 ca:-

458 2931 663 2986 lorum.
699 2935 973 2999 lnﬂrmos,
1000 2936 1202 3005 inquit,
1241 2943 1445 2989 curate.
1482 2942 1724 2988 mortuos
1769 2939 2043 3001 suscitata,

455 3022 689 3088 leprosos
712 3023 991 3086 mandate,
1012 3025 1276 3094 dmuones
1299 3026 1494 3092 ejicitc.
1520 3023 1648 3076 Ilazc
1678 3023 1867 3076 omnia
1892 3039 2048 3076 nam-

2134 1865 2325 1936 itaque
2345 1872 2622 1937 praecepta
2644 1882 2754 1920 non
2771 1867 2951 1920 solum
2965 1866 3344 1937 apostolorum
3361 1870 3501 1927 sunt,
3520 1879 3675 1916 verum

2135 1954 2387 2009 omnium
2412 1971 2607 2008 eorum
2654 1954 2855 2025 quibus
2886 1955 3209 2026 praedicatio
3237 1954 3410 2008 sancti
3440 1950 3676 2021 Evangelii

2134 2043 2347 2097 credita
2363 2048 2465 2108 est,
2496 2044 2627 2097 licet
2642 2062 2674 2098 a
2694 2044 2883 2097 multis
2904 2050 3355 2114 corrumpantur.
3381 2042 3503 2107 Qum
3520 2049 3673 2094 tamen

2133 2132 2240 2186 nisi
2274 2138 2422 2186 recte
2442 2132 2848 2202 intelligantur,
2882 2149 2995 2186 non
3019 2132 3185 2186 modo
3215 2148 3399 2186 errare
3419 2129 3676 2201 impellunt

2133 2221 2412 2291 quoslibet
2440 2221 2714 2287 incautos,
2746 2238 2938 2275 verum
2987 2222 3390 2276 dissonantiam
3418 2221 3551 2274 inter
3573 2234 3678 2272 san-

2132 2316 2249 2364 ctos
2286 2310 2654 2380 evangelistas
2707 2309 2887 2363 facere
2936 2310 3224 2368 videntur.
3280 2310 3432 2364 Unde
3472 2308 3678 2380 primum

2132 2415 2258 2453 cum
2301 2400 2478 2469 gratis
2502 2398 2701 2469 jubeat
2728 2399 2883 2463 dare,
2918 2400 3209 2469 superflua
3236 2399 3447 2454 videtur
3471 2398 3583 2451 auri
3611 2411 3678 2449 ar-

2129 2488 2397 2559 gentique
2426 2495 2484 2541 et
2512 2488 2875 2559 pecuniarum
2901 2488 3243 2543 interdictio.
3260 2488 3556 2543 Praesertim
3575 2501 3677 2538 cum

2132 2583 2189 2632 et
2208 2578 2381 2632 Judas
2404 2593 2468 2631 ex
2500 2577 2799 2631 commissu
2832 2576 3059 2631 Domini
3079 2579 3292 2632 loculos
3320 2574 3561 2632 habuerit
3592 2589 3676 2628 un-

2132 2667 2201 2720 de
2230 2666 2335 2720 sibi
2367 2673 2619 2720 emerent
2647 2683 2770 2736 qum
2790 2666 3101 2720 necessaria
3122 2667 3467 2722 videbantur.
3495 2666 3557 2719 Et
3572 2661 3678 2717 alibi

2132 2757 2385 2828 discipuli
2426 2756 2614 2811 ierunt
2644 2756 2702 2809 in
2731 2757 3009 2810 civitatem
3039 2773 3230 2812 emere
3266 2757 3371 2811 sibi
3394 2771 3552 2810 escas.
3581 2754 3677 2817 Quo

2131 2846 2377 2917 profecto
2398 2852 2497 2915 pat
2510 2852 2554 2898 2t
2568 2846 2866 2900 Dominum
2885 2846 3203 2900 necessaria
3222 2863 3332 2901 non
3350 2842 3678 2906 interdixisse,

2129 2935 2225 2989 sed
2247 2936 2532 3005 superﬂuo
2558 2951 2857 2992 resecasse.
2883 2935 3025 2989 Hinc
3047 2951 3274 3006 quoque
3303 2936 3572 3006 signanter
3585 2930 3677 2984 ait:

2130 3025 2307 3079 Nolite
2321 3025 2592 3091 possidere
2613 3040 2822 3077 aurum.
2849 3041 3020 3092 neque
3041 3031 3363 3091 argentum,
3387 3040 3541 3093 neque
3555 3035 3684 3089 pecu-

458 3122 569 3176 que
596 3107 921 3177 deceptione
950 3109 1155 3163 diaboli
1179 3110 1479 3179 contigisse
1511 3111 1648 3164 nulli
1673 3110 1904 3164 dubium
1938 3115 2039 3164 est.
2061 3118 2103 3178 Ο
2130 3116 2306 3166 niam.
2342 3112 2616 3177 Quoniam
2641 3112 2791 3166 aliud
2824 3118 2910 3166 est
2942 3114 3266 3168 necessaria
3288 3114 3457 3167 victus
3483 3117 3535 3165 et
3553 3107 3682 3162 vesti-

456 3195 527 3249 Et
548 3195 672 3249 ideo
694 3196 924 3266 dignum
946 3198 1069 3262 fuit,
1102 3206 1165 3251 ut
1194 3205 1389 3253 sanato
1421 3200 1647 3253 homine
1676 3216 1869 3253 rursus
1891 3200 2047 3254 dare-

453 3288 549 3338 tur
564 3285 609 3337 ei
629 3284 880 3349 facultas,
896 3287 1041 3357 quod
1066 3288 1157 3340 ille
1177 3287 1457 3341 inﬂixerat
1471 3289 1598 3340 dolo
1614 3294 1671 3341 et
1686 3289 2046 3359 persuasione

454 3373 720 3443 maligna,
760 3374 864 3428 hoc
894 3375 984 3429 isti
1007 3381 1282 3446 potestate
1306 3377 1433 3431 ﬁdei
1463 3384 1745 3439 curarent,
1775 3386 1831 3432 et
1863 3380 2045 3449 expel-

451 3461 635 3516 lerent
660 3463 813 3534 ipsos
850 3470 1092 3519 rectores
1123 3466 1316 3519 mundi
1347 3467 1415 3519 de
1436 3468 1761 3537 corporibus
1782 3467 2037 3522 obsessis.

449 3550 654 3621 Magna
680 3552 905 3623 quidem
947 3554 1121 3608 virtus
1168 3571 1546 3626 magnumque
1574 3556 1802 3620 donum,
1839 3574 2042 3627 magna

450 3642 752 3712 reparatio,
767 3659 1081 3715 magnaque
1095 3644 1296 3699 ﬁducia
1317 3644 1505 3716 lapsis.
1527 3646 1788 3716 Alioquin
1807 3647 2040 3701 florente

450 3731 680 3797 mundo,
714 3737 770 3785 et
795 3732 894 3787 diu
930 3734 1177 3787 humano
1208 3751 1414 3804 genere
1443 3734 1502 3787 in
1532 3735 1820 3806 perﬁdiam
1862 3737 2040 3807 prola-

447 3818 634 3887 bente,
653 3822 886 3893 jamque
905 3824 1116 3877 mundo
1138 3824 1504 3878 insolescente
1529 3830 1723 3878 contra
1744 3826 1919 3879 Deum
1941 3843 2040 3880 cae-

448 3910 635 3965 citatis
664 3928 779 3965 sure
810 3912 1111 3981 igorantia.
1164 3915 1453 3983 provoluto
1510 3913 1693 3967 carnis
1734 3914 2039 3984 propagine

446 4014 560 4052 non
600 4000 764 4054 modo
807 4001 874 4054 ad
921 4002 1350 4069 incrementum,
1400 4020 1593 4056 verum
1632 4004 1703 4056 ad
1741 4003 2039 4074 voluptatis

448 4088 722 4141 malitiam
753 4088 1112 4154 exuberante,
1155 4091 1279 4159 quis
1309 4109 1554 4162 unquam
1598 4092 1826 4145 visibilis
1856 4093 2039 4147 invisi-

448 4172 586 4227 bilia
616 4176 930 4244 proferret?
953 4177 1076 4245 quis
1106 4177 1277 4231 aliam
1307 4179 1473 4232 vitam
1512 4180 1798 4233 crederet?
1827 4181 1952 4250 quis
1978 4198 2037 4235 se

449 4277 485 4314 a
510 4266 629 4315 tam
661 4263 828 4332 longa
865 4265 1266 4319 consuetudine
1296 4273 1579 4321 revocaret
1610 4268 1633 4320 ?
1671 4270 1793 4337 quis
1822 4269 1890 4323 de
1920 4274 2037 4323 tam

449 4348 566 4403 lata
604 4350 712 4416 via,
745 4368 914 4422 quam
956 4370 1151 4407 omnes
1179 4355 1657 4424 ingrediebantur,
1692 4357 1761 4409 ad
1793 4363 1906 4410 tam
1944 4375 2036 4411 ar-

2128 3201 2303 3255 menti
2335 3201 2404 3254 ad
2437 3202 2633 3254 horam
2664 3201 2889 3265 habere,
2924 3202 3073 3256 aliud
3100 3219 3250 3268 vero,
3272 3204 3434 3273 longa
3452 3199 3682 3255 sollicitu-

2127 3289 2256 3343 dine
2287 3290 2536 3359 quzesita,
2564 3289 2759 3343 timide
2791 3295 2889 3343 aut
2912 3290 3113 3360 cupide
3142 3292 3447 3361 possidere.
3478 3290 3681 3342 Verum-

2130 3384 2336 3439 tamen,
2364 3384 2428 3431 ut
2443 3378 2703 3441 arbitror,
2728 3396 2839 3432 non
2864 3379 3170 3434 invidiosus
3196 3382 3510 3444 thesaurus,
3530 3390 3682 3447 neque

2125 3473 2507 3538 sumptuosus,
2539 3467 2661 3520 auri
2690 3468 3041 3538 argentique,
3072 3474 3131 3522 et
3155 3470 3285 3523 aeris
3323 3470 3382 3522 in
3410 3467 3553 3522 zonis
3578 3472 3681 3518 tan-

2122 3563 2243 3611 tum
2274 3557 2485 3621 haberi,
2518 3556 2613 3610 sed
2662 3557 2823 3609 docet
2851 3558 3001 3627 quod
3046 3558 3474 3628 praedicatorum
3500 3557 3552 3609 in
3594 3554 3681 3607 Do-

2123 3649 2276 3702 mino
2324 3652 2482 3700 tanta
2506 3644 2706 3699 debeat
2734 3646 2851 3700 fore
2890 3646 3112 3707 ﬁducia,
3147 3652 3214 3701 ut
3262 3646 3541 3718 praesentis
3577 3642 3679 3695 vitae

2122 3742 2399 3806 sumptus,
2432 3734 2686 3805 quamvis
2725 3751 2836 3788 non
2868 3735 3209 3805 praevideant
3242 3736 3344 3789 hos
3388 3734 3491 3789 sibi
3517 3734 3680 3786 deesse

2121 3825 2351 3879 omnino
2381 3839 2492 3877 non
2533 3822 2768 3876 difﬁdat.
2819 3823 3028 3878 Idcirco
3070 3824 3208 3877 satis
3256 3824 3483 3895 provide
3521 3822 3681 3886 485

2121 3914 2343 3967 divitias
2381 3912 2693 3976 detruncat,
2745 3912 2841 3983 qui
2882 3913 3286 3983 propemodum
3322 3914 3487 3967 etiam
3518 3924 3680 3965 neces-

2120 4002 2271 4057 saria
2300 4000 2588 4072 praesentis
2628 4000 2753 4055 vitae
2802 4007 3098 4072 amputare
3145 4002 3392 4066 festinat,
3434 4007 3496 4056 ut
3530 3999 3598 4053 ibi
3622 3995 3681 4049 sit

2120 4108 2215 4146 cor
2243 4097 2497 4145 nostrum
2539 4106 2647 4160 quo
2687 4091 2987 4144 thesaurus
3035 4107 3156 4145 esse
3212 4092 3504 4162 probatur.
3542 4089 3601 4143 Et
3624 4102 3680 4140 ne

2119 4182 2261 4236 forte
2288 4180 2609 4233 viderentur
2621 4180 2856 4249 apostoli
2880 4179 3058 4249 magis
3083 4179 3222 4234 lucri
3249 4181 3433 4251 gratia
3454 4177 3682 4250 pradica-

2119 4288 2199 4333 re,
2252 4286 2419 4339 quam
2462 4268 2659 4322 salutis
2706 4268 2983 4333 humanae,
3036 4269 3228 4323 omnia
3265 4268 3538 4324 subtrahit
3580 4279 3681 4335 quae

2119 4366 2348 4431 possent
2392 4375 2513 4413 esse
2557 4357 2824 4423 scandali,
2875 4363 2933 4412 et
2984 4359 3301 4412 necessaria
3346 4356 3588 4413 concedit
3629 4367 3681 4406 ex

447 4442 595 4492 ctam
622 4445 681 4494 et
708 4445 824 4494 tam
864 4448 1161 4512 angustam
1188 4460 1246 4496 se
1275 4444 1723 4513 constringeret?
1768 4445 1873 4499 nisi
1915 4462 2034 4500 ma-
2055 4446 2098 4502 D
2118 4448 2434 4518 Evangelia.
2455 4454 2731 4519 quatenus
2757 4463 2948 4501 eorum
2975 4464 3139 4502 nemo
3159 4448 3229 4501 de
3248 4450 3486 4502 crastino
3505 4444 3683 4513 cogita-

442 4526 571 4597 gnis
601 4528 671 4582 ad
703 4530 868 4583 ﬁdem
901 4537 1219 4585 moveretur
1243 4531 1545 4597 miraculis,
1580 4538 1644 4586 ut
1677 4533 1744 4587 de
1794 4533 1880 4587 his
1911 4551 2033 4605 quae

442 4615 739 4673 visibiliter
762 4618 989 4677 ﬁebant.
1029 4620 1331 4675 invisibilia
1376 4621 1547 4687 intus,
1596 4638 1717 4692 qua:
1765 4624 2031 4693 praedica-

442 4702 663 4771 bantur,
686 4708 795 4762 ﬁde
813 4709 1276 4779 apprehenderat.
1301 4711 1385 4766 Ad
1411 4711 1515 4765 hoc
1542 4712 1746 4783 quippe
1773 4730 2033 4767 concessa

443 4799 577 4849 sunt
605 4795 732 4862 ista,
766 4814 877 4851 non
911 4799 1160 4863 larvalia,
1192 4801 1337 4855 sicut
1357 4802 1592 4871 perﬁdia
1619 4802 1821 4856 asserit
1856 4819 2031 4873 paga-

437 4899 659 4949 norum,
696 4891 883 4951 484
914 4887 1011 4940 sed
1042 4888 1240 4943 deiﬁca
1271 4895 1325 4943 et
1369 4890 1543 4943 solius
1594 4892 1715 4960 ejus
1768 4891 2030 4961 potentiae

439 4975 807 5044 congruentia
843 4975 1113 5030 virtutum
1145 4978 1418 5032 miracula
1463 4997 1474 5032 :
1508 4984 1572 5033 ut
1600 4979 1851 5034 beneﬁcii
1895 4979 2031 5032 invi-

434 5062 541 5117 tati
568 5065 787 5134 majora
822 5064 1184 5120 invisibilium
1223 5068 1517 5122 crederent
1544 5069 1759 5133 auditu,
1808 5068 2031 5123 visibili-

435 5150 541 5208 bus
555 5154 797 5223 permoti
824 5154 1133 5224 potentiam
1156 5154 1535 5225 intelligerent
1555 5157 1789 5211 Deitatis
1810 5175 1877 5211 ex
1892 5158 2030 5212 rela-

432 5246 518 5307 tu,
559 5241 814 5297 fraudem
844 5259 1067 5313 quoque
1097 5243 1304 5299 diaboli
1341 5247 1656 5315 gauderent
1682 5247 1915 5301 evadere
1944 5265 2029 5302 sa-

430 5331 631 5386 nitatis
659 5348 727 5386 ex
753 5338 1043 5403 proventu.
1076 5332 1216 5387 Hinc
1264 5334 1426 5404 plane
1455 5336 1753 5405 Apostolus
1787 5351 1797 5384 ε
1829 5337 2023 5405 Signa,

432 5420 635 5492 inquit,
650 5437 761 5475 non
778 5422 1043 5485 fidelibus,
1069 5425 1159 5476 sed
1180 5426 1511 5491 inﬁdelibus,
1539 5426 1669 5478 (lata
1690 5431 1821 5479 sunt
1838 5428 1882 5487 (1
1902 5428 2020 5480 σον.

422 5527 539 5577 τιν,
565 5508 674 5579 22),
710 5514 986 5581 quatenus
1025 5528 1125 5583 per
1167 5528 1235 5567 ea
1266 5512 1324 5567 in
1371 5513 1451 5567 eis
1492 5513 1629 5567 ﬁdes
1661 5520 2021 5582 nasceretur;

424 5599 541 5659 ﬁde
582 5616 713 5657 vero
769 5606 1049 5674 percepta,
1102 5608 1353 5675 potestas
1402 5601 1719 5676 adoptionis
1772 5604 2021 5671 daretur,

2116 4552 2179 4591 re
2226 4538 2524 4591 videretur.
2573 4536 2678 4590 Sed
2717 4536 3079 4606 quaerendum
3109 4537 3242 4607 quid
3273 4538 3348 4591 sit
3374 4536 3517 4607 quod
3558 4533 3680 4587 Mat-

2116 4625 2297 4680 thaeus
2322 4632 2377 4679 et
2409 4626 2583 4678 Lucas
2604 4626 2815 4693 virgam
2835 4625 2893 4678 in
2911 4625 3001 4678 via
3022 4625 3165 4679 terre
3191 4626 3489 4680 Dominum
3515 4618 3679 4694 prohi-

2114 4713 2299 4768 buisse
2320 4720 2570 4781 narrant,
2592 4715 2814 4768 Marcus
2837 4730 2964 4767 vero
2988 4714 3128 4768 nihil
3156 4715 3238 4769 eis
3255 4729 3572 4769 concessum
3591 4706 3682 4764 nisi

2112 4802 2325 4872 virgam
2352 4808 2574 4855 tantum
2602 4804 2763 4863 ferre.
2785 4810 2841 4857 et
2861 4803 3132 4857 calceatos
3154 4804 3423 4858 sandaliis
3450 4800 3680 4872 incedere

2113 4890 2353 4958 debere;
2388 4892 2641 4961 quamvis
2669 4893 2964 4947 Mattheus
2983 4893 3274 4962 signanter
3304 4894 3474 4947 etiam
3499 4890 3681 4945 calcea-

2112 4984 2303 5034 menta
2359 4981 2642 5050 possidere
2698 4981 2922 5051 penitus
2965 4982 3224 5035 vetuerit.
3273 4982 3430 5037 Unde
3474 4977 3677 5050 quidam

2112 5069 2483 5125 Orientalium
2503 5070 2904 5124 monachorum
2928 5070 2984 5122 in
3007 5070 3271 5125 coenobiis
3285 5071 3548 5141 degentes
3572 5067 3680 5120 hac-

2110 5165 2273 5213 tenus
2300 5160 2368 5215 ad
2398 5160 2645 5213 litteram
2676 5158 2990 5219 observant,
3010 5166 3065 5213 et
3085 5159 3504 5213 servaridebere
3532 5154 3678 5211 nudi-

2111 5249 2330 5321 pedalia
2358 5254 2635 5304 sectantes
2667 5248 3031 5302 contendunt.
3078 5248 3433 5320 Quapropter
3461 5264 3528 5302 ne
3560 5259 3677 5299 con-

2110 5340 2285 5394 traria
2315 5338 2610 5392 videantur
2638 5338 2992 5407 evangelista:
3012 5339 3240 5399 sentire,
3260 5337 3584 5410 quaerendus
3605 5337 3679 5386 est

2107 5427 2326 5491 modus,
2344 5434 2460 5480 tam
2483 5426 2572 5479 hic
2595 5442 2763 5497 quam
2790 5425 2938 5491 alibi,
2960 5443 3069 5497 quo
3092 5428 3379 5498 Scriptura
3397 5430 3677 5480 sanctaca-

2104 5516 2310 5572 tholice
2338 5515 2703 5585 intelligatur,
2729 5521 2785 5569 et
2808 5515 3113 5570 auctoritas
3140 5517 3283 5571 tanti
3302 5514 3551 5587 mysterii
3576 5525 3675 5566 non

2106 5604 2357 5662 violetur.
2373 5603 2579 5661 Fertur
2597 5603 2747 5662 enim
2762 5606 2928 5677 juxta
2942 5606 3269 5664 Matthteum
3287 5605 3488 5663 dixisse
3506 5597 3676 5660 Domi-
