3918 6176
210 275 307 335 413

983 276 1364 333 EXPOSITIO
1403 276 1481 332 IN
1519 274 1967 332 MA’ITHEUM.
2016 305 2076 318 -
2120 276 2255 332 LIB.
2297 274 2393 342 VI,
2435 273 2593 330 CAP.
2634 274 2702 329 X.

3353 275 3461 332 416

206 419 353 468 num,
390 407 449 457 ut
474 418 579 456 nec
613 403 825 474 virgam
863 402 1076 458 ferrent
1122 404 1331 465 (Matth.
1380 419 1435 466 Χ,
1485 402 1587 458 10).
1620 403 2061 467 JuxtaA(Num.
2083 368 2179 465 xx,
2206 405 2219 456 Ι
2242 404 2304 459 ιι.
2330 403 2409 457 De
2438 403 2597 472 cujus
2624 417 2750 457 cum
2772 401 2842 457 ad
2867 416 3041 472 aquas
3070 400 3457 455 contradictio-

204 494 439 547 Marcum
471 509 620 557 vero,
657 509 728 546 ne
757 493 890 563 quid
921 494 1182 546 tollerent
1211 492 1269 546 in
1297 493 1402 555 via,
1434 492 1542 546 nisi
1573 491 1783 561 virgam

204 588 411 635 tantum
443 582 633 649 (Marc.
668 580 836 646 \‘I,8|.
870 581 1165 636 Contraria
1193 581 1419 651 quidem
1444 582 1654 647 dicunt,
1686 584 1781 636 sed

201 670 427 741 mystica
466 675 521 723 et
550 687 699 734 vera,
733 677 797 724 ut
823 671 1208 741 intelligamus
1235 669 1339 724 sub
1369 671 1479 725 alia
1507 672 1782 741 signiﬁca—

200 760 341 813 tione
360 760 567 813 dictam
592 760 822 829 virgam,
848 778 970 831 quae
991 760 1297 814 secundum
1328 762 1567 814 Marcum
1598 768 1681 814 est
1711 761 1783 813 fe-

198 850 380 907 renda.
417 855 473 903 et
497 849 602 903 sub
631 850 742 903 alia
765 850 940 913 illam,
973 868 1096 921 quae
1120 850 1427 904 secundum
1461 852 1778 905 Matthaeum

197 945 248 993 et
273 939 479 992 Lucam
511 954 623 992 non
654 944 741 992 est
771 938 1018 993 ferenda.
1056 940 1208 993 Sicut
1240 939 1377 992 illud
1409 958 1419 992 :
1461 942 1649 993 Tentat
1693 957 1778 993 vos

196 1030 453 1081 Dominus
490 1029 631 1081 Deus
660 1034 830 1081 vester
860 1031 1032 1095 (Deut.
1074 1043 1190 1089 xm,
1218 1026 1293 1095 3),
1318 1034 1458 1093 etc.;
1489 1034 1544 1081 et
1586 1048 1597 1080 :
1642 1032 1778 1083 Deus

197 1119 462 1170 neminem
485 1121 658 1170 tentet
680 1119 810 1183 (Jac.
834 1131 872 1181 Ι,
902 1118 1017 1183 '13).
1041 1118 1170 1171 Haec
1191 1117 1417 1187 quidem
1438 1118 1779 1173 scductionis

194 1212 288 1268 est,
317 1205 629 1259 secundum
659 1222 829 1276 quam
860 1207 1011 1260 Deus
1041 1206 1324 1260 neminem
1354 1212 1555 1268 tentat,
1585 1207 1779 1261 videli-

193 1302 271 1348 cet
318 1300 381 1348 ut
429 1294 707 1365 decipiat;
756 1294 854 1348 illa
898 1312 1027 1349 vero
1076 1294 1441 1366 probationis,
1468 1297 1775 1350 secundum

191 1400 345 1455 quam
370 1389 626 1438 tentatus
654 1390 738 1438 est
759 1384 1042 1437 Abraham
1073 1389 1127 1437 et
1165 1384 1288 1449 Job,
1321 1385 1618 1455 ceterique
1644 1403 1775 1439 san-

190 1473 274 1539 cti,
305 1478 590 1543 quatenus
619 1472 840 1544 probati
880 1474 1160 1527 manifesti
1192 1479 1398 1539 essent,
1426 1475 1589 1543 juxta
1628 1476 1775 1545 quod

187 1562 412 1625 Abrahae
444 1561 678 1616 dicitur:
704 1564 868 1616 .Vunc
897 1566 1004 1616 scio
1026 1564 1169 1631 quod
1196 1565 1399 1629 diligas
1432 1566 1601 1617 Deum
1624 1564 1768 1627 (Gen.

187 1656 326 1719 xm),
349 1651 407 1704 id
442 1656 531 1704 est
551 1650 693 1704 scire
712 1650 1047 1715 feci.\’eluti,
1075 1652 1221 1721 quod
1236 1668 1408 1721 supra
1428 1652 1637 1706 dictum
1669 1658 1771 1718 est,

1870 500 1955 553 nis
1984 500 2259 568 potestate
2282 492 2612 557 dubitasset,
2642 490 2889 544 oilendit.
2925 491 3010 544 Ita
3037 494 3094 543 et
3119 489 3223 542 viri
3254 489 3453 560 przedi-

1866 596 2101 644 catores.
2130 584 2235 638 nisi
2266 583 2513 652 legitime
2544 586 2776 635 utantur
2796 581 2900 634 hac
2928 583 3205 652 potestate
3225 578 3449 643 (.‘hristi,
3524 640 3531 647 _

1866 677 2215 745 ﬁdelitesque
2241 673 2382 726 nihil
2413 670 2733 727 dubitantes
2751 670 2820 724 de
2838 670 2933 723 illo
2962 670 3186 740 penitus
3201 668 3452 730 alienam-

1864 773 1959 821 tur
1985 772 2313 819 retrorsum.
2351 763 2560 816 Idcirco
2594 778 2704 815 non
2736 776 2958 824 aurum,
2992 776 3104 813 non
3134 766 3451 827 argentum,

1862 874 1974 911 non
2004 853 2258 925 pecunia,
2277 852 2359 906 vel
2387 851 2538 905 aliud
2560 850 2769 920 aliquid
2783 866 2846 903 ex
2869 849 3172 921 superﬂuo,
3197 845 3454 900 ﬁdelibus

1861 951 1947 999 est
1975 940 2427 1015 praedicatoribus
2446 939 2863 1010 requirendum,
2881 937 3040 1008 quasi
3069 953 3134 990 ex
3156 936 3309 1005 virga
3330 952 3452 1006 quae

1861 1039 2214 1106 peccatorum
2233 1036 2349 1095 est;
2372 1030 2467 1083 sed
2482 1046 2547 1083 ex
2572 1033 2847 1099 potestate
2870 1025 3095 1081 Domini
3113 1040 3452 1096 praesumen-

1860 1125 2013 1179 dum.
2059 1122 2164 1176 Sed
2200 1119 2467 1192 quieritur
2498 1118 2774 1189 quomodo
2813 1115 2992 1187 gratis
3025 1114 3159 1169 dare
3188 1112 3451 1191 debeant,

1862 1213 2009 1285 quod
2023 1211 2201 1282 gratis
2230 1212 2581 1279 acceperunt,
2606 1207 2652 1260 si
2680 1207 2883 1276 dignus
2904 1211 2989 1259 est
3001 1203 3292 1276 operarius
3309 1218 3451 1256 mer-

1860 1304 1992 1358 cede
2022 1319 2141 1366 sua,
2176 1304 2232 1352 ct
2260 1316 2325 1351 ex
2356 1298 2455 1351 hac
2488 1296 2742 1349 mercede
2759 1301 3017 1366 sumptus
3046 1293 3169 1347 vitae
3200 1308 3451 1346 necessa-

1859 1393 1971 1448 rios
2002 1392 2131 1446 licet
2157 1389 2408 1459 accipere
2430 1406 2463 1441 a
2481 1388 2597 1441 suis
2624 1384 2991 1439 auditoribus.
3042 1382 3200 1445 Quod
3231 1382 3309 1435 ita
3338 1380 3451 1433 sol-

1858 1482 2026 1535 vitur.
2081 1479 2248 1533 Aliud
2298 1483 2383 1530 est
2430 1478 2579 1530 enim
2626 1491 2727 1546 pro
2779 1472 3033 1527 mercede
3084 1469 3243 1535 lucri,
3298 1467 3451 1522 verbi

1859 1570 2127 1642 mysteria
2164 1568 2508 1640 impendere,
2541 1564 2833 1618 commoda
2863 1559 3149 1632 praesentis
3180 1558 3302 1612 vitae
3323 1556 3454 1611 hinc

1858 1661 2179 1730 requirere:
2213 1662 2394 1722 4g:
2430 1654 2581 1708 aliud
2610 1653 2813 1706 victum
2844 1651 2932 1703 vix
2956 1646 3350 1710 necessarium,
3387 1654 3444 1700 et

190 1744 243 1792 ut
258 1718 387 1793 sciat
404 1742 464 1792 si
490 1741 742 1806 diligatis
772 1756 899 1793 eum
926 1718 1234 1807 (Deuﬁxm,
1255 1718 1323 1810 3),
1352 1741 1498 1811 quod
1525 1748 1610 1794 est
1624 1741 1773 1795 dice-
1792 1718 1835 1777 Β
1858 1718 1996 1800 illud
2036 1764 2144 1800 non
2182 1718 2535 1801 ut—vivamus
2562 1746 2801 1799 tantum,
2836 1739 2931 1792 sed
2962 1744 3021 1791 ut
3053 1737 3225 1790 libere
3258 1733 3452 1806 pradi-

188 1844 240 1882 re
259 1834 317 1882 ut
343 1828 493 1882 scire
513 1828 700 1893 faciat,
724 1834 916 1883 utrum
947 1846 1074 1883 eum
1108 1847 1206 1900 pro
1237 1838 1387 1883 certo
1413 1830 1646 1899 diligere
1678 1848 1771 1883 ve-

187 1917 286 1971 litis
319 1935 330 1969 :
379 1917 470 1971 ita
490 1926 549 1971 et
582 1917 688 1971 hoc
734 1918 854 1971 loco
882 1917 1034 1987 virgo
1064 1936 1185 1989 quae
1207 1919 1435 1972 terenda
1464 1925 1549 1971 est
1577 1919 1633 1971 in
1665 1920 1771 1982 via,

188 2012 419 2078 potestas
455 2012 547 2060 est
576 2007 902 2071 Salvatoris,
938 2024 1105 2077 quam
1139 2007 1209 2061 ab
1242 2008 1363 2078 ipso
1391 2014 1772 2079 perceperant,

187 2102 236 2152 et
257 2097 510 2167 regimen
542 2096 881 2150 animarum.
916 2097 997 2151 De
1033 2114 1141 2167 qua
1173 2114 1309 2151 sane
1339 2104 1616 2167 potestate
1648 2115 1777 2153 mox

185 2186 372 2255 adjecit
411 2186 610 2239 dicens
645 2203 656 2238 :
700 2187 905 2252 dignus
935 2191 1007 2239 est
1038 2190 1326 2253 operarius
1360 2188 1599 2239 mercede
1649 2204 1771 2241 sua.

185 2274 346 2338 Quam
376 2276 579 2345 itaque
610 2274 925 2328 mercedem
955 2275 1253 2345 Apostolus
1284 2291 1564 2345 exponens
1588 2275 1724 2329 dicit
1756 2294 1767 2328 :

188 2365 241 2417 Ut
281 2368 375 2432 qui
424 2365 727 2431 Evangelia
773 2366 1087 2417 deserviunt
1128 2380 1195 2416 ea:
1239 2365 1537 2431 Evangelia
1583 2368 1771 2418 vivant

186 2454 356 2518 (1001'.
388 2468 474 2517 Ix,
505 2451 735 2509 MnEt:
765 2454 1038 2519 Nunquid
1055 2469 1164 2506 non
1189 2453 1447 2505 habemus
1467 2453 1611 2506 hanc
1627 2459 1771 2521 pote-

181 2546 354 2595 statem
382 2540 676 2610 (Ibid.,4.)
704 2542 943 2611 Propter
969 2541 1117 2611 quod
1145 2541 1417 2595 Dominus
1446 2558 1572 2595 cum
1597 2541 1768 2596 dixis-

183 2635 257 2684 set
280 2648 291 2682 :
312 2632 499 2687 Nolite
520 2632 793 2699 possidere
813 2646 1041 2694 aurum,
1065 2646 1233 2697 neque
1261 2639 1577 2696 argentum,
1599 2647 1770 2699 neque

180 2722 484 2786 pecuniam,
512 2724 571 2774 et
589 2724 809 2779 cetera,
840 2718 1104 2772 continuo
1128 2718 1377 2773 subdidit
1408 2738 1419 2771 :

240 2814 426 2872 4m
446 2810 663 2875 Dignus
684 2813 758 2861 est
773 2810 1059 2875 operarius
1082 2809 1322 2860 mercede
1340 2808 1545 2861 sua.Ex
1558 2825 1668 2878 quo
1684 2825 1768 2862 sa-

186 2896 250 2950 tis
275 2897 528 2951 ostendit
549 2913 650 2950 cur
668 2913 764 2950 eos
790 2896 897 2949 ista
917 2897 1199 2967 possidere
1231 2896 1493 2950 noluerit.
1514 2898 1767 2951 Profecto

183 2984 297 3055 quia
314 2986 392 3039 sic
412 3002 517 3040 eos
548 2984 824 3049 mittebat,
860 2990 923 3038 ut
950 2985 1065 3039 haec
1084 2986 1152 3038 ab
1173 2984 1259 3043 iis.
1279 2984 1482 3055 quibus
1504 2987 1622 3055 jam
1656 3003 1769 3040 cre-

1858 1853 1985 1890 care
2010 1837 2305 1906 possimus,
2327 1834 2596 1904 accipere.
2634 1833 2765 1895 Quae
2791 1830 2921 1882 licet
2943 1829 3063 1897 jam
3093 1827 3162 1879 de
3192 1824 3449 1878 mercede

1858 1925 1971 1979 sint
1993 1926 2196 1995 Operis,
2222 1930 2412 1978 tamen
2443 1920 2724 1991 Evangelii
2746 1923 2878 1973 sunt
2906 1918 3078 1969 lucra.
3114 1915 3181 1968 Et
3202 1914 3325 1967 ideo
3352 1914 3448 1983 ju-

1860 2021 2007 2069 stum
2039 2020 2124 2068 est
2150 2013 2219 2068 ab
2237 2014 2316 2067 eis
2345 2013 2595 2083 accipere
2628 2006 2907 2079 stipendia
2930 2009 3208 2075 sumptus,
3246 2000 3448 2072 quibus

1859 2104 2144 2157 offerimus
2164 2101 2403 2155 cwlestis
2429 2100 2553 2152 vitae
2587 2096 2817 2168 praemia
2849 2110 2862 2148 :
2913 2090 3176 2162 quoniam
3219 2089 3337 2142 hinc
3364 2089 3450 2142 in-

1857 2192 2078 2246 terdum
2103 2188 2517 2260 evangelizandi
2555 2185 2738 2257 gratia
2767 2182 2925 2237 nobis
2953 2186 3085 2235 sunt
3114 2177 3445 2233 necessaria.

1856 2282 2015 2335 Unde
2042 2281 2156 2335 sint
2180 2280 2285 2333 ista
2325 2276 2658 2331 necessitate
2683 2269 3137 2346 praedicatoribus
3163 2283 3444 2330 concessa,

1855 2387 1964 2423 non
1999 2369 2137 2423 lucri
2166 2385 2335 2423 causa
2362 2366 2626 2438 quaesita;
2660 2370 2715 2417 et
2732 2363 2861 2415 vitm
2892 2363 3243 2413 sacramenta
3275 2354 3451 2409 ﬁdeli-

1854 2458 1975 2517 bus.
1995 2460 2172 2529 gratis
2198 2458 2442 2528 quidem,
2478 2455 2573 2509 sed
2598 2470 2709 2507 non
2734 2470 2833 2523 pro
2873 2447 3150 2515 mercede,
3172 2446 3447 2516 impensa.

1853 2548 1985 2611 Quae
2007 2548 2271 2601 nimirum
2306 2562 2518 2599 merces
2550 2544 2627 2596 ita
2649 2539 3014 2595 delaboribus
3044 2537 3135 2590 hic
3149 2534 3447 2590 inchoatur

1853 2636 2122 2697 ﬁdelium,
2149 2641 2211 2688 ut
2231 2634 2342 2688 illic
2361 2634 2429 2686 de
2461 2631 2710 2685 veritatis
2731 2629 2941 2681 visione
2957 2626 3303 2696 compleatur
3318 2625 3447 2693 jure

1850 2724 2223 2778 credentibus.
2258 2722 2417 2787 Quod
2448 2724 2635 2775 autem
2667 2735 2767 2772 nec
2802 2718 3179 2770 calceamenta
3217 2711 3447 2766 ferenda

1849 2813 1964 2867 sint
1982 2814 2037 2866 in
2058 2812 2496 2883 pedibus,magis
2516 2810 2583 2863 ad
2607 2825 2828 2862 sensum
2849 2804 3264 2876 accipiendum;
3292 2799 3444 2872 quia,

1850 2911 1914 2956 ut
1944 2902 2077 2967 dixi,
2110 2901 2417 2955 secundum
2465 2899 2713 2952 Marcum
2746 2896 3019 2950 calceatos
3046 2910 3139 2947 eos
3166 2890 3330 2962 jubet
3358 2888 3447 2942 in-

1850 2992 2047 3046 cedere
2072 2990 2342 3045 sandaliis
2364 2992 2557 3047 (Marc.
2599 3003 2672 3051 γι,
2699 2987 2773 3055 9).
2808 2987 2964 3041 Unde
2988 2989 3044 3038 et
3074 2981 3257 3037 adhuc
3281 2977 3449 3035 hodie

185 3074 430 3129 dentibus
481 3074 844 3143 Evangelium
893 3074 1285 3143 praedicabant,
1332 3075 1505 3144 accipi
1565 3075 1767 3129 debere
1784 3070 1827 3129 C
1851 3081 2103 3134 sandalia
2126 3078 2349 3134 Domini
2366 3079 2553 3131 Romae
2576 3076 2873 3139 habentur,
2897 3074 3097 3145 quibus
3124 3070 3294 3142 pedes
3313 3066 3449 3121 tecti

185 3170 531 3218 monstraret.
572 3164 638 3216 Et
663 3162 789 3216 ideo
828 3161 941 3214 illis
970 3162 1321 3232 loquebatur,
1354 3170 1417 3217 ut
1438 3165 1618 3218 securi
1656 3182 1768 3219 non

184 3255 542 3323 posiderent,
577 3268 758 3322 neque
786 3256 1075 3321 portarent
1096 3252 1265 3321 hujus
1282 3252 1404 3306 vita:
1431 3254 1765 3319 necessaria,

183 3343 349 3396 saltim
374 3359 484 3397 nec
504 3357 716 3409 magna
741 3357 842 3393 nec
860 3341 1115 3394 minima.
1138 3342 1373 3412 Propter
1393 3344 1539 3413 quod
1561 3344 1765 3413 posuit,

180 3432 325 3501 juxta
342 3431 675 3486 Matthazum
694 3436 751 3485 et
771 3432 995 3493 Lucam,
1016 3448 1184 3498 neque
1206 3434 1445 3498 virgam,
1462 3432 1558 3486 sed
1579 3434 1770 3487 omnia

185 3519 295 3573 vitae
318 3520 639 3574 necessaria
676 3537 710 3573 a
739 3519 1016 3579 ﬁdelibus,
1052 3537 1118 3573 ex
1152 3525 1428 3589 potestate
1457 3526 1514 3574 et
1538 3521 1766 3574 ordina-

185 3608 318 3663 tione
344 3609 573 3663 Domini
612 3608 814 3662 debere
846 3609 1113 3679 accipere,
1148 3614 1205 3661 et
1232 3609 1388 3663 nulla
1411 3611 1694 3679 superﬂua
1734 3627 1767 3664 a

186 3698 287 3751 suis
312 3697 668 3753 auditoribus
699 3698 988 3769 requirere
1018 3699 1161 3761 Quia
1180 3699 1325 3752 sicut
1339 3700 1496 3768 justa
1523 3705 1769 3770 potestas

185 3802 214 3839 a
231 3787 482 3851 Domino,
516 3793 596 3841 ita
619 3787 899 3857 etinjusta
924 3788 1281 3857 praesumptio
1301 3805 1335 3841 a
1351 3788 1598 3844 diabolo.
1614 3789 1770 3842 Unde

186 3874 474 3931 Dominum
495 3882 801 3947 utrumque
829 3877 1035 3930 dixisse
1064 3876 1437 3932 manifestum
1450 3883 1551 3943 est,
1586 3884 1646 3931 ut
1669 3878 1773 3931 fcr-

185 3973 298 4020 rent
322 3967 539 4037 virgam
584 3967 642 4020 in
679 3968 784 4031 via,
838 3973 896 4020 et
924 3983 1032 4019 non
1068 3966 1297 4019 ferrent.
1338 3966 1481 4030 Quia
1521 3967 1665 4021 sicut
1689 3973 1773 4021 est

185 4054 323 4125 virga
344 4057 656 4127 justorum,
681 4056 750 4110 de
773 4072 884 4126 qua
897 4057 1100 4109 dicitur
1127 4074 1136 4106 :
1166 4057 1323 4122 Virga
1355 4061 1452 4109 tua
1479 4061 1527 4110 et
1546 4059 1771 4111 baculus

185 4147 315 4209 tuus,
338 4149 459 4213 ipsa
482 4162 567 4197 me
594 4148 874 4198 consolata
911 4150 1041 4196 ςιικιί
1066 4148 1237 4205 (Dial.
1275 4161 1402 4209 xxn,
1441 4146 1488 4215 4)
1524 4164 1534 4199 :
1567 4145 1647 4199 ita
1674 4152 1767 4199 et:

196 4232 340 4300 Virga
358 4240 902 4303 peccatorum,quam
916 4251 1025 4285 non
1043 4237 1220 4301 )‘I"/nq
1231 4240 1313 4286 uet
1328 4235 1596 4287 Dominus
1609 4250 1773 4303 super

184 4327 365 4375 sortem
394 4327 691 4391 justorum
727 4326 897 4377 (Psal.
925 4336 1104 4386 CXXIV,
1125 4322 1202 4383 2).
1230 4323 1407 4386 Quam
1438 4323 1627 4393 itaque
1658 4324 1770 4377 vir-

1852 3176 1909 3223 et
1936 3169 2126 3223 iutecti
2158 3173 2569 3232 monstrantur;
2604 3166 2659 3218 id
2694 3172 2779 3218 est
2808 3171 2870 3217 ut
2901 3180 3001 3217 nec
3021 3162 3156 3215 nudi
3186 3161 3449 3214 deorsum

1852 3259 1921 3312 ad
1950 3265 2161 3312 terram
2195 3257 2325 3321 sint,
2348 3274 2446 3310 nec
2477 3255 2724 3326 cooperti
2744 3255 3003 3323 desuper.
3023 3252 3227 3304 Volens
3260 3254 3449 3301 osten-

1853 3347 2005 3403 dere.
2055 3348 2329 3400 calceatos
2380 3363 2475 3399 eos
2526 3362 2646 3397 esse
2687 3343 2888 3397 debere
2936 3342 2994 3394 in
3043 3337 3450 3411 prmparatione

1852 3436 2136 3505 Evangelii
2168 3435 2345 3505 pacis;
2379 3441 2654 3504 quatenus
2676 3432 3037 3501 Evangelium
3061 3446 3162 3484 nec
3183 3425 3450 3482 occultari

1850 3525 2053 3579 debere
2084 3523 2348 3587 insinuet,
2388 3540 2490 3576 nec
2518 3522 2760 3576 terrenis
2792 3518 3098 3574 commodis
3145 3514 3448 3589 implicari.

1854 3614 2013 3677 Quod
2072 3618 2259 3667 autem
2296 3611 2383 3665 hic
2428 3628 2527 3664 nec
2575 3611 2954 3663 calceamenta
2995 3605 3249 3677 permisit
3276 3605 3446 3671 ferre,

1852 3702 2152 3755 stultorum
2175 3717 2406 3771 operum
2429 3700 2681 3768 exempla
2698 3699 2965 3761 insinuat,
2982 3713 3083 3750 nec
3104 3694 3445 3764 conspicere,

1854 3808 1925 3844 ne
1941 3791 2029 3844 sui
2055 3789 2302 3860 corporis
2322 3805 2491 3859 opera
2518 3787 2708 3843 credat
2737 3786 2895 3856 quasi
2927 3802 2992 3838 ex
3019 3782 3254 3837 mortuis
3286 3781 3448 3852 pelli-

1853 3880 1957 3935 bus
2005 3880 2232 3933 muniri.
2282 3878 2424 3942 Quia
2474 3882 2606 3930 sunt
2643 3874 2915 3938 nonnulli,
2967 3872 3062 3943 qui
3114 3871 3449 3942 pravitatem

1853 3986 2015 4024 suam
2059 3986 2123 4022 ex
2163 3968 2361 4021 alienis
2404 3964 2770 4037 pravitatibus
2802 3968 3076 4019 conantur
3111 3960 3279 4027 tueri,
3313 3960 3451 4013 dum

1853 4060 1993 4113 alios
2023 4058 2157 4112 talia
2188 4057 2381 4111 fecisse
2402 4054 2769 4125 conspiciunt,
2806 4059 2861 4106 ct
2890 4070 2956 4105 ea
2985 4051 3251 4122 perﬁcere
3280 4049 3451 4103 licen-

1854 4148 1968 4203 tius
1998 4147 2250 4201 credunt.
2283 4148 2361 4199 Ac
2394 4163 2490 4217 per
2522 4145 2625 4197 hJC
2655 4144 2802 4198 sicut
2821 4160 2885 4197 ex
2916 4150 3265 4196 mortuorum
3298 4139 3452 4210 pelli-

1853 4237 1958 4291 bus
1980 4237 2147 4307 pedes
2176 4241 2463 4306 teguntur,
2492 4235 2571 4288 ita
2596 4240 2651 4287 et
2682 4250 2874 4287 eorum
2902 4232 3063 4303 quasi
3084 4230 3330 4302 quadam
3358 4229 3453 4283 de-

1853 4326 2216 4379 corticatione
2238 4342 2297 4378 se
2328 4324 2605 4378 muniunt.
2638 4325 2781 4377 Nam
2812 4322 2958 4377 sicut
2986 4319 3289 4375 in'duobus
3329 4318 3451 4373 istis

184 4424 300 4477 gam
321 4412 545 4466 monuit
566 4412 858 4473 Dominus,
878 4429 946 4465 ne
968 4413 1050 4464 sui
1071 4412 1282 4465 ferrent
1307 4412 1364 4465 in
1382 4412 1471 4465 via
1488 4412 1767 4484 discipuli,
1788 4398 1837 4456 D
1857 4415 2217 4484 evangelistis
2245 4416 2527 4468 contraria
2551 4413 2841 4482 jubentur,
2876 4413 2934 4466 in
2981 4411 3233 4465 Matthiae
3263 4409 3453 4464 videli-

187 4512 298 4568 quaa
315 4502 577 4555 Christus
604 4507 707 4564 est,
741 4517 813 4554 ne
842 4501 1192 4554 subobtentu
1223 4500 1423 4556 debitae
1453 4502 1770 4571 potestatis,

187 4604 283 4655 qua
311 4590 468 4659 digni
492 4595 657 4644 erant
678 4590 951 4651 mercede,
971 4607 1070 4643 sua
1094 4590 1400 4660 cupiditate
1418 4596 1766 4661 sumptuosa,

186 4678 335 4745 quasi
387 4696 454 4732 ex
502 4678 751 4742 licentia,
779 4695 911 4732 suos
939 4680 1255 4746 afﬂigerent
1297 4679 1600 4733 auditores.
1645 4681 1769 4735 Non

187 4766 325 4833 quod
344 4768 427 4821 eis
450 4767 710 4821 manibus
738 4784 850 4822 non
876 4768 1065 4821 liceret
1084 4770 1284 4821 victum
1308 4785 1557 4839 quaerere
1579 4786 1771 4824 neces-

186 4855 410 4916 sarium.
433 4858 580 4912 sicut
608 4858 835 4921 Paulus,
883 4863 941 4911 et
968 4858 1060 4910 alii
1084 4858 1465 4927 operabantur
1491 4859 1769 4926 manibus,

184 4957 250 4996 ne
276 4944 379 4998 hac
410 4952 705 5001 uterentur
731 4952 1008 5018 potestate
1035 4966 1046 5014 ;
1080 4948 1174 5000 sed
1196 4947 1479 5001 licentiam
1499 4950 1769 5017 concedit,

193 5030 313 5086 dum
342 5034 479 5089 dicit
509 5051 523 5088 :

250 5122 464 5189 Dignus
492 5130 565 5178 est
592 5128 881 5193 operarius
913 5129 1149 5180 mercede
1176 5143 1295 5181 sua.
1329 5129 1511 5197 Atque
1532 5128 1670 5182 nihil
1702 5129 1775 5184 fe-

190 5211 419 5264 rendum
432 5212 486 5266 in
500 5213 589 5266 via
609 5213 717 5267 nisi
735 5214 948 5284 virgam
961 5219 1180 5269 tantum
1204 5218 1470 5271 mandatu
1480 5234 1595 5283 r,ex
1614 5219 1775 5287 cujus

188 5298 427 5365 profecto
440 5308 717 5372 potestate
736 5320 858 5373 quae
870 5305 1188 5358 necessaria
1207 5311 1340 5359 sunt
1351 5306 1417 5358 ad
1425 5305 1776 5371 futura,nulli

189 5384 468 5444 doctorum
483 5392 733 5447 ﬁdelium
748 5393 1312 5457 dubitaridumwxod.
1334 5409 1410 5456 Iv,
1434 5393 1678 5467 20).Ipsa
1692 5404 1777 5451 est

188 5475 332 5531 enim
360 5479 513 5552 virga
527 5482 600 5537 de
616 5483 805 5537 radice
819 5484 849 5538 J
854 5501 996 5545 esse,
1021 5501 1191 5556 quam
1211 5486 1422 5557 Moyses
1440 5486 1572 5540 olim
1587 5504 1776 5542 secum

191 5565 331 5633 tulit,
365 5573 425 5624 et
442 5570 495 5626 in
516 5573 679 5644 cujus
707 5579 983 5645 potestate
1022 5574 1269 5647 plurima
1288 5574 1581 5646 signorum
1603 5578 1779 5648 gessit

1853 4511 1943 4560 cet
1973 4510 2030 4559 et
2058 4506 2244 4558 Marco
2274 4523 2284 4557 :
2319 4504 2399 4557 ita
2430 4509 2488 4557 et
2509 4502 2683 4556 aliubi
2710 4502 2779 4556 ab
2802 4502 2996 4556 eodem
3027 4501 3267 4555 Domino
3291 4498 3452 4570 jube-

1852 4600 1948 4649 tur
1972 4601 2165 4648 sancto
2191 4593 2368 4664 Moysi
2398 4611 2410 4646 :
2441 4592 2613 4656 Solve,
2645 4592 2847 4663 inquit,
2883 4596 3249 4645 calceamenta
3272 4592 3335 4644 de
3362 4605 3453 4659 pe-

1854 4685 2015 4737 dibus
2049 4686 2159 4736 iuis
2200 4684 2392 4749 (Exod.
2436 4697 2514 4745 III,
2537 4680 2611 4749 5);
2654 4688 2711 4735 et
2736 4682 2905 4736 Josue
2935 4680 3199 4735 similiter
3226 4681 3350 4751 (Jos.
3392 4695 3445 4746 v,

1862 4773 1968 4842 15),
1994 4773 2053 4827 in
2070 4772 2412 4827 comestione
2434 4789 2561 4825 vero
2583 4772 2713 4842 agni
2732 4770 3071 4842 longealiter
3091 4772 3448 4843 praedicatur.

1858 4864 1955 4916 Ait
1972 4862 2251 4916 enimita:
2288 4864 2378 4915 Sic
2405 4867 2592 4915 autem
2613 4863 2896 4915 comedetis
2928 4865 3093 4915 illum
3126 4881 3141 4915 :
3174 4864 3450 4916 [ambive-

1856 4956 1964 5007 stri
1974 4955 2089 5005 sint
2116 4955 2396 5020 praecincti
2400 4957 2466 5011 ,ει
2489 4954 2856 5005 calceamenta
2869 4951 3133 5004 habebitis
3151 4954 3213 5004 in
3229 4953 3451 5018 pedibus

1856 5045 2049 5096 vestris
2073 5042 2263 5099 lExod.
2294 5053 2389 5105 xu,
2424 5038 2531 5106 ll).
2558 5040 2733 5093 Porro
2763 5040 3271 5109 AgnusiDei'verus
3293 5040 3454 5093 Chri-

1856 5137 1976 5185 stus
2023 5138 2125 5195 est,
2169 5146 2332 5200 quem
2360 5129 2602 5182 Joannes
2627 5128 2978 5182 demonstrat
3007 5146 3017 5181 :
3068 5131 3213 5194 Ecce,
3244 5127 3446 5198 inquit,

1857 5223 2048 5288 Agnus
2064 5224 2173 5284 Dei,
2195 5238 2303 5273 ecce
2331 5224 2430 5289 qui
2447 5223 2588 5274 tollit
2604 5227 2823 5289 peccata
2842 5223 3241 5291 mundiatloan.
3271 5235 3311 5286 ι,
3340 5220 3448 5292 29).

1860 5312 2042 5381 Hujus
2059 5328 2190 5380 ergo
2209 5316 2323 5363 tam
2346 5310 2538 5363 ﬁdeles
2565 5310 2623 5365 in
2648 5310 2962 5365 ministerio
2981 5310 3231 5382 corporis
3256 5315 3314 5366 et
3330 5327 3456 5366 san-

1856 5401 2044 5472 guinis
2090 5400 2332 5464 Domini,
2371 5417 2541 5471 quam
2583 5399 3367 5469 simuluniversilcredentes
3395 5402 3456 5458 in

1859 5491 1987 5557 ﬁde,
2028 5490 2102 5543 ita
2137 5489 2404 5545 debemus
2435 5490 2619 5555 edere,
2654 5491 2944 5563 nostrique
2968 5490 3457 5560 cordislinteriori-

1857 5580 1962 5636 bus
1992 5580 2411 5647 commendare,
2445 5585 2510 5636 ut
2536 5596 2649 5637 non
2679 5581 2862 5638 solum
2881 5581 3115 5639 lumbos-
3134 5582 3455 5652 praecinctos
