3918 6176
274 231 373 288 417

1017 239 1401 298 EXPOSITIO
1442 244 1518 297 IN
1565 240 2012 297 MATTHA'JUM.
2056 269 2126 281 -
2165 241 2300 296 LIB.
2343 241 2439 309 VI,
2483 242 2639 297 CAP.
2683 243 2749 296 X.

3439 244 3547 303 418

265 373 458 412 rursus
512 361 697 430 pulvis
742 363 1042 418 adhaeserit
1090 367 1452 436 perﬁdorum,
1504 366 1869 422 excutiendus
1888 367 1933 426 Α
1954 364 2053 418 toli
2076 364 2535 425 civitatem.unde
2557 366 2699 419 scire
2732 369 3008 436 poterant.
3040 367 3148 421 nisi
3179 383 3244 421 ex
3272 368 3543 424 relatione

266 448 460 517 utique
508 450 579 503 de
617 453 874 522 pedibus,
919 470 989 508 ne
1030 455 1158 509 ullis
1205 455 1635 525 coinquinemur
1667 455 1874 510 fraudi-

270 534 389 589 bus.

331 626 517 694 Neque
533 645 750 695 peram,
791 629 990 701 inquit,
1024 635 1087 685 in
1118 634 1225 693 via,
1266 649 1432 701 neque
1461 634 1598 686 duas
1630 635 1868 686 tunicas.

262 713 628 769 Detruncatis
685 718 861 788 igitur
889 718 1137 797 avaritiae
1170 721 1467 785 thesauris,
1503 738 1631 774 mox
1674 721 1864 791 gulam

264 803 508 866 cohibet,
541 813 599 859 et
643 808 834 877 anguit
883 809 1260 879 philosophos,
1296 810 1389 881 qui
1431 811 1695 863 dicuntur
1740 810 1868 862 Bac-

268 891 535 947 chionitae
578 896 663 948 vel
712 896 1131 967 Baccroperitae,
1174 899 1290 968 qui,
1324 900 1515 952 omnia
1541 899 1735 952 mundi
1769 915 1866 967 pro

262 980 438 1034 nihilo
468 982 762 1049 ducentes,
795 986 1019 1040 cellaria
1062 1003 1250 1040 secum
1299 988 1570 1041 ferebant.
1617 989 1866 1051 Quorum

261 1084 410 1122 unus
442 1073 813 1141 supellectilis
840 1091 964 1128 cum
996 1074 1135 1127 nihil
1163 1091 1349 1129 secum
1378 1076 1565 1141 ferret,
1599 1077 1706 1130 nisi
1732 1094 1864 1130 cau-

259 1174 389 1211 cum
423 1177 540 1229 quo
566 1178 773 1232 aquam
804 1162 1037 1228 biberet,
1062 1164 1254 1218 videns
1274 1166 1572 1233 quemdam
1613 1167 1865 1220 concavis

256 1245 453 1301 bibere
484 1250 770 1317 manibus,
795 1269 921 1306 mox
950 1253 1186 1323 projecit
1215 1253 1353 1324 illud
1387 1273 1398 1306 :
1433 1252 1496 1307 Si
1512 1257 1748 1317 scissem,
1779 1255 1865 1308 in-

256 1337 399 1406 quit,
426 1341 577 1406 quod
612 1346 821 1393 natura
882 1343 1025 1395 hanc
1062 1343 1314 1395 haberem
1342 1347 1539 1409 artem,
1572 1360 1667 1397 nec
1696 1347 1867 1396 istum

259 1428 544 1480 tulissem.
582 1428 805 1490 Quanto
844 1430 1025 1499 magis
1055 1430 1346 1501 indignum
1383 1438 1505 1485 erat
1531 1437 1596 1485 ut
1631 1433 1865 1503 apostoli

256 1512 517 1569 ciborum
551 1533 757 1571 saccos.
794 1519 996 1589 quibus
1044 1536 1109 1573 ex
1167 1521 1462 1590 Evangelio
1507 1522 1756 1592 accipere
1786 1522 1867 1574 fas

255 1610 381 1657 erat
421 1607 763 1672 necessaria,
807 1608 992 1662 onusti
1021 1608 1248 1662 ferrent.
1280 1610 1682 1664 Verumtamen
1726 1610 1865 1679 legi-

1953 452 2177 517 civium,
2206 453 2330 521 quis
2360 452 2413 505 in
2444 470 2512 506 ea
2558 454 2761 524 dignus
2791 456 2977 507 esset?
3007 454 3079 509 Et
3119 456 3242 510 ideo
3275 457 3548 527 jubentur

1952 540 2319 611 interrogare.
2345 543 2471 595 Non
2502 544 2647 611 quod
2669 543 2725 595 in
2748 544 2953 597 eisdem
2986 543 3187 614 aliquis
3216 545 3550 615 dignitatem

1954 629 2081 681 ﬁdei
2102 640 2387 698 quaeratur
2416 630 2652 684 habere:
2689 632 2784 684 sed
2820 632 2863 683 si
2883 632 3084 701 dignus
3112 633 3187 687 sit
3216 633 3465 688 moribus
3494 640 3552 688 et

1952 717 2102 771 fama
2118 720 2270 771 home
2287 719 2429 772 vitae.
2454 728 2516 773 ut
2547 721 2705 774 multi
2740 720 2893 773 fuere
2922 722 3217 790 gentilium
3250 729 3307 776 et
3333 723 3549 777 Iudaeo-

1950 824 2095 871 rum,
2130 808 2479 862 honestatem
2514 816 2790 882 sectantes
2822 816 2877 862 et
2905 810 3255 865 nobilitatem
3293 813 3537 882 generis.

1948 895 2091 949 Mira
2119 897 2390 951 celsitudo
2438 878 2839 968 apostolorum,
2874 915 3111 969 quorum
3144 900 3406 971 hospitio,
3432 918 3544 956 non

1951 984 2287 1056 quicunque,
2320 994 2385 1039 ut
2411 987 2616 1040 assolet
2639 987 2807 1040 etiam
2839 986 3317 1057 magnatibus,sed
3339 989 3544 1060 dignus

1949 1074 2257 1143 requiritur
2285 1076 2503 1145 hospes,
2539 1092 2648 1128 non
2681 1076 2870 1129 minus
2891 1083 2952 1129 ut
2978 1075 3339 1146 impartiatur
3368 1078 3540 1146 aliud,

1950 1179 2117 1233 quam
2149 1168 2212 1216 ut
2233 1164 2487 1234 accipiat.
2522 1164 2783 1233 Alioquin
2811 1164 3054 1234 dignitas
3082 1172 3254 1220 tantae
3284 1167 3544 1238 praedica-

1947 1250 2119 1305 tionis
2140 1253 2507 1323 suscipientes
2528 1258 2854 1323 turparetur
2869 1257 3059 1318 4oz
3081 1253 3384 1321 infamia,si
3400 1262 3547 1312 esset

1950 1330 2226 1411 indignus.
2259 1359 2446 1395 coram
2491 1343 2606 1395 suis
2653 1342 2863 1395 civibus
2912 1347 2968 1394 et
3022 1343 3301 1397 notabilis.
3345 1346 3548 1416 Magna

1952 1428 2122 1499 igitur
2153 1431 2399 1500 dignitas
2428 1432 2543 1486 Deo
2573 1431 2856 1486 tribuente
2904 1430 3176 1484 beneficia
3200 1450 3213 1499 ;
3239 1431 3335 1485 sed
3369 1435 3550 1504 major

1951 1519 2019 1573 ab
2047 1537 2112 1573 eo
2154 1521 2201 1574 si
2260 1528 2543 1575 mereatur
2589 1522 2830 1591 gratiam
2888 1520 3191 1591 percipere.
3246 1521 3456 1575 Tamen
3484 1522 3544 1577 in

1949 1614 2188 1680 utroque
2216 1610 2533 1675 laudabilis,
2566 1609 2820 1681 quisquis
2850 1610 2921 1663 ad
2969 1609 3087 1663 haec
3128 1609 3363 1664 idoneus
3392 1611 3548 1665 inve-

255 1709 384 1745 mus
418 1696 603 1762 (Joan.
636 1710 756 1759 xm,
788 1696 884 1765 29)
905 1697 1107 1752 Judam
1138 1698 1349 1752 loculos
1370 1698 1629 1753 habuisse
1659 1700 1716 1753 in
1747 1699 1866 1770 qui-
1886 1710 1929 1769 Β
1950 1697 2123 1751 uitur.

254 1779 358 1835 bus
385 1799 507 1836 non
541 1801 715 1838 onera
746 1785 1018 1853 ciborum,
1042 1788 1137 1841 sed
1161 1788 1477 1842 necessaria
1497 1788 1692 1852 victus,
1719 1788 1863 1845 etad

252 1885 392 1925 usus
421 1889 762 1944 pauperum,
796 1875 983 1946 aliqua
1011 1877 1297 1931 detulisse.
1330 1879 1480 1931 Duas
1506 1884 1697 1931 autem
1717 1878 1864 1931 tuni-

254 1976 348 2013 cas
379 1961 537 2015 ferre
562 1963 805 2018 vetuisse
834 1970 1007 2035 patet.
1040 1966 1163 2019 Non
1192 1966 1340 2036 quod
1370 1966 1425 2019 in
1456 1966 1591 2019 locis
1623 1965 1861 2037 Scythiae

252 2050 487 2119 glaciali
522 2052 648 2106 nive
679 2053 1008 2124 rigentibus,
1043 2060 1141 2109 aut
1177 2054 1235 2108 in
1292 2054 1719 2125 quamplurimis
1762 2055 1859 2108 Al-

251 2140 416 2209 pium
448 2141 838 2196 cacuminibus
859 2160 971 2196 una
989 2142 1216 2197 cuilibet
1242 2144 1434 2197 tunica
1453 2144 1707 2198 sufﬁcere
1738 2161 1858 2215 pos-

253 2229 356 2281 sit:
393 2229 497 2282 sed
530 2231 677 2300 quod
706 2232 897 2285 tunica
917 2250 1017 2303 pro
1032 2232 1367 2286 vestimento
1397 2233 1501 2287 hoc
1532 2234 1648 2287 loco
1669 2240 1845 2298 .19]
1880 2232 1889 2243 “

245 2318 380 2386 jure
414 2319 692 2389 accipitur
720 2321 1051 2375 necessaria.
1084 2322 1347 2392 Alioquin
1379 2322 1472 2392 qui
1493 2321 1633 2374 duas
1660 2322 1853 2388 vetuit,

254 2422 373 2460 non
429 2407 546 2460 alia
574 2407 825 2462 fortassis
868 2410 1329 2463 vestimentorum
1376 2426 1587 2479 genera
1630 2409 1867 2463 interdi-

254 2496 354 2551 xit.
385 2497 556 2551 Unde
588 2498 796 2553 Paulus
824 2500 1135 2570 penulama
1153 2500 1368 2552 Troade
1395 2499 1496 2552 sibi
1521 2499 1682 2565 jubet
1709 2500 1868 2552 affer-

253 2585 301 2638 ri
333 2587 424 2656 (ΙΙ
449 2587 591 2639 Tim.
623 2601 701 2655 1v,
722 2586 830 2655 31),
862 2588 959 2641 sed
987 2588 1210 2652 rectius,
1245 2594 1309 2641 ut
1337 2605 1436 2658 per
1462 2588 1713 2641 tunicam
1744 2604 1867 2643 ves-

254 2673 573 2729 timentum
633 2676 762 2730 vita:
808 2676 1091 2746 integrum
1158 2677 1463 2747 accipiatur
1506 2682 1562 2730 et
1607 2694 1869 2732 necessa-

252 2763 438 2829 rium;
456 2765 591 2818 licet
609 2771 833 2820 sanctus
854 2766 1095 2820 Basilius
1113 2782 1283 2820 unam
1321 2772 1378 2820 et
1402 2766 1712 2837 simplicem
1750 2767 1867 2821 suis

256 2853 522 2906 tunicam
549 2870 712 2925 posse
756 2855 1010 2909 sufficere
1055 2855 1390 2926 probaverit.
1437 2857 1553 2909 Hoc
1584 2855 1756 2925 igitur
1784 2862 1869 2910 est

255 2941 421 3012 quod
454 2942 560 2995 ait:
588 2946 769 3012 Neque
800 2946 940 2998 duas
970 2948 1205 3009 tunicas,
1230 2961 1300 2998 ne
1341 2934 1639 3014 quisquam
1672 2961 1868 2999 eorum

2020 1788 2121 1850 Ibi,
2155 1788 2357 1858 inquit,
2402 1793 2633 1841 manete.
2689 1789 2773 1841 Ne
2826 1787 2951 1857 vagi
2981 1786 3103 1841 sitis
3149 1787 3261 1842 huc
3305 1788 3549 1860 illucque

1944 1874 2330 1940 discurrendo,
2366 1881 2428 1929 ut
2475 1876 2605 1945 quia
2666 1876 2870 1944 dignus
2901 1876 3162 1930 inventus
3194 1882 3280 1931 est
3320 1878 3544 1949 hospes,

1942 1963 2147 2017 ibidem
2171 1962 2453 2018 conﬂuere
2475 1965 2689 2035 possint
2712 1965 3019 2018 auditores.
3038 1966 3240 2019 Docuit
3254 1983 3387 2036 ergo
3412 1968 3547 2037 quid

1939 2051 2216 2106 intrantes
2255 2052 2448 2107 urbem
2480 2058 2734 2123 agerent,
2775 2053 2977 2107 deinde
3007 2053 3141 2124 quid
3188 2054 3379 2108 domui
3414 2056 3547 2110 hos-

1940 2140 2071 2210 pitis
2100 2142 2467 2212 implorarent
2498 2160 2510 2194 :
2546 2144 2741 2205 Dicite,
2796 2141 2999 2211 inquit,
3035 2144 3150 2195 Paw
3177 2142 3308 2196 huic
3334 2145 3545 2198 domui.

1940 2228 2113 2283 Docet
2138 2230 2195 2283 in
2217 2232 2400 2301 specie
2435 2230 2579 2301 quod
2613 2230 2865 2284 exhibuit
2915 2230 2971 2284 in
3001 2246 3227 2300 genere.
3261 2231 3405 2285 Nam
3434 2248 3545 2286 caa-

1940 2318 2096 2373 lestis
2126 2320 2324 2373 militia
2353 2321 2681 2390 angelorum
2710 2320 2769 2373 in
2802 2320 3059 2389 ingressu
3102 2319 3311 2374 Christi
3344 2320 3413 2374 ad
3445 2337 3547 2375 nos

1952 2407 2096 2463 hanc
2119 2410 2375 2463 exhibuit
2404 2426 2595 2480 pacem
2634 2398 2845 2463 mundo
2882 2427 2892 2461 :
2924 2410 3131 2473 Gloria,
3166 2409 3449 2478 inquiunt,
3484 2413 3547 2464 in

1949 2502 2169 2551 excelsis
2199 2500 2321 2563 Deo,
2348 2506 2399 2551 et
2424 2502 2485 2551 in
2516 2504 2665 2551 terra
2689 2515 2803 2566 pas:
2837 2500 3153 2551 hominibus
3180 2500 3327 2551 bona;
3346 2501 3547 2553 volun-

1952 2590 2079 2639 tatis
2102 2588 2245 2653 (Luc.
2280 2602 2339 2650 ΙΙ,
2373 2588 2481 2654 14).
2535 2589 2599 2641 Et
2643 2588 2746 2640 hoc
2783 2592 2869 2640 est
2899 2586 3047 2657 quod
3077 2586 3166 2639 hic
3194 2586 3402 2655 dignus
3449 2604 3543 2641 re-

1951 2675 2221 2745 quiritur;
2255 2676 2466 2729 scilicet
2520 2682 2584 2729 ut
2640 2676 2713 2730 sit
2769 2676 2972 2746 hospes
3020 2674 3178 2729 bona:
3216 2675 3540 2741 voluntatis,

1951 2764 2083 2833 quia
2110 2764 2251 2817 nihil
2281 2765 2451 2818 ditius
2480 2782 2663 2836 neque
2694 2764 3025 2835 locupletius
3050 2763 3351 2817 invenitur.
3380 2764 3541 2817 Enim

1948 2869 2078 2907 vero
2113 2871 2305 2924 pacem
2334 2871 2444 2908 non
2476 2854 2783 2926 parietibus
2805 2853 3106 2924 implorare
3122 2852 3301 2922 jubet,
3326 2852 3424 2906 sed
3444 2853 3541 2907 ho-

1949 2942 2212 3015 minibus,
2249 2961 2314 2997 ex
2339 2944 2539 3014 quibus
2570 2944 2744 2997 etiam
2765 2944 2964 2997 domus
2985 2941 3329 2995 construitur
3356 2941 3414 2994 in
3436 2958 3543 2995 cce-

258 3037 403 3102 post
428 3048 555 3084 eam
573 3048 682 3102 qua
705 3039 853 3087 esset
880 3033 1286 3087 indutusaliam
1304 3032 1588 3087 ferendam
1617 3039 1861 3105 putaret,
1882 3033 1926 3094 C
1950 3031 2038 3087 lis.
2074 3033 2208 3096 Qum
2239 3033 2284 3085 si
2311 3033 2482 3087 fuerit
2502 3034 2690 3103 digna,
2724 3032 2978 3086 videlicet
3008 3030 3164 3084 bona:
3203 3030 3504 3083 voluntatis
3527 3048 3538 3083 :

253 3119 543 3174 sollicitus
578 3137 649 3174 ne
692 3121 1005 3192 indigeret:
1031 3122 1339 3192 prmaertim
1371 3139 1497 3176 cum
1527 3139 1596 3176 ex
1629 3123 1727 3176 illa
1763 3139 1864 3194 po-

251 3214 475 3264 testate
503 3211 791 3279 przemissa
817 3216 1005 3282 posset
1033 3229 1067 3265 a
1105 3211 1352 3282 quolibet
1385 3213 1503 3281 jam
1534 3212 1749 3266 imbuto
1779 3228 1866 3266 ac-

251 3299 475 3369 cipere.
527 3299 768 3354 Proinde
832 3302 1055 3356 Marcus
1100 3318 1210 3355 non
1261 3301 1488 3371 portari,
1526 3306 1624 3355 aut
1670 3301 1864 3355 haberi

253 3387 411 3442 duas
431 3388 672 3454 tunicas,
698 3389 792 3443 sed
822 3390 1137 3460 expressius
1170 3390 1327 3443 indui
1354 3390 1530 3444 vetuit
1554 3391 1750 3462 (Marc.
1784 3405 1862 3459 v1,

254 3475 340 3545 9);
380 3476 677 3531 insinuans
698 3495 792 3532 eos
823 3495 937 3532 non
965 3478 1264 3549 dupliciter
1289 3479 1546 3533 incedere
1576 3478 1779 3533 debere
1806 3480 1865 3534 in

251 3563 590 3635 Evangelio,
630 3566 727 3620 sed
774 3567 1103 3637 simpliciter
1132 3567 1227 3638 qui
1269 3574 1420 3622 veste
1469 3568 1708 3639 nuptiali
1755 3568 1864 3622 cir-

254 3661 691 3725 cumteguntur.
723 3656 974 3720 Quorum
1005 3662 1091 3711 est
1114 3656 1305 3711 tunica
1325 3657 1419 3711 illa
1450 3657 1774 3723 indescissa,
1811 3662 1868 3711 et

255 3743 622 3799 inconsutilis
652 3745 895 3816 desuper
915 3752 1174 3800 contexta
1207 3763 1307 3816 per
1333 3752 1518 3800 totum
1540 3766 1557 3817 ;
1589 3763 1755 3817 quam
1769 3746 1866 3817 qui

258 3833 535 3888 habuerit
558 3850 671 3888 non
698 3835 922 3889 timebit
949 3853 981 3889 a
1010 3835 1216 3905 frigore
1246 3836 1477 3903 nivium,
1514 3836 1611 3890 sed
1642 3837 1713 3889 ad
1742 3852 1863 3889 om-

257 3922 352 3978 nia
379 3929 674 3995 protectus
695 3924 932 3978 fidenter
961 3924 1185 3978 incedit.
1219 3925 1622 3979 Verumtamen
1653 3925 1786 3996 quia
1806 3925 1864 3979 in

256 4010 346 4065 his
377 4012 649 4066 omnibus
694 4013 837 4066 dura
863 4013 1109 4067 conditio
1138 4013 1430 4068 videbatur
1457 4014 1858 4086 apostolorum,

257 4100 338 4154 ita
355 4102 670 4168 concludit,
702 4102 890 4156 dicens
923 4122 935 4156 :

328 4193 555 4260 Dignus
576 4196 650 4244 est
680 4195 967 4260 operarius
996 4194 1236 4247 mercede
1270 4210 1390 4248 sua.
1421 4195 1502 4248 Ac
1535 4194 1582 4248 si
1606 4198 1866 4265 patenter

262 4280 417 4335 dicat
444 4300 458 4335 :
494 4281 739 4335 Tantum
761 4282 995 4352 accipite
1025 4288 1296 4353 quantum
1319 4283 1377 4337 in
1406 4283 1608 4337 vestitu
1631 4289 1686 4337 et
1715 4283 1864 4337 victu

1959 3123 2154 3187 Veniet,
2198 3123 2396 3194 inquit,
2427 3140 2538 3192 pax
2568 3130 2743 3176 vestra
2772 3138 2932 3190 super
2964 3139 3103 3175 eam.
3135 3122 3280 3174 Nam
3310 3127 3367 3174 et
3393 3122 3544 3175 Pau-

1947 3210 2035 3264 lus
2067 3228 2405 3283 quamszepe,
2436 3212 2639 3283 quibus
2686 3210 2896 3271 scribit,
2929 3209 3174 3281 primum
3208 3226 3399 3280 pacem
3430 3210 3540 3265 im-

1948 3296 2150 3370 plorat,
2175 3307 2257 3365 ut,
2278 3318 2412 3371 pace
2434 3318 2560 3355 cum
2585 3301 2700 3355 Deo
2719 3312 2960 3370 recepta,
2996 3299 3090 3369 qui
3113 3304 3245 3352 sunt
3282 3299 3378 3353 iraa
3417 3299 3537 3367 ﬁlii,

1948 3389 2088 3442 fiant
2117 3390 2453 3460 adoptionis.
2480 3390 2549 3443 Et
2585 3389 2915 3449 notandum,
2948 3388 3092 3458 quod
3129 3388 3250 3457 jam
3281 3404 3386 3458 pax
3417 3387 3537 3455 Dei,

1947 3494 2055 3548 pax
2085 3480 2465 3549 apostolorum
2513 3478 2751 3544 dicitur;
2797 3478 2930 3548 quia
2976 3476 3319 3531 reconciliati
3350 3482 3407 3530 et
3433 3477 3540 3548 ipsi

1950 3566 2083 3631 Deo,
2118 3584 2181 3620 ex
2223 3568 2368 3621 dono
2416 3567 2697 3636 largitoris
2744 3567 2869 3619 aliis
2913 3583 3117 3620 munus
3148 3566 3298 3637 pacis
3330 3566 3542 3636 impen-

1949 3654 2108 3708 dunt.
2138 3655 2296 3718 Quod
2330 3655 2374 3709 si
2404 3673 2515 3709 non
2544 3654 2712 3708 fuerit
2749 3656 2937 3725 digna,
2966 3655 3023 3708 id
3052 3661 3138 3709 est
3164 3654 3321 3710 bonae
3350 3656 3541 3711 volun-

1948 3744 2100 3806 tatis,
2128 3744 2261 3814 quia
2283 3744 2406 3797 aliis
2437 3744 2725 3814 provenire
2746 3759 2858 3796 non
2881 3747 3091 3813 potest;
3120 3746 3233 3796 Pax
3253 3750 3427 3796 vestra
3458 3747 3532 3799 ad

1949 3850 2036 3886 vos
2069 3839 2389 3887 revertetur.
2421 3833 2750 3885 Revertetur
2770 3830 3014 3902 quidem,
3047 3847 3111 3884 eo
3142 3830 3290 3901 quod
3315 3846 3540 3902 egressa

1945 3921 2131 3976 fuerat
2154 3940 2255 3994 per
2282 3938 2617 3986 sermonem,
2666 3936 2778 3973 non
2825 3925 2889 3973 ut
2942 3919 3227 3973 desereret
3255 3937 3288 3973 a
3337 3920 3537 3990 quibus

1948 4010 2119 4065 missa
2146 4011 2347 4075 fuerat,
2373 4011 2469 4064 sed
2501 4010 2631 4081 quia
2652 4010 2854 4080 hospes
2871 4025 2994 4062 eam
3024 4008 3137 4061 sibi
3149 4007 3395 4062 oblatam
3420 4026 3538 4065 sus-

1945 4101 2132 4171 cipere
2162 4100 2343 4155 noluit
2370 4099 2439 4153 ob
2480 4097 2751 4152 malitiam
2792 4097 2992 4165 cordis,
3034 4102 3217 4151 totum
3246 4097 3304 4151 in
3335 4096 3540 4168 praedi-

1946 4189 2226 4244 catoribus
2253 4189 2549 4253 redundat,
2584 4195 2645 4243 et
2670 4206 2881 4242 merces
2904 4187 3053 4259 pacis
3090 4186 3310 4251 oblatae,
3343 4193 3400 4241 et
3428 4201 3538 4258 pax

1945 4279 2067 4351 ipsa
2094 4297 2188 4334 eos
2221 4285 2491 4351 quantum
2524 4295 2592 4333 ex
2632 4276 2765 4348 ipsis
2808 4283 2915 4344 est,
2955 4293 3055 4331 suo
3096 4275 3342 4331 refundit
3388 4291 3534 4346 rore,

258 4370 418 4424 vobis
448 4370 831 4424 necessarium
859 4371 1044 4425 fuerit.
1072 4372 1215 4425 Hinc
1245 4389 1379 4426 sane
1395 4371 1629 4426 Paulus:
1654 4373 1864 4433 Haben-
1884 4354 1931 4413 D
1951 4370 2083 4440 quia
2111 4386 2223 4423 non
2281 4376 2413 4423 sunt
2462 4367 2705 4439 suscepti
2762 4383 2830 4420 ne
2874 4366 2988 4420 ullo
3020 4366 3307 4437 patiantur
3334 4365 3538 4420 mentis

263 4464 354 4525 tes,
377 4461 588 4530 inquit,
606 4463 814 4513 victum
840 4466 887 4514 et
910 4464 1314 4527 vestimentum,
1333 4462 1417 4515 his
1439 4465 1680 4516 contenti
1688 4465 1863 4516 simus

264 4549 316 4617 (Ι
342 4550 488 4603 Tim.
524 4565 594 4614 v1,
623 4546 696 4616 8).
744 4550 809 4603 In
844 4549 946 4604 hac
974 4549 1148 4620 igitur
1175 4551 1419 4604 secunda
1448 4550 1859 4621 praedicatione,

264 4642 573 4707 postquam
604 4654 705 4707 pro
735 4638 1034 4693 dilectione
1083 4639 1323 4710 proximi
1371 4640 1623 4694 inﬁrmos
1664 4656 1864 4694 sanare

264 4726 565 4791 concessit,
580 4726 651 4779 ad
672 4727 927 4798 proprios
946 4744 1076 4782 suos
1096 4728 1265 4783 vertit
1288 4728 1496 4783 amicos
1526 4745 1860 4796 sermonem,

262 4814 563 4870 insinuans
589 4814 843 4870 habitum
873 4834 983 4887 quo
1023 4823 1405 4872 monstrarent
1432 4818 1618 4890 potius
1668 4818 1866 4873 salutis

261 4905 449 4974 gratia
493 4921 575 4969 se,
610 4921 777 4975 quam
830 4906 988 4969 lucri,
1038 4907 1402 4978 Evangelium
1456 4905 1777 4978 praedicare,
1809 4912 1867 4962 et

262 4992 411 5048 sicut
438 5010 628 5048 sermo
654 4993 711 5047 in
745 5000 933 5048 monte
972 4995 1195 5049 habitus
1238 5012 1367 5050 mox
1412 4996 1711 5051 virtutibus
1739 5013 1866 5052 con-

264 5081 527 5137 ﬁrmatus
552 5102 562 5135 :
584 5082 664 5136 ita
693 5089 749 5136 et
771 5083 910 5148 istis,
946 5083 1077 5154 quia
1097 5086 1238 5139 dura
1266 5092 1401 5139 sunt
1427 5103 1550 5157 quae
1573 5086 1860 5157 jubentur,

264 5169 427 5242 larga
454 5172 727 5226 virtutum
752 5173 1004 5243 operatio
1025 5173 1365 5227 conceditur.

339 5262 408 5315 In
437 5278 843 5331 quamcumque
865 5264 1138 5316 civitatem
1156 5265 1865 5330 intraveritis,interrogate

266 5353 393 5418 quis
410 5354 475 5404 in
504 5367 566 5404 ea
595 5353 799 5419 dignus
830 5354 920 5406 sit.
967 5352 1099 5406 Pius
1132 5353 1401 5423 magister
1419 5352 1607 5407 omnia
1626 5353 1866 5424 discipu-

265 5436 338 5492 lis
364 5439 530 5493 utilia
559 5445 619 5494 et
661 5441 899 5496 honesta
936 5442 1215 5514 proponit,
1263 5459 1334 5497 ne
1375 5442 1502 5497 ullis
1536 5442 1869 5514 deturpetur

267 5524 641 5601 Evangelium
670 5529 940 5590 infamiis.
975 5531 1085 5591 Sed
1123 5531 1375 5603 ignotam
1402 5534 1679 5592 intrantes
1708 5549 1867 5606 apos-

1948 4460 2228 4530 scrupulo.
2263 4458 2422 4523 Quod
2453 4456 2500 4511 si
2541 4456 2711 4511 fuerit
2741 4472 2841 4527 per
2870 4453 3073 4508 bonam
3102 4453 3445 4509 voluntatem
3477 4455 3540 4510 in

1946 4549 2113 4603 domo
2146 4547 2292 4603 ﬁlius
2306 4544 2796 4619 pacis,requiescet
2824 4560 2994 4614 super
3014 4559 3136 4597 eam
3161 4559 3265 4613 pax
3291 4543 3536 4610 Domini,

1947 4638 2082 4692 dum
2113 4636 2182 4691 ab
2211 4636 2365 4691 omni
2392 4634 2811 4707 perturbatione
2829 4632 3015 4687 smeuli
3039 4637 3285 4686 mentem
3306 4632 3421 4686 Deo
3446 4649 3537 4687 re-

1947 4726 2301 4782 conciliatam
2344 4724 2695 4797 requiescere
2745 4722 2896 4776 facit.
2944 4721 3209 4792 Alioquin
3250 4720 3347 4775 illa
3382 4722 3537 4777 nullo

1948 4815 2173 4870 fastidio
2205 4814 2436 4886 patitur,
2477 4830 2598 4885 quae
2623 4828 2819 4866 omnes
2848 4808 3151 4864 seditiones
3180 4810 3418 4865 interius
3441 4827 3539 4865 re-

1948 4905 2126 4977 pellit.
2155 4904 2259 4959 Sin
2279 4907 2484 4966 autem,
2504 4918 2617 4970 pax
2644 4906 2822 4954 vestra
2841 4900 2915 4952 ad
2934 4915 3023 4952 vos
3056 4903 3374 4966 revertetur,
3406 4897 3539 4969 quia

1944 5010 2113 5049 nemo
2135 4992 2562 5064 praedicatorum
2592 4988 2712 5043 sine
2737 4988 2922 5042 fructu
2951 4987 3075 5041 erit.

2018 5084 2083 5138 Et
2099 5085 2426 5151 quicumque
2453 5096 2563 5134 non
2579 5080 2836 5146 receperit
2856 5093 3139 5145 vos,neque
3160 5077 3409 5131 audierit
3421 5090 3538 5131 ser-

1950 5190 2133 5227 mones
2159 5174 2378 5228 vestros.
2418 5174 2667 5223 exeuntes
2707 5169 2858 5235 foras
2890 5169 2953 5219 de
2991 5167 3168 5230 domo,
3198 5169 3280 5219 vel
3318 5166 3381 5218 de
3410 5168 3542 5220 civi-

1952 5267 2079 5327 tate,
2111 5263 2339 5315 excutite
2355 5263 2637 5329 pulverem
2657 5258 2719 5310 de
2747 5257 2969 5325 pedibus
2990 5256 3200 5307 vestris.
3225 5253 3542 5325 Utrumque

1949 5349 2375 5413 observandum,
2428 5347 2559 5419 quia
2588 5364 2690 5402 nec
2739 5344 2981 5416 receptio
3009 5343 3391 5414 apostolorum
3419 5343 3543 5399 sine

1948 5439 2301 5511 susceptione
2342 5436 2769 5511 praedicationis,
2802 5452 2904 5489 nec
2937 5433 3215 5505 susceptio
3274 5432 3541 5504 praedica-

1947 5530 2117 5591 tionis
2141 5529 2263 5587 sine
2291 5528 2472 5587 ofﬁcio
2500 5524 2810 5583 charitatis.
2853 5524 2924 5581 Et
2962 5522 3089 5581 ideo
3137 5525 3328 5589 493
3369 5519 3539 5579 simul
