3918 6176
483 278 589 337 419
1233 275 1288 328 S.
1333 269 1713 327 PASCHASII
1752 267 2110 325 RADBERTI
2149 266 2452 322 ABBATIS
2490 265 2977 321 CORBEIENSIS.
3584 274 3664 332 4-20

476 404 702 475 jungit:
738 402 874 457 Cum
898 417 1009 454 non
1033 400 1382 467 susceperint,
1418 414 1513 449 uec.
1538 396 1849 455 audierint;
1873 409 2075 447 ereun-
2094 397 2141 452 A
2160 392 2348 475 monis
2377 408 2503 461 spes
2531 391 2701 446 veniae
2732 398 2907 445 restat
2936 391 3082 460 quod
3110 391 3365 447 absonum
3387 399 3477 448 est.
3499 397 3666 453 Idcirco

485 499 557 546 tes
587 494 649 546 de
678 494 855 557 domo,
872 494 950 543 vel
972 491 1034 543 de
1055 492 1288 542 m’vilale.
1321 487 1400 539 De
1417 486 1581 537 domo
1599 482 1917 554 primum,si
1932 482 2074 535 forte
2157 482 2495 535 credendum
2527 482 2676 551 quod
2705 482 2821 534 sola
2846 481 3128 535 conversio
3148 482 3213 535 ad
3232 483 3395 537 Deum
3416 486 3560 540 linem
3580 505 3667 543 ma-
3694 520 3697 523 -

484 583 542 636 in
581 582 777 635 eadem
801 579 1023 633 civitate
1071 577 1166 647 qui
1208 576 1409 645 dignus
1449 575 1522 626 sit
1562 572 1899 637 inveniatur,
1941 571 2074 641 quia
2156 571 2224 624 lis
2254 570 2523 641 imponat,
2551 578 2606 623 et
2638 587 2749 624 non
2790 578 3007 623 tortura
3037 578 3222 625 reatus
3258 572 3367 626 sine
3391 575 3549 643 gratia
3574 593 3667 646 qua:

484 688 632 726 unus
660 687 771 724 non
803 667 1131 740 praeiudicat
1154 681 1347 718 omnes
1382 682 1392 716 :
1428 663 1574 715 sicut
1604 669 1661 715 et
1691 661 1735 715 si
1783 660 1986 730 aliquis
2016 660 2073 712 in
2156 654 2245 713 hic
2276 660 2488 730 incipit,
2523 666 2585 713 ut
2614 660 2671 713 in
2696 666 2967 713 aeternum
2998 660 3253 715 desaeviat
3297 662 3565 716 Tamenex
3592 666 3670 721 hoc

482 778 550 816 ea
578 778 671 815 eos
700 757 991 829 receperit,
1010 772 1122 809 non
1152 758 1377 806 excusat
1396 752 1646 816 domum,
1672 750 1761 804 cui
1792 767 1897 820 pax
1923 749 2074 803 obla-
2155 750 2275 803 loco
2305 749 2603 819 colligitur,
2629 749 2771 820 quod
2793 749 2936 802 sicut
2957 750 3205 803 defertur
3218 752 3484 821 praemium
3501 760 3672 809 sancto-

480 855 539 904 ta
569 849 945 920 displicuerat.
980 846 1266 907 Excuntes,
1300 842 1503 911 inquit,
1540 843 1770 893 ero-utile
1788 842 2071 907 pulrerem
2153 855 2278 892 rum
2302 839 2359 891 in
2390 839 2603 908 requie,
2651 838 2731 891 ita
2760 846 2814 891 et
2846 855 3005 908 poena
3030 844 3422 894 tormentorum
3442 841 3492 895 in
3508 844 3672 914 suppli-

480 941 547 993 de
568 940 794 1008 pedibus
838 932 1199 996 reslris.Quid
1238 932 1285 984 si
1321 931 1602 984 lutulenta
1644 928 1814 981 fuerit
1857 926 2067 991 civitas,
2155 926 2270 980 ciis.
2305 927 2408 980 Sed
2433 927 2526 998 qui
2558 938 2941 998 perscrutator
2963 936 3048 980 est
3071 928 3336 995 cordium,
3358 936 3409 982 et
3434 932 3566 985 novit
3586 949 3673 985 om-

480 1046 589 1099 quo
612 1044 722 1080 non
752 1024 950 1096 pulvis,
976 1022 1069 1076 sed
1102 1023 1283 1074 lutum
1324 1019 1559 1090 pedibus
1590 1016 1920 1071 adhzeserit?
1951 1017 2072 1069 Ma-
2154 1017 2271 1086 nia,
2294 1017 2410 1088 ipse
2439 1017 2749 1088 justissime
2772 1018 3039 1071 discernit
3067 1018 3198 1089 quid
3226 1019 3445 1089 singulis
3470 1036 3555 1090 pro
3586 1022 3674 1075 suis

474 1116 561 1187 gis
581 1114 651 1168 ad
690 1129 917 1167 sensum
952 1112 1056 1165 hoc
1085 1109 1470 1180 accipiendum
1501 1112 1636 1178 puto
1676 1122 1840 1176 quam
1873 1105 1943 1158 ad
1975 1104 2069 1157 lit-
2155 1107 2418 1160 restituat
2459 1105 2636 1160 factis.
2682 1107 2945 1176 Alioquin
2992 1107 3116 1177 quis
3160 1108 3502 1178 contemplari
3545 1110 3671 1175 valet,

475 1210 675 1258 teram.
704 1201 817 1273 Ipsi
849 1199 997 1254 enim
1028 1216 1139 1253 non
1167 1196 1531 1266 suscipientes
1560 1211 1755 1265 pacem
1785 1209 2072 1247 remanse-
2156 1212 2258 1249 cur
2287 1195 2539 1249 Sodomae
2561 1196 2930 1253 tolerabilius.
2949 1203 3005 1250 et
3026 1196 3103 1250 illi
3131 1197 3334 1250 civitati
3354 1199 3674 1254 atrociusesse

475 1297 606 1347 rant
632 1293 691 1345 in
720 1308 822 1346 sua
850 1289 1159 1360 impietate,
1204 1287 1273 1340 de
1321 1286 1520 1356 quibus
1566 1284 1770 1337 dicitur
1800 1300 1901 1353 per
1938 1283 2069 1335 Pro-
2149 1284 2398 1339 debeat?
2431 1286 2734 1339 Possumus
2765 1292 2952 1338 tamen
2984 1286 3168 1340 dicere
3197 1287 3339 1355 quod
3366 1286 3467 1340 illis
3494 1304 3583 1356 pax
3607 1303 3676 1340 re-

474 1383 739 1454 phetam:
771 1382 895 1434 Non
927 1381 1005 1431 sic
1032 1380 1212 1445 impii,
1232 1392 1345 1429 non.
1366 1379 1460 1435 sic,
1486 1376 1578 1427 sed
1594 1380 1859 1441 tanquam
1883 1374 2068 1440 pulvis
2151 1375 2559 1428 conciliationis
2602 1391 2713 1428 non
2745 1375 3043 1444 praedicata
3070 1375 3191 1438 fuit,
3228 1392 3327 1429 nec
3367 1376 3431 1429 ad
3465 1393 3546 1429 eos
3571 1376 3676 1430 mis-

473 1488 633 1541 quem
663 1471 885 1537 projicit
935 1472 1124 1519 ventus
1161 1482 1196 1518 a
1244 1467 1381 1532 facie.
1428 1470 1584 1515 terra
1619 1464 1777 1527 (Psal.
1816 1476 1854 1526 1,
1894 1460 1964 1515 4‘.
2002 1460 2070 1514 Et
2149 1480 2243 1517 sus
2273 1469 2358 1517 est
2377 1464 2577 1533 aliquis
2606 1464 2700 1533 qui
2719 1464 2799 1517 eis
2826 1464 2997 1517 vitam
3019 1464 3215 1518 salutis
3241 1465 3584 1531 annuntiaret;
3604 1466 3677 1518 sed

474 1559 606 1614 alibi
635 1558 703 1611 de
732 1556 953 1610 diabolo
983 1574 993 1607 :
1030 1556 1218 1610 Paleis
1254 1556 1422 1621 pan-is
1462 1556 1576 1619 ejus
1607 1552 1733 1617 (Isa.
1788 1568 1904 1615 1.xv,
1954 1549 2064 1616 25).
2150 1552 2471 1622 angelimox
2493 1552 2563 1605 ad
2590 1553 2934 1623 perdendum
2963 1570 3085 1606 eam
3103 1553 3322 1623 quidem
3349 1573 3361 1620 ;
3389 1555 3474 1624 qui
3494 1554 3551 1606 ad
3570 1554 3678 1607 Loth

474 1648 619 1717 Ergo
641 1645 821 1717 pulvis
848 1643 1353 1698 anathematismus
1370 1648 1455 1694 est
1481 1640 1694 1693 miserae
1724 1639 1963 1693 civitatis
1982 1638 2068 1691 vel
2087 1716 2107 1717 7
2151 1641 2406 1711 ingressi,
2432 1641 2516 1695 vel
2545 1658 2719 1695 unum
2745 1647 3077 1712 repererunt
3096 1659 3220 1696 cum
3240 1660 3346 1713 quo
3374 1643 3676 1696 diverterent.

472 1716 693 1801 domus,
741 1751 811 1788 ne
851 1734 1177 1786 adhzereant
1227 1730 1512 1801 gressibus
1555 1729 1937 1799 apostolorum
1969 1726 2064 1797 qui
2086 1716 2131 1775 B
2154 1729 2249 1783 Vel
2283 1729 2415 1799 quia
2435 1729 2525 1783 hic
2555 1730 2796 1784 Sodoma
2816 1747 3039 1800 pinnam
3069 1730 3352 1794 sustinuit,
3375 1731 3420 1783 si
3446 1731 3569 1783 forte
3584 1730 3679 1783 ideo

471 1826 775 1879 noluerunt
803 1821 1082 1892 suscipere
1111 1836 1301 1890 pacem
1329 1835 1442 1871 suae
1475 1817 1975 1881 reconciliationis;
2005 1820 2069 1869 ut
2148 1817 2360 1888 aliquid
2388 1818 2564 1872 levius
2585 1820 2642 1872 in
2663 1819 2851 1873 futuro
2884 1820 3127 1873 habebit.
3162 1820 3267 1874 Sed
3299 1820 3491 1873 misera
3508 1820 3679 1883 civitas,

470 1917 839 1987 permaneant
856 1910 1087 1982 projecti
1120 1909 1309 1962 afacie
1333 1915 1497 1961 terra:
1527 1906 1827 1960 viventium
1852 1906 2066 1959 nullam
2149 1924 2271 1977 quae
2323 1906 2427 1961 sibi
2472 1898 2714 1962 oblatam
2765 1926 2959 1979 pacem
2989 1910 3204 1979 rejecit,
3245 1915 3301 1962 et
3345 1908 3680 1979 hospitalitatis

471 2002 809 2057 soliditatem
857 2000 986 2053 ﬁdei
1033 1997 1339 2062 habentes;
1375 1997 1471 2049 sed
1503 1996 1617 2049 sint
1646 1996 1825 2066 pulvis
1854 1995 1911 2048 in
1945 1994 2066 2047 cibo
2148 1997 2390 2067 gratiam
2419 1997 2724 2061 interdixit,
2757 2004 3055 2068 utramque
3077 1998 3256 2069 legem
3279 1997 3681 2068 contempsit;le-

470 2090 695 2153 diaboli,
730 2090 984 2144 nolentes
1008 2087 1248 2159 pluviam
1264 2086 1526 2138 doctrinae
1557 2085 1662 2138 sibi
1680 2085 1748 2139 de
1770 2085 1911 2137 coelo
1935 2084 2069 2136 alla-
2147 2102 2274 2155 gem
2307 2086 2518 2140 scilicet
2532 2092 2764 2147 naturae.
2792 2093 2849 2140 et
2867 2088 3071 2158 Moysi;
3103 2104 3170 2140 ac
3197 2088 3399 2142 Christi
3416 2087 3591 2157 gratia)
3613 2102 3679 2139 re-

465 2187 586 2236 tam
616 2197 729 2252 qua
777 2178 1249 2248 compluerentur,
1280 2175 1549 2245 accipere.
1583 2174 1741 2227 Unde
1773 2173 2062 2242 signanter
2112 2175 2354 2251 lluctata
2395 2182 2479 2229 est
2511 2194 2522 2227 :
2558 2193 2683 2230 cum
2719 2176 3019 2230 Sodomita;
3049 2182 3270 2230 tantum
3309 2177 3480 2247 legem
3505 2181 3678 2230 natura

468 2272 549 2325 ait
574 2269 717 2323 alius
743 2267 1085 2337 evangelista
1118 2283 1128 2317 :
1164 2267 1231 2318 In
1263 2266 1637 2317 testimonium
1669 2265 1789 2314 illis
1820 2263 1961 2317 lLuc.
1982 2276 2056 2325 Ix,
2142 2280 2284 2333 pene
2316 2264 2581 2318 abolitam
2612 2265 2709 2319 diu
2736 2265 2908 2319 illecti
2937 2266 3397 2321 conculcaverint.

466 2360 545 2431 5).
577 2358 721 2422 Quia
750 2357 798 2410 si
848 2372 942 2409 eos
971 2360 1070 2407 aut
1105 2352 1419 2406 doctrinam
1461 2367 1655 2404 eorum
1684 2350 2055 2420 perciperent,
2213 2354 2343 2407 Ecce
2381 2370 2472 2422 ego
2501 2357 2660 2408 mitto
2705 2371 2794 2407 vos
2822 2358 2967 2421 sicut
3002 2372 3120 2409 oves
3158 2358 3220 2410 in
3248 2357 3418 2409 medio
3443 2358 3677 2423 luporum.

465 2447 647 2521 pulvis
676 2462 788 2501 non
809 2446 1184 2498 remanerent.
1205 2442 1271 2495 Et
1294 2441 1417 2494 ideo
1441 2440 1511 2494 ad
1541 2438 1923 2493 testimonium
1939 2440 2058 2509 pul-
2140 2442 2274 2506 Quae
2306 2442 2576 2497 nimirum
2604 2461 2705 2497 vox
2732 2444 2897 2514 plena
2927 2445 3079 2498 omni
3113 2445 3457 2508 auctoritate,
3478 2459 3535 2497 ac
3554 2443 3593 2496 si
3610 2458 3681 2513 pa-

466 2536 548 2591 vis
573 2534 868 2599 excutitur,
902 2539 966 2587 ut
993 2531 1310 2585 insinuetur
1356 2548 1421 2583 ex
1470 2529 1591 2593 hoc,
1643 2528 1777 2599 quid
1820 2528 1927 2600 ipsi
1957 2544 2057 2600 per
2139 2536 2326 2586 tenter
2343 2538 2499 2587 tonat
2530 2552 2541 2586 :
2569 2533 2719 2587 Licet
2746 2550 2845 2587 vos
2875 2534 3038 2604 pauci
3068 2539 3128 2588 et
3156 2535 3356 2606 exigui,
3379 2534 3519 2597 viles,
3546 2536 3595 2585 et
3616 2531 3680 2584 in-

465 2623 686 2695 culpam
716 2621 1111 2686 remanserint,
1154 2626 1209 2674 et
1257 2620 1404 2690 quod
1435 2618 1664 2689 projecti
1698 2635 1731 2671 a
1774 2616 2057 2688 gressibus
2139 2621 2287 2675 docti
2311 2621 2454 2688 sitis,
2484 2638 2609 2676 ecce
2630 2638 2733 2693 ego
2766 2639 2890 2676 sum
2921 2623 3017 2693 qui
3047 2624 3215 2678 mitto
3244 2641 3336 2678 vos
3366 2624 3501 2677 sicut
3515 2619 3678 2675 ovesin

465 2730 660 2768 eorum
708 2712 815 2766 huc
843 2711 1087 2782 illucque
1116 2714 1408 2763 ventorum
1436 2706 1771 2778 impulsione
1797 2707 1866 2760 ad
1897 2712 2056 2760 tene-
2138 2710 2324 2764 medio
2354 2711 2632 2782 luporum.
2655 2712 2812 2775 Quod
2838 2712 2884 2765 si
2907 2717 3083 2766 terret
3113 2713 3372 2784 luporum
3391 2710 3621 2765 immanis
3637 2713 3680 2761 et

462 2801 592 2857 bras
621 2802 1029 2874 prepelluntur.
1050 2800 1152 2853 Vel
1179 2799 1249 2852 ad
1271 2797 1653 2851 testimonium
1678 2796 2058 2867 apostolorum
2140 2798 2565 2854 innumerabilis
2585 2801 2815 2866 saevitia,
2840 2802 3255 2868 confortamini,
3282 2802 3410 2873 quia
3439 2817 3532 2871 ego
3549 2798 3678 2853 mitto
3757 2799 3760 2803 ’

462 2891 644 2963 pulvis
664 2891 960 2956 excutitur,
987 2894 1051 2943 ut
1073 2889 1147 2941 sit
1183 2889 1407 2957 signum
1445 2885 1650 2939 laboris
1671 2902 1883 2948 eorum,
1909 2885 2057 2954 quod
2140 2905 2253 2942 vos.
2289 2889 2356 2941 Et
2386 2889 2530 2943 mira
2576 2891 2932 2961 exaggeratio
2963 2892 3279 2961 potestatis.
3317 2892 3468 2963 Esset
3491 2887 3677 2959 quidem

465 2982 534 3034 ad
566 2998 661 3034 eos
691 2984 985 3043 venerunt,
1017 2982 1070 3030 et
1102 2976 1206 3047 ipsi
1242 2992 1431 3046 pacem
1461 2976 1764 3028 noluerunt
1783 2973 2050 3043 accipere.
2143 2976 2411 3040 terribile,
2445 2978 2490 3031 si
2524 2979 2639 3049 lupi
2684 2960 3045 3033 mitterentur
3076 2981 3150 3034 ad
3181 2997 3309 3035 oves
3346 2960 3468 3033 licet
3506 2975 3676 3049 pauci:

462 3068 623 3122 Unde
652 3067 792 3121 adeo
827 3067 963 3119 nihil
1000 3073 1354 3118 terrenorum
1380 3063 1448 3116 ab
1470 3064 1550 3116 eis
1586 3061 2045 3129 communicasse,
2073 3075 2112 3132 (ἶ
2135 3082 2285 3119 nunc
2315 3068 2662 3137 paucissimae
2681 3086 2809 3123 oves
2831 3069 3137 3123 mittuntur
3165 3070 3236 3123 ad
3266 3067 3561 3140 superanda
3585 3063 3681 3118 mil-

462 3162 527 3210 ut
554 3173 656 3210 nec
684 3157 969 3226 pulverem
1003 3160 1332 3226 paterentur
1360 3153 1594 3225 pedibus
1627 3153 1929 3219 adhaerere;
1954 3154 2051 3207 sed
2132 3155 2209 3208 lia
2237 3156 2515 3226 luporum,
2552 3174 2792 3228 quorum
2821 3158 3098 3229 rapacitas
3136 3166 3319 3213 totum
3363 3157 3680 3228 occupaverat

459 3245 649 3300 omnia
669 3261 859 3299 eorum
905 3244 1008 3298 sub
1037 3244 1395 3297 anathemate
1421 3242 1733 3312 reliquisse.
1774 3242 2050 3297 Exeuntes
2131 3245 2426 3298 mundum.
2452 3246 2559 3300 Sed
2591 3247 2691 3300 has
2739 3263 2867 3300 oves
2888 3247 2975 3300 leo
3005 3248 3073 3300 de
3100 3247 3256 3303 tribu
3284 3247 3425 3301 Juda
3449 3242 3680 3317 parturie-

457 3352 589 3390 vero
613 3334 782 3406 pedes
823 3333 1143 3399 excutiunt;
1195 3332 1329 3402 quia
1376 3331 1553 3385 sancti
1608 3330 1864 3384 doctores
1913 3332 2049 3385 dum
2132 3340 2220 3387 rat
2249 3346 2261 3380 :
2293 3334 2499 3388 idcirco
2521 3335 2927 3405 insuperabiles
2950 3352 3044 3389 eas
3072 3336 3195 3406 ipse
3224 3334 3679 3391 mittebatﬂisunt

455 3425 760 3497 pravitates
790 3423 1076 3494 refugiunt
1098 3421 1441 3487 “auditorum,
1477 3420 1615 3473 nihil
1639 3419 1844 3473 debent
1862 3420 2049 3475 udhzn-
2130 3429 2321 3478 autem
2349 3424 2417 3477 de
2441 3423 2642 3494 quibus
2672 3426 2837 3495 paulo
2866 3431 2997 3478 ante
3031 3425 3240 3480 dicitur
3266 3444 3279 3481 :
3314 3428 3412 3481 Hos
3435 3424 3677 3478 duodecim

457 3531 580 3569 rere
610 3514 841 3585 peccati,
876 3520 931 3567 et
958 3513 1007 3567 si
1055 3512 1342 3584 quippiam
1362 3510 1676 3576 inhaeserit,
1719 3511 2049 3579 festinanter
2130 3518 2321 3579 495
2350 3516 2503 3566 misit
2530 3516 2700 3579 Jesus,
2745 3531 2884 3584 quos
2915 3514 3100 3568 ovium
3135 3515 3361 3569 nomine
3400 3515 3680 3568 innocentes

455 3611 733 3669 excutere,
759 3608 823 3658 ut
858 3603 980 3657 aliis
1004 3602 1361 3657 inveniantur
1387 3601 1593 3654 idonei.
2130 3619 2249 3656 esse
2270 3602 2542 3672 designat.
2566 3604 2733 3674 Lupis
2748 3621 2877 3657 vero
2900 3604 3121 3659 Scribas
3145 3610 3205 3659 et
3222 3606 3523 3660 Pharisaeos
3541 3607 3678 3670 atque

521 3696 695 3749 Amen
720 3695 841 3747 dico
883 3694 1048 3754 vobis,
1078 3692 1420 3745 tolerabilius
1450 3692 1554 3742 erit
1596 3696 1753 3743 terrm
1794 3689 2046 3743 Sodomo-
2128 3692 2417 3746 haereticos
2447 3697 2505 3745 et
2533 3692 2889 3763 philosophos
2907 3693 3048 3747 bene
3072 3695 3435 3766 comparavit,
3464 3692 3550 3764 qui
3563 3704 3678 3745 sem-

450 3800 582 3839 rum
605 3799 773 3853 quam
787 3785 879 3836 illi
897 3784 1129 3835 civitati.
1145 3780 1291 3834 Mira
1304 3779 1476 3849 igitur
1498 3778 1825 3848 dignitas,et
1842 3795 2047 3849 magna
2127 3797 2229 3850 per
2256 3780 2595 3834 insidiantur
2615 3781 2961 3851 simplicitati
2993 3783 3272 3838 Dominici
3298 3783 3494 3854 gregis.

447 3873 752 3928 consolatio
787 3871 1190 3944 apostolorum,
1214 3885 1449 3941 quorum
1473 3885 1537 3921 ex
1579 3868 1895 3938 receptione
1915 3874 2041 3921 tan-
2197 3870 2387 3933 Estote,
2422 3869 2623 3939 inquit,
2643 3872 2942 3938 prudentes
2968 3875 3111 3925 sicut
3135 3868 3675 3941 serpentes,etsimpli-

445 3968 503 4016 ta
525 3968 824 4033 praestatur
850 3961 1052 4031 gratia,
1077 3964 1134 4013 et
1161 3975 1223 4013 ex
1246 3957 1563 4029 repulsione
1579 3957 1800 4010 illorum
1820 3962 2041 4010 tantum
2123 3974 2203 4010 ces
2222 3961 2364 4011 sicut
2397 3961 2671 4012 columbis.
2709 3959 2879 4023 Quasi
2908 3961 3165 4030 quaedam
3197 3961 3473 4016 contraria
3511 3956 3672 4029 jubet;

446 4052 747 4105 offenditur
776 4050 943 4104 Deus.
973 4048 1081 4103 Sed
1124 4047 1426 4100 videndum
1466 4045 1596 4116 quid
1640 4046 1713 4099 sit
1742 4046 1887 4115 quod
1916 4045 2033 4099 ait:
2121 4046 2218 4099 sed
2246 4046 2612 4101 similitudine
2655 4048 2791 4102 satis
2820 4050 3176 4104 conveniunt.
3210 4053 3355 4105 Nam
3397 4058 3452 4103 et
3496 4051 3675 4118 Moyses

453 4141 811 4193 Tolerabilius
825 4141 931 4190 erit
952 4142 1111 4190 terrae
1123 4133 1784 4205 Sudmnorum.Nunquid
1799 4152 1930 4205 ergo
1951 4134 2037 4205 ip-
2121 4137 2387 4206 populum
2404 4154 2436 4190 a
2453 4136 2731 4191 morsibus
2752 4138 3088 4208 serpentinis
3100 4140 3222 4195 visu
3247 4139 3387 4194 aenei
3413 4135 3670 4208 serpentis,

444 4242 507 4280 sa
534 4232 835 4296 terra,quae
856 4226 1200 4293 conﬂagrata
1218 4228 1305 4277 est
1338 4224 1510 4276 semel
1544 4222 1819 4285 incendio,
1843 4239 2038 4277 rursus
2120 4241 2287 4295 quem
2310 4232 2581 4291 erexerat,
2614 4227 2827 4280 curavit
2867 4229 3052 4289 (Num.
3091 4243 3208 4295 XXI,
3243 4227 3333 4297 9);
3367 4229 3517 4297 cujus
3537 4222 3673 4280 Chri-

444 4314 728 4368 evenietin
752 4310 1007 4383 judicio?
1036 4312 1163 4365 Non
1192 4312 1405 4381 utique,
1441 4312 1534 4364 sed
1566 4317 1773 4364 terram
1806 4328 1903 4381 pro
1935 4312 2036 4365 ha-
2119 4321 2257 4381 stus,
2305 4333 2609 4386 suspensus
2635 4317 2694 4370 in
2730 4332 2912 4382 cruce,
2940 4318 3233 4372 veritatem
3261 4317 3540 4389 exp‘ressit.
3570 4315 3672 4367 Non

440 4402 775 4457 bitatoribus
796 4400 1009 4473 posuit;
1034 4399 1127 4470 qui
1150 4399 1279 4452 licet
1294 4416 1391 4469 pro
1415 4399 1531 4452 suis
1548 4400 1848 4453 sceleribus
1863 4402 2033 4454 semel
2052 4394 2098 4451 Ι)
2119 4405 2266 4457 enim
2291 4406 2651 4459 calliditatem
2669 4406 2945 4476 serpentis
2958 4407 3175 4477 antiqui
3193 4407 3462 4476 jubentur
3476 4403 3671 4459 habere.

442 4484 690 4548 damnati
720 4491 852 4557 sint,
902 4496 1093 4544 tamen
1134 4488 1193 4541 in
1224 4488 1413 4541 futuro
1450 4487 1794 4541 tolerabilius
1842 4505 2033 4560 poenas
2116 4493 2211 4545 sed
2235 4495 2539 4548 secundum
2574 4495 2848 4566 physicos,
2883 4496 3195 4550 naturalem
3228 4513 3421 4551 eorum
3458 4492 3672 4566 pruden‘

438 4582 797 4637 luent.Terra
814 4584 1000 4645 494
1024 4576 1171 4632 enim
1188 4577 1317 4648 jure
1340 4576 1597 4631 homines
1624 4577 2033 4649 dicuntur,qui-
2113 4582 2249 4634 tiam
2278 4583 2505 4636 imitari.
2535 4585 2740 4638 Dicunt
2757 4586 2905 4638 enim
2936 4585 3108 4655 aliqui
3137 4602 3330 4640 eorum
3375 4577 3672 4655 pretiosissi-
3708 4640 3713 4647 .

437 4670 543 4727 bus
565 4671 779 4725 dictum
810 4668 964 4723 estin
982 4667 1195 4722 Adam:
1229 4669 1396 4721 Terra
1427 4684 1497 4732 es,
1531 4672 1579 4720 et
1606 4671 1666 4720 in.
1690 4673 1897 4722 terram
1927 4671 2031 4722 ibis
2112 4686 2232 4724 mas
2262 4672 2319 4724 in
2348 4672 2528 4742 capite
2573 4690 2826 4742 gemmas
2875 4680 3131 4744 gestare;
3166 4692 3306 4745 quos
3335 4690 3460 4729 cum
3491 4677 3573 4725 ut'
3592 4682 3670 4722 eas

438 4762 588 4830 (Gen.
620 4775 705 4825 III,
740 4759 847 4830 19).
881 4758 989 4813 Sed
1019 4756 1211 4811 miseri
1237 4756 1558 4817 Sodomitee,
1591 4756 1686 4826 qui
1717 4763 1772 4810 et
1798 4757 1855 4811 in
1886 4775 2028 4829 prae-
2111 4760 2327 4830 possint
2353 4762 2591 4827 auferre,
2620 4763 2791 4816 velint
2812 4763 3116 4828 incantare,
3150 4763 3481 4835 imprimunt
3504 4757 3670 4813 fortis-

435 4850 747 4906 sentiarum
774 4848 1210 4919 conﬂagrantur,
1236 4845 1363 4899 etin
1376 4845 1584 4911 futuro,
1611 4845 1739 4899 licet
1770 4846 2028 4901 tolerabi-
2110 4851 2253 4903 simo
2282 4850 2455 4921 lapidi
2481 4868 2696 4915 aurem,
2731 4858 2786 4906 et
2815 4854 2994 4906 cauda
3031 4853 3276 4923 desuper
3310 4850 3473 4906 aliam
3502 4860 3671 4917 coope-

432 4938 920 4997 lius.cruciantur.
948 4936 1038 4991 Fit
1071 4937 1221 4991 enim
1261 4935 1604 5006 comparatio
1634 4934 1702 4989 de
1727 4935 2026 4990 levioribus
2108 4938 2279 5005 riunt,
2306 4955 2577 4993 nevocem
2609 4941 2845 4995 audiant
2873 4942 3508 5005 incantantis.Quosane
3521 4938 3665 4997 facto,

433 5030 505 5084 ad
533 5028 792 5100 graviora
823 5045 834 5082 :
871 5031 928 5081 et
954 5026 1080 5080 ideo
1111 5024 1312 5096 quibus
1338 5023 1685 5078 tolerabilius
1725 5025 1834 5078 erit
1864 5029 1923 5079 et
1950 5025 2025 5079 le-
2107 5031 2164 5080 et
2190 5028 2337 5098 quod
2385 5029 2692 5099 pretiosum
2730 5035 2832 5094 est,
2882 5031 3221 5097 custodiunt,
3270 5037 3327 5084 et
3368 5030 3531 5083 vitam
3570 5036 3665 5079 non

430 5119 572 5174 vius.
600 5125 793 5174 tamen
837 5115 1134 5189 pcenaliter
1171 5113 1295 5168 erit.
1345 5113 1595 5167 Audiant
1631 5130 1781 5184 ergo,
1832 5115 1927 5185 qui
1954 5114 2023 5168 de
2103 5118 2373 5171 amittunt
2402 5136 2413 5170 :
2442 5118 2522 5172 ita
2550 5125 2605 5173 et
2626 5120 2803 5174 sancti
2835 5119 3071 5190 apostoli
3093 5124 3398 5175 monentur
3424 5110 3667 5184 marg-nri-

432 5208 774 5278 quibuslibet
806 5206 1031 5260 incaute
1066 5202 1451 5275 pronuntiant,
1484 5203 1631 5273 quod
1667 5220 1777 5257 non
1807 5204 2023 5273 judicat
2103 5210 2427 5277 t'am,quam
2444 5209 2680 5263 venditis
2703 5208 2959 5264 omnibus
2981 5214 3252 5273 emerent,
3270 5225 3373 5262 sua
3393 5200 3667 5278 prudentia

430 5298 581 5351 Deus
607 5297 689 5350 bis
719 5297 779 5351 in
807 5295 1053 5366 idipsum
1083 5311 1094 5346 :
1127 5293 1438 5346 nescientes
1475 5292 1623 5362 quod
1672 5294 1846 5363 aliqui
1892 5294 2021 5347 hinc
2101 5297 2412 5355 custodire;
2438 5306 2793 5369 mentemque
2818 5299 2983 5368 (quod
3003 5306 3089 5353 est
3102 5298 3406 5369 principale
3430 5290 3663 5353 hominis)

429 5385 702 5456 incipiant
729 5383 999 5455 torqueri,
1034 5399 1144 5437 non
1175 5388 1238 5436 ut
1267 5381 1497 5435 ﬁniatur
1522 5399 1712 5435 eorum
1744 5385 2019 5439 cruciatus
2103 5394 2422 5457 petraa,quze
2444 5388 2698 5442 Christus
2721 5395 2822 5451 est,
2851 5388 3069 5443 fortiter
3100 5388 3442 5459 imprimere,
3466 5394 3665 5437 aurem-

428 5476 488 5531 in
519 5478 628 5529 ﬁne
660 5475 800 5541 vitae,
831 5473 925 5528 sed
970 5478 1035 5526 ut
1082 5472 1176 5543 qui
1208 5471 1397 5525 vident
1424 5477 1763 5537 terreantur,
1810 5481 1866 5527 et
1914 5474 2017 5544 ipsi
2103 5492 2210 5545 que
2239 5477 2421 5530 carnis
2446 5478 2640 5543 cauda,
2686 5478 2741 5531 id
2771 5486 2871 5541 est,
2917 5480 3038 5533 linea
3068 5479 3213 5543 vitae,
3241 5493 3343 5548 per
3368 5474 3661 5547 passionem

431 5581 554 5642 quae
578 5565 930 5625 admiserunt
946 5562 1068 5618 sine
1096 5562 1207 5617 ﬁne
1226 5560 1477 5632 lugeant.
1505 5560 1770 5632 Alioquin
1796 5569 1852 5618 et
1870 5563 2018 5618 Pha-
2102 5565 2325 5621 etiamsi
2359 5566 2676 5637 contigerit,
2725 5569 2963 5640 Operire,
2996 5583 3067 5623 ne
3094 5582 3287 5624 vocem
3331 5564 3556 5621 audiant
3589 5558 3661 5612 in-
