3918 6176
246 205 329 261 4-21
980 197 1380 255 ~EXPOSlTIO
1421 197 1498 252 IN
1537 193 1982 253 MATTHIEUM.
2025 228 2090 241 —-
2129 199 2264 253 LIB.
2308 200 2399 267 VI,
2446 202 2601 257 CAP.
2646 206 2711 258 X.
3398 220 3504 278 422

238 327 509 383 cantantis.
546 326 744 397 Magna
772 326 944 395 igitur
977 326 1275 397 prudentia
1319 328 1405 378 cst
1433 324 1719 377 Christum
1841 324 1889 382 A
2044 324 2189 388 Quia
2219 331 2493 396 quantum
2517 333 2604 381 est
2631 332 2934 389 amandum
2966 336 3023 392 in
3062 340 3319 397 columba
3347 344 3497 414 quod

239 417 381 471 nobis
394 422 638 488 portare,
656 416 937 488 vitamque
959 416 1260 475 custodire,
1280 431 1351 468 ne
1371 414 1660 467 auferatur
1688 413 1822 466 ullis
1907 412 1978 465 fel
2010 430 2121 467 non
2152 414 2334 479 habet,
2354 422 2572 470 tantum
2594 418 2907 477 timendum
2936 426 2994 480 in
3021 442 3298 500 serpente,
3315 412 3383 489 ne
3409 453 3497 491 ve-

236 523 512 578 pravorum
546 506 854 559 fraudibus.
889 506 971 559 Ad
1002 506 1107 558 hoc
1127 505 1331 575 quippe
1373 503 1578 556 Scribae
1601 509 1657 556 et
1682 502 1825 555 Pha-
1908 518 2053 555 uena
2100 520 2281 572 pravae
2310 505 2695 576 intelligentia)
2732 511 2790 564 in
2820 514 2979 567 nobis
3009 516 3304 574 diffundat.
3350 525 3497 579 Sunt

237 596 568 667 riszei,atque
592 596 857 656 hmretim,
874 612 977 649 nec
995 612 1107 649 non
1130 600 1186 648 et
1203 593 1538 664 philosophi,
1565 591 1824 682 laborant
1908 597 2095 682 autem
2128 591 2183 645 in
2232 593 2500 648 columbae
2556 604 2760 652 natura
2804 608 3064 671 quatuor,
3120 609 3322 678 quibus
3366 629 3495 682 per-

236 685 553 740 incantando
576 685 761 755 pravis
777 683 1250 756 persuasionibus,
1278 687 1341 735 ut
1359 682 1647 735 Christum
1663 680 1821 734 nobis
1904 681 2145 733 maxime
2162 681 2490 752 simplicitas
2511 690 2950 746 commendatur.
2964 694 3214 751 Primum
3235 680 3495 771 est,quod

237 775 492 829 auferant.
536 775 754 828 Dicitur
793 790 925 844 ergo
954 780 1011 827 et
1050 773 1161 826 alia
1188 771 1491 843 prudentia
1521 771 1817 840 serpentis,
1904 784 2015 821 non
2048 776 2227 824 rostro
2259 778 2437 833 nocet,
2466 790 2566 826 nec
2595 778 2820 846 ungulis
2839 780 3124 853 discerpit,
3160 803 3262 840 nec
3298 789 3402 844 alis
3431 796 3496 845 ut

234 865 365 939 quod
394 871 576 918 totum
615 881 816 934 corpus
856 862 1102 933 praebeat
1132 866 1194 915 ut
1220 867 1407 931 caput,
1456 861 1515 913 in
1568 876 1677 929 quo
1739 866 1824 913 est
1906 856 2253 920 lzedat,sicut
2290 861 2516 931 reliqua:
2546 880 2692 929 aves,
2740 865 2869 921 ferit
2900 891 2910 920 ;
2947 872 3043 925 sed
3074 873 3493 945 simplicitatem

232 956 348 1019 vita,
388 954 688 1008 custodiat.
723 953 829 1016 Qui
851 970 978 1006 cum
1003 951 1267 1013 senuerit,
1303 949 1618 1019 ingreditur
1636 948 1693 1001 in
1724 965 1821 1002 an-
1903 946 2130 1009 amoris,
2165 948 2294 1017 quia
2324 949 2394 1002 fel
2426 966 2537 1005 non
2562 953 2746 1017 habet,
2780 956 2901 1010 sine
2937 961 3314 1018 amaritudine
3340 966 3492 1023 intus

230 1050 376 1115 gusto
392 1049 681 1114 petrarum
710 1042 1007 1106 foramine,
1031 1047 1096 1095 ut
1117 1057 1174 1093 se
1197 1044 1442 1093 veterem
1472 1043 1642 1092 exuat
1674 1037 1819 1090 tuni-
1901 1036 2161 1088 custodit.
2192 1037 2357 1091 Aliud
2391 1056 2517 1093 vero
2547 1046 2649 1104 est,
2685 1046 2833 1113 quod
2870 1046 3112 1118 desuper
3136 1051 3283 1107 rivos
3323 1071 3494 1126 aqua-

232 1151 336 1187 cam
370 1133 487 1186 :ita
517 1138 575 1186 et
602 1149 704 1185 nos
728 1135 895 1203 caput
932 1135 1208 1195 nostrum,
1247 1128 1397 1199 quod
1433 1133 1517 1181 est
1555 1127 1811 1181 Christus

230 1225 280 1278 in
306 1222 460 1277 nobis
493 1222 892 1287 custodientes,
929 1237 1131 1291 corpus
1166 1235 1462 1290 ponamus,
1495 1235 1598 1288 per
1636 1233 1812 1287 angu-

230 1318 355 1367 stam
387 1313 666 1365 intrantes
687 1310 833 1363 viam
864 1326 1135 1364 exuamus
1173 1308 1420 1362 tunicam
1449 1312 1714 1373 veterem,
1748 1311 1811 1359 ut

227 1401 276 1455 in
303 1400 565 1454 omnibus
585 1415 936 1453 renovemur.
961 1398 1117 1452 Bona
1144 1397 1318 1467 igitur
1358 1396 1656 1467 prudentia
1686 1411 1804 1449 ser-

225 1490 389 1561 pentis
406 1506 581 1561 quam
612 1489 819 1543 Paulus
841 1502 905 1541 ex
913 1487 1072 1558 ponit
1092 1487 1299 1549 dicens,
1324 1487 1498 1539 Estote
1518 1486 1809 1553 prudentes

230 1582 284 1632 in
311 1581 460 1642 bono,
480 1585 527 1632 et
555 1581 827 1647 simplices
848 1580 911 1630 in
930 1580 1076 1629 malo
1099 1577 1269 1640 (Rom.
1290 1572 1512 1639 xv1,19).
1534 1573 1812 1627 Praemisit

1893 1138 2019 1177 rum
2048 1124 2316 1189 residens,
2343 1127 2731 1184 insidiantium
2760 1133 2864 1186 sibi
2890 1136 3121 1191 umbras
3154 1140 3318 1207 videt,
3345 1124 3491 1201 sicut

1892 1210 2224 1304 legiturgdc
2296 1215 2539 1271 Ecclesia
2595 1218 2653 1271 in
2719 1222 2962 1278 Canticis
3020 1228 3200 1295 (Cant.
3250 1245 3301 1297 v,
3366 1233 3486 1304 i2);

1893 1305 2076 1366 491
2102 1302 2304 1356 deinde
2328 1305 2557 1359 tertium
2584 1312 2690 1373 est,
2724 1311 2872 1379 quod
2906 1329 3036 1368 suos
3064 1302 3490 1388 diligentissime

1892 1389 2073 1442 nutrit
2096 1391 2296 1460 pullos,
2334 1393 2503 1447 etiam
2526 1399 2583 1447 et
2609 1396 2821 1450 alienos
2852 1401 3045 1469 pascit.
3078 1404 3291 1466 Quibus
3320 1410 3489 1464 nimi-

1892 1493 2018 1531 rum
2040 1481 2324 1550 exemplis,
2360 1498 2460 1535 nos
2491 1484 2750 1539 omnibus
2779 1485 3056 1544 beneﬁcos
3078 1509 3199 1548 esse
3221 1495 3399 1564 docet,
3436 1506 3494 1555 et
3527 1497 3531 1501 ’

1894 1567 2032 1619 nulli
2050 1584 2249 1622 nocere
2265 1570 2467 1624 debere
2482 1572 2733 1627 insinuat
2748 1593 2760 1628 :
2778 1593 2965 1631 verum
2983 1582 3127 1650 quod
3144 1589 3491 1652 postremum

229 1667 761 1739 igiturpmdemiam
779 1664 1054 1731 Christus;
1071 1669 1266 1718 unum
1278 1663 1586 1734 possitesse
1601 1662 1811 1732 simpli-
1834 1660 1997 1731 Best,
2031 1662 2096 1710 ut
2138 1658 2292 1727 prius
2320 1659 2588 1727 dixeram,
2636 1663 2756 1717 sine
2805 1666 2948 1720 fellis
2974 1671 3350 1728 amaritudine
3389 1692 3492 1730 nos

231 1758 352 1811 citas
382 1776 393 1809 :
442 1764 503 1811 et
546 1756 802 1827 sequitur
829 1753 1097 1809 columbae
1128 1753 1455 1823 simplicitas
1488 1771 1498 1804 :
1549 1768 1620 1805 ne
1644 1751 1815 1804 stulta

227 1848 534 1901 inveniatur
560 1847 616 1900 in
648 1845 806 1900 nobis
829 1843 1127 1917 prudentia
1143 1843 1290 1914 apud
1308 1843 1505 1906 Deum,
1525 1841 1593 1893 de
1609 1857 1720 1910 qua
1736 1839 1816 1893 di-

228 1936 368 2002 citur,
382 1938 622 1991 Perdam
654 1937 985 2003 sapientiam
1008 1937 1339 2001 sapientum,
1376 1936 1421 1984 et
1453 1931 1813 1998 prudentiam

227 2042 397 2078 eorum
440 2023 815 2093 reprobabo(1
844 2022 965 2077 Cor.
1009 2035 1047 2085 ῐ,
1098 2019 1188 2088 19;
1252 2022 1356 2074 Isa.
1400 2033 1543 2083 xxtx,
1582 2016 1689 2086 14).
1722 2017 1814 2070 Id-

226 2113 353 2167 circo
380 2112 624 2166 alternis
672 2128 731 2164 se
761 2109 981 2164 foveant
1030 2106 1454 2179 prospectibus;
1505 2123 1575 2160 ne
1622 2106 1696 2158 sit
1718 2105 1816 2159 illa

224 2202 545 2273 simplicitas
593 2200 653 2254 in
700 2199 879 2263 nobis,
930 2198 999 2252 de
1040 2214 1152 2268 qua
1208 2197 1435 2261 dicitur,
1485 2195 1632 2266 quod
1672 2195 1807 2247 sim-

224 2291 333 2360 plex
381 2291 583 2344 omnia
637 2289 814 2343 credit
856 2305 869 2340 :
914 2287 1047 2359 quia
1076 2286 1323 2357 profecto
1352 2286 1411 2338 in
1442 2286 1642 2338 saeculo
1672 2300 1806 2354 pru-

223 2378 495 2433 dentiores
522 2383 717 2443 493
748 2383 880 2431 sunt
902 2376 1002 2430 ﬁlii
1032 2375 1192 2439 lucis,
1225 2379 1281 2428 et
1310 2374 1677 2444 simpliciores
1708 2390 1810 2427 sua

224 2467 492 2521 fatuitate.
525 2468 584 2521 Si
612 2467 757 2521 forte
785 2482 972 2520 coram
1005 2463 1376 2535 prudentibus
1406 2463 1684 2533 simplices
1721 2463 1809 2515 in-

224 2558 507 2611 veniamur
528 2573 563 2610 a
590 2555 775 2611 saeculi
805 2554 1041 2619 actibus,
1084 2569 1273 2607 coram
1305 2551 1652 2623 simplicibus
1680 2568 1808 2605 vero

230 2647 528 2716 prudentes
558 2646 615 2699 in
647 2644 817 2701 bono.
872 2642 1174 2697 Perhibent
1203 2642 1371 2696 etiam
1408 2640 1644 2712 physici,
1677 2657 1811 2710 quo-

224 2735 316 2788 ties
348 2736 531 2789 velint
579 2750 753 2805 aquas
794 2732 1001 2798 bibere,
1034 2731 1180 2802 quod
1222 2731 1377 2802 prius
1406 2744 1619 2783 venena
1648 2729 1815 2800 depo-

225 2832 350 2877 nunt
382 2844 393 2877 :
454 2824 540 2878 ita
589 2830 643 2876 et
689 2838 792 2876 nos
818 2823 864 2876 si
894 2822 1150 2876 volumus
1193 2837 1396 2890 aquam
1430 2818 1811 2872 doctrinarum

224 2912 283 2966 de
332 2913 492 2967 fonte
546 2910 1145 2984 Salvatoris‘haurire,
1185 2924 1506 2963 evomamus
1552 2925 1653 2978 per
1711 2908 1811 2961 hu-

1898 1746 2086 1798 omnia
2117 1754 2172 1799 et
2201 1748 2381 1802 facere
2413 1755 2466 1803 et
2490 1750 2709 1815 docere,
2752 1769 2822 1807 ne
2848 1771 2975 1809 cum
3005 1758 3231 1815 Simone
3253 1762 3493 1834 bbligati

1897 1833 2023 1887 dolo
2052 1834 2406 1891 inveniamur
2455 1842 2586 1905 (Act.
2638 1855 2748 1905 vm,
2798 1842 2906 1901 21).
2964 1845 3350 1918 demonstrat;
3385 1833 3492 1909 sed

1897 1934 2118 1989 semper
2132 1922 2290 1990 juxta
2312 1922 2692 1978 doctrinarum
2714 1927 2927 1982 ﬂuenta
2946 1935 3491 1997 servantes,insidias

1898 2008 2136 2063 vitemus
2175 2011 2625 2080 malignantium,
2657 2020 2714 2067 et
2740 2019 3182 2089 contemplantes
3211 2023 3391 2079 Deum
3429 2027 3490 2082 in

1896 2098 2154 2153 cordibus
2206 2101 2431 2166 nostris,
2468 2102 2711 2157 exterius
2756 2107 3193 2178 concupiscerda
3236 2117 3491 2186 transpo-

1894 2203 2115 2242 namus.
2153 2190 2309 2243 Unde
2330 2192 2603 2261 propheta
2632 2192 2701 2246 de
2730 2196 2937 2249 sanctis
2973 2200 3436 2267 praedicatoribus
3469 2223 3485 2261 ;

1892 2277 1999 2343 Qui
2026 2283 2159 2331 sunt
2191 2282 2305 2344 isti,
2347 2279 2548 2350 inquit,
2582 2284 2682 2349 qui
2709 2288 2771 2335 ut
2801 2287 2967 2338 nubes
2992 2291 3201 2354 volant,
3244 2298 3290 2345 et
3327 2297 3489 2361 quasi

1892 2370 2152 2421 columbae
2181 2370 2253 2421 ad
2276 2370 2542 2435 fenestras
2564 2386 2693 2423 suas
2714 2377 2738 2423 ?
2767 2376 2889 2439 (lsa.
2907 2391 2991 2440 Lx,
3010 2376 3182 2445 8.)Ad
3213 2379 3487 2437 fenestras

1894 2456 2098 2526 quippe
2128 2472 2259 2510 suas
2285 2458 2463 2511 sancti
2500 2464 2647 2513 recte
2671 2461 2969 2532 aspiciunt,
2986 2469 3052 2518 ut
3070 2467 3489 2538 simplicitatem

1891 2544 2224 2599 innocentiae
2281 2545 2432 2599 intus
2476 2548 2811 2613 custodiant,
2868 2551 3002 2606 dum
3058 2555 3197 2609 nihil
3243 2560 3487 2615 exterius

1896 2634 2233 2704 aspiciendo,
2257 2636 2403 2705 quod
2433 2636 2600 2689 libeat
2640 2646 2895 2692 cernunt.
2925 2641 3045 2695 Imo
3067 2645 3325 2700 omnibus
3355 2664 3486 2719 pro-

1894 2724 2227 2777 stantetiam
2253 2724 2572 2795 alienis,qui
2594 2742 2726 2779 suos
2746 2728 2994 2782 enutrirc
3017 2732 3197 2786 modis
3220 2735 3481 2790 omnibus

1894 2811 2200 2868 elaborant.
2217 2813 2491 2867 Dicuntur
2519 2819 2708 2868 autem
2734 2816 3002 2872 columbae
3024 2820 3195 2874 etiam
3220 2823 3487 2878 suisinvi-

1893 2917 2014 2954 cem
2046 2902 2269 2967 osculis,
2302 2903 2387 2955 vel
2436 2903 2647 2957 mutuis
2675 2906 2991 2976 aspectibus
3017 2910 3308 2980 concipere
3350 2928 3366 2963 :
3417 2928 3484 2968 ex

224 3001 396 3055 milem
431 3001 847 3055 confessionem
874 3016 1085 3054 venena
1126 2998 1411 3063 vitiorum,
1445 3002 1509 3051 ut
1549 2997 1809 3067 deinceps
1827 2983 1872 3047 ο
1894 3006 2002 3059 quo
2024 2989 2360 3043 instruimm‘
2382 2990 2687 3056 moraliter,
2708 3008 2808 3061 Pel‘
2835 2993 3164 3049 (maritatam
3186 3000 3483 3055 Sineullius

225 3090 421 3145 ﬂuenta
456 3090 841 3144 doctrinarum
884 3088 1112 3142 haurire
1150 3088 1447 3159 possimus.
1481 3087 1614 3150 Quae
1639 3085 1808 3140 nimi-

223 3196 335 3233 rum
390 3186 661 3251 quatuor,
720 3196 841 3249 quaa
894 3178 1205 3249 posuimus,
1262 3182 1479 3231 natura:
1530 3175 1806 3246 serpentis

224 3270 467 3340 exempla
499 3269 639 3322 bene
673 3268 935 3321 videntur
977 3283 1282 3337 congruere
1321 3266 1390 3319 ad
1430 3265 1803 3319 imitationem

221 3359 553 3429 prudentiae.
583 3357 692 3412 Sed
720 3357 843 3411 duae
868 3360 932 3410 ut
955 3356 1256 3420 Christum,
1286 3355 1381 3426 qui
1400 3359 1569 3426 caput
1596 3359 1680 3409 est
1710 3370 1807 3407 no-

219 3454 407 3516 strum,
445 3452 580 3502 ante
610 3447 799 3500 omnia
818 3463 918 3517 per
938 3446 1102 3499 ﬁdem
1125 3445 1182 3498 in
1205 3445 1363 3498 nobis
1383 3444 1764 3498 custodiamus
1788 3462 1801 3497 :

220 3536 328 3593 dua:
342 3554 476 3592 vero
504 3536 573 3590 ad
606 3535 979 3589 imitationem
999 3534 1141 3601 vitae,
1161 3539 1437 3604 quatenus
1463 3533 1613 3587 exuti
1634 3532 1800 3599 vitiis,

219 3626 269 3679 in
295 3628 542 3681 novitate
571 3626 697 3680 vitae
734 3624 1104 3679 ambulemus.
1148 3625 1221 3676 At
1247 3639 1377 3677 vero
1409 3623 1655 3693 quidam,
1691 3638 1804 3676 non

219 3716 278 3769 ad
306 3723 572 3771 naturam
602 3714 878 3785 serpentis
894 3719 1151 3784 oportere
1173 3711 1380 3765 referre
1405 3712 1683 3779 dixerunt;
1705 3711 1804 3765 sed

220 3805 279 3858 ad
307 3806 461 3861 aliud
490 3804 639 3877 quod
660 3805 718 3858 in
747 3803 948 3859 Genesi
979 3803 1233 3873 legimus,
1276 3806 1578 3873 antequam
1620 3801 1800 3855 Adam
1828 3860 1829 3863 η

218 3890 269 3946 in
293 3893 556 3963 paradiso
577 3876 915 3959 traduceret,
930 3891 1346 3962 prudentiorem
1366 3890 1676 3945 eumfuisse
1688 3905 1801 3961 prae

219 3984 418 4046 cunctis
445 3982 829 4036 animantibus
860 3987 1041 4035 terrae.
1086 3981 1244 4035 Unde
1277 3980 1518 4051 primum
1548 3979 1800 4033 animum

219 4086 368 4126 sexus
400 4072 678 4126 mollioris
738 4087 996 4141 agressus
1026 4077 1144 4136 est;
1205 4069 1405 4123 deinde
1444 4080 1541 4141 spe
1570 4084 1693 4122 eam
1743 4067 1807 4121 il-

217 4158 355 4227 lexit,
404 4162 544 4215 dum
571 4161 1023 4215 communionem
1058 4159 1495 4214 immortalitatis
1540 4174 1669 4212 cum
1698 4156 1805 4211 diis

217 4250 526 4321 spOpondit.
563 4250 632 4304 Et
669 4266 770 4321 per
805 4249 921 4303 haec
948 4255 1110 4303 tanta
1131 4247 1362 4319 praemia
1405 4263 1544 4319 Opus
1588 4245 1801 4301 consilii

217 4339 295 4391 sui
318 4347 373 4394 et
404 4340 708 4394 voluntatis
738 4339 1032 4410 persuasit.
1060 4338 1186 4391 Pari
1217 4337 1391 4407 igitur
1420 4337 1615 4391 dicunt
1637 4352 1803 4407 opor-

216 4432 325 4482 tere
350 4429 654 4500 prudentia
674 4429 955 4482 doctorem
977 4428 1162 4498 agere,
1187 4435 1244 4480 et
1272 4426 1529 4498 inspiciat
1557 4427 1800 4497 primum

214 4517 649 4589 uniuscujusque
678 4523 938 4571 naturam
968 4522 1025 4571 ct
1056 4517 1419 4582 voluntatem,
1449 4516 1583 4587 quid
1613 4516 1799 4569 inten-

217 4606 323 4671 dat,
355 4607 556 4679 quidve
586 4607 783 4679 possit,
810 4607 894 4660 vel
942 4612 1213 4678 quantum
1252 4605 1327 4660 sit
1372 4622 1563 4676 capax.
1598 4605 1797 4675 Sicque

214 4694 579 4751 adhibendam
610 4695 905 4750 verborum
927 4696 1304 4766 prudentiam,
1329 4695 1530 4749 deinde
1559 4681 1685 4765 spes
1706 4694 1799 4748 bo-

214 4797 407 4839 norum
440 4788 759 4841 futurorum
790 4785 1107 4852 reseranda,
1134 4790 1191 4838 et
1221 4784 1468 4838 coelestia
1494 4784 1624 4837 ﬁdei
1654 4800 1797 4854 prae-

212 4873 319 4927 mia
344 4874 744 4945 promittenda,
774 4880 841 4927 ut
869 4873 1018 4944 quod
1047 4873 1140 4927 ille
1170 4873 1441 4927 mentitus
1465 4878 1568 4939 est,
1600 4877 1798 4926 contra

212 4964 455 5033 Apostoli
475 4964 843 5036 prmdicarent
870 4980 935 5016 ex
958 4979 1086 5016 vero
1106 4962 1410 5016 secundum
1437 4961 1797 5033 sponsionem

212 5049 325 5119 Dei,
383 5055 527 5124 quod
556 5054 774 5125 angelis
808 5053 1018 5106 similes
1056 5052 1231 5107 futuri
1256 5068 1469 5107 sumus.
1505 5052 1796 5115 Quatenus

211 5140 591 5212 hujuscemodi
625 5142 941 5214 prudentia,
989 5141 1170 5195 verbis
1201 5147 1259 5195 et
1306 5140 1793 5212 promissionibus,

213 5233 549 5287 saevientium
582 5239 818 5295 mentes,
865 5236 922 5285 et
960 5231 1217 5301 luporum
1265 5230 1477 5284 rabiem
1502 5230 1796 5300 protrahe-

212 5328 333 5374 rent
361 5322 434 5375 ad
463 5323 649 5376 ﬁdem.
666 5322 770 5375 Sed
796 5320 928 5391 quid
948 5320 1147 5374 horum
1169 5320 1345 5390 magis
1362 5325 1636 5389 congruat
1651 5336 1793 5390 prae-

214 5418 366 5480 cepto
395 5412 713 5478 Salvatoris,
748 5410 992 5482 prudens
1021 5409 1196 5464 lector
1226 5410 1447 5475 videat;
1479 5409 1613 5463 dum
1644 5410 1793 5463 virus

212 5502 408 5556 veneni
434 5502 623 5574 fugiat,
656 5508 716 5558 et
741 5502 1158 5575 simplicitatem
1182 5499 1451 5556 columbae
1483 5515 1597 5555 non
1625 5500 1795 5557 amit-

1888 3078 2072 3131 carnis
2096 3078 2566 3148 concupiscentia,
2595 3078 2826 3135 virtutes
2876 3098 3063 3137 serere
3106 3090 3164 3138 et
3202 3088 3483 3156 parturire

1889 3168 2031 3221 ﬁlios
2050 3167 2385 3237 adoptionis,
2416 3167 2570 3221 intus
2600 3183 2793 3222 amore
2827 3170 3067 3240 spiritali
3093 3181 3475 3244 regeneratos.

1889 3256 2156 3328 Sequitur
2181 3275 2196 3309 :

1958 3346 2147 3400 Cavete
2165 3350 2355 3399 autem
2384 3348 2451 3399 ab
2474 3346 2807 3401 hominibus.
2841 3349 2926 3403 Ad
2975 3350 3080 3405 hoc
3115 3357 3298 3408 totum
3329 3356 3478 3411 valet

1887 3434 2033 3507 quod
2073 3434 2343 3506 praemisit
2376 3452 2388 3486 :
2420 3435 2593 3489 Estote
2631 3439 2946 3505 prudentes,
2995 3446 3043 3493 et
3089 3443 3381 3511 simplices,
3416 3451 3481 3500 ut

1887 3541 2079 3579 cavere
2111 3524 2386 3594 possimus
2415 3540 2486 3577 ne
2513 3530 2611 3578 aut
2638 3526 2801 3579 malis
2831 3529 3286 3597 persuasionibus
3324 3539 3481 3589 exte-

1886 3615 2002 3668 rius
2032 3613 2395 3684 decipiamur,
2429 3618 2527 3666 aut
2545 3612 2977 3684 simplicitatem,
3012 3634 3134 3688 quae
3178 3637 3281 3690 per
3308 3622 3480 3693 Spiri-

1884 3710 2007 3758 tum
2039 3710 2292 3758 sanctum
2316 3702 2519 3756 diffusa
2548 3703 2707 3756 estin
2731 3705 3105 3771 credentibus,
3145 3709 3294 3763 foras
3328 3714 3475 3767 male

1886 3793 2264 3865 projiciamus.
2292 3792 2358 3845 Et
2388 3791 2491 3844 hoc
2515 3796 2601 3845 est
2625 3806 2818 3846 cavere
2835 3793 2904 3846 ab
2921 3794 3260 3861 hominibus;
3286 3815 3396 3853 non
3416 3806 3480 3855 ut

1883 3899 1994 3937 non
2016 3880 2486 3951 tradamur,quod
2512 3880 2715 3935 veritas
2734 3881 2986 3935 futurum
3004 3887 3352 3954 pronuntiat;
3374 3889 3473 3943 sed

1882 3978 1947 4027 ut
1974 3989 2087 4026 non
2107 3971 2453 4042 decipiamur
2471 3969 2597 4023 ullis
2614 3969 2943 4025 insidiarum
2965 3972 3476 4048 fraudibus.Respi-

1888 4062 1963 4116 cit
1990 4062 2079 4115 hic
2108 4062 2262 4115 locus
2293 4058 2441 4132 quod
2479 4058 2559 4113 ait
2592 4077 2603 4112 :
2636 4060 2764 4113 Ecce
2793 4075 2884 4127 ego
2909 4064 3069 4115 mitto
3105 4079 3212 4117 vos.
3246 4064 3319 4119 Et
3350 4065 3477 4121 ideo

1887 4156 2074 4205 cavete
2106 4167 2205 4221 per
2230 4150 2607 4222 prudentiam,
2639 4165 2711 4203 ne
2739 4149 3013 4204 amittatis
3056 4151 3477 4224 simplicitatem

1887 4240 2173 4295 columbae.

1965 4331 2202 4385 Tradent
2242 4332 2395 4384 enim
2423 4344 2512 4383 vos
2541 4331 2605 4382 in
2626 4330 2893 4383 conciliis.
2922 4329 3190 4401 Magister
3217 4333 3475 4407 egregius

1886 4420 2142 4474 Christus
2163 4436 2285 4490 quae
2304 4424 2542 4473 ventura
2558 4423 2721 4471 erant
2742 4418 2997 4488 praedicit
3019 4421 3335 4493 discipulis;
3360 4441 3474 4481 non

1882 4515 1947 4564 ut
1975 4510 2273 4575 deterreat,
2303 4509 2401 4562 sed
2449 4515 2512 4561 ut
2556 4508 2817 4571 instruat,
2851 4514 3128 4578 quatenus
3165 4513 3475 4582 paratiores

1880 4600 1996 4653 sint
2023 4614 2122 4670 pro
2146 4614 2231 4664 eo,
2252 4598 2322 4651 ad
2357 4598 2541 4650 omnia
2576 4596 2920 4650 sustinenda.
2943 4597 3099 4652 Unde
3118 4599 3326 4656 Paulus
3345 4620 3475 4675 apo-

1880 4689 2056 4743 stolus
2084 4703 2211 4741 cum
2245 4692 2388 4740 esset
2418 4685 2476 4739 in
2507 4684 2744 4739 vinculis
2782 4687 2885 4739 :In
2921 4686 3034 4751 hoc,
3070 4688 3273 4760 inquit,
3308 4696 3474 4760 positi

1878 4794 2071 4832 sumus
2094 4779 2145 4837 (Ι
2163 4776 2334 4829 Thess.
2369 4789 2458 4843 in,
2487 4773 2561 4841 3),
2590 4774 2647 4827 id
2681 4779 2784 4837 est,
2807 4779 2873 4828 ut
2895 4775 3179 4845 patiamur
3214 4785 3271 4833 et
3299 4781 3471 4836 susti-

1878 4883 2112 4921 neamus
2127 4881 2248 4936 quae
2263 4861 3030 4926 inferunturnobis.Quatuor
3049 4881 3291 4938 namque
3312 4877 3474 4926 erant

1881 4975 2001 5029 quae
2031 4961 2257 5028 possent
2309 4953 2589 5025 apostolos
2643 4970 2997 5024 permovere;
3049 4973 3172 5027 quae
3210 4959 3301 5013 hic
3341 4960 3471 5017 ideo

1877 5051 2278 5119 praenotantur,
2328 5060 2399 5097 ne
2425 5042 2607 5096 subito
2633 5042 2957 5113 praeriperet
2995 5060 3090 5099 eos
3108 5047 3289 5102 tacita
3317 5050 3472 5120 cogi-

1877 5135 2191 5207 tatio,quod
2206 5132 2463 5187 homines
2492 5131 2770 5202 simplices
2800 5137 2857 5186 et
2873 5131 3082 5187 indocti
3096 5133 3153 5188 in
3173 5135 3471 5194 concilium
3558 5198 3569 5207 η

1878 5226 2243 5287 ducerentur;
2270 5227 2326 5275 et
2371 5220 2495 5275 ideo
2526 5220 2609 5274 ait
2643 5233 2654 5268 :
2702 5220 2939 5273 Tradent
2983 5223 3129 5274 enim
3166 5237 3274 5274 vos.
3306 5223 3468 5289 Quod
3498 5246 3499 5249 η

1877 5314 2100 5385 fragiles
2147 5319 2203 5368 et
2230 5311 2537 5366 imbecilles
2567 5309 2793 5367 viribus.
2830 5325 2901 5363 ne
2930 5310 3073 5364 forte
3095 5312 3261 5367 corde
3288 5331 3467 5387 pave-

1878 5412 2005 5461 rent
2037 5423 2049 5457 :
2088 5407 2151 5459 In
2182 5404 2473 5471 synagogis
2501 5403 2615 5454 suis
2641 5403 3002 5470 ﬂagellabant
3029 5417 3118 5455 vos
3151 5401 3312 5465 Quod
3331 5406 3466 5460 viles

1878 5502 1934 5553 et
1957 5493 2225 5553 rusticani
2244 5509 2431 5549 coram
2454 5484 2679 5561 regibus
2698 5494 2932 5559 starent,
2948 5494 3015 5545 ut
3025 5490 3144 5547 ait:
3173 5493 3259 5548 Ad
3274 5498 3462 5565 498
