3918 6176
467 211 570 269 423

1231 207 1288 260 S.
1332 185 1712 262 PASCHASII
1753 199 2114 258 RADBERTI
2153 200 2456 256 ABBATIS
2493 199 2986 256 CORBEIENSIS.

3573 204 3655 260 424

474 354 618 406 reges
657 343 705 390 et
751 335 1001 405 praesides
1041 327 1547 394 ducemini._Quod
1591 327 1974 396 ineloquentes
2005 329 2062 378 et
2078 341 2128 398 Α
2147 331 2453 396 sequentur
2480 325 2788 380 audientes.
2810 326 3016 379 Omnes
3044 341 3165 378 cum
3195 325 3336 391 dicit,
3371 343 3470 380 non
3494 345 3574 382 eos
3596 330 3661 384 di-

470 427 676 488 idiotaa,
709 430 774 478 ut
801 423 882 477 ita
907 422 1106 487 fatear,
1135 419 1419 489 disputare
1450 415 1718 468 deberent
1739 415 1808 467 de
1838 414 2060 467 Christo

474 525 532 570 et
569 517 638 568 de
677 515 798 583 lege
832 529 898 566 ac
942 508 1248 582 prOphetis,
1302 506 1360 559 in
1406 504 1606 573 quibus
1646 503 1837 557 omnia
1865 503 1933 556 de
1967 502 2062 556 illo

473 601 1014 676 pramuntiabantur.
1047 597 1256 652 Idcirco
1280 594 1543 648 continuo
1571 592 1651 646 ait
1685 611 1698 644 :
1729 593 1905 646 Nolite
1927 594 2066 660 cogi-

476 700 593 748 tare
613 692 986 762 quomodoaut
1000 687 1134 756 quid
1149 686 1429 752 loquamin
1443 681 1854 736 z'.UndePaulus
1873 680 2068 734 doctor

475 781 734 853 egregius
770 797 781 831 :
819 779 942 831 Veni
960 777 1034 829 ad
1061 791 1166 837 vos,
1195 773 1396 844 inquit,
1436 775 1664 838 fratres,
1699 787 1809 823 non
1839 773 1901 823 in
1931 772 2062 822 emi-

479 872 670 926 nentia
697 868 980 928 sermonis,
1002 868 1100 915 aut
1135 865 1195 914 in
1216 861 1676 930 persuasibilibus
1701 860 1960 912 humanae
1979 872 2064 909 sa-

470 961 692 1028 pientiae
705 955 1260 1018 verbis,annuntians
1277 951 1424 1003 vobis
1445 950 1827 1001 testimonium
1846 947 1940 999 Dei
1949 985 1960 1011 .,
1978 946 2068 998 sed

473 1051 537 1100 in
552 1047 850 1099 ostensione
867 1043 1134 1110 Spiritus,
1149 1043 1435 1107 signorum
1447 1041 1514 1099 ,et
1536 1039 1786 1089 veritatis
1811 1036 1861 1106 (Ι
1871 1036 2060 1098 GorJI,

471 1135 550 1203 4).
572 1135 767 1203 Itaque
787 1130 1038 1184 insinuat
1065 1127 1215 1198 quod
1245 1128 1360 1181 Deo
1381 1131 1562 1180 totum
1592 1123 1839 1178 tribuere
1865 1122 2065 1176 debea-

473 1239 619 1286 mus,
656 1237 758 1274 nec
794 1218 1018 1273 aliunde
1047 1234 1148 1271 nos
1175 1215 1381 1269 habere
1409 1214 1720 1278 credamus,
1763 1211 1873 1265 nisi
1900 1211 1970 1264 ab
1999 1226 2065 1265 eo

475 1311 533 1365 in
576 1311 737 1380 cujus
765 1323 938 1361 manu
973 1323 1076 1359 nos
1105 1310 1163 1360 et
1194 1321 1481 1358 sermones
1501 1303 1680 1357 nostri
1701 1318 1915 1356 sumus.
1947 1303 2068 1356 Haec

478 1402 694 1454 omnia.
727 1396 931 1466 inquit,
960 1399 1186 1463 propter
1207 1410 1310 1458 me,
1330 1397 1392 1446 in
1417 1395 1791 1446 testimonium
1821 1389 2070 1444 illis.Ubi

2142 415 2238 476 cit,
2272 414 2367 484 qui
2397 414 2698 480 audierint,
2723 415 2815 467 sed
2839 433 2903 467 ex
2928 433 2990 467 co
3013 431 3220 482 omnes,
3242 416 3330 486 qui
3349 433 3408 469 ex
3423 419 3654 472 contrario

2144 503 2577 558 adversaverint.

2222 593 2328 658 Qui
2351 597 2777 660 perseveraverit
2804 611 2834 644 υ
2857 611 2967 661 qur:
2989 610 3049 646 in
3078 595 3259 660 ﬁnem,
3277 595 3358 648 hic
3381 598 3536 648 salvus
3561 599 3660 650 erit.

2146 682 2271 736 Non
2298 681 2393 752 Qui
2419 683 2846 752 perseveraverit
2881 682 3136 747 odio,aut
3157 683 3212 736 in
3241 685 3579 755 cujuscunque
3602 686 3664 739 rei

2147 771 2463 840 negotio,in
2487 771 2760 824 tradendo
2786 772 2994 824 scilicet
3023 771 3250 826 fratrem
3278 780 3370 825 aut
3390 772 3560 836 ﬁlium,
3587 774 3664 826 sed

2149 861 2244 930 qui
2267 860 2703 930 perseveraverit
2722 861 2778 913 in
2804 861 2872 912 ﬁd
2883 879 2910 912 ρ
2923 861 3162 914 nominis
3177 860 3396 926 Christi,
3417 861 3544 932 quod
3558 865 3664 917 Mar-

2147 966 2244 1004 cus
2276 949 2626 1003 manifestius
2659 949 2793 1002 dicit
2817 954 3006 1016 (Αανσ.
3027 965 3144 1006 xm.
3179 949 3258 1016 l3,
3286 951 3386 1004 14:.
3417 952 3510 1018 Qui
3533 955 3665 1004 susti-

2148 1042 2354 1102 nuerit,
2376 1039 2433 1092 id
2473 1043 2574 1104 est,
2609 1039 2794 1093 omnia
2829 1040 2930 1092 sibi
2961 1040 3116 1094 illata
3145 1039 3357 1110 probra,
3393 1041 3672 1111 persecutio-

2144 1144 2393 1198 nes,qua3
2419 1128 2626 1182 sanctis
2652 1129 2994 1200 martyribus
3013 1129 3148 1182 satis
3169 1128 3480 1200 abundeque
3501 1129 3673 1183 inﬂicta

2146 1221 2298 1282 sunt,
2331 1217 2378 1270 si
2398 1216 2522 1287 quis
2553 1217 2885 1270 sustinuerit
2913 1219 3024 1270 haec
3052 1234 3226 1288 usque
3253 1218 3309 1270 in
3337 1219 3508 1282 ﬁnem,
3529 1218 3674 1272 salvus

2149 1305 2275 1360 erit.
2293 1307 2357 1359 In
2377 1307 2546 1359 ﬁnem
2577 1311 2764 1359 autem
2783 1307 3166 1376 intelligimus,
3185 1312 3282 1360 aut
3301 1323 3464 1377 usque
3479 1307 3528 1359 in
3541 1307 3674 1360 ﬁnem

2151 1394 2276 1448 vitae
2330 1400 2430 1448 aut
2449 1410 2628 1465 usque
2665 1395 2797 1448 dum
2834 1396 3113 1465 compleat
3151 1395 3531 1461 testimonium,
3563 1394 3679 1466 quod

475 1487 656 1557 magis
687 1486 824 1539 ﬁdes
852 1482 1202 1554 imploranda
1231 1487 1333 1546 est,
1365 1497 1534 1551 quam
1563 1497 1757 1534 sensus
1787 1479 2073 1550 requiren-
2154 1489 2240 1537 est
2269 1484 2602 1556 martyrium
2621 1484 2924 1556 passionis:
2953 1485 3034 1538 vel
3055 1501 3341 1556 quousque
3354 1485 3420 1538 ad
3438 1483 3675 1538 Christum

477 1578 608 1642 dus;
643 1575 774 1646 quia
791 1573 1162 1644 quodcunque
1193 1571 1405 1624 sanctis
1431 1568 1888 1640 praedicatoribus
1915 1567 2072 1622 verbi
2155 1572 2458 1643 perveniat,
2496 1573 2591 1643 qui
2627 1579 2712 1626 est
2743 1573 2870 1626 ﬁnis
2899 1573 3080 1626 omnis
3099 1572 3584 1632 consummationis,
3608 1587 3683 1642 per

477 1665 698 1721 evenire
728 1668 936 1734 posset,
971 1677 1082 1714 non
1114 1660 1339 1712 aliunde
1359 1665 1543 1729 posset
1571 1675 1740 1728 quam
1769 1657 1838 1710 ab
1869 1657 1992 1728 ipso
2014 1661 2067 1709 et
2089 1657 2136 1716 B
2155 1677 2318 1732 quem
2338 1661 2724 1732 apprehendat
2737 1662 3124 1732 unusquisque
3137 1679 3320 1716 veram
3339 1667 3393 1715 et
3411 1667 3684 1732 perpetuam

477 1755 538 1809 in
559 1755 680 1825 ipso
699 1769 732 1806 a
767 1769 876 1822 quo
903 1750 1058 1804 missi
1087 1756 1267 1802 erant.
1293 1748 1452 1811 Quod
1467 1755 1656 1801 autem
1687 1746 1768 1800 ait
1800 1761 1810 1793 :
1843 1748 1910 1800 In
1933 1749 2074 1798 testi-
2153 1750 2344 1804 vitam.
2381 1749 2635 1813 Quatuor
2665 1751 2870 1820 quippe
2893 1751 2946 1804 in
2967 1752 3069 1804 hoc
3093 1751 3334 1822 capitulo
3357 1749 3688 1803 commendan-

480 1845 736 1898 mom'um
759 1842 894 1899 illis,
937 1838 1236 1908 distinguit
1264 1837 1485 1890 Iudaeos
1513 1843 1569 1890 et
1594 1841 1810 1905 gentes,
1845 1835 1991 1888 sicut
2018 1840 2075 1888 et
2154 1844 2250 1893 tur
2279 1838 2478 1893 salutis
2496 1839 2942 1902 elementaQuIa
2959 1839 3206 1908 primum
3228 1839 3548 1910 expellitura
3565 1837 3688 1892 nobis

481 1948 670 2004 supra,
706 1945 944 2016 quorum
977 1928 1036 1981 in
1064 1925 1449 1981 testimonium
1478 1925 1692 1978 venisse
1734 1925 1804 1977 ad
1848 1941 1943 1977 eos
1995 1923 2075 1976 di-
2154 1927 2445 1982 temeritas
2469 1927 2742 1992 elationis,
2759 1944 2884 1981 cum
2909 1929 3148 1982 dicitur:
3177 1931 3282 1995 Qui
3303 1929 3687 1996 perseveraverit,

477 2021 644 2088 citur,
675 2025 739 2074 ut
767 2012 954 2072 essent
1000 2015 1422 2070 inexcusabiles.
1460 2015 1618 2068 Sicut
1655 2014 1926 2068 Dominus
1953 2012 2035 2066 ait
2059 2031 2071 2066 :
2157 2033 2227 2070 ne
2256 2016 2405 2071 ullus
2435 2016 2504 2071 de
2525 2016 2642 2070 suis
2672 2025 2978 2087 praesumat
2995 2017 3225 2071 viribus.
3243 2017 3442 2071 Deinde
3471 2033 3580 2070 cum
3599 2013 3688 2068 ait:

477 2110 542 2166 Si
557 2126 671 2165 non
690 2110 955 2163 venissem
978 2112 1025 2160 et
1056 2109 1268 2159 locutus
1297 2107 1375 2157 eis
1405 2121 1517 2156 non.
1532 2105 1780 2170 fuissem,
1795 2107 2076 2170 peccatum
2159 2104 2356 2160 Salvus
2385 2108 2511 2172 erit,
2545 2123 2673 2176 spes
2701 2113 3017 2177 praestatur,
3047 2123 3375 2177 quacunque
3411 2111 3573 2159 morte
3598 2119 3693 2156 οοη.

480 2216 592 2254 ηοη
623 2199 880 2252 haberent
913 2197 1092 2264 (Joan.
1117 2209 1204 2258 xv,
1236 2192 1348 2256 2‘2).
1383 2191 1647 2262 Alioquin
1671 2197 1728 2244 et
1753 2196 1868 2243 tam
1900 2189 2078 2243 Judmi
2161 2200 2476 2249 summatus
2514 2194 2701 2249 fuerit.
2749 2195 3002 2250 Tertium
3039 2213 3167 2250 cum
3197 2196 3399 2250 dicitur
3427 2216 3437 2249 :
3483 2195 3626 2262 Usque
3647 2195 3693 2244 in

479 2303 651 2360 quam
688 2291 747 2340 et
781 2291 979 2355 gentes
1019 2281 1430 2353 quodammodo
1476 2278 1823 2333 excusabiles
1867 2284 2074 2342 essent,
2159 2285 2348 2351 ﬁnem,
2397 2283 2508 2338 duo
2541 2284 2708 2338 simul
2743 2285 3014 2350 ostendit,
3049 2285 3200 2355 quod
3247 2284 3422 2339 omnis
3460 2279 3695 2336 tribulatio

479 2375 590 2430 nisi
611 2373 850 2446 apostoli
875 2379 932 2426 et
960 2370 1251 2442 apostolici
1275 2369 1380 2422 viri
1409 2369 1478 2421 ad
1510 2385 1606 2422 eos
1626 2368 2078 2421 venissent.Nam
2162 2373 2329 2426 ﬁnem
2383 2372 2606 2439 habeat,
2640 2373 2735 2426 sed
2768 2374 3060 2444 praemium
3113 2373 3245 2428 boni
3283 2372 3480 2427 laboris
3522 2370 3695 2424 nullum

439 2465 636 2518 ~locus
659 2463 765 2516 iste
803 2476 913 2514 non
950 2460 1131 2513 solum
1159 2459 1227 2511 de
1259 2457 1527 2528 apostolis
1553 2456 1948 2527 intelligendus
1971 2462 2073 2523 est,
2160 2461 2365 2516 habeat
2386 2463 2576 2517 ﬁnem.
2603 2462 2673 2516 Et
2709 2463 2833 2516 ideo
2856 2463 2913 2516 in
2943 2464 3052 2516 fine
3081 2462 3311 2528 laboris,
3330 2462 3410 2516 vel
3429 2457 3698 2516 certaminis

483 2567 678 2608 verum
697 2549 871 2604 etiam
902 2555 958 2602 et
987 2548 1056 2601 de
1086 2546 1343 2601 omnibus
1372 2563 1550 2616 usque
1578 2546 1636 2599 in
1669 2546 1836 2599 ﬁnem
1891 2546 2077 2600 smculi
2160 2550 2299 2605 bene
2330 2550 2581 2604 addidit:
2603 2551 2799 2606 Salvus
2829 2555 2954 2610 erit.
2987 2557 3048 2605 ut
3069 2551 3352 2622 intelligas
3375 2551 3429 2604 in
3456 2556 3698 2610 teternum,

484 2639 823 2705 doctoribus,
846 2638 942 2709 qui
971 2636 1335 2708 passurisunt
1362 2651 1548 2689 coram
1579 2633 1923 2706 principibus
1944 2652 2078 2706 gen-
2159 2639 2216 2692 in
2247 2656 2357 2710 quo
2386 2638 2513 2692 ﬁnis
2535 2638 2721 2693 nullus
2743 2639 2867 2692 erit.
2893 2639 3161 2710 Alioquin
3188 2639 3429 2692 ﬁnienda
3462 2649 3699 2691 commen-

481 2729 648 2795 tium,
704 2733 802 2782 aut
848 2727 905 2781 in
963 2726 1262 2798 synagogis
1312 2726 1652 2779 Judeeorum.
1709 2726 1845 2778 Cum
1891 2731 2078 2778 autem
2159 2728 2390 2782 daretur
2417 2727 2702 2782 aeternitas
2731 2728 2788 2782 in
2817 2744 2882 2782 eo
2917 2727 3062 2798 quod
3089 2728 3210 2782 ait:
3243 2729 3435 2784 Salvus
3451 2729 3564 2791 erit,
3585 2725 3624 2777 si
3641 2739 3703 2776 es.

486 2819 704 2873 tradent
728 2833 836 2883 vos,
861 2817 966 2869 hoc
993 2821 1100 2881 est,
1131 2815 1280 2885 quod
1323 2814 1540 2867 dixerat
1575 2813 1834 2884 superius
1880 2831 1892 2865 :
1936 2815 2079 2880 Quia
2162 2824 2247 2871 set
2270 2822 2328 2870 et
2354 2817 2600 2870 ﬁnienda
2628 2818 2782 2872 salus
2811 2818 2955 2871 sicut
2987 2817 3187 2870 ﬁnitur
3212 2815 3580 2887 temporaliter
3602 2827 3696 2866 cer-

487 2910 706 2963 tradent
734 2923 842 2972 vos,
877 2909 1044 2960 nolite
1072 2907 1310 2971 cogitare
1331 2906 1614 2972 quomodo,
1648 2903 1702 2955 id
1744 2913 1847 2967 est,
1887 2908 2079 2956 utrum
2162 2911 2354 2960 tamen
2385 2905 2602 2974 agonis.

485 2995 759 3051 facundus
787 2994 862 3048 sit
908 3010 1093 3048 sermo
1147 2997 1204 3046 et
1251 2992 1586 3058 luculentus,
1620 2997 1720 3045 aut
1759 2991 1991 3062 simplex
2021 2996 2137 3070 etc
2231 2995 2369 3050 Cum
2393 2997 2664 3063 persecuti
2681 3011 2770 3048 vos
2789 2997 3005 3062 fuerint
3028 2999 3090 3050 in
3110 3012 3230 3052 una
3242 3000 3351 3052 civi
3358 3001 3474 3059 tate,
3492 2995 3643 3062 fugite
3657 2992 3703 3042 in

485 3082 890 3152 incompositus
924 3098 934 3131 :
981 3083 1061 3134 Vel
1103 3081 1240 3148 quid
1272 3083 1602 3146 loquamini,
1637 3080 1692 3133 id
1723 3085 1826 3144 est,
1867 3080 1936 3132 de
1967 3097 2076 3150 qua
2158 3083 2514 3147 aliam.Quia
2541 3083 2784 3138 dixerat:
2813 3086 2981 3138 Eritis
3009 3085 3134 3138 odio
3167 3088 3418 3140 omnibus
3439 3081 3704 3138 hominibus

484 3189 575 3228 re:
603 3175 823 3225 tantum
855 3174 918 3222 ut
943 3168 1011 3221 de
1041 3167 1384 3221 conscientia
1401 3166 1546 3220 bona
1561 3174 1646 3220 est
1663 3167 1770 3220 ﬁde
1791 3184 1901 3221 non
1925 3170 2071 3233 ﬁcta,
2152 3177 2378 3240 propter
2390 3188 2586 3226 nomen
2607 3189 2884 3235 mrum,ac
2902 3174 2946 3226 si
2966 3174 3397 3244 cogitationibus
3415 3187 3588 3227 eorum
3612 3184 3705 3221 res-

486 3261 569 3316 ita
607 3267 670 3314 ut
718 3257 1018 3329 prudentia
1055 3273 1150 3310 vos
1199 3255 1496 3326 praecedat.
1528 3262 1584 3308 et
1625 3256 1954 3326 simplicitas
1981 3274 2075 3310 co-
2159 3260 2405 3331 pondere
2434 3261 2654 3314 videtur
2679 3262 2814 3332 quid
2841 3263 3104 3332 deinceps
3133 3264 3259 3318 ﬁeri
3289 3255 3703 3336 oporteretQuod

485 3349 690 3406 lumbm
722 3364 834 3402 non
861 3347 1112 3415 effugiat.
1139 3344 1284 3408 Quia
1313 3345 1371 3398 in
1401 3345 1489 3398 his
1519 3344 1737 3399 duobus
1757 3345 1938 3399 verbis
1967 3347 2080 3400 Do-
2162 3355 2350 3404 autem
2367 3349 2530 3404 dixit:
2563 3352 2627 3404 In
2645 3353 3120 3410 civitateistamon
3133 3352 3556 3408 demonstrativo
3575 3345 3704 3409 dixit,

488 3439 676 3494 minus
709 3442 768 3491 et
811 3436 1076 3506 Magister
1103 3433 1246 3487 miro
1277 3433 1444 3487 modo
1486 3451 1748 3504 magnam
1794 3434 2080 3488 brevitatis
2163 3447 2260 3501 sed
2288 3447 2357 3502 de
2385 3447 2633 3519 qualibet
2653 3449 2734 3501 ait
2751 3448 2974 3503 civitate
3005 3456 3202 3516 ὅθ.)
3220 3451 3278 3506 in
3300 3467 3408 3523 qua
3435 3442 3700 3521 persecutio

487 3527 773 3599 discipulis
819 3523 1152 3596 praeparavit
1193 3523 1505 3588 materiem,
1538 3523 1888 3578 custodiendi
1935 3541 2081 3595 quae-
2163 3535 2430 3594 fueritmt
2450 3541 2586 3606 pum
2613 3535 2659 3589 si
2691 3535 3111 3608 Hierosolymis,
3131 3539 3368 3593 Romam
3393 3537 3571 3608 fugite,
3593 3533 3708 3588 sicut

485 3634 705 3688 cunque
733 3613 1031 3670 denuntiat
1056 3613 1200 3666 dum
1227 3618 1286 3666 et
1311 3629 1511 3682 aspera
1538 3613 1896 3683 ρθΐίθιέηάδί
1939 3630 2080 3684 quo-
2164 3625 2429 3696 populum
2455 3625 2647 3678 fecisse
2670 3625 2907 3694 legimus
2919 3627 3089 3680 etiam
3106 3633 3165 3680 et
3187 3629 3258 3682 de
3276 3622 3704 3685 DamascoiIICor.

486 3708 640 3764 niam
653 3707 806 3761 intus
818 3710 940 3758 erat
956 3701 1200 3774 Spiritus
1214 3702 1562 3774 sanctus,qui
1578 3702 1812 3757 docebat
1830 3703 2082 3773 singulos
2161 3717 2258 3778 χι).
2291 3714 2436 3766 Nam
2459 3713 2580 3766 ideo
2612 3713 2802 3783 fugam
2837 3715 3118 3786 praecepit,
3151 3717 3241 3770 vel
3258 3714 3540 3779 concessit,
3557 3727 3618 3766 ne
3633 3711 3710 3762 aut

485 3798 557 3854 de
583 3795 872 3852 omnibus:
895 3794 1134 3848 Παδίίυν
1149 3796 1321 3856 enim.
1337 3791 1538 3862 inquit.
1551 3795 1696 3846 vobis
1720 3796 1780 3846 in
1798 3797 1898 3846 illa
1919 3794 2077 3855 hora.
2161 3800 2420 3854 inﬁrmus
2439 3817 2551 3854 non
2571 3802 2997 3857 haberetlocum
3013 3803 3330 3875 respirandi
3350 3798 3710 3859 inconfessione

485 3889 545 3944 id
577 3893 680 3953 est,
705 3901 832 3940 cum
859 3899 1046 3938 coram
1073 3881 1297 3952 regibus
1320 3886 1419 3935 aut
1445 3881 1502 3934 in
1533 3882 1850 3953 synagogis,
1877 3881 1962 3934 vel
1982 3881 2064 3936 ubi

2163 3889 2390 3954 Christi,
2418 3890 2464 3942 si
2486 3890 2672 3944 minus
2684 3891 2918 3962 quilibet
2943 3893 3126 3947 adhuc
3156 3910 3216 3947 se
3241 3894 3451 3947 videret
3468 3891 3708 3947 idoneum,

487 3983 547 4034 et
565 3977 663 4032 ubi
681 3972 1014 4044 interrogati
1039 3971 1420 4026 fueritis.Vult
1449 3970 1598 4024 enim
1630 3977 1695 4024 ut
1722 3987 1817 4024 cor
1835 3971 2078 4024 doctoris
2162 3983 2219 4031 et
2262 3979 2551 4032 temeritas
2599 3980 3030 4050 periclitaretur,
3065 3987 3121 4035 et,
3167 3998 3242 4036 ne
3289 3988 3387 4036 aut
3433 3981 3705 4050 importune

486 4066 729 4139 pendeat
748 4065 809 4117 in
847 4063 1047 4126 Deum.
1080 4066 1138 4114 et
1163 4061 1234 4114 ad
1257 4059 1494 4130 gloriam
1527 4059 1628 4113 Ι)οἱ
1669 4076 1736 4113 ex
1760 4060 1922 4114 donis
1955 4061 2076 4130 ejus
2161 4068 2432 4138 martyrio
2447 4068 3006 4123 occumberetChristi
3023 4075 3329 4141 antequam
3350 4069 3588 4123 militiam
3600 4079 3707 4136 pra:-

488 4158 752 4226 Operetur
763 4150 1210 4220 autloquaturin
1233 4149 1464 4201 cunctis.
1482 4150 1676 4202 Tradet
1692 4155 1878 4202 autem
1900 4152 2079 4216 frater
2161 4156 2454 4212 dicationis
2473 4175 2586 4212 sua,
2608 4175 2708 4229 pro
2739 4161 2918 4212 εειυιρ
2945 4176 3157 4223 θοι-ηπ),
3179 4161 3277 4230 qui
3295 4157 3703 4215 ετθάίωινίθηωι,

485 4244 724 4314 fratrem
742 4242 808 4293 in
834 4244 1084 4300 mortem,
1117 4243 1167 4289 et
1187 4243 1346 4304 pater
1369 4239 1574 4302 ﬁlium.
1593 4236 1867 4300 Quoniam
1891 4239 2080 4292 nullus
2161 4245 2390 4318 indigne
2411 4248 2768 4318 expenderet.
2803 4249 3051 4302 Stultum
3081 4265 3212 4319 ergo
3248 4256 3334 4304 est
3359 4249 3414 4302 in
3437 4247 3569 4301 bello
3585 4239 3707 4296 mili—

490 4335 578 4386 est
597 4329 741 4383 ﬁdus
761 4327 990 4423 affectus
1011 4324 1215 4388 carnis,
1233 4323 1326 4378 ubi
1355 4323 1571 4422 diversa
1601 4331 1686 4423 est
1717 4327 1872 4379 ﬁdes.
1909 4329 2144 4423 Exag-D
2162 4341 2276 4390 tem
2306 4337 2462 4407 prius
2491 4355 2549 4390 se
2580 4336 2746 4390 morti
2771 4338 2988 4404 offerre,
3025 4354 3194 4409 quam
3225 4338 3468 4410 aliquem
3493 4335 3708 4390 adversa-

487 4424 652 4493 εθνειι
686 4417 875 4486 itaque
912 4413 972 4468 in
992 4419 1244 4483 tempore
1274 4412 1675 4482 Persecutionis
1717 4419 1909 4479 499
1928 4433 2080 4487 pres-
2100 4412 2141 4423 ”
2164 4425 2377 4479 riorum
2399 4427 2515 4480 suis
2530 4431 2850 4496 prosternat
2873 4427 3046 4480 armis
3070 4445 3082 4494 ;
3108 4427 3222 4481 imo
3247 4426 3467 4498 expedit
3497 4430 3556 4478 ut
3579 4416 3707 4475 festi-

491 4523 752 4565 surarum
782 4501 1089 4574 angustias,
1123 4501 1259 4555 dum
1297 4501 1356 4555 in
1392 4501 1547 4554 nullo
1590 4501 1698 4556 nisi
1733 4502 1790 4555 in
1820 4505 1938 4558 solo
1965 4506 2082 4561 Deo
2162 4520 2277 4578 net,
2310 4520 2615 4585 antequam
2641 4515 2822 4580 cadat,
2857 4517 3044 4586 plures
3072 4522 3453 4586 prosternere;
3487 4512 3710 4578 deinceps

491 4615 620 4672 spes
647 4593 1010 4665 relinquitur:
1037 4591 1172 4645 dum
1193 4589 1364 4644 etiam
1389 4589 1495 4661 ipsi
1519 4590 1620 4644 ﬁlii
1641 4607 1872 4662 surgere
1893 4594 2081 4649 dicun-
2161 4602 2331 4656 etiam
2361 4603 2408 4656 si
2435 4604 2733 4674 contigerit
2761 4604 2830 4658 ad
2859 4606 2970 4658 alia
2998 4621 3059 4658 se
3088 4605 3298 4659 servari
3330 4603 3566 4676 gaudeat
3601 4617 3612 4652 ε
3651 4597 3714 4650 ita

491 4687 654 4743 turin
686 4682 1043 4756 parentes.Et
1071 4679 1162 4734 hic
1179 4684 1263 4734 est
1291 4679 1512 4750 gladius
1545 4679 1695 4734 verbi
1715 4681 2081 4754 divini,quem
2164 4697 2222 4745 et
2266 4691 2325 4744 in
2373 4692 2474 4745 hac
2511 4692 2711 4748 militia
2743 4694 2950 4748 Christi
2990 4694 3068 4749 sic
3106 4693 3408 4766 quaerenda
3435 4697 3516 4746 est
3558 4687 3716 4762 palma

491 4776 648 4831 venit
663 4775 828 4830 Jesus
843 4771 1066 4826 mittere
1079 4770 1139 4824 in
1165 4775 1396 4836 terram,
1420 4775 1484 4824 ut
1501 4769 1734 4824 dirimat
1755 4772 2082 4842 religionem
2165 4780 2444 4850 martyrii,
2486 4786 2550 4835 ut
2575 4798 2687 4837 non
2713 4783 2956 4852 refugiat
2985 4784 3109 4855 quis
3160 4800 3261 4856 pro
3289 4783 3468 4838 salute
3511 4778 3714 4834 aliorum

491 4865 624 4923 ﬁdei
652 4863 723 4919 ab
752 4861 905 4918 omni
949 4876 1142 4915 amore
1170 4859 1375 4926 carnis,
1407 4863 1464 4914 et
1496 4859 1762 4930 pietatem
1791 4862 2030 4932 proximi
2048 4879 2083 4917 a
2164 4869 2406 4924 tolerare
2435 4870 2728 4942 dispendia
2757 4873 2864 4939 sui,
2893 4873 3101 4944 diuque
3131 4873 3278 4926 ferre
3307 4887 3510 4944 agones
3537 4861 3714 4941 proprii

491 4955 702 5029 pietate
729 4951 936 5007 divina.
2163 4957 2386 5012 laboris.
2423 4960 2698 5015 Caeterum
2729 4962 2823 5016 alii
2851 4963 2998 5015 hunc
3033 4961 3215 5016 locum
3247 4959 3551 5034 expressius
3579 4949 3716 5010 intel-

561 5045 629 5100 Et
655 5045 832 5108 eritis,
854 5039 1058 5112 inquit,
1089 5040 1210 5093 odio
1229 5039 1484 5093 omnibus
1512 5037 1830 5094 hominibus
1859 5045 2064 5110 proptei

2161 5047 2400 5117 ligentes
2446 5049 2655 5118 dixere,
2691 5051 2838 5122 quod
2881 5052 2940 5104 iu
2987 5051 3097 5105 ista
3124 5051 3344 5105 civitate
3384 5064 3506 5104 cum
3531 5045 3620 5109 ait,
3641 5041 3717 5096 Je-

491 5150 694 5192 Mmm
731 5147 934 5185 meum
983 5129 1200 5183 Nomen
1237 5133 1427 5182 autem
1471 5127 1572 5182 Dei
1611 5145 1874 5199 ωαεηυηι
1905 5135 1991 5185 est
2027 5136 2084 5185 et
2163 5138 2408 5192 rusalem
2453 5139 2690 5192 voluerit
2732 5140 3044 5204 ostendere,
3087 5141 3247 5211 quasi
3278 5135 3618 5209 metropolim
3643 5129 3719 5184 Ju-

489 5222 788 5281 ineﬁ'abile.
826 5218 935 5274 Sed
989 5223 1076 5272 est
1120 5232 1326 5270 nomen
1373 5217 1514 5286 ejus,
1545 5233 1610 5270 ex
1653 5234 1762 5288 quo
1811 5220 2081 5274 scandali-
2166 5227 2432 5290 daeorum,
2463 5245 2533 5282 ne
2554 5227 2710 5299 prius
2737 5228 2885 5282 irent
2909 5231 2977 5283 ad
3009 5229 3324 5284 Samariam
3355 5232 3412 5282 et
3440 5225 3507 5280 ad
3528 5225 3715 5295 gentes,

489 5319 690 5368 zantur
712 5309 955 5381 plurimi,
979 5323 1088 5378 quo
1117 5305 1502 5375 insigniuntur
1537 5323 1732 5360 omnes
1761 5309 2079 5380 quicunque
2164 5333 2330 5387 quam
2373 5317 2429 5370 in
2460 5334 2527 5372 ea
2553 5319 2866 5388 persecutio
2897 5325 3234 5374 moveretur.
3253 5317 3412 5382 Quod
3433 5321 3488 5369 et
3513 5304 3720 5385 primiti-

493 5405 644 5456 recte
678 5399 939 5453 invocant
971 5411 1177 5451 nomen
1202 5395 1426 5449 Domini
1451 5413 1464 5462 ;
1507 5396 1656 5450 unde
1694 5403 1752 5450 et
1777 5399 2081 5455 Christiani
2163 5421 2288 5458 vam
2317 5406 2616 5460 Ecclesiam
2637 5406 2740 5460 sub
2765 5409 2998 5462 Claudio
3027 5408 3345 5463 observasse
3375 5404 3618 5475 legimus.
3659 5393 3720 5450 Ut

495 5503 782 5549 vocamur.
806 5486 967 5555 Quod
985 5501 1119 5544 sane
1129 5499 1355 5552 nomen,
1373 5483 1508 5556 quia
1535 5483 1595 5540 in
1614 5485 1768 5541 vobis
1809 5489 1938 5555 erit,
1957 5505 2082 5561 per-
2162 5493 2238 5551 sit
2266 5493 2421 5564 ordo,
2443 5512 2571 5553 cum
2600 5498 2879 5570 persecuti
2897 5515 2992 5554 vos
3016 5497 3227 5556 fuerint
3244 5497 3302 5554 in
3326 5483 3716 5563 Hierosolymis,
