3918 6176
246 265 349 327 425

999 228 1405 332 “EXPOSI'I'IO
1443 274 1522 333 IN
1560 273 2006 334 MA'I‘THEUM.
2049 306 2115 318 -
2153 277 2293 333 LIB.
2334 277 2430 346 VI,
2471 279 2630 334 CAP.
2674 280 2744 351 x,

3415 286 3557 373 θαι

244 401 377 450 tunc
388 396 611 467 expulsi
633 396 702 451 de
717 396 1139 470 civitate,fugite
1160 400 1405 472 primum
1423 402 1493 456 ad
1512 403 1844 470 Samariam,
1861 404 1910 463 A
1927 418 2142 469 eorum,
2176 409 2224 458 cl
2244 406 2307 459 in
2325 404 2461 471 ﬁnes
2481 406 2629 459 orbis
2648 409 2808 459 terra:
2828 407 2988 461 verba
2999 422 3189 464 eorum
3204 409 3521 479 (Psalmmt,

242 501 364 555 quae
405 485 572 556 quasi
616 486 730 540 alia
776 486 974 542 civitas
1026 489 1367 553 nominatur,
1399 508 1499 561 per
1528 508 1694 563 quam
1726 498 1846 547 tota

239 574 532 643 gentilitas
561 574 905 646 designatur.
933 576 1091 631 Unde
1118 578 1248 648 quia
1272 578 1491 634 dixerat
1507 581 1574 634 ad
1600 586 1840 652 tempus:

241 663 301 717 In
332 663 490 717 viam
519 664 775 735 gentium
797 681 867 718 ne
896 664 1169 729 abieritis,
1203 672 1261 720 et
1286 667 1342 720 in
1368 667 1620 723 civitates
1651 670 1846 723 Sama-

240 750 559 805 ritanorum
583 768 653 805 ne
673 752 1292 819 intraveritis,insinuat
1308 771 1599 825 quousque
1620 773 1847 811 servan-

239 839 373 893 dum
404 840 580 894 fuerit
608 840 756 911 quod
796 848 1158 912 praeceperat.
1198 842 1368 906 Quasi
1417 844 1630 898 diceret
1660 863 1671 897 :
1706 846 1846 899 Cum

238 930 560 999 persecutio
591 947 687 983 vos
712 930 988 1001 expulerit
1022 947 1055 984 a
1095 931 1307 995 Judaea,
1352 932 1527 1002 fugite
1559 933 1627 987 ad
1659 934 1849 987 Sama-

238 1019 402 1083 riam,
433 1025 492 1072 et
514 1018 875 1088 Evangelium
907 1018 1111 1090 ubique
1129 1019 1185 1073 in
1212 1020 1474 1073 omnibus
1495 1020 1843 1091 praedicetur,

239 1113 295 1160 et
322 1107 682 1177 compleatur
725 1106 1008 1177 gentibus.
1054 1107 1213 1162 Unde
1251 1108 1524 1162 Dominus
1564 1109 1697 1163 alibi
1731 1128 1742 1162 :
1782 1111 1845 1164 Et

238 1199 418 1262 eritis,
443 1196 646 1267 inquit,
683 1197 824 1249 mihi
856 1201 1006 1250 testes
1036 1199 1098 1250 in
1126 1199 1453 1263 Jerusalem,
1487 1203 1534 1251 cl
1584 1201 1647 1253 in
1691 1201 1848 1253 omni

236 1286 452 1351 Iudaea,
474 1290 525 1338 ct
544 1285 827 1351 Samaria,
860 1290 908 1338 et
929 1302 1096 1353 usque
1122 1287 1196 1339 ad
1224 1288 1491 1340 ultimum
1514 1292 1674 1340 terra?
1702 1289 1837 1349 (Act.

236 1387 273 1439 ι,
305 1371 389 1443 8).
423 1374 551 1427 Νοη
591 1373 735 1444 quod
769 1373 874 1428 soli
902 1374 1143 1445 apostoli
1182 1375 1286 1428 hoc
1314 1374 1602 1445 impleturi
1635 1381 1839 1440 essent,

235 1462 333 1516 sed
365 1462 520 1532 quod
556 1462 692 1517 dicit
720 1462 849 1525 illis,
882 1461 1142 1516 o'mnibus
1185 1463 1337 1523 dicit,
1371 1480 1471 1534 per
1497 1480 1637 1534 quos
1665 1481 1844 1535 usque

236 1550 292 1604 in
323 1552 503 1605 ﬁnem
530 1550 718 1606 saeculi
757 1551 871 1605 haec
908 1551 1239 1622 complenda
1277 1557 1459 1605 erant.
1502 1552 1657 1606 Alias
1708 1553 1841 1623 quid

234 1644 314 1694 est
348 1640 508 1711 quod
530 1639 695 1693 dicit:
727 1640 851 1694 Non
877 1642 1336 1693 consummabilis
1365 1643 1613 1696 civitates
1646 1643 1836 1707 Israel,

1928 490 2003 559 li).
2042 491 2321 546 Moraliter
2346 508 2475 545 vero
2496 491 2662 546 datur
2688 492 3079 564 intelligentia,
3112 495 3160 550 si
3190 496 3394 568 aliquis
3420 515 3524 553 nos

1927 579 2314 634 hmreticorum
2344 580 2401 635 in
2452 597 2564 635 uno
2604 580 3020 652 Scripturarum
3050 584 3170 639 loco
3199 591 3524 657 persecutus

1928 668 2116 733 fuerit,
2140 673 2205 722 ut
2232 669 2514 739 fugiamus
2562 668 2631 722 ad
2689 671 2800 723 alia
2846 672 3162 727 divinarum
3200 674 3526 731 testimonia

1928 756 2268 822 litterarum,
2299 759 2474 811 donec
2502 774 2957 814 consummemus
2996 762 3161 816 ﬁdem
3193 763 3519 834 perfectam,

1930 862 2052 916 quae
2078 845 2136 900 in
2165 845 2388 900 Christo
2410 851 2576 911 est,et
2598 846 2838 915 palmam
2871 848 3226 905 obtineamus
3256 851 3520 908 victoriae.

1931 933 2197 1005 Sequitur
2228 956 2239 990 :

2001 1023 2121 1077 Non
2144 1027 2217 1075 csl
2244 1023 2549 1090 discipulus
2567 1039 2729 1091 super
2760 1026 3201 1092 magislrmn.Ad
3216 1026 3521 1099 hocitaque

1930 1110 2265 1164 adhortatur
2283 1110 2429 1180 quod
2460 1110 2680 1164 dixerat
2707 1129 2719 1164 :
2752 1115 3151 1181 Pcrsequcntur
3169 1116 3362 1170 vos.Ac
3377 1115 3427 1169 si
3440 1115 3522 1170 di-

1927 1204 2078 1253 ceret
2111 1218 2122 1253 :
2169 1200 2227 1253 Si
2257 1215 2359 1269 ego
2399 1198 2667 1268 Magister
2710 1205 2894 1253 vester
2931 1201 3131 1271 patior,
3166 1207 3224 1257 et
3269 1203 3520 1258 sustineo

1927 1293 2156 1361 propter
2182 1305 2274 1342 vos
2306 1287 2505 1358 gratis,
2539 1294 2750 1359 quanto
2788 1288 2968 1357 magis
3015 1307 3107 1344 vos
3162 1291 3418 1363 discipuli
3464 1298 3523 1347 et

1926 1378 2070 1431 servi
2102 1377 2215 1449 pati
2234 1393 2333 1448 pro
2351 1393 2475 1430 meo
2506 1392 2697 1430 amore
2725 1393 2837 1430 non
2861 1376 3153 1448 dedignari
3181 1379 3522 1447 debetis,sed

1924 1465 2203 1520 sustinere
2233 1470 2289 1519 et
2314 1464 2720 1536 patientissime
2752 1465 2929 1519 ferre?
2956 1472 3145 1531 502
3175 1468 3323 1538 quod
3344 1468 3393 1523 si
3416 1486 3521 1541 pa-

1923 1553 2313 1609 tremfamilias
2350 1553 2657 1608 Beelzebub
2696 1558 3048 1615 vocaverunt,
3097 1562 3308 1626 quanto
3341 1557 3521 1628 magis

1922 1642 2222 1713 discipulos
2251 1642 2392 1712 ejus,
2433 1642 2567 1712 quia
2594 1658 2705 1696 non
2747 1647 2833 1696 est
2874 1642 3180 1714 discipulus
3208 1660 3381 1716 super
3406 1662 3524 1700 ma-

234 1730 406 1783 donec
423 1731 578 1796 ﬁlius
608 1729 850 1782 hominis
875 1730 1098 1782 veniat?
1122 1730 1332 1781 ullallli.
1359 1745 1410 1793 x,
1436 1728 1555 1784 23.)
1580 1728 1681 1783 Vel
1706 1729 1835 1800 quid
1858 1745 1903 1804 Β
1919 1731 2196 1801 gistrum?
2216 1730 2346 1784 Ideo
2380 1729 2585 1801 probra
2600 1730 2956 1785 etirrisiones
2975 1731 3252 1786 sustinere
3279 1733 3525 1804 {equani-

235 1821 318 1871 est
348 1817 505 1888 quod
528 1816 698 1871 dicit:
734 1819 856 1871 Non
884 1818 1377 1871 consununabilis?
1404 1816 1677 1871 Fortassis
1706 1834 1839 1888 ergo

236 1906 389 1976 quod
419 1905 789 1976 prmmiserat,
822 1907 998 1972 fugite
1024 1908 1086 1959 in
1108 1907 1305 1965 aliam,
1342 1922 1453 1959 non
1471 1905 1840 1960 cosummabi-

238 1995 308 2049 tis
339 2012 441 2049 eas
473 1994 737 2064 fugiendo
767 1994 835 2048 de
865 1994 1088 2049 civitate
1116 1993 1174 2047 in
1205 1994 1524 2060 civitatem;
1558 1995 1702 2065 quod
1724 2011 1840 2049 om-

238 2085 378 2138 nino
415 2100 531 2138 non
566 2088 698 2138 stat.
725 2084 834 2138 Sed
860 2099 971 2137 non
1000 2082 1460 2138 consummabitis
1490 2083 1842 2154 praedicando

238 2178 288 2226 et
317 2172 705 2227 convertendo
736 2188 849 2237 eas,
875 2188 1167 2242 quousque
1196 2171 1383 2225 veniat
1422 2171 1569 2225 ﬁlius
1601 2170 1842 2226 hominis

237 2261 289 2315 in
324 2262 505 2315 ﬁnem
535 2260 762 2327 saeculi;
796 2260 986 2330 sicque
1029 2259 1110 2313 eis
1164 2259 1296 2313 solis
1335 2260 1603 2330 apostolis
1630 2261 1735 2314 hoc
1758 2260 1842 2314 vi-

238 2351 405 2404 detur
427 2349 632 2403 dixisse
669 2349 814 2403 sicut
835 2348 946 2402 ait:
997 2350 1269 2403 Vobiscum
1298 2365 1423 2401 sum
1455 2351 1712 2403 omnibus
1733 2351 1844 2403 dic-

236 2442 333 2492 bus
366 2455 542 2507 usque
569 2440 644 2491 ad
667 2440 1195 2491 consummationem
1216 2442 1391 2502 50]
1426 2438 1837 2507 saculi(.-lfallh.

236 2541 432 2595 xxvlu,
464 2526 574 2592 ‘20).
600 2526 760 2590 Quod
785 2532 972 2579 tamen
998 2525 1297 2579 universali
1350 2523 1610 2579 Ecclesia:
1639 2525 1843 2596 promi-

232 2615 376 2670 sisse
405 2631 522 2669 non
554 2614 786 2669 dubium
827 2619 929 2680 est,
986 2613 1044 2667 in
1106 2630 1235 2685 qua,
1278 2612 1404 2667 aliis
1451 2613 1839 2675 morientibus,

235 2704 481 2774 aliisque
523 2701 901 2764 nascentibus,
958 2718 1137 2772 usque
1185 2702 1244 2756 in
1302 2701 1841 2756 consummationem

236 2793 429 2847 δευουιί
475 2790 808 2845 servabitur.
852 2790 944 2846 Sic
988 2790 1180 2861 itaque
1229 2795 1286 2845 et
1314 2791 1450 2844 illud
1477 2796 1562 2844 est
1584 2790 1654 2844 ad
1695 2791 1842 2844 solos

236 2881 552 2952 apostolos,
585 2879 681 2933 ubi
711 2880 793 2934 ait
824 2892 836 2927 ε
872 2881 1011 2935 Cum
1032 2881 1283 2933 videritis
1307 2880 1417 2933 hac
1444 2882 1843 2942 omnia,scilolc

138 2978 141 2981 ’
240 2973 378 3038 quia
400 2985 573 3038 prope
606 2974 681 3022 est
710 2971 773 3022 in
791 2971 994 3037 januis
1028 2969 1239 3029 (ΜαιΙΙι.
1271 2984 1419 3033 xxiv,
1454 2965 1564 3035 33).
1598 2968 1738 3022 Cum
1769 2968 1841 3022 ad

1922 1818 2091 1873 initer
2119 1818 2352 1873 debetis.
2388 1819 2564 1872 Porro
2597 1817 2901 1872 Beelzebub
2919 1818 3128 1873 idolum
3144 1825 3231 1875 est
3248 1822 3517 1890 Accaron,

1922 1908 2069 1978 quod
2102 1913 2329 1961 vocatur
2371 1906 2430 1960 in
2474 1907 2689 1977 Regum
2732 1906 3013 1961 volumine
3066 1910 3279 1962 idolum
3321 1925 3521 1964 muscae

1919 1997 2018 2057 (IV
2035 1998 2154 2063 Reg.
2189 2004 2250 2061 ι),
2287 1994 2435 2065 quod
2479 1994 2781 2065 aliquando
2820 1994 3027 2049 dicitur
3062 1995 3217 2062 Baal,
3258 2013 3324 2051 eo
3368 1997 3519 2068 quod

1924 2082 1983 2136 in
2016 2082 2300 2137 montibus
2329 2082 2714 2149 adorabatur;
2756 2082 3058 2154 aliquando
3087 2084 3452 2156 Beelphegor,
3484 2102 3520 2140 a

1924 2172 2149 2226 civitate
2175 2172 2231 2225 in
2283 2187 2392 2242 qua
2446 2178 2570 2226 erat
2597 2171 2810 2226 idolum
2851 2172 3096 2227 ﬁliorum
3126 2174 3384 2229 Ammon.
3417 2175 3518 2229 Bel

1926 2266 2115 2315 autem
2149 2267 2310 2332 pater
2337 2260 2470 2315 Nini
2500 2260 2647 2331 regis
2677 2260 3034 2331 Assyriorum
3067 2260 3192 2327 fuit,
3224 2278 3390 2333 quem
3421 2262 3518 2318 alii

1925 2350 2232 2404 Saturnum
2263 2366 2385 2403 esse
2419 2349 2699 2403 dixerunt.
2746 2349 2919 2403 Porro
2963 2349 3112 2420 quod
3149 2349 3403 2404 additum
3434 2357 3522 2406 est

1923 2438 2129 2507 Zebub,
2149 2439 2378 2493 tradunt
2401 2438 2547 2509 quod
2571 2443 2800 2509 prepter
2819 2454 3042 2491 servum
3056 2437 3398 2506 Abimelech,
3422 2439 3519 2511 qui

1924 2527 2128 2581 fratres
2156 2542 2288 2580 suos
2317 2525 2674 2596 septuaginta
2702 2526 2942 2596 peremit
2966 2525 3174 2596 gladio,
3207 2524 3287 2579 ita
3315 2526 3390 2581 sit
3426 2546 3524 2600 ap-

1927 2616 2185 2686 pellatus.
2216 2613 2324 2668 Hic
2354 2619 2541 2668 autem
2576 2631 2769 2668 servus
2794 2613 3002 2667 dicitur
3027 2613 3243 2684 primus
3270 2614 3376 2669 hoc
3404 2615 3520 2669 ido-

1928 2705 2044 2758 lum
2078 2703 2135 2757 in
2160 2707 2313 2757 terra
2340 2702 2513 2756 Israel
2553 2702 2833 2756 adorasse.
2859 2703 3270 2772 Interpretatur
3297 2719 3519 2774 quoque

1922 2790 2127 2858 Zebub,
2161 2806 2353 2845 musca
2376 2789 2461 2844 vel
2479 2792 2568 2844 rir
2586 2806 2931 2855 muscarum,
2956 2794 3185 2861 propter
3207 2789 3521 2845 multitudi-

1923 2897 2051 2935 nem
2081 2879 2330 2935 sordium
2352 2884 2409 2933 et
2437 2878 2791 2949 putredinem
2815 2878 3149 2944 hostiarum,
3169 2894 3308 2950 quas
3328 2894 3520 2934 coram

1921 2969 2072 3024 idolo
2096 2970 2315 3035 Muscas,
2349 2984 2471 3039 quae
2502 2966 2884 3022 exterminant
2908 2966 3244 3021 suavitatem
3273 2965 3401 3032 olei,
3430 2966 3521 3022 in-

240 3074 332 3113 eos
365 3058 552 3112 solum
578 3057 683 3111 hoc
711 3057 989 3128 pertineat
1024 3056 1121 3127 qui
1171 3061 1340 3110 erunt
1369 3055 1529 3110 electi
1560 3056 1618 3110 in
1648 3073 1835 3111 carne.
1856 3066 1900 3127 ο
1922 3056 2302 3130 sequebantur
2333 3062 2391 3111 et
2417 3055 2721 3111 foedabant.
2751 3056 2907 3111 Unde
2932 3055 3066 3127 quia
3094 3055 3524 3127 spurcissimam

236 3145 339 3210 Qui
375 3146 650 3200 nimirum
671 3162 808 3199 usus
838 3145 1104 3216 loquendi
1128 3161 1294 3215 quam
1326 3161 1471 3216 saepe
1498 3144 1556 3199 in
1588 3145 1837 3217 Scriptu-

235 3234 307 3288 ris
336 3234 634 3288 invenitur
660 3233 878 3288 divinis.
929 3234 1082 3288 Unde
1120 3233 1201 3287 sic
1248 3232 1460 3287 dictum
1506 3233 1743 3293 videtur.
1778 3238 1843 3288 ut

231 3324 560 3378 ostenderet
578 3322 849 3393 quosdam
887 3322 1270 3393 apostolorum
1312 3321 1693 3392 praedicationi
1718 3339 1837 3376 cre-

234 3411 350 3466 ditu
361 3411 687 3469 ros.deinde
711 3410 988 3482 reliquum
1004 3411 1177 3465 Israel
1195 3411 1423 3465 credere
1442 3411 1498 3464 in
1521 3410 1836 3465 novissimis

233 3517 371 3570 quos
403 3500 647 3554 necdum
670 3504 1087 3554 consummatos
1115 3499 1186 3553 ad
1222 3499 1388 3553 ﬁdem
1421 3517 1542 3553 esse
1571 3499 1838 3570 conspici-

233 3605 384 3656 mus;
410 3588 516 3643 sed
546 3589 606 3642 in
636 3589 826 3654 ﬁnem,
861 3605 984 3642 cum
1004 3588 1293 3659 plenitudo
1322 3588 1577 3657 gentium
1605 3587 1836 3642 introie-

234 3677 325 3743 rit,
345 3683 716 3748 suscepturos
738 3677 967 3731 minime
988 3676 1311 3731 dubitamus
1348 3678 1471 3730 Non
1494 3676 1640 3745 quod
1663 3676 1718 3729 hi
1740 3677 1836 3747 qui

237 3766 575 3821 Antichristi
618 3771 769 3828 sunt,
823 3764 1066 3820 debeant
1119 3765 1367 3829 credere,
1419 3765 1519 3819 sed
1564 3770 1839 3836 quotquot

234 3854 621 3924 prmdestinati
649 3859 782 3908 sunt
800 3854 870 3907 ad
891 3854 1081 3908 vitam.
1107 3853 1264 3918 Quod
1295 3854 1404 3908 erit
1429 3854 1837 3909 consummatio

232 3942 648 4013 praedicationis
669 3943 1070 4013 apostolorum,
1103 3942 1305 3997 deinde
1326 3944 1595 3998 adventus
1628 3942 1839 3997 ﬁliiho~

242 4032 432 4086 minis.
461 4031 587 4086 Nisi
616 4031 758 4085 forte
789 4030 1095 4085 absurdum
1124 4031 1362 4095 videtur,
1397 4032 1545 4103 quod
1586 4031 1839 4086 civitates

237 4119 413 4175 Israel
444 4136 560 4175 non
587 4120 1057 4175 consummandas
1076 4138 1197 4176 esse
1211 4121 1433 4186 dixerit,
1448 4126 1573 4175 cum
1588 4120 1842 4174 civitates

236 4225 434 4264 eorum
466 4208 576 4281 ipsi
602 4214 738 4263 sunt
766 4209 1031 4281 appellati
1059 4215 1230 4275 recte,
1264 4209 1361 4281 qui
1390 4210 1559 4264 simul
1588 4225 1836 4264 commo-

239 4304 443 4353 rantur
473 4305 539 4352 ut
566 4297 818 4352 concives
841 4299 998 4353 ﬁant.
1020 4299 1211 4353 Potest
1239 4306 1296 4353 et
1318 4297 1671 4369 hocintclligi
1702 4297 1836 4351 sim-

1920 3146 2215 3200 videbatur
2242 3144 2475 3207 idolum,
2509 3143 2819 3216 principem
2850 3143 3252 3199 daemoniorum
3281 3143 3388 3199 hoc
3416 3161 3525 3218 ap.

1922 3234 2207 3307 pellebant
2235 3233 2596 3300 daemonium,
2626 3250 2661 3287 a
2690 3250 2800 3305 quo
2824 3239 2882 3287 et
2914 3233 3200 3288 Christum
3233 3231 3525 3289 obsessum

1921 3323 2431 3387 calumniabantur,
2466 3328 2524 3377 et
2548 3322 2605 3377 in
2636 3323 2759 3394 ejus
2789 3322 3017 3377 nomine
3035 3321 3270 3377 virtutes
3284 3322 3524 3394 ,operari

1919 3414 2133 3484 (.llallh.
2170 3414 2268 3477 xu,’
2313 3410 2425 3469 24).
2470 3411 2539 3466 Et
2583 3411 2728 3465 sicut
2763 3411 2868 3466 hoc
2912 3411 3123 3466 idolum
3153 3410 3304 3466 inter
3330 3411 3523 3468 omnia

1920 3500 2069 3554 idola
2098 3500 2245 3571 apud
2279 3499 2550 3571 plurimos
2594 3499 2969 3570 principatum
3008 3498 3298 3555 obtinebat
3326 3500 3522 3573 nequi-

1919 3589 2147 3653 tiarum,
2185 3588 2265 3642 ita
2294 3594 2351 3642 et
2390 3588 2539 3641 hunc
2572 3587 2881 3641 daemonem
2937 3587 3084 3642 inter
3125 3589 3374 3660 reliquos
3419 3605 3522 3661 per

1920 3695 2084 3748 quem
2118 3675 2396 3741 Christus,
2414 3681 2479 3728 ut
2498 3674 2839 3733 fatebantur.
2872 3676 3210 3746 operabatur
3248 3683 3362 3730 tam
3408 3677 3519 3731 mi-

1918 3765 2071 3820 riﬁca
2103 3772 2159 3820 et
2201 3764 2475 3830 inaudita,
2529 3779 2734 3817 nomen
2783 3763 2919 3817 idoli
2964 3763 3170 3817 habere
3220 3756 3519 3835 putabant,

1920 3860 2128 3928 quanto
2176 3853 2355 3925 magis
2394 3852 2728 3906 domesticos
2777 3852 2942 3920 ejus?
2982 3852 3274 3907 domestici
3322 3859 3516 3907 autem

1921 3944 2127 4000 Christi
2156 3950 2270 3997 tam
2304 3942 2604 4014 apostolos,
2643 3941 2844 4012 quibus
2882 3940 3234 4013 loquebatur,
3268 3941 3391 3997 vult
3434 3941 3520 3997 in-

1919 4033 2115 4104 telligi,
2135 4048 2302 4103 quam
2332 4038 2390 4085 et
2409 4048 2604 4084 omnes
2632 4030 2728 4101 qui
2750 4030 2842 4101 pie
2863 4031 3057 4085 volunt
3072 4030 3254 4085 vivere
3270 4030 3330 4085 in
3351 4030 3516 4087 Chri-

1921 4128 2027 4187 sto,
2059 4136 2235 4191 usque
2265 4119 2323 4173 in
2370 4120 2540 4172 ﬁnem
2579 4117 2790 4179 saeculi,
2823 4126 2888 4171 ut
2935 4134 3129 4172 omnes
3176 4117 3518 4189 paratisint

1916 4208 2181 4263 universa
2196 4204 2728 4279 quminferunturab
2753 4205 3086 4261 adversariis
3112 4206 3392 4262 sustinere
3412 4224 3516 4280 pro

1921 4297 2179 4361 Domino,
2218 4314 2341 4368 quae
2370 4296 2488 4367 ipse
2518 4295 2673 4368 prior
2701 4294 2757 4349 in
2782 4311 2841 4349 se
2867 4294 3203 4349 sustinuisse
3233 4301 3516 4351 monstra-

235 4387 487 4456 pliciter:
505 4388 630 4441 Non
646 4388 1098 4441 consummabilis
1117 4389 1283 4442 donec
1300 4390 1481 4442 rcnial
1504 4406 1519 4452 ;
1554 4386 1711 4441 labor
1730 4403 1839 4440 non
1860 4379 1907 4439 Ι)
1925 4388 2019 4441 vit.
2044 4387 2205 4442 Unde
2227 4403 2395 4457 supra
2418 4383 2767 4457 praemiserat
2788 4400 2799 4437 :
2836 4384 3039 4438 Cavete
3059 4399 3154 4437 vos
3183 4382 3255 4437 ab
3280 4383 3519 4438 homini-

236 4472 616 4547 complebitur
642 4474 1000 4546 praedicandi,
1048 4476 1225 4530 donec
1253 4476 1440 4531 veniat
1488 4475 1642 4530 vobis
1687 4475 1837 4529 ﬁlius

234 4564 482 4619 hominis
509 4564 569 4618 in
598 4563 1106 4637 adjutorium,post
1126 4564 1593 4619 resurrectionem
1620 4580 1653 4618 a
1683 4580 1836 4617 mor-

234 4652 368 4708 tuis.
411 4653 523 4708 Sed
569 4652 811 4708 violenta
856 4653 1080 4708 videtur
1106 4654 1215 4708 ista
1258 4652 1668 4725 interpretatio,
1704 4652 1837 4723 quia

233 4742 479 4796 necdum
508 4742 813 4813 praedicare
833 4742 912 4797 ita
944 4747 1185 4814 perfecte
1214 4742 1651 4814 casperint,licet
1679 4740 1835 4795 missi

232 4828 448 4884 fuerint
474 4830 593 4885 bini
625 4836 683 4885 et
712 4829 850 4884 bini.
896 4830 1097 4885 Melius
1127 4837 1317 4886 tamen
1354 4830 1598 4885 arbitror
1628 4829 1835 4899 cogita-

228 4917 486 4974 tionibus
514 4936 708 4975 eorum
741 4907 1113 4991 respondisse,
1146 4920 1347 4991 quibus
1376 4918 1692 4974 sollicitudo
1715 4923 1837 4971 erat

228 5008 593 5063 convertendi
646 5024 743 5062 eos
790 5008 861 5062 ad
907 5008 1094 5063 fidem.
1127 5010 1365 5080 Insuper
1391 5014 1456 5063 ut
1483 5013 1541 5062 et
1562 5007 1631 5061 de
1656 5005 1838 5077 genti-

232 5093 335 5150 bus
398 5096 481 5151 eis
524 5097 759 5151 daretur
800 5096 1193 5168 intelligentia,
1228 5098 1360 5169 quia
1406 5101 1587 5151 totum
1619 5096 1724 5149 hoc
1765 5096 1836 5150 ad

232 5184 375 5239 illud
400 5191 621 5257 tempus
649 5184 1003 5240 referendum
1035 5192 1270 5253 est,cum
1292 5186 1359 5240 ad
1383 5183 1837 5257 praedicationem

229 5274 478 5344 apostoli
498 5273 964 5340 mittebantur,ne
975 5274 1241 5330 timerent
1260 5274 1472 5329 rabiem
1504 5290 1839 5344 persequen-

229 5362 405 5424 tium,
441 5361 551 5418 imo
581 5369 649 5418 ut
675 5354 910 5434 agerent
937 5362 1145 5435 singuli
1184 5382 1284 5436 per
1322 5363 1749 5424 successionem,
1776 5367 1840 5416 ut

228 5447 495 5504 doctrina
515 5450 812 5522 Evangelii
831 5452 901 5506 ad
923 5468 1118 5508 omnes
1135 5458 1333 5525 gentes
1354 5450 1841 5525 perveniret,sicut

230 5538 512 5610 scriptum
533 5544 624 5596 est
658 5539 731 5596 de
757 5539 841 5596 eis
867 5557 882 5592 :
912 5543 983 5597 In
1009 5537 1456 5597 omnem’tcrram
1486 5542 1840 5595 cacz'n'tsonus

490 5640 763 5705 Panos.
811 5640 969 5702 CXX
986 5684 1001 5704 .

1920 4475 2042 4539 bus,
2074 4492 2143 4530 ne
2172 4475 2242 4530 ob
2271 4474 2551 4538 timorem,
2582 4470 2766 4527 autob
2794 4472 2965 4526 ullius
2990 4470 3399 4526 oblectamenta
3418 4472 3519 4526 fal-

1918 4564 2071 4619 laciae
2109 4581 2203 4618 vos
2238 4562 2537 4634 decipiant.
2575 4560 2729 4616 Nihil
2768 4559 2918 4614 enim
2949 4559 3248 4630 gloriosius
3270 4559 3387 4614 suis
3414 4560 3517 4615 do-

1918 4652 2162 4707 mesticis
2173 4642 2441 4723 Magister
2457 4649 2709 4705 veritatis
2724 4664 3035 4720 proponere
3051 4648 3236 4720 potuit
3245 4648 3319 4703 ad
3333 4665 3518 4703 exem-

1916 4742 2091 4813 plum,
2117 4756 2286 4812 quam
2310 4739 2574 4811 seipsum,
2608 4738 2801 4792 lumen
2832 4744 3128 4804 aeternum,
3161 4737 3259 4808 qui
3293 4744 3380 4792 est
3406 4738 3518 4792 im-

1917 4830 2172 4885 mortalis
2191 4828 2307 4883 Rex
2326 4826 2538 4899 gloriae.
2555 4825 2876 4881 Gloriosum
2898 4825 3123 4897 quidem
3143 4832 3250 4892 est,
3275 4826 3321 4881 si
3334 4827 3519 4893 illum,

1918 4918 2177 4991 quonihil
2199 4915 2651 4987 estlocupletius,
2678 4913 3072 4986 amplectimur
3089 4932 3189 4986 per
3208 4915 3373 4970 ﬁdem
3395 4932 3520 4987 qua:

1918 5024 2019 5080 per
2046 5005 2401 5060 dilectionem
2432 5010 2720 5074 operatur,
2766 5008 2820 5057 et
2871 5002 3147 5057 universis
3192 5003 3521 5073 passionum

1918 5093 2349 5154 conditionibus,
2375 5098 2440 5146 ut
2460 5091 2565 5163 ipsi
2588 5093 2843 5146 fecerunt
2860 5090 3118 5161 apostoli,
3133 5090 3521 5161 adsequemur;

1922 5184 2065 5249 Quia
2086 5183 2213 5237 licet
2231 5182 2287 5235 in
2317 5198 2454 5253 pace
2481 5180 2778 5235 videamur
2806 5180 3010 5247 vivere,
3033 5193 3228 5232 verum
3250 5184 3338 5233 est
3356 5178 3516 5246 illud,

1920 5271 2070 5344 quod
2115 5271 2211 5342 qui
2239 5271 2328 5342 pie
2358 5270 2552 5324 volunt
2576 5269 2762 5325 vivere
2823 5284 3018 5323 omnes
3074 5267 3523 5339 persecutionem

1920 5361 2232 5434 patiuntur.
3122 5349 3125 5352 ⁴
3477 5406 3485 5413 .

1993 5450 2150 5506 Nihil
2167 5452 2413 5517 opertum
2430 5450 2575 5518 quod
2596 5465 2709 5504 non
2734 5450 3082 5514 reveletur,el
3093 5450 3368 5503 occultum
3379 5446 3525 5515 quod

1924 5555 2037 5595 non
2063 5539 2296 5605 sciatur.
2320 5536 2533 5605 Idcirco
2572 5537 2727 5605 dicit,
2756 5553 2826 5593 ne
2854 5536 3004 5592 ullus
3029 5534 3322 5592 infamiam
3350 5539 3407 5588 et
3434 5546 3526 5585 ca-

3201 5630 3279 5693 14
