3918 6176
407 303 516 374 427
533 281 538 292 ’

1194 313 1252 368 S.
1294 308 1674 368 PASCHASII
1713 301 2076 388 RADBERTI
2112 297 2418 362 ABBATIS
2457 299 2952 362 CORBEIENSIS.

3511 305 3592 368 428

404 403 657 498 lumnias
703 402 932 503 timeret
955 432 1486 514 blasphemantium,
1516 436 1707 509 503
1737 433 1908 491 etiam
1955 426 2239 498 siAaliud
2268 431 2582 500 intelligere
2629 429 2842 484 obtusis
2872 428 3144 497 sensibus,
3176 443 3328 501 quam
3354 444 3594 504 corporum

413 523 725 588 Beelzebub
751 529 956 604 aliquis
978 533 1224 592 vocetur,
1247 532 1348 585 aut
1375 521 1546 591 aliud,
1571 525 1617 579 si
1648 523 1769 578 fieri
1801 529 2002 596 potest,

337 648 341 652 ~
415 616 564 694 quod
593 619 842 682 deterius
878 619 970 683 sit,
1004 617 1138 692 quia
1174 621 1358 669 totum
1402 613 1758 670 manifestum
1811 611 1920 670 erit
1948 612 2005 666 in

415 708 614 765 ultimo
630 709 860 783 judicio.
890 705 1012 768 Duo
1051 703 1273 774 quidem
1312 702 1610 776 proponit:
1645 707 1902 772 Opertum
1951 703 2008 754 et

417 792 731 860 occultum;
761 795 894 868 quia
910 787 1051 846 nihil
1069 793 1124 845 in
1147 807 1312 846 carne
1343 798 1441 844 aut
1467 791 1524 844 in
1555 789 1742 846 anima
1768 787 2003 858 geritur,

417 885 565 958 quod
597 885 653 938 in
681 885 772 938 die
799 881 983 937 ultimi
1011 879 1282 934 examinis
1313 896 1425 933 non
1455 879 1752 942 reveletur,
1787 883 1888 936 aut
1915 893 2010 931 ne-

415 967 644 1038 sci'atur,
673 971 894 1046 quando
918 970 1274 1042 judicaturus
1303 973 1389 1022 est
1407 969 1555 1023 Deus
1585 968 1803 1028 occulta
1830 966 2008 1020 homi-

414 1079 566 1126 num.
602 1057 921 1118 Revelanda
949 1063 1083 1112 sunt
1114 1063 1302 1118 autem
1348 1057 1446 1110 illa
1485 1073 1829 1128 quaecunque
1878 1073 2010 1128 per-

413 1156 629 1224 petrata
653 1155 786 1211 sunt
806 1155 863 1202 et
887 1147 1213 1202 commissa:
1233 1145 1482 1199 scientur
1498 1161 1625 1198 vero
1663 1160 2006 1221 quaecunque

411 1231 622 1304 fuerint
641 1237 903 1314 cogitata.
921 1231 1126 1290 Etideo
1160 1251 1256 1288 eos
1277 1230 1371 1309 qui
1391 1233 1493 1287 Dei
1525 1237 1657 1286 sunt
1677 1233 1876 1286 timere
1893 1247 2004 1284 non

411 1321 617 1383 debere
643 1325 938 1382 hominum
982 1319 1356 1394 blasphemias
1411 1329 1469 1376 et
1515 1319 1831 1392 opprobria,
1865 1322 2006 1388 Quia

342 1405 346 1409 ”
410 1416 594 1485 gloria
619 1419 827 1480 nostra,
850 1417 916 1471 ut
930 1412 1012 1466 ait
1037 1409 1478 1482 Apostolusﬂwc
1505 1415 1600 1476 est,
1631 1413 2005 1466 testimonium

413 1505 754 1559 conscientiae
791 1506 990 1554 nostrae
1020 1497 1097 1568 (ῘΙ
1137 1501 1258 1554 Cor.
1291 1514 1332 1564 ῐ,
1368 1497 1478 1566 12;.
1521 1497 1732 1554 Verum
1780 1497 1896 1553 haec
1923 1515 2006 1553 re-

411 1585 636 1658 velatio,
667 1589 754 1644 vel
780 1584 899 1644 haec
927 1588 1161 1645 scientia
1185 1605 1342 1659 aeque
1372 1585 1441 1641 de
1481 1587 1642 1642 bonis
1671 1587 1779 1641 erit
1805 1592 1862 1646 et
1891 1603 2006 1644 ma-

2087 521 2296 574 formas
2317 525 2369 574 et
2399 520 2668 590 exempla.
2701 519 2861 582 Quod
2887 519 3156 573 Dominus
3173 519 3388 574 hocloco
3407 519 3600 594 denegat

2088 626 2213 664 cum
2237 609 2372 663 dicit
2397 609 2527 682 quia
2555 624 2756 678 corpus
2785 613 2968 678 potest
2994 607 3183 673 occidi,
3207 609 3428 663 animam
3449 615 3596 663 autem

2089 715 2202 752 non
2229 705 2464 770 possunt
2505 697 2776 750 occidere.
2823 697 2966 761 Quia
2995 697 3181 751 anima
3207 713 3313 751 non
3336 701 3412 751 est
3443 711 3602 768 corpus

2089 788 2236 858 quod
2267 788 2443 858 possit
2472 785 2645 839 occidi
2679 804 2690 838 :
2727 786 2875 856 quod
2911 785 2959 839 si
3005 792 3168 854 esset,
3212 786 3440 840 mortalis
3473 791 3602 848 esset,

2089 876 2233 929 sicut
2263 881 2348 928 est
2379 875 2675 946 corpus.Et
2692 875 2835 928 sicut
2855 891 3123 945 corporea
3147 879 3420 929 transeunt
3441 873 3607 938 omnia,

2091 969 2146 1017 et
2174 965 2342 1016 ﬁnem
2375 961 2585 1015 habent
2627 962 2734 1027 sui,
2770 962 3137 1032 pertransiret
3162 979 3285 1016 cum
3318 962 3498 1015 eisdem
3522 960 3612 1014 uti-

2090 1069 2198 1123 que
2229 1051 2300 1105 ad
2344 1051 2662 1114 interitum,
2696 1050 2741 1104 si
2773 1056 2920 1104 esset
2946 1049 3060 1105 tale
3089 1065 3318 1121 corpus;
3347 1049 3476 1120 quod
3496 1063 3614 1104 nunc

2089 1157 2201 1194 non
2233 1145 2434 1211 potest,
2467 1140 2636 1193 etiam
2668 1152 2794 1193 cum
2826 1145 2912 1193 est
2941 1139 2999 1192 in
3029 1139 3322 1212 suppliciis.
3352 1137 3490 1192 Unde
3514 1149 3614 1191 mox

2093 1229 2357 1299 Magister
2385 1229 2509 1300 pius
2539 1247 2551 1280 :
2883 1282 2899 1294 ,

2158 1319 2261 1374 Sed
2285 1321 2482 1386 potius,
2517 1317 2717 1386 inquit,
2735 1333 2858 1371 cum
2882 1319 3078 1380 timete,
3103 1321 3200 1387 qui
3223 1321 3380 1388 potest
3404 1318 3614 1370 animam

2088 1412 2134 1460 et
2165 1422 2359 1474 corpus
2381 1408 2604 1474 perdere
2626 1409 2690 1459 in
2717 1408 3042 1473 gehennam.
3061 1405 3165 1460 Ubi
3184 1421 3308 1461 vera
3333 1403 3618 1461 resurrectio

2087 1493 2422 1565 praedicatur
2447 1494 2713 1566 corporis,
2741 1494 2874 1568 quia
2901 1493 3009 1548 nisi
3037 1499 3350 1566 resurgeret
3374 1493 3437 1547 ad
3462 1493 3616 1556 vitam,

2088 1584 2144 1636 in
2175 1583 2490 1654 gehennam
2517 1583 2664 1636 mitti
2700 1599 2810 1637 non
2839 1589 3029 1654 posset
3055 1589 3120 1638 ut
3147 1583 3384 1638 sentiret.
3401 1581 3624 1636 Nuncau-

412 1681 503 1748 lis,
551 1695 896 1757 quaecunque
933 1676 1077 1731 facta
1117 1677 1326 1732 fuerint
1363 1673 1446 1730 vel
1476 1675 1766 1741 meditata,
1797 1681 1852 1730 et
1880 1675 2004 1730 ideo
2025 1678 2202 1757 “tum
2232 1672 2364 1743 quia
2391 1677 2448 1725 et
2496 1672 2685 1725 anima
2717 1672 2891 1726 occidi
2920 1689 3032 1726 non
3062 1679 3262 1744 potest,
3293 1678 3346 1726 et
3371 1685 3547 1742 corpus
3569 1669 3624 1722 de

412 1744 522 1823 non
552 1744 1030 1846 pertimescendus
1055 1763 1216 1820 docet
1242 1765 1443 1828 minas,
1469 1764 1722 1829 concilia,
1751 1764 2006 1836 biasphe-
2024 1744 2071 1804 Β
2089 1767 2270 1814 morte
2300 1777 2595 1830 resurgere
2624 1760 2812 1826 habet,
2830 1761 2925 1814 illa
2944 1761 3192 1816 timenda
3215 1767 3297 1815 est
3315 1777 3452 1814 mors
3465 1773 3558 1835 qua
3570 1755 3626 1810 si-

411 1847 575 1924 mias,
596 1853 820 1928 probra,
851 1871 955 1908 nec
983 1859 1288 1928 potestates
1303 1853 1720 1914 insectantium,
1745 1853 1876 1927 quia
1888 1853 2008 1907 dies

405 1943 603 2016 judicii
629 1937 784 2002 nulla
811 1941 928 2000 haec
955 1942 1126 1998 fuisse
1155 1948 1323 2015 atque
1351 1941 1541 2002 inania
1569 1940 1894 1996 declarabit.

483 2032 634 2100 Quod
661 2033 780 2086 dico
810 2025 956 2086 vobis
990 2033 1053 2084 in
1093 2031 1345 2095 tenebris,
1387 2029 1549 2083 dicite
1578 2033 1642 2083 in
1685 2033 1918 2093 lumine,
1959 2034 2007 2082 et

410 2121 552 2191 quod
575 2124 638 2174 in
654 2135 794 2174 aure
810 2121 1044 2184 auditis,
1066 2119 1356 2187 praedicam
1384 2133 1550 2187 super
1587 2123 1741 2172 tecta.
1776 2119 1922 2188 Ergo
1947 2118 2006 2174 in

408 2208 655 2264 tenebris
671 2207 804 2282 quid
831 2201 1002 2264 dicit?
1023 2205 1150 2260 Non
1171 2211 1307 2277 puto
1329 2205 1399 2260 de
1428 2205 1516 2260 his
1536 2202 1782 2260 tenebris
1803 2206 2006 2260 dixisse

410 2315 549 2370 quas
573 2296 875 2362 cernimus,
918 2295 1052 2366 quia
1102 2311 1204 2350 nec
1242 2293 1586 2352 Salvatorem
1644 2295 1703 2348 in
1752 2293 2007 2349 noctibus

408 2385 588 2440 multa
615 2384 934 2458 disputasse
955 2383 1230 2454 legimus:
1265 2383 1361 2436 sed
1391 2383 1461 2440 de
1491 2381 1580 2437 his
1609 2379 1858 2440 tenebris
1889 2385 2002 2440 uti-

408 2491 519 2545 que
547 2465 682 2528 dicit
701 2472 770 2531 de
791 2471 992 2556 quibus
1027 2473 1271 2528 Joannes
1299 2473 1400 2526 :E't
1425 2476 1541 2536 lum,
1558 2471 1760 2542 inquit,
1785 2475 1846 2526 in
1867 2477 2006 2525 tene-

410 2565 524 2618 bris
571 2565 730 2629 lucet,
762 2568 810 2615 et
864 2563 1092 2616 tenebrae
1143 2577 1264 2614 eam
1307 2577 1417 2614 non
1475 2562 2002 2632 corriprehenderunt

409 2653 588 2718 (Joan.
622 2665 661 2720 ι,
707 2649 781 2712 5).
826 2647 985 2715 Quod
1017 2649 1064 2704 si
1111 2647 1630 2722 apprehendissent,
1664 2649 1860 2720 utique
1891 2665 2002 2704 non

405 2735 890 2806 tenebraa,sedlux
910 2738 968 2792 in
996 2737 1236 2792 Domino
1267 2743 1470 2792 essent.
1489 2739 1553 2797 In
1576 2737 1664 2790 his
1691 2754 1822 2807 ergo
1845 2743 2005 2792 tene.-

401 2819 520 2905 bris
551 2827 820 2890 Dominus
847 2819 1214 2898 loquebatur;
1265 2826 1400 2898 quia
1445 2825 1627 2879 omnis
1668 2842 1854 2879 sermo
1883 2827 2004 2898 ejus

404 2911 721 2976 carnalibus
749 2914 995 2974 tenebrae
1016 2919 1169 2978 sunt,
1193 2919 1250 2967 et
1274 2911 1507 2966 verbum
1539 2917 1661 2985 ejus
1685 2912 2005 2971 inﬁdelibus

405 3020 516 3064 nox
548 3009 652 3058 est.
697 3000 830 3061 Ideo
869 2998 1140 3077 quidquid
1170 3008 1270 3056 aut
1301 3008 1514 3058 secreto
1546 3001 1706 3072 quasi
1734 3001 1915 3054 adhuc
1943 3001 2001 3055 in

2090 1851 2206 1906 mul
2224 1868 2426 1922 corpus
2445 1857 2502 1904 et
2525 1851 2716 1904 anima
2735 1851 2904 1904 etiam
2929 1851 3049 1905 sine
3069 1854 3182 1905 fine
3201 1851 3439 1921 torqueri
3459 1851 3626 1920 potest.

2089 1941 2262 1993 Porro
2290 1939 2561 2010 gehennae
2583 1955 2785 1993 nomen
2807 1940 2866 2000 in
2889 1939 3078 1994 Veteri
3094 1941 3440 2000 Testamento
3459 1935 3628 1990 nonin-

2089 2028 2437 2089 venitur,sed
2463 2027 2706 2102 primum
2728 2027 2783 2082 in
2807 2029 2910 2082 hoc
2933 2028 3052 2082 loco
3073 2045 3107 2082 a
3131 2029 3406 2084 Saivatore
3421 2025 3629 2104 ponitur.

2089 2117 2306 2172 Dicitur
2323 2123 2512 2175 autem
2532 2116 2744 2170 idolum
2762 2117 2897 2171 Baal
2915 2117 3086 2172 fhisse
3092 2118 3254 2188 juxta
3275 2115 3554 2172 Jerusalem
3575 2106 3631 2165 ad

2089 2203 2303 2258 radices
2335 2205 2540 2259 montis
2571 2203 2756 2268 Maria,
2774 2203 2869 2258 ubi
2891 2205 3085 2260 Soioas
3101 2205 3314 2264 deﬂuit.
3337 2204 3402 2258 Et
3417 2203 3521 2256 haec
3543 2199 3634 2252 vai-

2089 2293 2156 2347 lis
2170 2291 2339 2346 fuisse
2359 2292 2578 2362 legitur,
2599 2291 2654 2346 in
2673 2309 2780 2367 qua
2799 2310 2969 2364 parva
2987 2293 3167 2364 campi
3187 2292 3436 2366 planities
3451 2289 3632 2358 irrigua

2089 2387 2210 2440 erat
2239 2387 2294 2434 et
2323 2399 2638 2452 nemorosa,
2672 2383 2948 2454 plenaque
2996 2383 3238 2450 deliciis;
3271 2382 3364 2453 qui
3401 2377 3632 2434 nimirum

2087 2470 2238 2526 locus
2270 2470 2416 2524 idolo
2465 2470 2599 2527 Baal
2654 2471 2839 2527 fuerat
2876 2477 3253 2526 consecratus.
3303 2469 3443 2524 Proh
3467 2463 3630 2520 dolori

2083 2576 2222 2628 gens
2248 2559 2546 2630 perditaad
2569 2565 2786 2614 tantam
2808 2560 3082 2620 insaniam
3105 2559 3404 2614 devenerat
3419 2562 3636 2610 etamen-

2086 2647 2243 2713 tiam,
2281 2654 2363 2712 ut,
2402 2647 2592 2702 relicto
2622 2649 2852 2719 templo,
2885 2649 2962 2702 ibi
2995 2650 3212 2708 hostias
3239 2647 3569 2702 immolarent
3593 2645 3639 2698 et

2087 2736 2468 2796 sacrificarent
2497 2738 2622 2792 diis.
2661 2740 2784 2802 Quo
2828 2756 2962 2792 sane
3005 2739 3149 2796 facto
3191 2738 3327 2798 nihil
3362 2731 3638 2790 dementius

2086 2825 2398 2892 invenitur;
2440 2832 2502 2880 ut
2554 2837 2781 2898 propter
2823 2827 3068 2894 delicias,
3101 2829 3429 2900 religionem
3456 2826 3642 2879 desere-

2086 2922 2214 2972 rent
2244 2915 2340 2969 Dei
2368 2933 2379 2980 ;
2417 2916 2646 2987 insuper
2683 2918 2828 2974 ﬁlios
2864 2936 2994 2973 suos
3023 2919 3369 2976 dmmonibus
3392 2927 3642 2971 censeam-

2087 3009 2232 3068 rent,
2256 3005 2340 3057 vel
2370 3004 2661 3062 initiarent
2685 3023 2786 3078 per
2817 3008 3022 3078 ignem.
3065 3007 3466 3084 Appellabatur
3482 3008 3642 3064 autem

403 3082 652 3155 tenebris
692 3086 822 3159 illis,
867 3098 968 3144 aut
999 3091 1058 3143 in
1102 3089 1298 3160 ﬁguris
1326 3095 1384 3144 et
1410 3089 1802 3160 aenigmatibus
1842 3089 1998 3156 dixit,
2019 3097 2059 3155 (ἶ
2083 3091 2236 3148 locus
2266 3093 2360 3146 ille
2392 3094 2698 3156 Gchcnnon,
2728 3096 2784 3150 id
2837 3101 2922 3152 est
2966 3097 3122 3158 vallis
3163 3082 3409 3152 ﬁliorum
3441 3093 3642 3156 Ennon;

399 3179 564 3252 jubet
591 3173 896 3252 praedicare
923 3178 981 3232 in
1009 3177 1240 3243 lumine,
1281 3177 1336 3232 id
1379 3184 1464 3232 est
1499 3178 1557 3231 in
1587 3177 1883 3236 manifesto
1909 3195 2000 3236 co-

403 3285 529 3332 ram
558 3258 919 3336 hominibus;
960 3271 1018 3320 et
1058 3281 1404 3340 quaecunque
1441 3265 1498 3320 in
1541 3265 1790 3332 auribus,
1839 3267 2000 3338 quasi

405 3347 510 3420 sub
565 3355 788 3420 silentio
831 3353 1040 3421 docuit,
1085 3353 1315 3409 mandat
1339 3371 1403 3408 ac
1449 3355 1498 3413 si
1533 3355 1810 3410 talentum
1844 3374 1998 3411 com-

405 3447 643 3510 missum
672 3441 986 3516 expendere
1015 3459 1186 3515 super
1213 3447 1378 3498 tecta.
1405 3443 1564 3498 More
1591 3443 1867 3518 siquidem
1901 3445 2002 3499 Pa-

403 3536 634 3600 laestinae
647 3523 942 3608 provinciae
961 3533 1228 3603 loquitur,
1259 3531 1316 3586 in
1338 3549 1450 3603 qua
1465 3549 1632 3604 super
1648 3540 1793 3588 tecta
1813 3533 2001 3588 deam-

407 3617 686 3700 bulatoria
709 3629 891 3684 erant.
924 3622 982 3676 in
1012 3621 1212 3693 quibus
1255 3639 1422 3696 quam
1465 3639 1611 3692 smpe
1629 3622 2005 3694 loquebantur

405 3715 478 3772 ad
505 3714 800 3788 populum.
831 3711 991 3767 Unde
1017 3717 1074 3768 et
1093 3711 1365 3765 Dominus
1386 3711 1664 3782 praeconia
1680 3713 1806 3766 vita:
1835 3713 1894 3766 in
1913 3729 2003 3768 ex-

407 3805 554 3866 celso
596 3815 912 3882 proponere
960 3799 1142 3872 jubet,
1185 3803 1242 3853 et
1289 3805 1612 3854 constanter
1640 3801 1998 3864 annuntiare,

407 3893 678 3972 quidquid
709 3891 890 3946 sancti
923 3888 1334 3963 praedicatores,
1365 3905 1474 3942 non
1499 3894 1715 3944 tantum
1730 3906 1867 3944 aure
1889 3907 2004 3944 cor-

405 3981 561 4054 poris
589 3993 754 4051 quam
789 3985 847 4033 et
889 3993 1025 4033 aure
1064 3977 1268 4030 mentis
1311 3977 1464 4031 intus
1493 3977 1793 4032 audierunt
1825 3995 1858 4032 a
1889 3978 2000 4032 D0-

407 4069 577 4130 mino.
615 4067 706 4129 Sic
731 4063 941 4119 dictum
975 4071 1060 4118 est
1100 4059 1172 4118 ad
1201 4065 1425 4121 eosdem
1456 4083 1466 4117 τ
1512 4069 1658 4121 Vobis
1701 4068 1896 4120 datum
1927 4070 2000 4120 est

405 4173 556 4215 nosse
586 4157 915 4223 mysterium
948 4156 1108 4220 regni
1140 4155 1257 4219 Dei,
1285 4156 1486 4210 caeteris
1523 4159 1709 4210 autem
1739 4157 1801 4207 in
1829 4169 2002 4224 para-

409 4248 542 4304 bolis
565 4246 710 4314 (Luc.
737 4257 852 4302 vm.
895 4239 996 4306 l0).
1023 4236 1092 4295 Et
1117 4239 1244 4294 ideo
1286 4241 1432 4312 quod
1473 4258 1611 4296 aure
1640 4243 1822 4296 cordis
1851 4242 2002 4296 intus

405 4350 534 4388 vere
563 4324 978 4394 intellexerunt,
1002 4335 1165 4397 rogat
1195 4333 1259 4381 ut
1285 4328 1496 4398 absque
1515 4329 1813 4384 fermidine
1842 4329 2000 4399 inge~

404 4427 536 4484 rant
562 4419 820 4480 omnibus
848 4417 1222 4490 cognitionem
1250 4415 1502 4470 veritatis
1530 4417 1588 4470 in
1617 4418 1848 4483 lumine;
1869 4419 2001 4489 quia

404 4510 513 4584 ipsi
545 4511 640 4570 lux
665 4508 846 4568 eilecti
875 4516 1009 4562 sunt
1035 4521 1136 4578 per
1162 4504 1561 4563 revelationem
1588 4523 1731 4561 verae
1762 4507 1920 4573 lucis,
1936 4513 2001 4562 ut

404 4615 600 4656 omnes
627 4615 663 4658 α
687 4598 814 4654 luce
839 4591 1248 4650 illuminentur.

471 4695 661 4762 δίη
693 4689 872 4744 Nolite
907 4689 1117 4753 timere,
1169 4683 1372 4756 inquit,
1405 4701 1488 4738 eos
1517 4687 1616 4754 qui
1639 4701 1833 4754 corpus
1865 4689 1998 4740 occi-

399 4781 564 4844 dunt.
594 4779 848 4835 animam
876 4779 1058 4833 autem
1094 4791 1204 4828 non
1225 4779 1453 4842 possunt
1493 4775 1746 4828 occidere.
1779 4775 1994 4830 Firmat

401 4886 496 4926 eos
522 4867 582 4925 in
599 4863 994 4940 prmdicatione
1010 4879 1339 4934 permanere
1358 4863 1666 4936 intrepidos
1691 4882 1702 4931 ;
1739 4865 1870 4934 quia
1887 4865 1991 4920 etsi

397 4974 600 5032 corpus
628 4953 865 5014 cruciari
894 4957 1079 5025 potest
1111 4949 1180 5006 ad
1206 4957 1448 5024 tempus,
1502 4953 1691 5007 anima
1719 4971 1842 5024 quae
1880 4953 1994 5009 vita

395 5045 642 5120 corporis
674 5048 759 5104 est
785 5041 912 5099 laedi
939 5057 1053 5096 non
1101 5045 1303 5112 potest,
1349 5041 1433 5094 vel
1477 5043 1649 5096 occidi
1671 5043 1986 5111 tormentis,

396 5136 530 5208 quia
552 5131 889 5194 immortalis
907 5136 1112 5187 natura
1139 5135 1224 5182 est
1241 5131 1390 5194 (nam
1415 5147 1564 5184 mors
1584 5131 1708 5202 ejus
1733 5131 1844 5188 alia
1863 5135 1988 5202 est),

395 5240 577 5294 neque
596 5239 722 5283 eam
751 5237 786 5278 a
807 5235 1038 5290 corpore
1069 5217 1364 5289 quisquam
1397 5224 1580 5289 potest
1603 5217 1858 5286 evellere,
1883 5219 1989 5274 nisi

363 5297 528 5366 .veiit
561 5317 661 5365 aut
689 5309 978 5381 permittat
1009 5305 1174 5361 Deus.
1213 5303 1318 5360 Sed
1350 5311 1406 5358 et
1433 5305 1488 5358 in
1530 5307 1634 5361 hoc
1666 5308 1988 5366 testimonio

393 5401 840 5460 animadvertere
861 5395 1146 5460 debemus,
1185 5399 1380 5448 contra
1407 5411 1502 5448 eos
1531 5395 1636 5466 qui.
1655 5397 1850 5452 dicunt
1871 5399 1989 5454 ani-

390 5507 544 5554 mam
574 5505 694 5550 esse
725 5501 1050 5558 corpoream
1087 5484 1251 5554 juxta
1278 5483 1711 5539 crassitudinem
1740 5487 1987 5561 corporis

391 5579 588 5648 nostri,
603 5583 661 5634 et
672 5568 952 5648 Corporeis
971 5571 1327 5629 lineamentis
1348 5570 1535 5626 metiri
1561 5589 1574 5642 ;
1603 5589 1716 5628 non
1739 5575 1986 5631 valentes

1290 5763 1306 5791 1

2085 3182 2230 3240 sicut
2259 3181 2317 3242 in
2363 3181 2582 3252 Regum
2627 3188 2685 3238 et
2717 3183 2982 3256 Jeremia,
3013 3203 3114 3247 nec
3145 3204 3262 3244 non
3291 3191 3349 3241 et
3382 3184 3437 3240 in
3458 3177 3646 3238 Parali-

2085 3286 2362 3340 pomenon
2393 3271 2650 3342 legimus.
2681 3271 2842 3328 Unde
2887 3279 2944 3328 et
2984 3275 3262 3337 Jeremias
3307 3271 3646 3330 comminatur

2084 3358 2194 3414 imo
2222 3357 2492 3414 Dominus
2521 3377 2622 3431 per
2657 3377 2786 3416 eum
2829 3363 2957 3430 (Jer.
2997 3379 3108 3428 xxx,
3153 3362 3238 3436 16)
3284 3363 3462 3420 locum
3491 3359 3646 3430 ipsum

2082 3447 2442 3518 impleturum
2471 3449 2833 3504 cadaveribus
2849 3456 3222 3518 mortuorum,
3243 3457 3307 3506 ut
3324 3459 3645 3522 nequaquam

2083 3537 2326 3607 amplius
2346 3537 2834 3608 voceturTopheth
2852 3543 3042 3610 εἱθῦ
3061 3545 3118 3594 et
3137 3541 3298 3608 Baai,
3329 3539 3422 3596 sed
3453 3538 3650 3592 vocetur

2085 3628 2511 3692 Potyandrium,
2537 3625 2590 3679 id
2627 3633 2712 3680 est
2729 3627 2984 3683 tumulus
3005 3635 3375 3684 mortuorum.
3399 3627 3567 3698 Hujus
3581 3619 3649 3677 ni-

2085 3714 2290 3767 mirum
2321 3713 2426 3767 loci
2456 3713 2936 3777 vocabulo,futura
2963 3724 3320 3790 peccatorum
3341 3713 3594 3788 supplicia
3605 3713 3654 3764 et

2085 3818 2261 3872 poenae
2303 3808 2602 3874 perpetuis,
2651 3803 2852 3872 quibus
2896 3812 3218 3880 peccatores
3261 3805 3649 3866 cruciabuntur,

2083 3891 2442 3946 denotamur.
2474 3891 2649 3948 Porro
2679 3893 2957 3966 duplicem
2987 3911 3109 3950 esse
3139 3897 3460 3967 gehennam
3489 3897 3652 3964 etpe-

2083 3995 2215 4033 nam
2243 3978 2344 4034 Job
2367 3981 2688 4050 plenissime
2708 3983 2975 4052 declarat,
2996 3983 3133 4042 dum
3163 3985 3280 4040 ait:
3315 3983 3654 4044 Transeunta

2045 4108 2052 4113 ι
2083 4073 2262 4124 calore
2283 4073 2460 4124 nimio
2494 4073 2567 4125 ad
2591 4074 2776 4139 frigus
2809 4074 2922 4141 (Job
2965 4089 3112 4142 xxxv,
3151 4071 3260 4146 19).
3295 4074 3430 4142 Quae
3481 4080 3655 4126 revera

2081 4157 2354 4230 supplicia
2402 4164 2544 4214 teste
2572 4160 2688 4215 Deo
2719 4161 2897 4232 magis
2923 4161 3178 4223 timenda
3206 4169 3343 4219 sunt
3390 4167 3449 4218 et
3490 4149 3658 4214 formi-

2082 4247 2267 4301 danda
2296 4264 2466 4320 quam
2508 4255 2935 4310 momentaneus
2963 4250 3124 4306 dolor
3147 4252 3404 4328 corporis
3433 4254 3488 4305 et
3513 4261 3656 4318 sepa-

2079 4337 2226 4390 ratio
2256 4337 2456 4395 animaa
2503 4355 2536 4393 a
2563 4355 2813 4411 corpore.
2859 4339 3002 4404 Quia
3046 4346 3180 4396 tunc
3214 4342 3413 4398 anima
3449 4338 3574 4394 licet
3595 4333 3659 4388 sit

2083 4423 2378 4480 invisibilis
2407 4431 2463 4480 et
2493 4425 3201 4498 incorporalis,secundum
3229 4430 3414 4485 nostri
3433 4421 3658 4498 corporis

2080 4513 2474 4581 substantiam,
2510 4514 2678 4568 simul
2705 4532 2833 4570 cum
2863 4531 3095 4588 corpore
3110 4519 3372 4592 .punitur,
3397 4522 3456 4573 et
3471 4510 3661 4592 suppli-

2079 4601 2166 4656 cia
2195 4603 2401 4656 sentiet
2428 4603 2789 4676 sempiterna,
2841 4621 2972 4660 cum
3001 4623 3112 4678 quo
3142 4611 3473 4680 peccaverat
3495 4601 3654 4681 prius,

2079 4705 2208 4745 cum
2239 4698 2387 4744 esset
2407 4691 2464 4746 in
2495 4693 2600 4746 hoc
2635 4695 2856 4748 saeculo.

2149 4779 2344 4833 Nonne
2386 4781 2494 4834 duo
2517 4797 2759 4852 passeres
2788 4799 2903 4838 asse
2931 4789 3188 4851 veneunt,
3217 4785 3268 4842 et
3290 4795 3442 4841 unus
3469 4799 3536 4840 ea:
3556 4779 3659 4834 illis

2074 4883 2186 4922 non.
2218 4869 2366 4921 cadet
2397 4885 2560 4938 super
2583 4875 2793 4926 terram
2815 4875 2934 4926 sine
2967 4874 3131 4930 Patre
3157 4879 3370 4928 vestro?
3396 4869 3542 4929 Satis
3570 4867 3662 4940 igi-

2075 4960 2168 5008 tur
2183 4954 2516 5032 abundeque
2531 4959 2799 5030 Magister
2811 4961 3066 5021 veritatis
3086 4979 3217 5023 suos
3235 4955 3658 5020 evidentissimis

2073 5043 2303 5098 instruit
2341 5047 2608 5118 exemplis
2651 5065 2722 5102 ne
2763 5050 3005 5107 timeant
3049 5051 3110 5105 in
3137 5051 3587 5124 praesentiarum.
3609 5048 3660 5100 et

2073 5131 2198 5187 ideo
2225 5134 2406 5190 adhuc
2442 5144 2743 5208 exaggerat
2785 5137 2885 5194 Dei
2924 5141 3357 5211 providentiam,
3398 5141 3520 5195 sine
3557 5151 3660 5210 qua

2071 5222 2212 5276 nihil
2231 5224 2433 5278 accidit
2451 5225 2508 5278 in
2521 5231 2690 5295 terra,
2710 5225 2844 5304 quia
2867 5227 2986 5305 ipse
3001 5235 3088 5284 est
3108 5229 3282 5286 virtus
3311 5234 3372 5289 et
3399 5231 3656 5302 potestas.

2069 5313 2149 5364 Ae
2176 5312 2223 5365 si
2247 5313 2484 5380 dicatur,
2509 5315 2556 5368 si
2581 5331 2756 5386 parva
2785 5317 3050 5374 animalia
3068 5324 3126 5374 et
3153 5319 3284 5374 vilia
3307 5318 3524 5393 absque
3550 5315 3658 5370 Deo

2069 5407 2296 5456 auctore
2325 5419 2436 5456 non
2467 5403 2678 5458 cadunt
2697 5405 2755 5460 in
2781 5411 2952 5474 terra,
2986 5403 3085 5463 sed
3113 5408 3173 5464 in
3190 5405 3454 5464 omnibus
3484 5395 3658 5464 catini

2068 5495 2316 5560 potestas
2325 5497 2381 5545 et
2395 5493 2846 5564 providentia,ita
2856 5495 2915 5550 in
2929 5495 3180 5556 minimis
3191 5503 3259 5555 ut.
3271 5513 3399 5568 quae
3413 5495 3660 5568 peritura

2067 5577 2200 5646 sint,
2223 5595 2335 5634 non
2356 5581 2476 5636 sine
2505 5581 2606 5637 Dei
2627 5590 2862 5656 pereant
2879 5585 3202 5650 voluntate:
3225 5602 3322 5644 vos
3353 5583 3454 5668 qui
3471 5588 3640 5639 aetern
