3918 6176
274 223 379 280 429

1036 222 1419 280 EXPOSITIO
1456 224 1536 280 IN
1570 220 2018 285 MATI‘HEUM.
2061 258 2129 274 —-
2167 228 2305 285 LIB.
2346 227 2442 295 VI,
2483 227 2642 284 CAP.
2682 227 2752 283 X.

3435 226 3551 292 41b

275 350 429 415 estis,
450 365 564 403 non
586 347 806 403 debetis
826 348 1026 402 timere
1046 348 1195 419 quod
1222 345 1431 417 absque
1450 346 1551 401 Dei
1570 349 1867 419 providen—
1884 355 1935 413 Α
1950 351 2281 419 detinentes,
2307 351 2606 423 κραίνεηῶ
2624 351 3051 423 promittuntur,
3077 354 3548 413 rewmctio‘nom

274 440 354 493 tia
378 439 595 493 vivatis.
624 439 767 492 Nam
791 443 847 491 et
865 439 972 491 iste
994 454 1191 492 sensus
1214 439 1332 508 jam
1363 455 1535 508 supra
1552 438 1874 509 praemissus
1956 443 2140 497 carnis
2195 458 2309 495 non
2356 442 2662 508 credentes,
2718 448 2777 496 et
2823 443 3024 502 nolunt
3070 444 3387 515 intelligam
3428 448 3546 501 vim

278 534 379 593 est,
420 527 518 582 ubi
556 528 640 581 ait
669 541 682 576 :
730 529 990 596 Respicite
1026 529 1280 582 volatilia
1309 530 1427 581 caeli
1460 531 1729 595 quoniam
1760 544 1874 582 non

275 623 485 681 serunt,
523 632 695 685 neque
723 621 955 680 motuin,
990 632 1162 684 neque
1185 621 1517 684 congregant
1547 619 1609 669 in
1640 618 1870 684 horreis,

279 713 325 760 et
361 709 531 761 Pater
566 710 734 759 vester
762 708 981 758 calcatis
1005 708 1182 773 pascit
1214 707 1337 759 illa.
1366 707 1560 759 Nonne
1581 710 1759 774 magis
1788 722 1877 762 vos

278 798 463 865 pluris
480 797 610 848 estis
629 796 781 847 illis?
799 794 909 847 Seu
928 800 1130 849 caetera
1154 810 1275 864 quae
1292 800 1626 864 sequuntur.
1645 795 1881 867 verum-

281 893 472 939 tamen
497 883 631 955 quia
656 883 859 937 Paulus
885 883 1002 937 ait:
1035 885 1308 952 Nunquid
1328 899 1440 936 non
1467 884 1530 936 de
1557 885 1718 937 bobus
1737 899 1877 937 cura

283 979 355 1028 est
400 976 541 1029 ﬂeo?
578 975 631 1038 (Ι
671 973 794 1026 Cor.
826 986 899 1037 Ix,
944 972 1019 1036 9.)
1067 972 1235 1025 Recte
1282 971 1555 1041 quaeritur
1597 972 1878 1042 quomodo

1958 533 2279 603 Scriptura,
2311 532 2626 602 praesertim
2655 532 2789 603 quia
2814 548 2927 587 non
2961 533 3104 587 dixit
3135 552 3148 587 :
3182 550 3379 591 omnes
3409 535 3545 591 τοι.

1958 620 2126 673 dendi
2153 624 2302 683 sunt,
2332 620 2417 673 vel
2445 619 2715 684 salvandi,
2747 621 2845 675 sed
2872 636 3068 675 omnes
3087 623 3374 683 numerati
3390 628 3546 689 sunt,

1960 726 2025 763 eo
2052 709 2249 780 utique
2276 724 2510 762 numero
2533 724 2643 779 quo
2680 710 2853 767 creati
2882 713 3032 764 sunt.
3056 710 3128 767 Et
3155 717 3220 765 ut
3242 713 3324 766 ita
3348 712 3549 780 fatear,

1961 798 2157 852 eodem
2185 798 2431 868 pondere
2458 802 2517 851 et
2545 813 2809 851 mensura
2836 813 2949 869 qua
2992 799 3175 854 mensi
3218 806 3374 867 sunt,
3420 802 3557 873 quia

1960 887 2277 957 ubicunque
2304 902 2572 941 numerus
2604 893 2706 952 est,
2748 886 2827 940 ibi
2856 892 2914 941 et
2942 886 3175 943 scientia
3201 891 3423 951 numeri
3451 891 3554 945 da-

1960 981 2326 1031 monstratur.
2360 976 2515 1029 Licet
2535 975 2708 1029 etiam
2737 976 2919 1030 adhuc
2936 978 3112 1037 velint
3128 984 3187 1032 et
3202 979 3309 1033 hoc
3336 979 3555 1034 vaniloe

287 1063 455 1117 etiam
481 1060 719 1115 minima
748 1076 984 1131 quaeque
1014 1061 1113 1114 Dei
1140 1066 1412 1130 regantur
1439 1061 1806 1130 providentia,
1831 1061 1877 1114 si

286 1153 354 1206 de
372 1152 463 1205 his
482 1151 641 1211 nulla
668 1156 756 1204 est
781 1166 915 1203 cura
935 1150 1083 1215 Deo;
1105 1150 1190 1204 vel
1212 1150 1490 1219 quomodo
1520 1150 1591 1204 ad
1620 1150 1878 1204 volunta-

287 1247 401 1295 tem
454 1241 581 1309 ejus
626 1243 859 1293 manent
911 1244 1010 1292 aut
1046 1238 1329 1303 decidunt,
1363 1239 1411 1292 si
1449 1255 1563 1292 non
1608 1244 1884 1309 reguntur
1963 1262 2034 1299 ne
2062 1244 2207 1298 forte
2236 1244 2358 1312 ejus
2388 1242 2685 1313 sapientia,
2714 1258 2827 1313 qua
2856 1250 3058 1298 cuncta
3098 1251 3288 1301 creata
3315 1252 3466 1314 sunt,
3498 1252 3559 1302 et

288 1329 560 1383 arbitrio?
594 1327 707 1391 ubi,
750 1327 997 1398 prudens
1022 1327 1215 1393 lector,
1248 1343 1401 1398 rogo,
1428 1328 1575 1398 quod
1597 1329 1717 1397 jam
1748 1327 1881 1381 olim
1962 1334 2087 1405 ipsa
2112 1333 2399 1403 superﬂua
2420 1337 2633 1385 temere
2652 1332 2955 1402 judicetur.
2988 1334 3091 1389 Cui
3114 1352 3285 1404 quam
3308 1336 3559 1391 eamdi.

289 1436 321 1472 a
356 1417 675 1487 majoribus
703 1416 1098 1487 praemonitum
1136 1421 1239 1481 est,
1274 1433 1406 1469 cave
1435 1416 1883 1487 superstitiosam
1967 1422 2113 1475 citur
2135 1437 2145 1468 ε
2165 1426 2353 1487 501
2379 1422 2580 1477 Omnia
2603 1422 2668 1474 in
2695 1423 3189 1489 sapiontia,deinde
3201 1425 3266 1477 in
3292 1439 3561 1489 mensum

289 1506 744 1577 intelligentiam,
777 1510 834 1560 et
861 1522 932 1559 ne
962 1505 1113 1559 dicas
1137 1523 1149 1558 :
1188 1506 1467 1576 quomodo
1498 1506 1683 1559 avium
1714 1508 1771 1557 et
1798 1504 1889 1557 be-
1970 1517 2019 1565 et
2041 1512 2299 1579 pondere,
2318 1513 2446 1564 etin
2468 1525 2700 1563 numero
2722 1513 2781 1562 tu
2799 1509 3140 1581 fecisti(Sap.
3165 1525 3241 1575 xl,
3265 1510 3379 1580 21).
3401 1512 3564 1577 Quod

290 1598 528 1652 stiarum
562 1597 680 1668 ipse
706 1612 806 1666 per
835 1612 896 1650 se
929 1596 1098 1660 Deus,
1138 1594 1307 1649 etiam
1333 1600 1391 1649 et
1419 1611 1757 1659 muscarum,
1790 1608 1889 1647 seu
1972 1599 2018 1652 si
2047 1598 2104 1652 in
2133 1614 2369 1652 numero
2401 1603 2601 1652 cuncta
2623 1603 2813 1652 creata
2839 1603 2990 1664 sunt,
3021 1598 3218 1670 utique
3247 1606 3305 1659 et
3326 1601 3512 1672 capilli
3542 1620 3561 1669 ς

286 1703 477 1743 rerum
498 1686 752 1741 omnium
779 1685 1039 1755 disponat
1054 1685 1319 1741 eventus?
1339 1684 1601 1748 Quinimo
1618 1684 1782 1737 crede
1800 1699 1885 1736 ve-
1902 1672 1949 1731 Β
1971 1692 2028 1741 et
2049 1688 2182 1758 quia
2208 1687 2267 1740 in
2298 1703 2534 1741 numero
2562 1687 2754 1753 creati,
2777 1704 2907 1742 vere
2924 1689 3208 1743 numerati
3234 1696 3386 1744 sunt.
3399 1690 3567 1747 Unda

291 1777 514 1835 raciter,
566 1775 716 1846 quod
754 1774 835 1828 sic
884 1773 1075 1827 omnia
1114 1773 1376 1827 formavit
1415 1780 1472 1827 et
1511 1772 1776 1837 condidit,
1824 1777 1889 1825 ut
1969 1778 2103 1848 quia
2126 1777 2184 1830 in
2210 1776 2561 1847 praescientia
2578 1777 2701 1846 ejus
2723 1782 2874 1843 sunt,
2899 1778 3080 1834 multo
3097 1778 3279 1849 magis
3299 1779 3567 1835 animast

291 1870 481 1923 essent
499 1865 725 1935 singula
743 1863 798 1917 in
818 1879 921 1917 sua
941 1863 1259 1916 conditione
1283 1862 1607 1933 praescripta
1628 1879 1692 1915 ac
1708 1862 1891 1932 dispo-
1971 1882 2191 1937 corpus,
2216 1865 2285 1919 ob
2314 1866 2471 1935 cujus
2500 1865 2757 1919 decorem
2776 1864 2871 1919 isti
2899 1866 3072 1920 creati
3100 1871 3253 1921 sunt.
3278 1868 3565 1924 Verumin
3620 1922 3623 1925 .

293 1955 420 2018 sita,
450 1953 780 2023 legibusque
808 1957 1139 2005 naturarum
1170 1950 1444 2005 devincta.
1468 1951 1625 2015 Quod
1647 1950 1781 2021 quia
1807 1965 1889 2003 se-
1971 1954 2232 2010 omnibus
2261 1954 2481 2011 divinus
2512 1954 2779 2024 Magister
2796 1953 2964 2010 ﬁdem
2985 1955 3310 2011 corroborat
3325 1956 3568 2029 ἀίεοὶμι.

290 2045 402 2099 mel
425 2043 623 2108 voluit,
638 2049 696 2095 et
720 2045 1055 2112 permanent
1082 2040 1291 2106 omnia,
1318 2045 1374 2093 et
1402 2040 1607 2094 ﬁniunt
1634 2045 1699 2093 ut
1718 2039 1892 2093 voluit
1969 2044 2180 2109 lorum;
2214 2042 2347 2113 quia
2391 2042 2440 2096 si
2485 2042 2584 2096 illa
2617 2059 2741 2113 quae
2768 2042 3035 2098 decidunt
3064 2050 3128 2099 et
3155 2051 3409 2115 pereunt,
3446 2047 3565 2101 Deo

289 2133 506 2189 omnia.
544 2132 710 2186 Solus
726 2138 916 2189 autem
938 2130 997 2183 in
1026 2130 1129 2183 hoc
1155 2130 1365 2183 mundo
1396 2130 1564 2183 homo
1591 2129 1662 2182 ad
1690 2128 1891 2197 imagi-
1970 2137 2269 2184 numerata
2297 2135 2447 2197 sunt,
2480 2135 2538 2184 et
2564 2131 2966 2201 comprehensa
2992 2132 3052 2187 in
3081 2138 3414 2199 numero,et
3437 2150 3566 2205 pono

290 2240 420 2277 nem
454 2220 557 2276 Dei
577 2224 821 2285 creatus,
853 2218 1112 2290 ampliori
1138 2219 1324 2289 gratia
1350 2218 1704 2283 sublimatus,
1724 2216 1805 2271 ita
1829 2221 1893 2271 ut
1975 2220 2125 2285 dere,
2169 2235 2234 2272 ac
2264 2234 2532 2275 mensura
2560 2234 2673 2289 qua
2717 2219 2942 2274 condita
2969 2226 3136 2287 sunt;
3168 2223 3348 2276 multo
3380 2222 3569 2294 magis

1961 1067 2056 1137 qui
2079 1064 2508 1136 reprehendere,
2524 1064 2672 1134 quod
2699 1081 2763 1118 su
2771 1066 2987 1135 perﬂas.
3003 1067 3079 1123 sit
3097 1073 3156 1121 et
3170 1068 3281 1122 ista
3298 1068 3554 1123 dinume-

1961 1155 2126 1209 ratio.
2155 1154 2315 1218 Quod
2334 1153 2382 1207 si
2420 1153 2593 1223 igitur
2621 1153 2703 1207 eis
2727 1156 3012 1225 superﬂua
3032 1156 3273 1223 videtur,
3304 1158 3557 1228 cogitent

178 2300 189 2309 ’
291 2315 441 2368 ﬁlius
492 2319 723 2368 vocetur
767 2310 889 2375 Dei,
915 2310 1039 2381 jugi
1085 2309 1436 2380 providentia
1462 2308 1811 2380 gubernatur
1838 2310 1897 2360 et
1975 2325 2271 2380 corporum
2289 2314 2609 2363 nostrorum
2626 2308 2815 2363 nullus
2838 2325 2938 2380 pro
2955 2310 3071 2364 Deo
3089 2311 3571 2381 pertimescendus

291 2420 427 2458 cura
455 2402 684 2473 pietatis
716 2399 1054 2470 disponitur.
1086 2398 1245 2453 Unde
1275 2399 1409 2469 quia
1437 2398 1504 2452 de
1529 2398 1639 2451 illis
1660 2414 1773 2451 non
1802 2413 1897 2449 cu-
1978 2402 2062 2450 est
2090 2413 2275 2454 casus.
2305 2396 2546 2449 maxime
2574 2396 2632 2451 in
2651 2413 2719 2451 eo
2745 2397 2896 2467 quod
2925 2398 3006 2451 ait
3029 2416 3041 2451 :
3068 2400 3209 2465 Quia
3229 2403 3424 2455 muttis
3447 2414 3575 2470 pa:-

289 2497 383 2546 rat
396 2496 595 2557 50¢
608 2492 757 2547 Deus
786 2488 858 2542 ad
880 2493 1106 2553 eterna,
1137 2488 1364 2541 omnino
1402 2486 1460 2540 in
1491 2486 1671 2557 prima
1709 2485 1896 2539 condi-
1975 2487 2185 2540 scribus
2213 2486 2464 2539 meliores
2493 2488 2618 2539 estis
2644 2501 2752 2539 nos.
2780 2487 2925 2540 Nam
2954 2486 3052 2540 illa
3080 2488 3272 2542 omnia
3299 2494 3427 2559 post
3445 2506 3573 2544 mo-

291 2582 443 2637 tione
469 2585 723 2641 manent,
755 2593 868 2648 qua
893 2576 1069 2632 voluit
1101 2582 1158 2630 et
1195 2576 1472 2647 disposuit
1506 2582 1571 2629 ut
1598 2578 1895 2629 manerent
1976 2574 2162 2627 dicum
2192 2590 2306 2627 non
2335 2579 2519 2638 erunt,
2551 2573 2720 2627 homo
2750 2590 2884 2629 vero
2907 2576 2978 2631 ad
3005 2576 3378 2639 mternitatem
3403 2594 3570 2632 voca-

291 2675 349 2723 et
378 2674 589 2723 essent.
623 2669 754 2722 Solo
784 2674 976 2733 autem
999 2666 1215 2721 homini
1240 2670 1470 2736 prOpter
1498 2681 1662 2735 quem
1692 2667 1894 2718 cuncta
1974 2668 2067 2717 tus
2097 2679 2319 2733 semper
2345 2662 2405 2715 in
2442 2667 2714 2716 aeternum
2759 2663 2883 2717 erit.
2940 2664 3154 2728 Quibus
3193 2664 3463 2720 doctrinis
3497 2666 3572 2721 ad

291 2758 526 2822 creavit,
542 2762 610 2811 ut
636 2757 707 2812 ad
726 2763 994 2811 aeternam
1019 2755 1309 2826 perveniat
1334 2753 1576 2824 gratiam
1598 2752 1890 2825 impendit,
1977 2752 2144 2805 ﬁdem
2165 2752 2302 2809 satis
2329 2750 2662 2822 abundeque
2688 2752 2954 2821 instituti,
2980 2754 3279 2809 audiamus
3302 2755 3453 2826 quod
3480 2772 3572 2812 se-

293 2855 350 2901 et
379 2846 655 2901 beneﬁcia
679 2851 926 2916 praestat,
958 2861 1061 2899 nec
1087 2860 1200 2899 non
1256 2848 1314 2896 et
1344 2842 1693 2913 providentia
1727 2841 1891 2911 regit.
1979 2839 2212 2912 quitur:

294 2938 518 2991 Caetera
534 2951 667 2989 vero
689 2934 897 3001 omnia,
920 2938 985 2988 ut
1004 2933 1137 3000 dixi,
1158 2932 1237 2987 sic
1264 2932 1524 2986 accidunt
1543 2936 1601 2984 et
1615 2930 1889 2995 recidunt,
1915 2989 1954 3002 Α
2050 2932 2159 2998 Qui
2183 2931 2532 2997 conﬁtebitur
2578 2944 2665 2986 me
2690 2946 2878 2985 coram
2906 2931 3245 3001 hominibus,
3275 2936 3576 3002 conﬁtebor

292 2989 499 3096 utvipse
514 3024 760 3078 voluitet
777 2989 1043 3095 disponit.
1162 3022 1288 3076 ideo
1310 3022 1449 3075 nihil
1469 3020 1591 3074 sine
1612 2989 1957 3074 voluntatec
1978 3025 2029 3073 et
2051 2989 2151 3087 ago
2176 2989 2303 3073 cuin
2330 3034 2517 3075 coram
2548 3021 2712 3073 Patre
2739 3036 2875 3074 meo.
2906 3022 2999 3075 .Ac
3040 3020 3089 3075 si
3115 2989 3346 3091 diceret,

294 3117 419 3184 ejus
448 3116 514 3168 ﬁt
542 3114 603 3167 in
631 3118 803 3180 terra,
836 3114 1007 3167 etiam
1040 3128 1141 3166 nec
1179 3111 1238 3165 in
1275 3110 1543 3173 minimis,
1577 3109 1676 3164 sed
1706 3109 1898 3164 omnia
1976 3107 2116 3162 mihi
2131 3112 2303 3162 testes
2321 3107 2479 3162 eritis
2499 3124 2688 3162 comm
2706 3108 3126 3176 hominibus,ut
3144 3112 3278 3178 vita,
3297 3112 3569 3180 moribus,

294 3205 417 3274 ejus
447 3204 681 3257 aluntur
706 3201 992 3256 beneﬁciis
1033 3218 1099 3255 ac
1126 3200 1458 3265 subsistunt,
1495 3204 1553 3253 et
1578 3199 1897 3253 vestiuntur
1978 3197 2322 3252 confessione
2346 3214 2438 3252 me
2457 3197 2719 3252 indefessi
2735 3197 3048 3269 prmdicetis
3061 3198 3319 3269 interris,
3332 3201 3435 3257 tali
3452 3218 3570 3269 vos,

296 3309 488 3346 rerum
533 3291 918 3362 operimentis.
950 3292 1320 3361 Quapropter,
1378 3306 1410 3342 ο
1460 3288 1630 3343 homo
1678 3287 1895 3341 ratione
1979 3287 2128 3357 apud
2158 3288 2406 3353 Patrem,
2441 3288 2602 3358 cujus
2621 3292 2678 3343 et
2707 3287 2808 3344 ﬁlii
2838 3288 2995 3356 estis,
3023 3290 3350 3346 testimonio
3376 3290 3439 3346 in
3465 3306 3576 3347 cad

294 3381 591 3454 praedives,
623 3380 1015 3451 superstitiosa
1051 3379 1256 3445 devita,
1299 3381 1359 3432 et
1401 3377 1596 3431 modos
1633 3376 1897 3448 loquendi
1978 3375 2049 3429 lis
2091 3374 2513 3431 commendabo.
2554 3376 2639 3430 Ad
2670 3376 2775 3430 hoc
2803 3377 3010 3449 quippe
3037 3383 3223 3435 totum
3248 3380 3397 3435 valet
3425 3381 3579 3452 quod

295 3468 631 3542 simpliciter
658 3469 928 3539 intelligo.
973 3469 1116 3523 Nolo
1146 3467 1248 3521 tibi
1280 3466 1517 3533 tribuas,
1548 3472 1771 3536 tuaeque
1801 3482 1897 3518 na.-
1979 3464 2344 3535 praemiserat,
2371 3470 2434 3519 ut
2461 3465 2519 3519 in
2550 3465 2655 3519 hoc
2675 3466 2998 3521 testimonio
3022 3468 3152 3522 ﬁdei
3180 3474 3577 3540 permanentes

294 3566 456 3625 tum,
492 3564 558 3613 ut
598 3559 916 3629 Scripturas
961 3558 1032 3611 ad
1071 3562 1233 3611 tuum
1270 3555 1489 3626 redigas
1527 3554 1893 3619 intellectum,
1980 3569 2159 3624 usque
2208 3553 2279 3607 ad
2337 3554 2585 3624 palmam
2631 3555 2886 3626 martyrii
2926 3555 3149 3610 fortiter
3201 3558 3574 3612 decertarent.

297 3648 490 3719 sicque
518 3646 625 3700 tibi
659 3647 849 3703 omnia
877 3646 1148 3716 assignes,
1180 3650 1245 3698 ut
1274 3644 1389 3698 Deo
1431 3642 1572 3697 nihil
1603 3642 1836 3707 tribuas,
1866 3659 1901 3696 a
1982 3642 2235 3706 Quatuor
2258 3641 2535 3712 siquidem
2560 3642 2741 3696 modis
2766 3643 2824 3696 in
2841 3643 3043 3698 divinis
3071 3645 3273 3699 litteris
3305 3646 3577 3700 confessio

299 3753 409 3806 quo
464 3739 604 3791 sunt
662 3735 871 3789 omnia.
931 3735 1061 3788 Haec
1118 3734 1323 3787 idcirco
1360 3732 1584 3803 longius
1620 3731 1894 3801 peroravi,
1981 3730 2205 3795 dicitur,
2229 3736 2284 3784 et
2314 3730 2530 3784 duobus
2557 3731 2618 3784 in
2650 3731 2804 3786 locis.
2828 3733 2925 3786 Est
2945 3732 3136 3804 itaque
3157 3734 3430 3789 confessio
3457 3735 3576 3789 laus

299 3842 371 3879 ne
395 3842 561 3879 mens
593 3841 699 3878 sua
726 3824 1039 3895 decipiatur
1062 3822 1305 3893 ignavia,
1325 3838 1495 3892 quam
1515 3820 1703 3874 divina
1720 3820 1899 3874 virtus
1980 3819 2085 3885 dis,
2127 3825 2213 3872 est
2242 3824 2298 3873 et
2316 3818 2626 3889 gratiarum
2674 3819 2855 3888 actio,‘
2877 3837 3001 3890 quae
3030 3837 3254 3893 semper
3280 3824 3346 3877 ﬁt
3372 3823 3433 3877 in
3460 3839 3577 3877 cm-

298 3914 476 3971 tantis
515 3912 850 3966 adhortatus
876 3912 1230 3967 documentis
1278 3915 1336 3964 et
1375 3911 1580 3981 gratia,
1612 3909 1900 3979 tantisque
1980 3908 2050 3962 lis
2070 3907 2265 3961 :tertia
2288 3924 2415 3962 vero
2433 3907 2705 3962 confessio
2735 3914 3111 3979 peccatorum,
3135 3927 3257 3983 quae
3285 3926 3577 3984 nunquam

297 4003 623 4058 illustratur
650 4000 945 4056 beneﬂciis
979 4001 1149 4055 Porro
1176 4000 1326 4072 quod
1360 4000 1439 4054 ait
1471 4018 1482 4052 :
1518 4001 1635 4053 Duo
1662 4014 1900 4068 passeres
1982 3998 2228 4069 proﬁcue
2255 3998 2320 4050 fit
2356 3996 2463 4050 nisi
2499 3997 2557 4050 in
2601 3996 2771 4051 terris
2801 4018 2813 4051 :
2846 4004 3048 4068 quarta
3077 4002 3181 4066 est,
3213 4000 3284 4054 de
3326 4014 3442 4072 qua
3485 4001 3579 4056 hic

299 4108 416 4146 asse
435 4095 701 4157 veneunt,
738 4089 864 4144 ideo
891 4090 1046 4156 dicit,
1080 4089 1213 4161 quia
1240 4089 1319 4143 sic
1340 4094 1463 4143 erat
1480 4087 1823 4143 consuetudo
1843 4087 1903 4141 in
1984 4086 2189 4156 agitur,
2221 4086 2281 4139 in
2312 4086 2584 4157 martyrio
2608 4102 2798 4140 coram
2827 4085 3167 4154 hominibus,
3194 4088 3252 4143 in
3280 4094 3535 4161 tempore
3558 4108 3574 4159 ;

297 4182 535 4253 templo,
561 4185 629 4234 ut
649 4196 901 4251 passeres
920 4185 979 4233 et
1004 4178 1222 4250 reliqua
1243 4195 1366 4250 qum
1383 4179 1441 4232 in
1463 4177 1747 4232 sacriﬁciis
1776 4177 1904 4231 oﬂ‘e-
1984 4181 2049 4229 ut
2074 4175 2462 4245 unusquisque
2496 4191 2619 4228 eam
2648 4175 2885 4246 recipiat
2908 4192 3094 4231 coram
3117 4178 3284 4233 Patre
3313 4185 3370 4234 et
3387 4190 3578 4235 coram

298 4270 579 4325 rebantur
612 4268 833 4323 venalia
863 4274 1067 4335 essent,
1093 4273 1159 4323 ut
1187 4268 1547 4322 advenientes
1570 4267 1641 4320 de
1670 4265 1903 4335 singulis
1922 4264 2193 4364 Dsanctis
2237 4263 2451 4334 angelis
2480 4263 2539 4317 in
2568 4263 2901 4318 aeternitate.
2925 4265 3059 4328 Quae
3087 4269 3311 4338 negatio
3335 4269 3423 4322 vel
3451 4282 3581 4324 con-

297 4358 627 4413 civitatibus
683 4362 883 4428 parata
921 4357 1111 4412 omnia
1164 4355 1454 4410 haberent.
1507 4355 1615 4410 Sed
1664 4371 1902 4424 evange-
1922 4352 1966 4364 “’
1985 4353 2301 4420 fessio,non
2328 4357 2549 4407 tantum
2568 4352 2752 4406 verbis
2773 4353 3097 4424 accipienda
3119 4361 3221 4421 est,
3248 4373 3415 4427 quam
3450 4358 3580 4412 etin

296 4448 436 4502 lista
478 4447 623 4501 duos
674 4451 896 4500 tantum
947 4445 1071 4500 ideo
1130 4445 1351 4499 videtur
1405 4444 1609 4499 dixisse
1652 4458 1905 4515 passeres
1987 4441 2245 4496 omnibus
2276 4441 2437 4496 bonis
2467 4441 2727 4512 operibus
2758 4447 2814 4495 et
2842 4443 3086 4512 puritate
3113 4445 3315 4499 cordis.
3356 4446 3516 4500 Unde
3547 4463 3580 4501 ο

297 4552 429 4590 asse
473 4535 734 4601 mercari,
767 4540 1046 4606 quatenus
1073 4534 1436 4604 intelligeres,
1480 4533 1592 4586 ista
1628 4537 1743 4585 tam
1771 4528 1907 4584 vitia
1987 4530 2268 4585 contrario
2298 4531 2555 4586 Christus
2589 4532 2799 4599 (Matth.
2838 4548 2959 4593 xxv,
2992 4529 3050 4603 3)
3086 4530 3277 4587 electis
3307 4551 3321 4589 :
3378 4535 3575 4601 Venite,

298 4642 421 4679 non
458 4625 582 4679 sine
623 4625 741 4679 Deo
782 4640 921 4691 esse,
954 4628 1055 4678 aut
1090 4623 1343 4690 interire,
1384 4622 1562 4676 multo
1591 4620 1772 4691 magis
1801 4618 1904 4673 tibi
1987 4620 2188 4690 inquit,
2228 4621 2492 4674 benedicti
2519 4622 2703 4673 Patris
2731 4622 2842 4673 mei
2856 4639 2875 4683 ;
2907 4624 2964 4673 et
2990 4621 3243 4691 reprobis
3276 4641 3288 4677 :
3315 4623 3582 4678 Discedite

296 4731 510 4784 corpus
559 4718 618 4767 et
671 4713 920 4770 animam
974 4729 1089 4767 non
1143 4712 1425 4783 deperire;
1462 4727 1589 4765 cum
1636 4726 1736 4780 pro
1781 4708 1909 4762 istis

298 4803 451 4857 assis
498 4802 854 4869 distrahitur,
894 4818 995 4874 pro
1048 4807 1105 4857 te
1164 4801 1421 4856 Christus
1453 4800 1554 4855 Dei
1614 4799 1787 4853 Filius
1835 4797 1910 4851 sit

296 4892 663 4949 venundatus
683 4896 741 4945 et
759 4896 1104 4963 peremptus.
1131 4891 1330 4945 Adhuc
1354 4894 1543 4944 autem
1572 4889 1641 4943 ad
1663 4887 1763 4942 Dei
1785 4904 1910 4958 pro-

298 4980 618 5035 videntiam
640 4980 1163 5046 commendandam,
1194 4983 1252 5033 et
1271 4979 1530 5032 timorem
1562 4976 1904 5048 pellendum,

296 5070 577 5140 proponit
600 5068 753 5140 quod
773 5068 941 5122 etiam
969 5068 1147 5123 nostri
1167 5067 1351 5139 capilli
1365 5083 1558 5121 omnes
1578 5067 1694 5119 Deo
1716 5080 1908 5118 nume-

299 5158 427 5211 rati
450 5160 580 5212 sint.
603 5157 711 5213 Ubi
736 5157 1076 5212 ineiiabilem
1101 5161 1158 5211 et
1186 5153 1809 5228 incomprehensibilem
1838 5152 1910 5206 de

298 5246 479 5301 nobis
497 5246 835 5318 multiplicat
862 5252 920 5301 et
937 5239 1296 5302 commendat
1322 5262 1536 5300 curam.
1572 5243 1699 5298 Sed'
1722 5241 1911 5296 miseri

300 5342 366 5391 et
397 5337 545 5401 vani,
576 5337 678 5407 qui
698 5352 921 5407 semper
945 5335 1218 5391 beneﬁcia
1253 5335 1354 5390 Dei
1383 5340 1440 5388 et
1472 5332 1912 5388 immensitatem

300 5426 609 5497 sapimtim
629 5426 703 5480 ad
729 5425 1070 5481 calumniam
1098 5430 1326 5479 vertunt
1339 5423 1764 5495 promissorum,
1779 5421 1916 5475 dum

1987 4726 2021 4763 a
2052 4725 2155 4774 me,
2191 4710 2437 4777 operarii
2462 4710 2802 4776 iniquitatis,
2825 4713 2959 4777 quia
2982 4713 3159 4764 nescio
3185 4726 3294 4765 vos.

2060 4800 2259 4863 Nolite,
2287 4795 2489 4866 inquit,
2512 4799 2811 4863 arbitrari,
2833 4800 2968 4866 quia
2992 4802 3121 4853 veni
3148 4815 3337 4868 pacem
3367 4802 3588 4856 mittere

1991 4889 2054 4940 in
2086 4891 2253 4939 terra.
2288 4885 2665 4949 Quaerendum
2697 4889 2844 4940 esset
2889 4886 3039 4957 quod
3069 4893 3357 4942 cantatum
3385 4895 3472 4943 est
3513 4888 3584 4944 ab

1991 4974 2203 5045 angelis
2231 4976 2291 5028 in
2329 4979 2457 5028 ortu
2507 4974 2829 5040 Salvatoris,
2882 4977 3161 5045 quomodo
3199 4978 3586 5048 accipiendum

1990 5064 2064 5117 sit
2086 5077 2097 5111 :
2117 5064 2304 5118 Gloria
2330 5066 2393 5116 in
2411 5066 2632 5117 excelsis
2652 5065 2774 5128 Deo,
2796 5067 2848 5116 et
2868 5066 2932 5117 in
2962 5068 3112 5119 terra
3127 5081 3243 5135 pas:
3269 5067 3588 5121 hominibus

1995 5153 2138 5222 (Luc.
2170 5164 2230 5210 ιι.
2272 5149 2372 5218 lli).
2424 5149 2585 5214 Quod
2616 5151 2961 5206 contrarium
2990 5157 3077 5206 est
3120 5153 3438 5224 hnicloco;
3479 5156 3591 5211 nisi

1995 5241 2127 5311 quia
2155 5239 2390 5305 addidit,
2425 5241 2573 5294 bona
2617 5243 2939 5306 voluntatis,
2984 5242 3255 5312 quoniam
3294 5260 3423 5301 cum
3460 5246 3542 5301 ait
3575 5262 3588 5300 :

1996 5336 2117 5385 Patr
2144 5330 2461 5384 hominibus
2499 5331 2648 5384 bona
2690 5332 3014 5396 voluntatis,
3064 5334 3346 5405 separavit
3378 5351 3475 5390 eos
3518 5335 3592 5389 ab

1997 5419 2085 5474 his
2114 5418 2211 5489 qui
2232 5423 2367 5472 sunt
2387 5432 2572 5489 prava:
2600 5418 2923 5473 voluntatis.
2946 5419 3303 5478 EtDominus
3326 5438 3455 5477 cum
3477 5425 3583 5478 ait:

301 5515 517 5572 dicunt
537 5515 694 5589 quod
734 5516 1023 5588 superﬂue
1059 5514 1233 5573 derisi
1280 5513 1490 5585 capilli,
1534 5516 1635 5567 aut
1670 5510 1921 5584 quotidie
2001 5511 2194 5566 Pacem
2244 5522 2426 5563 meum
2475 5509 2542 5563 do
2595 5509 2742 5563 vobis
2776 5510 2960 5580 (lacn.
3001 5520 3109 5579 an,
3156 5510 3269 5581 27),
3308 5510 3442 5566 solis
3471 5510 3592 5566 suis
