3918 6176
365 249 469 309 431
506 256 513 259 ⁷

1127 240 1186 295 S.
1227 236 1606 298 PASCHASII
1642 231 2006 294 RADBERTI
2043 229 2348 285 ABBATIS
2386 229 2875 285 CORBEIENSIS.

3494 231 3576 290 i32

365 372 640 448 probatur
666 368 874 425 dixisse
901 362 1190 431 membris,
1234 364 1435 435 quibus
1461 379 1569 435 pax
1596 356 2023 433 diligentibusA
2040 354 2553 448 capere-probatur,
2577 360 2634 408 et
2652 354 2878 448 credere
2899 370 3067 425 quam
3091 355 3270 448 citius.
3294 356 3407 410 Non
3424 362 3580 448 tamen

365 465 546 519 Deum
576 463 831 516 servatur
864 470 1042 527 usque
1070 454 1128 508 in
1168 455 1357 508 ﬁnem.

438 554 566 608 Non
588 551 715 605 veni
738 562 927 617 pacem
955 547 1189 606 mittere,
1213 543 1305 596 sed
1320 542 1594 609 gladium.
1618 543 1804 603 508
1834 537 1963 591 Gla-

370 642 525 698 dium
547 639 744 710 utique
769 634 921 689 verbi
947 632 1066 696 Dei,
1086 631 1155 685 de
1184 646 1294 701 quo
1321 630 1529 684 Paulus
1548 627 1833 698 apostolus
1860 648 1872 682 :
1896 627 1961 679 Et

370 725 852 800 gladium,inquit,
869 720 1284 791 Spiritus,quod
1303 724 1377 772 est
1393 720 1619 772 verbum
1641 718 1737 770 [)ei
1750 716 1959 785 (Ephes,

368 835 446 887 vi,
473 818 584 888 17).
617 815 760 881 Quia
785 814 934 868 Deus
964 808 1204 881 Spiritus
1229 812 1334 861 est.
1370 805 1471 859 Hic
1500 810 1587 859 est
1622 811 1812 858 autem
1838 803 1963 873 gla-

371 909 516 974 dius,
539 906 635 977 qui
662 901 911 975 procedit
928 899 998 953 de
1025 913 1121 952 ore
1147 896 1270 961 Dei,
1298 900 1538 965 utraque
1558 898 1719 964 parte
1742 896 1960 945 acutus.

370 1000 439 1053 Et
458 997 598 1051 bene
621 1008 692 1047 ex
712 996 952 1061 utraque
970 991 1131 1059 parte
1160 990 1380 1048 acutus,
1406 983 1538 1054 quia
1562 998 1718 1052 aeque
1739 979 1966 1051 perimit

369 1089 690 1160 peccatores
718 1086 776 1134 et
802 1077 1028 1149 impios,
1075 1084 1141 1129 ut
1175 1073 1492 1127 moriantur
1529 1071 1686 1142 prius
1715 1076 1958 1160 peccato,

370 1156 429 1230 et
448 1174 710 1243 deinceps
740 1168 941 1222 melius
961 1165 1151 1218 vivant
1168 1163 1284 1216 Deo
1307 1180 1317 1213 :
1342 1175 1498 1231 aeque
1520 1159 1689 1212 etiam
1718 1158 1823 1211 hoc
1848 1156 1966 1227 gla-

367 1264 462 1319 dio
489 1260 644 1317 verbi
672 1257 952 1313 feriuntur
967 1252 1065 1324 qui
1079 1251 1277 1306 nolunt
1304 1248 1552 1302 converti
1576 1254 1635 1301 et
1660 1262 1828 1317 agere
1847 1261 1965 1316 pce-

366 1351 697 1414 nitentiam;
730 1351 795 1401 ut
844 1341 1051 1397 mortui
1102 1340 1238 1404 Deo,
1270 1338 1416 1391 male
1444 1337 1632 1390 vivant
1686 1334 1962 1407 perempti

368 1438 659 1513 suppliciis
685 1434 930 1491 aeternis.
958 1430 1061 1486 Hic
1094 1434 1180 1483 est
1204 1426 1444 1498 gladius,
1478 1443 1587 1497 quo
1617 1424 1827 1494 accingi
1870 1423 1961 1476 in-

368 1534 635 1586 carnatus
654 1542 689 1579 a
717 1525 884 1579 Patre
906 1518 1140 1592 jubetur
1164 1540 1176 1574 :
1206 1517 1516 1584 Accingere,
1548 1514 1749 1585 inquit,
1778 1514 1962 1581 gladio

2043 444 2168 499 ideo
2206 444 2416 499 dictum
2447 450 2552 508 est,
2584 449 2648 498 ut
2677 444 2841 497 multi
2869 461 2937 498 ex
2970 444 3289 515 parentibus
3314 461 3417 499 non
3441 446 3582 500 credi-

2043 533 2229 587 derint
2259 532 2587 603 priusquam
2620 531 2739 595 filii,
2783 532 2882 586 sed
2924 533 3071 603 quod
3111 533 3437 604 frequentius
3468 540 3537 587 est
3558 552 3585 587 a

2043 627 2271 683 natura,
2323 620 2599 690 benignus
2643 620 2911 691 Magister
2940 621 3280 675 intromittit.
3310 624 3421 676 Non
3444 625 3581 685 enim,

2043 710 2244 781 inquit,
2276 712 2401 763 veni
2426 725 2611 777 pacein
2640 712 2873 773 mittere,
2893 710 2990 764 sed
3018 710 3142 764 veni
3173 727 3418 781 separare
3442 711 3586 765 ﬁlium

2045 816 2079 854 a
2108 805 2267 869 patre
2295 798 2412 851 loco
2442 798 2673 862 scilicet,
2704 798 2790 852 vel
2818 798 2946 863 fide,
2981 816 3080 853 seu
3113 799 3378 865 moribus;
3403 799 3517 853 dum
3534 800 3589 853 de

2044 887 2374 941 infidelitate
2391 887 2737 941 convertitur
2757 886 2828 940 ad
2851 903 3035 941 veram
3056 888 3241 951 fidem,
3259 888 3325 942 de
3352 895 3510 941 morte
3533 888 3590 941 ad

2046 976 2236 1041 vitam,
2269 975 2338 1029 de
2368 976 2642 1046 pravitate
2672 976 2744 1029 ad
2784 981 3017 1040 rectam,
3046 992 3168 1047 quae
3196 976 3253 1030 in
3281 976 3484 1031 Christo
3505 983 3589 1043 est,

2046 1069 2103 1118 et
2130 1080 2317 1118 veram
2345 1064 2472 1117 vita:
2502 1064 2667 1117 viam.
2702 1064 2903 1135 Sicque
2961 1066 3105 1119 fiunt
3140 1068 3359 1119 inimici
3391 1067 3594 1144 hominis

2046 1154 2325 1206 domestici
2343 1155 2479 1219 ejus,
2501 1169 2627 1205 cum
2648 1152 2949 1223 insurgunt
2973 1154 3071 1207 ﬁlii
3091 1155 3147 1207 in
3169 1160 3435 1224 parentes,
3457 1160 3506 1208 et
3523 1172 3597 1225 pa-

2046 1246 2234 1295 rentes
2264 1246 2459 1294 contra
2488 1241 2650 1306 ﬁlios,
2671 1246 2777 1295 aut
2791 1258 2967 1295 nurus
2994 1242 3049 1296 in
3073 1259 3310 1304 socrum.
3329 1260 3421 1297 seu
3438 1260 3598 1311 socrus

2043 1336 2239 1383 contra
2268 1346 2495 1396 nurum,
2528 1330 2606 1384 ita
2637 1339 2701 1384 ut
2729 1330 2867 1384 nulli
2897 1330 2968 1384 sit
3000 1336 3125 1385 tuta
3151 1331 3353 1402 ubique
3379 1331 3598 1385 societas.

2043 1418 2166 1483 Vel,
2197 1421 2425 1473 Inimici
2466 1420 2724 1483 hominis,
2761 1420 2817 1473 id
2848 1424 2935 1473 est
2962 1420 3190 1486 Christi,
3228 1421 3322 1491 qui
3358 1427 3437 1474 est
3472 1420 3595 1474 ﬁlius

2044 1506 2289 1559 hominis
2310 1508 2453 1560 ﬁunt
2481 1508 2765 1560 domestici
2785 1511 2919 1575 eius,
2956 1508 3089 1562 dum
3120 1509 3297 1563 Judaei
3326 1515 3603 1579 apostatan-

373 1626 468 1675 tuo
494 1630 658 1685 super
684 1615 873 1683 femur
901 1616 1080 1672 tuum,
1108 1606 1477 1675 potentissime
1508 1606 1653 1671 (Psat
1706 1616 1851 1667 κων,
1885 1602 1959 1667 4).
1984 1600 2139 1685 “tur
2168 1611 2199 1648 a
2231 1596 2469 1666 ﬁde,qui
2490 1596 2829 1650 erantamici
2853 1596 3024 1667 prius.
3052 1597 3293 1661 Quidam
3310 1614 3451 1661 vero,
3469 1596 3602 1668 quasi

372 1671 495 1773 Quo
524 1671 792 1760 nimirum
817 1671 1179 1770 gladio,
1191 1692 1299 1747 sibi
1325 1708 1588 1763 sponsam
1618 1692 1785 1755 ducit,
1811 1690 1967 1744 venit
1984 1671 2031 1730 Β
2049 1682 2309 1737 subtilius
2327 1684 2570 1738 volentes
2587 1684 3600 1756 distinguere,inimicihominis,prius,

372 1795 654 1852 debellare
697 1789 916 1860 sibique
970 1790 1324 1858 prosternere
1374 1797 1570 1836 omnes
1616 1780 1966 1835 adversarios

371 1900 522 1941 suos.
556 1881 715 1938 Unde
742 1877 999 1949 sequitur
1030 1893 1042 1928 :

406 2012 417 2017 μ
456 1976 583 2028 Veni
593 1972 744 2026 enim
758 1981 1015 2037 separare
1028 1966 1088 2033 ﬁt
1094 1966 1213 2017 ium
1224 1964 1483 2017 adversus
1497 1966 1714 2030 patrem
1727 1965 1775 2014 et
1787 1962 1965 2028 ﬁliam

370 2065 630 2119 adversus
657 2060 969 2121 matrem,et
998 2068 1212 2108 nurum
1240 2052 1503 2105 adversus
1530 2065 1752 2104 socrum
1780 2064 1964 2112 suam,

374 2159 424 2208 et
462 2151 687 2206 inimici
725 2146 967 2201 hominis
995 2142 1278 2196 domestici
1306 2144 1442 2208 ejus.
1468 2137 1589 2193 Nisi
1629 2136 1779 2192 enim
1808 2134 1968 2189 nobis

369 2241 490 2296 haec
517 2236 713 2294 divisio
750 2251 816 2289 ex
842 2248 949 2287 usu
978 2238 1040 2286 et
1070 2228 1472 2284 consuetudine
1504 2228 1624 2296 jam
1672 2224 1968 2279 notissima

372 2334 551 2394 esset;
582 2324 742 2379 valde
790 2321 1027 2377 obscura
1070 2318 1357 2372 videretur
1384 2314 1708 2386 hujusmodi
1737 2312 1961 2378 locutio,

372 2416 522 2489 quod
550 2413 842 2477 Dominus,
870 2409 967 2481 qui
998 2412 1235 2462 matrem
1264 2406 1349 2460 vel
1379 2410 1596 2476 patrem
1619 2404 1855 2473 diligere
1878 2403 1967 2473 ju-

370 2502 469 2561 bet
487 2521 552 2559 ex
572 2503 714 2575 lege,
741 2506 800 2555 et
825 2500 895 2554 de
922 2497 1219 2553 dilectione
1247 2501 1377 2549 ante
1410 2493 1599 2549 omnia
1620 2498 1781 2547 tanta
1806 2492 1965 2546 talia-

372 2610 481 2666 que
506 2592 715 2663 ubique
735 2588 984 2653 mandat,
1009 2585 1142 2657 quid
1164 2585 1239 2639 sit
1262 2583 1409 2655 quod
1430 2589 1548 2637 tam
1575 2581 1860 2636 contraria
1882 2580 1965 2634 in-

368 2682 498 2746 fert,
529 2698 591 2736 se
626 2678 844 2735 venisse
869 2693 981 2731 non
1009 2690 1202 2746 pacem
1232 2672 1476 2735 mittere,
1502 2670 1599 2725 sed
1628 2669 1964 2724 discordiam

368 2777 429 2826 et
452 2770 731 2843 gladium.
760 2768 828 2822 Et
861 2767 1070 2821 factum
1121 2767 1208 2817 est
1246 2760 1612 2816 seminarium
1660 2758 1964 2829 impietatis

367 2858 674 2915 auctoritas
710 2851 1131 2911 clementissimi
1181 2849 1503 2905 Salvatoris.
1557 2848 1699 2901 Hinc
1735 2846 1865 2902 odia
1904 2846 1963 2900 in

2047 1772 2247 1826 deinde
2301 1772 2569 1838 inferunt,
2629 1774 2915 1828 domestici
2965 1779 3101 1843 ejus,
3163 1780 3228 1829 ut
3278 1775 3606 1829 subaudiatur

2046 1867 2231 1915 erunt.
2264 1862 2336 1915 Ut
2350 1861 2441 1932 qui
2475 1862 2631 1933 prius
2662 1861 2888 1917 fuerant
2909 1863 3123 1917 inimici
3146 1864 3283 1917 ﬁant
3300 1863 3509 1917 demum
3525 1877 3607 1933 per

2047 1950 2499 2021 praedicationem
2530 1951 2693 2005 Verbi
2725 1951 3014 2006 domestici
3051 1953 3173 2016 Dei,
3206 1953 3348 2006 sicut
3385 1952 3517 2006 facta
3538 1954 3607 2004 est

2048 2039 2229 2092 omnis
2241 2039 2529 2108 gentilitas
2545 2042 2820 2109 gentium.
2840 2042 3148 2112 Separatur
3169 2048 3355 2096 autem
3383 2039 3609 2111 spiritali-

2047 2132 2134 2179 ter
2161 2128 2345 2181 omnis
2374 2127 2469 2197 qui
2498 2128 2569 2185 ad
2611 2128 2901 2183 Christum
2931 2130 3083 2183 venit
3111 2146 3144 2184 a
3188 2136 3347 2201 patre
3371 2128 3604 2194 .diabolo;

2048 2216 2180 2279 tilia,
2197 2216 2253 2269 id
2282 2223 2366 2270 est
2387 2216 2647 2281 Ecclesia,
2674 2218 3035 2288 agentilitate
3062 2236 3186 2273 sua.
3202 2220 3435 2274 Nurusa
3450 2233 3606 2281 socru,

2047 2303 2181 2359 dum
2207 2305 2448 2359 Ecclesia
2478 2305 2725 2359 ﬁdelium
2747 2306 3017 2361 dividitur
3038 2325 3072 2361 a
3102 2308 3414 2378 Synagoga.
3447 2308 3611 2360 Potest

2048 2400 2104 2447 et
2142 2393 2429 2448 moraliter
2483 2394 2573 2448 hic
2628 2395 2780 2449 locus
2827 2396 3003 2467 accipi
3046 2415 3057 2449 :
3102 2398 3203 2451 sed
3261 2397 3365 2451 hoc
3416 2394 3612 2451 lectoris

2045 2482 2279 2537 arbitrio
2308 2482 2377 2536 ad
2422 2484 2879 2553 pertractandum
2910 2485 3202 2555 relinquo;
3247 2486 3379 2557 quia
3404 2501 3499 2539 nec
3527 2499 3612 2537 nos

2045 2572 2149 2625 hoc
2202 2572 2563 2641 Evangelium
2610 2572 2907 2644 tripliciter
2954 2574 3346 2644 exponendum
3395 2571 3613 2644 suscepi-

2049 2677 2194 2714 IDUS.

2118 2751 2225 2816 Qui
2241 2754 2394 2803 amat
2420 2755 2637 2818 patrem
2666 2768 2832 2805 suum
2857 2756 2957 2805 aut
2984 2758 3399 2823 matrcmsuper
3421 2765 3613 2815 malum

2047 2842 2118 2890 est
2152 2854 2233 2890 me
2260 2838 2483 2905 dignus.
2517 2840 2769 2894 Profecto
2801 2841 2935 2911 quia
2953 2841 3173 2895 dixerat
3206 2864 3217 2897 :
3251 2845 3614 2911 l'eniseparare

363 2948 641 3019 principio
672 2941 1081 3016 praedicationis
1107 2937 1471 3009 ubique,hinc
1493 2936 1641 2990 bella
1660 2941 1717 2989 et
1736 2935 1959 2989 seditio-
1978 2943 2022 3003 ί]
2044 2926 2228 3019 ﬁlium
2259 2928 2518 3019 adversus
2544 2935 2782 3019 patrem.
2801 2946 2881 3019 ne
2898 2936 3199 3019 putaretur
3229 2932 3334 2986 sibi
3364 2948 3479 2986 esse
3506 2943 3615 2982 con.

364 3051 486 3100 nes,
501 3050 631 3089 cum
655 3031 878 3103 gladius
894 3027 1139 3092 Domini,
1166 3027 1225 3080 id
1254 3032 1340 3081 est
1357 3025 1588 3079 verbum
1617 3022 1962 3095 praedicatio-

2043 3014 2251 3067 trarius
2286 3014 2345 3068 in
2375 3031 2439 3068 eo
2480 3017 2625 3086 quod
2661 3017 2825 3088 jubet
2853 3018 3087 3088 diligere
3116 3026 3339 3090 patrem
3367 3021 3618 3091 temperat

364 3124 477 3192 nis,
506 3101 682 3194 οωρίί
703 3118 966 3174 dirimere
995 3118 1143 3171 inter
1172 3120 1390 3186 patrem
1421 3119 1478 3168 et
1506 3112 1704 3178 ﬁlium,
1734 3112 1881 3165 inter
1901 3112 1962 3166 ﬁ-
2040 3101 2290 3194 modum,
2309 3109 2368 3194 et
2397 3105 2643 3159 ostendit
2674 3107 2821 3176 quod
2853 3124 2964 3161 non
2995 3108 3297 3178 prohibeat
3323 3115 3526 3181 patrem
3551 3105 3618 3160 di-

364 3189 501 3276 liam
530 3189 853 3265 etvmatrem
875 3226 888 3274 ;
911 3206 971 3260 in
989 3210 1213 3259 tantum
1236 3208 1302 3257 ut
1322 3207 1475 3256 totus
1504 3200 1654 3255 orbis
1677 3205 1872 3255 contra
1899 3215 1959 3253 se
2039 3189 2212 3260 ligere
2240 3191 2325 3244 vel
2376 3199 2635 3259 matrem,
2669 3211 2769 3249 seu
2795 3202 3024 3250 caeteras
3064 3197 3372 3253 affinitates
3403 3218 3414 3252 :
3456 3196 3542 3252 sed
3565 3198 3620 3249 ut

366 3299 577 3355 divisus
597 3295 906 3361 deszeviret,
941 3292 1262 3363 multasque
1299 3289 1715 3362 persecutiones
1760 3289 1962 3344 excita-
2040 3294 2206 3368 nemo
2226 3281 2495 3351 pietatem
2526 3289 2825 3354 parentum
2855 3292 2954 3340 aut
2982 3286 3165 3340 carnis
3192 3288 3479 3359 praeferret
3508 3284 3618 3340 reli-

366 3393 475 3444 ret.
500 3384 778 3452 Quoniam
807 3381 1078 3453 Magister
1104 3379 1370 3435 ineffabili
1388 3378 1610 3433 virtutis
1635 3377 1821 3449 gladio
1839 3394 1963 3448 per—
2043 3368 2197 3437 gioni
2221 3370 2572 3437 Christianae,
2592 3374 2725 3443 quia
2751 3375 3115 3441 renascimur,
3140 3382 3199 3431 et
3226 3378 3613 3448 adoptamurut

366 3471 621 3543 tingente
649 3484 827 3540 usque
873 3467 944 3521 ad
989 3464 1321 3519 divisionem
1364 3463 1585 3529 animae,
1626 3478 1959 3534 eompagum
2044 3457 2143 3511 ﬁlii
2175 3459 2274 3512 Dei
2292 3459 2467 3513 simus
2488 3468 2547 3515 et
2571 3462 2944 3517 nominemur.
2977 3464 3151 3519 Docet
3180 3466 3371 3537 itaque
3399 3464 3616 3520 charita—

368 3576 594 3632 quoque
620 3563 679 3613 et
696 3556 1090 3619 medullarum,
1123 3558 1325 3608 cuncta
1352 3552 1638 3620 discrevit;
1662 3558 1727 3606 ut
1746 3568 1812 3606 ex
1840 3568 1962 3606 om-
2040 3552 2155 3600 tem
2176 3548 2490 3602 ordinatam
2514 3549 2736 3615 habere,
2754 3558 2817 3604 ut
2828 3551 3072 3622 primum
3096 3553 3277 3608 Deum
3304 3572 3366 3608 ex
3392 3560 3503 3608 toto
3515 3551 3626 3606 dili-

365 3649 535 3706 nibus
558 3648 860 3719 eligeretur
877 3661 993 3699 una
1017 3643 1278 3709 Ecclesia,
1299 3643 1355 3696 in
1380 3658 1490 3713 qua
1519 3658 1624 3713 pax
1655 3658 1965 3713 requiesce-
2039 3653 2260 3705 gamus,
2293 3637 2494 3691 deinde
2532 3638 2848 3709 proximum
2880 3640 3025 3695 sicut
3052 3644 3448 3714 nosmetipsos.
3479 3638 3620 3705 Quod

367 3745 478 3805 ret,
507 3744 565 3793 et
591 3740 909 3792 secerneret
947 3734 1137 3805 paleas
1167 3750 1202 3787 a
1231 3732 1529 3786 frumento.
1564 3730 1723 3786 Unde
1752 3747 1958 3802 quaeso,
2044 3725 2093 3777 si
2120 3725 2177 3778 hi
2204 3726 2315 3778 duo
2337 3742 2556 3780 amores
2585 3728 2751 3782 simul
2767 3730 2946 3783 teneri
2967 3746 3081 3784 non
3112 3731 3552 3803 possunt,potius
3572 3728 3620 3782 in

368 3828 563 3896 lector,
590 3832 649 3882 et
666 3824 736 3880 ab
760 3823 984 3879 exordio
1011 3823 1182 3894 hujus
1201 3820 1589 3887 institutionis,
1607 3836 1776 3890 quam
1803 3820 1964 3872 vehe-
2045 3813 2413 3884 Deumpietas
2443 3816 2686 3870 tenenda
2715 3823 2817 3881 est,
2840 3822 2897 3871 et
2926 3819 3200 3872 servanda
3224 3821 3385 3875 ﬁdes.
3406 3819 3552 3875 Unde
3571 3817 3619 3870 in

369 3933 531 3972 mens
560 3916 634 3970 sit
658 3929 865 3975 sermo,
890 3928 1060 3983 quam
1086 3909 1655 3980 sublimiapreecepta,
1681 3924 1849 3978 quam
1875 3907 1962 3960 ul-
2044 3901 2169 3971 lege
2189 3903 2410 3972 jussum
2439 3910 2524 3958 est
2558 3906 2725 3971 (Leuit
2791 3920 2901 3970 χχι,
2952 3905 3009 3969 2)
3053 3924 3123 3961 ne
3174 3910 3437 3963 sacerdos
3472 3921 3623 3978 super

368 4011 462 4058 tra
504 4019 730 4059 omnem
782 4000 1196 4072 philosophiam
1246 3999 1445 4063 oratio,
1488 3997 1823 4068 perpendas.
1857 3994 1962 4049 Ubi
2045 3996 2205 4059 patre
2228 3997 2327 4045 aut
2354 3998 2534 4046 matre
2563 3996 3065 4050 contaminaretur.
3100 3997 3247 4068 Ergo
3278 3998 3337 4053 in
3384 3997 3622 4053 omnibus

369 4091 712 4162 respondent
730 4088 925 4159 primis
942 4087 1206 4149 secunda,
1223 4086 1535 4156 posteriora
1548 4084 1962 4156 superioribus;
2048 4078 2136 4132 his
2160 4079 2338 4136 virum
2360 4083 2741 4152 evangelicum
2771 4085 3027 4156 depingit
3058 4086 3336 4155 Salvator,
3360 4088 3622 4145 informat,

371 4178 563 4234 omnia
591 4176 945 4248 complentur
981 4174 1261 4239 omnibus,
1301 4174 1351 4229 si
1382 4173 1661 4244 quomodo
1710 4174 1968 4228 Christus
2048 4173 2105 4221 et
2130 4168 2378 4225 instruit.
2436 4172 2568 4226 Ideo
2598 4190 2712 4227 non
2762 4190 2987 4229 necesse
3034 4180 3121 4229 est
3171 4193 3297 4246 qua:
3345 4181 3628 4231 tractamus

371 4282 549 4321 unum
598 4264 854 4334 martyrii
899 4263 989 4317 sui
1029 4263 1252 4332 expleat
1286 4278 1507 4331 corpus.
1558 4262 1701 4315 Hinc
1745 4262 1802 4315 in
1849 4255 2270 4334 sin-“singula
2306 4265 2499 4325 5'0
2549 4261 2909 4315 excellentius
2948 4262 3334 4333 magnificare,
3379 4271 3435 4319 et
3478 4261 3628 4317 latius

368 4354 519 4426 gulis
547 4352 843 4408 sententiis
891 4368 1007 4406 una
1035 4356 1121 4405 est
1168 4349 1341 4403 series
1387 4365 1708 4413 causarum,
1749 4355 1807 4403 et
1842 4348 2030 4403 con-"
2048 4348 2376 4415 protrahere
2416 4366 2428 4399 :
2465 4350 2596 4420 quia
2628 4350 2751 4421 ipsa
2777 4367 2879 4422 per
2908 4368 2967 4406 se
2991 4360 3128 4406 sunt
3151 4355 3411 4422 grandia,
3444 4358 3495 4406 et
3521 4366 3628 4405 ma-

371 4448 558 4498 textus
586 4443 673 4497 vel
722 4441 858 4496 ordo
896 4438 1253 4494 narrationis.
1303 4438 1498 4492 Partes
1527 4453 1747 4508 quoque
1800 4438 1968 4509 hujus
2047 4450 2219 4503 gnam
2252 4437 2361 4490 vim
2381 4438 2590 4493 habent
2610 4439 2986 4508 cogitantibus
3016 4457 3101 4507 ea,
3132 4442 3213 4496 ita
3249 4449 3317 4498 ut
3345 4442 3415 4496 ab
3443 4438 3628 4495 invidis

371 4531 639 4587 doctrinae
697 4529 950 4601 partibus
995 4527 1372 4594 consentiunt,
1434 4532 1492 4581 et
1539 4526 1812 4581 couniunt
1848 4527 1970 4581 uni-
2050 4528 2108 4576 et
2134 4525 2351 4578 aemulis
2379 4526 2569 4580 divina
2607 4546 2729 4582 esse
2768 4536 3129 4593 censeantur,
3168 4537 3227 4585 et
3270 4530 3629 4602 extorqueant

370 4636 550 4675 versa.
602 4620 691 4675 Ita
720 4624 783 4673 ut
808 4618 867 4672 in
915 4618 1020 4672 hoc
1047 4617 1367 4671 testimonio
1396 4616 1654 4670 videatur
1694 4615 1967 4671 mirabilis
2050 4627 2275 4666 necesse
2305 4620 2391 4667 est
2442 4616 2698 4670 veritatis
2737 4618 3163 4673 confessionem.
3199 4620 3271 4674 Et
3312 4619 3624 4679 notandum,

370 4709 589 4775 artifex,
613 4712 893 4762 scrutator
920 4712 1276 4772 naturarum,
1308 4707 1477 4761 etiam
1508 4705 1787 4777 profunda
1814 4723 1967 4777 quae-

372 4815 483 4871 que
510 4797 568 4852 in
597 4796 811 4850 intimis
840 4795 1047 4849 rimare
1073 4793 1401 4862 visceribus;
1426 4794 1560 4848 dum
1583 4811 1685 4866 per
1713 4795 1965 4865 gladium

368 4886 524 4943 verbi
552 4886 730 4941 ﬁlium
748 4902 779 4939 a
805 4890 967 4956 patre
995 4883 1209 4949 dividit,
1234 4889 1292 4938 et
1319 4883 1493 4938 ﬁliam
1510 4900 1545 4937 a
1567 4884 1765 4938 matre.
1789 4884 1967 4937 Gran-

369 4977 580 5032 daavam
602 4990 825 5048 quoque
852 4978 1078 5029 aetatem
1107 4973 1388 5039 deserens,
1430 4978 1488 5027 et
1518 4989 1742 5045 semper
1771 4973 1829 5026 in
1861 4973 1966 5027 hoc

368 5071 563 5132 509
583 5066 703 5120 loco
727 5068 1025 5135 parentum
1050 5061 1306 5133 juniores
1334 5078 1646 5116 assumens.
1680 5061 1964 5117 Nimirum

369 5155 502 5225 quia
525 5154 705 5209 serior
730 5158 865 5207 aetas
912 5149 1259 5222 longioribus
1297 5157 1356 5206 et
1382 5151 1665 5207 diuturnis
1694 5151 1841 5205 male
1867 5167 1961 5204 as-

361 5249 546 5310 sueta,
604 5243 691 5297 vel
719 5240 1005 5314 implicata
1061 5238 1365 5307 erroribus,
1412 5241 1502 5295 vix
1538 5245 1640 5295 aut
1668 5257 1957 5312 nunquam

2049 4701 2196 4771 quod
2252 4702 2450 4765 ﬁlium,
2484 4722 2651 4775 quem
2682 4723 2946 4777 separare
2976 4709 3128 4763 venit
3156 4726 3191 4763 a
3236 4715 3417 4780 patre,
3463 4708 3629 4761 adhuc

2048 4795 2258 4854 monet,
2276 4807 2345 4844 ne
2374 4809 2542 4864 super
2570 4795 2749 4848 Deum
2780 4796 2979 4865 diligat
2999 4802 3235 4867 patrem.
3270 4793 3628 4868 Sicqueiutel-

2048 4876 2334 4947 ligendum
2364 4887 2469 4948 est,
2495 4888 2553 4936 et
2574 4882 2631 4937 in
2652 4884 2866 4939 caeteris
2879 4885 3168 4955 gradibus,
3193 4903 3265 4942 ne
3293 4886 3494 4958 aliquis
3512 4884 3627 4956 plus

2048 4981 2217 5035 quam
2246 4968 2396 5024 Deus
2429 4970 2715 5042 diligatur.

2121 5062 2187 5114 Et
2216 5063 2316 5129 qui
2346 5076 2455 5114 non
2485 5064 2681 5130 accipit
2722 5077 2939 5117 crucem
2973 5079 3135 5118 suam
3167 5070 3216 5118 et
3246 5066 3494 5134 sequitur
3532 5076 3623 5123 me:

2046 5167 2159 5206 non
2185 5156 2257 5205 est
2282 5167 2367 5204 me
2380 5152 2608 5217 dignus.
2628 5150 2712 5204 Ne
2731 5149 2873 5204 forte
2895 5156 3125 5221 putares
3139 5158 3364 5207 tantum
3385 5152 3624 5207 sufﬁcere

2041 5246 2260 5313 patrem
2287 5240 2597 5310 reliquisse,
2631 5238 2740 5293 nisi
2767 5239 2932 5293 tollas
2953 5246 3011 5295 et
3038 5258 3282 5309 crucem,
3313 5241 3542 5301 addidit,
3568 5242 3626 5291 ut

365 5330 702 5397 absolvitur;
728 5330 863 5401 quia
888 5329 966 5385 sic
980 5333 1068 5384 est
1090 5327 1251 5400 quasi
1272 5344 1307 5382 ει
1333 5333 1540 5384 natura
1557 5329 1813 5401 pessimae
1834 5330 1959 5386 vita:
2042 5347 2144 5386 nec
2171 5346 2391 5385 crucem
2414 5329 2550 5384 satis
2569 5345 2694 5383 esse
2721 5329 2979 5384 crederes
2998 5331 3216 5397 tollere,
3242 5331 3349 5387 nisi
3380 5326 3623 5402 sequaris

361 5420 534 5492 longa
560 5416 1139 5479 consuetudo.Junior
1164 5433 1296 5471 vero
1323 5422 1461 5473 aetas
1492 5416 1711 5473 facilius
1742 5435 1961 5474 revoca-
2044 5423 2105 5474 et
2130 5419 2438 5474 Christum.
2470 5418 2631 5474 Unde
2661 5423 2719 5474 et
2747 5418 2805 5473 in
2833 5418 2944 5474 alio
2971 5421 3272 5492 Evangelia
3290 5418 3622 5491 reperimus:

361 5514 457 5566 tur
473 5508 546 5583 ad
571 5507 763 5577 ﬁdem,
783 5512 842 5563 et
860 5523 982 5583 quae
1002 5504 1361 5565 rationabilis
1389 5505 1662 5562 docentur
1681 5507 1961 5563 efﬁcacius
2044 5508 2154 5577 cui
2178 5524 2289 5564 non
2307 5510 2508 5579 accipit
2532 5508 2775 5577 quotidie
2802 5507 2947 5580 (Luc.
2982 5522 3058 5577 Ix,
3087 5507 3206 5581 29),
3233 5508 3498 5581 quoniam
3518 5517 3621 5559 non
