3918 6176
332 389 434 450 433

1066 432 1071 437 η
1110 392 1493 451 EXPOSITIO
1531 394 1611 452 IN
1646 394 1938 454 ΜΑΊἿἮΑ

2023 393 2094 453 Μ.
2131 427 2196 440 -ο
2235 397 2374 454 LIB.
2416 398 2512 466 VI,
2556 399 2717 454 CAP.
2759 390 2831 454 Χ.

3473 395 3487 445 ι’
3509 396 3619 456 434

337 517 513 572 semel
541 516 752 572 sufﬁcit
779 517 1040 573 ardorem
1070 519 1200 573 ﬁdei
1226 521 1566 592 concepisse,
1591 522 1687 576 sed
1714 540 1939 595 semper
1956 526 2007 584 Α
2024 523 2206 578 lorum
2238 538 2580 595 magnopere
2611 522 2837 577 exhibet
2864 523 3096 595 pmmia
3127 521 3620 591 meritorum,dum

337 624 474 661 crux
501 606 737 661 ferenda
766 613 851 661 est
870 615 999 679 post
1018 609 1322 675 Christum,
1347 615 1409 664 ut
1428 627 1652 682 semper
1670 613 1944 667 amandus

340 695 630 750 doceatur.
665 698 809 750 Nam
827 702 960 751 sunt
990 698 1218 769 quidam
1249 699 1671 771 hypocritarum
1703 701 1797 771 qui
1815 717 1944 755 cru-

340 802 463 839 cem
487 786 637 840 ferre
668 786 947 852 videntur,
999 803 1111 841 non
1159 794 1352 842 tamen
1382 788 1666 843 Christum
1697 806 1943 861 sequun-

342 881 435 929 tur
459 893 472 942 ;
506 875 639 946 quia
661 892 773 930 non
803 892 931 930 eum
960 876 1127 930 corde
1152 876 1396 948 perfecto
1439 894 1630 931 amare
1662 878 1937 946 videntur,

343 963 477 1018 dum
510 965 666 1019 aliud
706 966 1005 1037 requirunt
1035 982 1204 1037 quam
1244 967 1548 1021 Christum.
1582 967 1811 1022 Duobus
1842 968 1944 1022 ita-

344 1070 454 1124 que
481 1054 665 1109 modis
693 1071 829 1109 crux
871 1055 1108 1122 tollitur,
1142 1072 1270 1110 cum
1296 1062 1397 1110 aut
1421 1074 1523 1127 per
1546 1056 1944 1110 abstinentiam

344 1142 622 1213 afﬂigitur
657 1160 879 1215 corpus,
932 1150 1035 1199 aut
1078 1161 1180 1216 per
1217 1146 1674 1217 compassionem'
1708 1146 1946 1217 proximi

343 1231 500 1285 intus
528 1232 776 1287 afﬁcitur
804 1233 1047 1288 animus.
1075 1234 1352 1298 Quoniam
1385 1234 1479 1287 ille
1511 1250 1609 1305 pro
1640 1234 1800 1288 nobis
1827 1251 1949 1289 cru—

340 1321 540 1374 ciﬁxus
555 1327 724 1387 est,et
743 1337 844 1375 nos
866 1339 965 1393 pro
982 1322 1076 1376 illo
1097 1323 1512 1391 cruciﬁgamur,
1544 1339 1655 1377 non
1674 1322 1859 1377 minus
1890 1323 1948 1376 in

342 1408 760 1479 occulto,quam
776 1415 832 1463 et
850 1409 908 1463 in
926 1410 1510 1481 manifesto.Alioquin
1541 1428 1651 1464 non
1675 1416 1753 1464 est
1766 1428 1850 1464 me
1868 1413 1951 1465 di-

340 1513 510 1565 gnus,
535 1497 591 1550 id
613 1504 699 1552 est
722 1504 785 1553 ut
799 1498 1074 1569 passionis
1093 1516 1229 1554 mea:
1246 1499 1532 1554 victoriam
1550 1506 1946 1570 consequatur.

342 1585 491 1639 Hinc
509 1588 1153 1658 quoqueApostolusait:
1178 1590 1287 1656 Qui
1315 1589 1686 1653 suntvhristi,
1721 1605 1946 1643 carnem

340 1691 506 1728 suam
535 1678 1073 1743 cruciﬁzeruntcum
1097 1680 1247 1731 vitiis
1270 1683 1317 1730 et
1339 1679 1941 1746 concupiscentiiswat.

2024 613 2147 667 ait:

2098 704 2205 769 Qui
2232 704 2427 769 recipit
2456 717 2544 755 vos
2573 717 2658 755 me
2693 703 2908 770 recipit,
2939 706 2987 754 et
3017 704 3116 771 qui
3139 704 3339 771 recipit
3364 719 3449 757 me
3477 707 3622 759 reci-

2022 793 2107 858 pit
2144 807 2269 843 cum
2299 793 2399 859 qui
2428 806 2511 843 me
2540 792 2714 843 misit.
2736 790 2823 844 Ita
2850 789 3003 843 enim
3025 789 3158 844 dicit
3176 790 3234 844 in
3249 791 3620 863 suscipiendis

2025 877 2315 949 apostolis,
2350 878 2615 949 quoniam
2646 876 2901 932 membra
2928 883 3062 932 sunt
3092 877 3320 945 Christi,
3357 885 3423 935 ut
3450 897 3622 935 unus~

2025 966 2261 1038 quisque
2290 966 2637 1021 credentium
2684 965 2970 1021 Christum
3023 983 3084 1022 se
3122 968 3434 1040 suscepisse
3475 986 3620 1041 gau-

2027 1055 2176 1110 deat.
2211 1055 2316 1108 Sed
2350 1056 2483 1126 quia
2512 1055 2666 1109 fuere
2696 1055 3149 1127 pseudoapostoli
3177 1061 3233 1112 et
3275 1058 3621 1131 pseudopro-

2029 1146 2230 1216 phetaz,
2268 1144 2349 1197 vel
2383 1143 2509 1197 falsi
2540 1143 2864 1208 Christiani,
2901 1146 3144 1199 occurrit
3190 1145 3623 1216 cogitationibus

2029 1231 2457 1304 suscipientium
2489 1232 2536 1286 si
2568 1232 2922 1302 nequiverint
2938 1232 3445 1305 discernere,quive
3474 1235 3619 1303 falsi,

2031 1323 2194 1394 quive
2249 1321 2435 1376 idonei
2466 1321 2538 1375 ad
2599 1338 2694 1374 eos
2725 1320 2947 1375 venturi
2976 1328 3181 1387 essent,
3215 1327 3438 1378 tantum
3465 1328 3532 1379 ut
3562 1324 3625 1379 in

2032 1411 2259 1466 nomine
2298 1410 2414 1464 veri
2448 1409 2723 1482 discipuli,
2758 1425 2852 1464 eos
2900 1410 3233 1481 suscipiant.
3262 1412 3406 1467 Hinc
3432 1412 3625 1485 sequi-

2032 1505 2126 1555 tur
2147 1518 2158 1553 :

2102 1590 2168 1643 Et
2196 1591 2296 1657 qui
2327 1591 2522 1658 recipit
2544 1588 2864 1658 prophetam
2893 1590 2957 1641 in
3004 1589 3227 1642 nomine
3250 1589 3542 1658 propheta,
3574 1594 3624 1644 et

2017 1681 2242 1747 justum
2268 1680 2332 1732 in
2354 1681 2579 1732 nomine
2585 1679 2749 1747 justi,
2758 1677 3055 1731 mercedem
3074 1677 3346 1745 propheta
3360 1683 3410 1732 et
3425 1693 3625 1733 merce-

341 1778 395 1827 v,
420 1762 821 1831 21).Quoniam
846 1765 1110 1835 indignus
1135 1772 1222 1819 est
1237 1766 1441 1836 gratia,
1462 1766 1560 1836 qui
1581 1782 1692 1819 non
1723 1782 1944 1820 crucem
2026 1768 2148 1820 dem
2167 1769 2316 1835 justi
2342 1769 2585 1835 accipiet.
2646 1766 3018 1837 Nequaquam
3048 1764 3200 1820 enim
3231 1765 3301 1821 de
3349 1765 3627 1838 propheta

338 1853 595 1917 suam,in
610 1869 722 1923 qua
741 1855 1115 1925 compatimur
1128 1861 1185 1908 et
1206 1854 1943 1926 commorimur,consopeli-
1964 1839 2011 1898 Β
2028 1856 2113 1909 vel
2144 1855 2213 1909 de
2236 1856 2409 1925 justo,
2429 1855 2527 1909 sed
2548 1854 2643 1925 qui
2674 1854 2874 1925 recipit
2895 1855 3114 1924 justum
3146 1853 3233 1908 vel
3263 1840 3621 1925 prophetam,

339 1958 475 1995 mur
494 1958 719 2013 quoque
739 1949 795 1997 et
811 1943 1943 2015 consurgimus,accipicns,quodammodo

338 2029 621 2084 imitando
643 2030 927 2085 Christum
960 2031 1129 2085 luerit
1156 2039 1398 2097 secutus,
1418 2033 1566 2102 quod
1597 2039 1683 2086 est
1704 2033 1761 2086 in
1787 2033 1942 2087 novi-

337 2124 460 2173 tate
487 2119 616 2173 vitaa
668 2118 975 2174 ambulare.
1012 2121 1273 2188 Attende,
1330 2121 1565 2191 diligens
1609 2122 1798 2187 lector,
1845 2140 1946 2193 per

337 2208 597 2279 singulas
626 2209 936 2263 sententias
964 2227 1131 2280 quam
1158 2210 1568 2281 pulcherrimus
1592 2211 1727 2265 ordo
1748 2212 1943 2281 praedi-

334 2297 505 2351 candi
528 2297 917 2363 doceatur,ubi
941 2298 1095 2353 nulla
1113 2299 1400 2353 evidenter
1426 2299 1675 2354 insinuat
1696 2302 1944 2371 pericula

332 2387 635 2457 praesentis
662 2387 787 2441 vitae
815 2387 1184 2453 formidanda,
1220 2405 1557 2460 omnemque
1589 2390 1940 2444 aﬁectionem

333 2475 526 2529 carnis
556 2475 814 2546 religioni
843 2475 1070 2547 subjicit
1092 2495 1103 2530 :
1123 2493 1324 2531 aurum
1348 2484 1404 2531 et
1423 2478 1939 2549 pecunizesumptus

333 2565 407 2618 ad
442 2565 727 2634 integrum
756 2565 920 2619 tollit.
954 2566 1258 2637 Pr0pterea
1276 2583 1346 2619 ne
1374 2566 1517 2620 forte
1539 2567 1821 2621 videretur
1843 2567 1943 2622 ali-

336 2653 432 2708 cui
482 2654 809 2724 hujusmodi
857 2655 1326 2724 evangelismrum
1374 2656 1560 2725 gravis
1585 2656 1848 2720 conditio,
1883 2664 1941 2710 et

339 2750 627 2814 quaereret
642 2743 890 2809 timidus,
914 2744 1063 2797 unde
1086 2750 1364 2814 sumptus,
1381 2744 1530 2797 unde
1550 2750 1607 2797 et
1623 2746 1938 2800 necessaria

330 2832 556 2886 victus?
598 2832 1002 2886 Austeritatem
1048 2839 1451 2903 przeceptorum
1495 2838 1774 2904 temperat
1837 2850 1935 2904 spe

236 2982 245 2991 δ
330 2920 767 2992 promissorum,
803 2925 861 2976 et
903 2920 1247 2976 beatitudine
1275 2927 1497 2976 aeternae
1526 2924 1936 2977 remuneratio-

332 3011 446 3065 nis.
480 3010 643 3065 Unde
666 3010 923 3082 sequitur
944 3030 956 3066 :

408 3101 521 3168 Qui
548 3103 760 3154 invenit
807 3104 1059 3155 animum
1104 3116 1264 3154 suam
1300 3102 1484 3169 perdet
1527 3104 1712 3168 illam,
1762 3108 1809 3155 ct
1839 3105 1938 3171 qui

2020 1944 2161 2014 justi
2192 1960 2292 1998 seu
2323 1943 2611 2014 propheta:
2640 1941 2954 1997 mercedem
2988 1942 3243 2014 accipiet.
3297 1942 3621 1998 Secundum

2025 2032 2173 2104 quod
2201 2032 2500 2103 Apostolus
2535 2031 2617 2085 ait
2648 2050 2659 2085 :
2697 2032 2804 2098 Qui
2830 2032 2926 2084 dat
2947 2047 3129 2085 semen
3157 2034 3381 2095 serenti,
3420 2037 3471 2086 et
3511 2047 3619 2100 pa-

2015 2136 2153 2174 nem
2181 2122 2254 2175 ad
2282 2122 2741 2175 manducandum
2764 2121 3066 2189 praestabit,
3100 2124 3149 2173 et
3176 2119 3398 2187 augebit
3436 2122 3621 2174 incre-

2026 2216 2208 2264 menta
2230 2211 2466 2277 frugum
2485 2210 2819 2279 justitizUI
2838 2208 2961 2263 Cor.
2985 2223 3064 2273 Ix,
3089 2205 3200 2276 10).
3227 2206 3339 2262 Sed
3366 2206 3416 2262 si
3445 2207 3622 2263 lector

2023 2298 2193 2353 altius
2224 2298 2357 2354 velit
2382 2298 2755 2363 considerare,
2779 2297 2968 2352 omnia
2988 2296 3105 2352 haec
3135 2295 3195 2351 iu
3213 2294 3418 2367 quibus
3438 2296 3622 2368 hospi-

2021 2386 2210 2441 talitas
2240 2386 2608 2441 humanitatis
2636 2385 3080 2450 commendatur,
3102 2399 3372 2454 magnum
3414 2389 3472 2439 et
3502 2384 3620 2438 evi-

2020 2476 2158 2530 dens
2179 2476 2483 2531 ostendunt
2500 2481 2934 2530 sacramentum.
2966 2476 2993 2529 J
2999 2491 3092 2529 am
3120 2473 3272 2529 enim
3291 2487 3463 2545 supra
3477 2473 3623 2544 peri-

2022 2565 2208 2619 culum
2241 2581 2352 2619 non
2374 2564 2764 2636 recipientium
2796 2580 2893 2617 eos
2913 2564 3380 2634 protulerat,cum
3399 2562 3618 2617 excussi

2021 2652 2267 2724 pulveris
2326 2652 2649 2706 testimonio
2682 2650 3003 2706 denuntiari
3030 2650 3240 2720 jussit;
3302 2665 3453 2705 nunc
3489 2665 3620 2704 vero

2019 2741 2411 2813 recipientium
2444 2741 2711 2795 meritum
2740 2739 2892 2793 ultra
2912 2738 3122 2809 sperati
3151 2737 3324 2792 ofﬁcii
3350 2736 3615 2808 gratiam,

2017 2829 2373 2885 commendat
2396 2836 2457 2895 5
2471 2835 2507 2896 1
2525 2836 2584 2895 π
2599 2834 2657 2883 et
2686 2828 2849 2882 docet
2861 2826 2920 2881 in
2946 2844 3007 2881 se
3027 2825 3333 2881 consistere
3350 2824 3620 2879 mediato-

2017 2919 2096 2974 ris
2126 2918 2371 2974 ofﬁcium
2406 2918 2501 2989 qui
2533 2933 2660 2972 cum
2690 2917 2766 2971 sit
2792 2920 3051 2987 receptus
3080 2931 3115 2969 a
3140 2913 3299 2969 nobis
3330 2918 3502 2985 atque
3520 2912 3617 2971 ille

2018 3009 2151 3081 quia
2171 3014 2337 3063 natus
2354 3024 2420 3062 ex
2436 3008 2551 3062 Deo
2567 3006 2637 3062 ad
2655 3023 2756 3061 nos
2777 3005 2947 3071 venit,
2965 3005 3116 3059 Deus
3133 3019 3231 3076 per
3248 3003 3411 3058 illum
3437 3009 3618 3058 trans-

2018 3098 2176 3153 fusus
2205 3098 2263 3152 in
2294 3115 2397 3153 nos
2426 3113 2547 3152 esse
2593 3093 3012 3150 creditur.Hinc
3039 3092 3231 3164 itaque
3276 3090 3369 3163 qui
3396 3096 3618 3163 aposto-

324 3190 641 3259 perdiderit
669 3191 924 3242 animam
944 3206 1103 3242 suam
1121 3195 1342 3258 propter
1362 3207 1464 3254 me,
1492 3192 1732 3244 inveniet
1756 3193 1934 3245 illam.
1957 3195 2002 3254 ο
2024 3189 2105 3243 los
2127 3193 2184 3242 et
2213 3195 2436 3243 sanctos
2463 3185 2565 3241 Dei
2597 3184 2883 3239 ministros
2932 3181 3154 3254 recipit,
3187 3179 3477 3236 Christum
3532 3195 3619 3235 re-

330 3278 494 3333 Nihil
525 3278 700 3349 igitur
730 3279 910 3350 magis
943 3277 1112 3332 habet
1144 3278 1311 3332 homo
1344 3279 1476 3350 quid
1500 3285 1650 3349 agat,
1680 3296 1847 3350 quam
1874 3286 1938 3335 ut

329 3368 587 3422 animam
617 3383 778 3421 suam
811 3384 911 3439 pro
942 3367 1165 3422 Christo
1197 3372 1255 3421 et
1300 3367 1557 3439 proximo
1600 3368 1890 3440 impendat
1920 3390 1932 3425 :

330 3474 449 3512 non
482 3457 666 3511 solum
700 3463 763 3511 ut
794 3473 1039 3522 carnem,
1064 3463 1178 3522 5|
1204 3464 1239 3521 Ι
1268 3456 1325 3511 in
1344 3458 1656 3528 passionem
1692 3474 1793 3529 pro
1812 3458 1935 3528 ipso

329 3546 555 3613 tradat;
581 3563 774 3601 verum
794 3546 965 3600 etiam
989 3546 1308 3600 utanimam
1326 3563 1448 3617 quae
1470 3546 1652 3615 magis
1669 3552 1932 3617 estquam

329 3652 487 3700 caro,
517 3635 778 3690 amittere
810 3634 1312 3706 impraesentiarum
1328 3635 1590 3704 gaudeat.
1617 3636 1745 3689 llaec
1770 3651 1930 3688 nam-

330 3741 445 3795 que
462 3732 551 3778 est
570 3724 691 3795 ipsa
705 3740 1042 3795 crux,quam
1075 3723 1218 3778 ferre
1245 3723 1407 3794 jubet
1437 3740 1615 3795 usque
1649 3723 1706 3777 in
1738 3724 1929 3789 ﬁnem,

329 3818 397 3867 ut
431 3813 621 3867 salvus
652 3814 770 3867 ﬁat.
804 3813 976 3867 Porro
1005 3813 1195 3867 anima
1228 3829 1397 3883 quam
1430 3813 1641 3866 invenit
1691 3812 1932 3867 carnalis

328 3901 595 3973 quisque,
633 3918 876 3972 praesens
906 3902 1021 3956 vita
1066 3908 1183 3969 est;
1248 3918 1417 3972 quam
1464 3901 1741 3956 invenisse
1791 3901 1931 3956 bene

322 3990 556 4055 dicitur,
583 3992 717 4061 quia
739 3991 881 4045 scire
900 3991 1066 4045 aliam
1082 4007 1190 4045 non
1208 3991 1442 4044 curavit.
1462 3991 1617 4044 Hanc
1645 3990 1820 4045 solam
1851 3990 1928 4044 si-

322 4078 378 4134 bi
413 4080 673 4134 sufﬁcere
702 4080 901 4144 credit,
926 4080 1068 4134 hanc
1088 4080 1367 4151 accepisse
1389 4087 1445 4134 et
1489 4080 1765 4134 invenisse
1794 4097 1930 4150 gau-

323 4169 443 4235 det;
466 4185 637 4240 quam
652 4168 866 4223 mavult
880 4170 1042 4239 juxta
1063 4168 1226 4223 arbitr
1242 4168 1282 4222 ii
1304 4169 1390 4222 sui
1412 4168 1726 4222 libertatem
1747 4168 1922 4234 abuti,

319 4273 494 4328 quam
519 4274 618 4328 pro
635 4257 858 4312 Christo
877 4258 1221 4328 cruciligiEt
1239 4257 1546 4312 notandum
1568 4257 1716 4329 quod
1738 4258 1927 4312 anima

317 4346 557 4399 diversis
585 4345 791 4401 dicitur
844 4346 1025 4400 modis
1058 4365 1071 4413 ;
1103 4346 1200 4400 sed
1229 4347 1310 4401 nil
1351 4346 1583 4401 inferius
1629 4346 1687 4400 in
1732 4363 1799 4401 ea
1843 4356 1928 4402 est

2018 3277 2181 3349 cipit;
2218 3276 2314 3347 qui
2342 3292 2472 3330 vero
2502 3273 2787 3329 Christum
2805 3270 3331 3344 receperit,Patrem
3360 3268 3610 3335 Domini,

2018 3367 2114 3438 qui
2141 3366 2201 3421 in
2232 3365 2372 3421 Filio
2402 3370 2507 3429 est,
2531 3363 2732 3435 recipit
2775 3361 2920 3427 Quia
2945 3377 3059 3416 non
3083 3359 3237 3415 aliud
3256 3359 3317 3415 in
3344 3357 3614 3431 apostolis

2016 3455 2216 3526 recipit
2246 3470 2415 3525 quam
2448 3453 2673 3524 quodin
2693 3450 2916 3507 Christo
2947 3455 3050 3516 est,
3083 3464 3267 3520 neque
3292 3448 3353 3503 in
3385 3446 3613 3502 Christo

2016 3543 2166 3597 aliud
2197 3549 2300 3607 est,
2343 3558 2515 3613 quam
2544 3541 2692 3612 quod
2718 3540 2777 3595 in
2807 3540 2922 3594 Deo
2954 3544 3040 3593 est
3066 3556 3080 3605 ;
3134 3554 3237 3609 per
3267 3552 3391 3607 quae
3420 3533 3614 3591 omnia

2017 3648 2129 3686 non
2160 3631 2311 3685 aliud
2342 3636 2429 3685 est
2457 3630 2741 3701 apostolos
2769 3628 2853 3682 vel
2872 3627 3159 3682 ministros
3187 3625 3285 3680 Dei
3307 3624 3604 3695 recepisse,

2014 3737 2182 3791 quam
2215 3721 2390 3775 Deum
2427 3718 2561 3789 quia
2590 3724 2648 3771 et
2675 3718 2735 3771 in
2769 3716 2880 3769 illis
2908 3714 3184 3777 Christus,
3218 3718 3277 3767 et
3306 3713 3365 3767 in
3384 3711 3608 3767 Christo

2013 3810 2162 3864 Deus
2193 3824 2316 3863 esse
2343 3807 2610 3862 creditur.
2672 3806 2872 3876 Sicque
2904 3803 2969 3857 ﬁt
2999 3808 3063 3857 ut
3086 3800 3363 3857 'b'lediator
3390 3799 3495 3856 Dei
3550 3803 3608 3853 et

2014 3898 2302 3952 hominum
2336 3897 2502 3950 homo
2517 3894 2773 3950 Christus
2804 3893 2968 3947 Jesus
2983 3889 3173 3944 omnia
3199 3889 3260 3943 in
3286 3905 3347 3943 se
3375 3887 3601 3943 habeat.

2011 3989 2191 4043 Deum
2220 3986 2433 4041 scilicet
2461 3989 2631 4056 caput
2656 3988 2715 4038 et
2741 3980 2995 4036 membra
3021 3978 3272 4049 corporis
3291 3976 3400 4042 sui,
3414 3981 3474 4031 et
3500 3991 3603 4048 per

2010 4077 2116 4131 hoc
2145 4076 2203 4131 in
2235 4073 2501 4130 membris
2530 4072 2647 4128 suis
2672 4072 2800 4143 jure
2830 4070 2951 4141 ipse
2996 4066 3285 4139 recipitur.
3321 4065 3433 4121 Sed
3461 4064 3509 4120 si
3539 4063 3600 4120 in

2008 4165 2275 4237 Apostolo
2335 4164 2454 4235 ipse
2482 4160 2767 4233 recipitur,
2821 4175 2915 4213 eos
2973 4162 3196 4212 tantum
3227 4154 3388 4227 quasi
3424 4152 3602 4224 digito

2009 4255 2434 4322 demonstravit,
2467 4270 2595 4308 cum
2626 4253 2742 4309 ait:
2777 4250 2885 4315 Qui
2916 4266 3013 4304 vos
3048 4246 3247 4319 recipit
3276 4264 3290 4313 ;
3333 4250 3600 4300 caeterum

2008 4362 2205 4400 omnes
2252 4346 2393 4399 alios
2450 4342 2701 4398 exclusit.
2762 4339 3040 4406 Quoniam
3088 4337 3148 4392 in
3185 4334 3437 4408 apostolo
3480 4334 3603 4405 ipse

320 4451 497 4505 quam
523 4435 658 4500 vita,
692 4450 803 4505 qua
831 4435 1035 4489 vivitur
1059 4435 1413 4489 solummodo
1446 4452 1573 4489 cum
1612 4434 1821 4489 bestiis.
1859 4436 1927 4490 Et
2007 4435 2262 4490 Christus
2289 4433 2613 4504 suscipitur,
2663 4431 2722 4485 in
2751 4429 3026 4501 propheta
3074 4441 3286 4480 merces
3313 4422 3601 4494 prophetae

319 4522 451 4577 ideo
476 4524 574 4594 qui
597 4525 741 4577 hanc
772 4529 987 4594 partem
1008 4524 1253 4578 noluerit
1270 4524 1531 4578 amittere
1552 4541 1650 4595 pro
1672 4525 1914 4591 Christo,
1940 4524 2509 4613 Drepromittitur,ae
2524 4521 2572 4576 si
2589 4522 2769 4575 honor
2782 4520 2983 4613 horum
3006 4513 3303 4613 duodecim
3323 4511 3601 4583 apostolo-

321 4629 436 4682 qua
470 4613 673 4666 vivitur
704 4629 831 4666 cum
861 4613 1175 4689 pecoribus,
1205 4614 1403 4684 perdet
1432 4615 1605 4679 illam,
1644 4630 1756 4684 qua
1782 4630 1911 4685 per-
1940 4602 2132 4668 "rum
2164 4612 2606 4675 commendetur,
2635 4625 2774 4680 quos
2789 4606 3025 4662 vicarios
3053 4602 3262 4659 Christi
3280 4602 3411 4672 jure
3437 4615 3599 4655 voca-

320 4701 431 4754 frui
463 4701 651 4772 potuit
677 4701 736 4754 in
764 4701 986 4755 Christo
1016 4718 1145 4756 cum
1174 4702 1408 4772 angelis.
1441 4702 1683 4755 Perdere
1728 4710 1919 4756 autem
2000 4718 2146 4769 mus,
2178 4702 2579 4773 prophetarum
2601 4714 2730 4752 vero
2752 4692 3184 4767 suscipientibus
3205 4705 3418 4745 merces
3431 4690 3596 4759 juxta

323 4803 449 4841 eam
481 4788 622 4841 dicit
647 4788 706 4842 in
737 4788 945 4852 futuro,
970 4806 1094 4844 cum
1115 4790 1238 4859 jam
1270 4806 1381 4843 non
1411 4806 1511 4844 suo
1535 4790 1767 4844 arbitrio
1794 4808 1918 4862 per-
2001 4791 2244 4847 ofﬁcium
2276 4790 2561 4862 prophetae
2600 4784 3029 4859 repromittitur,
3064 4787 3122 4836 et
3143 4780 3285 4852 justi
3312 4778 3593 4844 similiter,

322 4877 563 4943 fruetur,
594 4877 693 4931 sed
722 4877 1061 4932 cruciatibus
1090 4878 1313 4932 aeternis
1344 4879 1492 4932 male
1523 4879 1911 4937 damnabitur.
2003 4881 2163 4952 quasi
2182 4876 2638 4951 eooperatoribus
2659 4874 3058 4947 prophetarum
3077 4876 3134 4924 et
3140 4866 3596 4940 justorum.Cum

324 4965 433 5028 Qui
469 4982 598 5020 vero
642 4966 953 5037 perdiderit
997 4967 1173 5034 illam,
1208 4974 1264 5021 et
1293 4984 1515 5022 crucem
1545 4985 1705 5022 suam
1738 4974 1921 5040 porta-
2003 4977 2189 5042 potest
2216 4968 2339 5024 ﬁeri
2366 4974 2431 5023 ut
2449 4963 2954 5039 pseudopropheta,
2978 4966 3035 5015 et
3047 4960 3239 5030 justus
3255 4955 3352 5028 qui
3376 4954 3598 5009 videtur
3684 4992 3687 4995 γ

327 5055 484 5121 verit,
530 5056 781 5110 inveniet
837 5072 961 5109 eam
994 5056 1187 5123 vitam,
1243 5074 1366 5129 qua:
1417 5058 1669 5128 angelica
1700 5065 1804 5122 cst,
1866 5064 1923 5113 et
2003 5078 2116 5117 non
2140 5061 2348 5130 justus,
2382 5056 2477 5111 sed
2512 5055 2686 5110 falsus
2706 5061 2764 5108 et
2793 5068 2996 5123 pravus
3027 5047 3361 5104 inveniatur.
3378 5045 3593 5099 Tamen

322 5144 555 5214 praemia
582 5145 1134 5216 sempiterna.Pc-rro
1167 5146 1395 5218 quidam
1427 5146 1590 5201 aliter
1618 5146 1825 5213 dixere,
1858 5153 1923 5201 ut
2004 5150 2051 5205 si
2082 5150 2231 5205 ultra
2255 5145 2548 5202 duodecim
2581 5142 2960 5215 apostolorum
2992 5152 3293 5193 numerum
3320 5148 3486 5188 nemo
3506 5146 3593 5185 re-

320 5233 417 5303 qui
462 5233 676 5287 invenit
730 5232 979 5287 animam
1036 5252 1196 5289 suam
1232 5241 1289 5289 et
1316 5235 1435 5289 vult
1463 5251 1625 5289 suam
1682 5236 1917 5300 salvare,
2001 5237 2295 5309 cipiendus
2344 5239 2511 5301 esset,
2572 5248 2738 5288 nemo
2790 5228 3106 5302 apostolum
3165 5222 3403 5279 Paulum
3447 5235 3597 5275 reee-
3686 5248 3697 5255 ν

320 5321 520 5390 perdat
537 5338 685 5387 eam,
712 5338 778 5376 ac
806 5323 854 5376 si
874 5322 1204 5393 imperativo
1236 5323 1400 5377 modo
1415 5324 1821 5394 legendumsit,
1856 5329 1920 5379 ut
2002 5327 2196 5399 pisset,
2229 5330 2287 5379 et
2316 5324 2364 5379 si
2419 5339 2530 5378 non
2562 5321 2672 5377 nisi
2703 5336 2868 5375 verus
2901 5316 3175 5391 propheta
3203 5318 3262 5367 et
3293 5326 3456 5366 verus
3478 5310 3600 5381 jus-

318 5410 612 5481 cruciﬁgat
670 5427 815 5465 eam.
877 5410 947 5465 Et
1004 5412 1122 5484 ipse
1152 5412 1364 5467 invenit
1414 5428 1559 5478 eam,
1596 5412 1692 5484 qui
1727 5412 1785 5467 in
1816 5413 1920 5467 hoc
2001 5421 2116 5480 tus,
2150 5429 2358 5484 magna
2388 5411 2690 5467 difﬁcultas
2746 5413 2913 5464 esset.
2948 5406 3112 5461 Nunc
3138 5407 3327 5458 autem
3352 5399 3459 5454 hoc
3486 5411 3599 5451 uno

319 5499 526 5555 mundo
557 5499 889 5571 perdiderit,
922 5500 1057 5555 dum
1092 5501 1432 5557 detrimento
1464 5501 1647 5556 brevis
1678 5502 1804 5557 vitae
1838 5502 1919 5556 fe-
1954 5554 1961 5562 ,
2001 5502 2341 5573 temperavit
2372 5499 2638 5556 vocabulo
2663 5514 2793 5555 cum
2824 5497 2936 5551 ait:
2964 5497 3032 5551 In
3062 5493 3285 5548 nomine
3301 5486 3597 5558 propheta,

318 5602 426 5641 nus
455 5588 900 5643 immortalitatis
950 5589 1296 5661 acquisierit.
1339 5591 1465 5645 Jam
1501 5590 1763 5662 deinceps
1806 5607 1922 5644 om-
2004 5594 2106 5642 aut
2163 5590 2229 5641 in
2288 5589 2515 5647 nomine
2556 5587 2725 5655 justi,
2784 5581 3081 5636 insinuans
3132 5590 3245 5629 non
3328 5581 3599 5662 personas

317 5690 448 5733 nem
464 5677 857 5734 austeritatem
877 5682 1157 5749 temperat
1174 5679 1593 5746 mandatorum,
1620 5685 1676 5736 et
1698 5686 1918 5760 aposto-
2003 5675 2392 5751 suscipiendas
2446 5690 2589 5741 esse,
2620 5673 2723 5732 sed
2747 5668 2978 5735 ηοωὶιιει
3008 5662 3340 5723 οίῖίοίοταων
3370 5661 3426 5709 εί
3454 5667 3599 5709 me“
