  <div class='ocr_page' id='page_1' title='image "/cluster/home/n/w/nwhite01/storage/ocr_20150623/120/hvd.32044054759824/223.png"; bbox 0 0 3918 6176; ppageno 0'>
   <div class='ocr_carea' id='block_1_1' title="bbox 371 354 3667 448">
    <p class='ocr_par' dir='ltr' id='par_1_1' title="bbox 371 354 3667 448">
     <span class='ocr_line' id='line_1_1' title="bbox 371 354 3667 448; baseline -0.001 0"><span class='ocrx_word' id='word_1_1' title='bbox 371 386 484 448; x_wconf 64' lang='lat' dir='ltr'>tes</span> <span class='ocrx_word' id='word_1_2' title='bbox 1142 386 1199 447; x_wconf 81' lang='lat' dir='ltr'>s.</span> <span class='ocrx_word' id='word_1_3' title='bbox 1239 389 1620 447; x_wconf 61' lang='lat' dir='ltr'>necessu</span> <span class='ocrx_word' id='word_1_4' title='bbox 1656 387 2018 446; x_wconf 66' lang='lat' dir='ltr'>massas:</span> <span class='ocrx_word' id='word_1_5' title='bbox 2058 387 2365 443; x_wconf 79' lang='lat' dir='ltr'>A‘BBATIS</span> <span class='ocrx_word' id='word_1_6' title='bbox 2401 382 2893 442; x_wconf 74' lang='lat' dir='ltr'>CORBEIENSIS.</span> <span class='ocrx_word' id='word_1_7' title='bbox 3532 385 3622 445; x_wconf 70' lang='lat' dir='ltr'>iss</span> <span class='ocrx_word' id='word_1_8' title='bbox 3662 354 3667 359; x_wconf 70' lang='grc'><strong>’</strong></span> 
     </span>
    </p>
   </div>
   <div class='ocr_carea' id='block_1_2' title="bbox 374 514 3622 588">
    <p class='ocr_par' dir='ltr' id='par_1_2' title="bbox 374 514 3622 588">
     <span class='ocr_line' id='line_1_2' title="bbox 374 514 3622 588; baseline -0.002 -16"><span class='ocrx_word' id='word_1_9' title='bbox 374 516 577 572; x_wconf 68' lang='lat' dir='ltr'>eodem</span> <span class='ocrx_word' id='word_1_10' title='bbox 629 531 751 572; x_wconf 80' lang='lat' dir='ltr'>non</span> <span class='ocrx_word' id='word_1_11' title='bbox 803 516 1046 588; x_wconf 75' lang='lat' dir='ltr'>perdere</span> <span class='ocrx_word' id='word_1_12' title='bbox 1088 517 1443 588; x_wconf 86' lang='lat' dir='ltr'>suscipientis</span> <span class='ocrx_word' id='word_1_13' title='bbox 1496 516 1630 571; x_wconf 86' lang='lat' dir='ltr'>licet</span> <span class='ocrx_word' id='word_1_14' title='bbox 1702 515 2040 586; x_wconf 79' lang='lat' dir='ltr'>indignusA</span> <span class='ocrx_word' id='word_1_15' title='bbox 2129 514 2285 580; x_wconf 77' lang='lat' dir='ltr'>(CAP.</span> <span class='ocrx_word' id='word_1_16' title='bbox 2308 514 2433 579; x_wconf 85' lang='lat' dir='ltr'>X1.)</span> <span class='ocrx_word' id='word_1_17' title='bbox 2459 514 2525 567; x_wconf 88' lang='lat' dir='ltr'>Et</span> <span class='ocrx_word' id='word_1_18' title='bbox 2549 529 2675 566; x_wconf 77' lang='lat' dir='ltr'>cum</span> <span class='ocrx_word' id='word_1_19' title='bbox 2695 517 3123 566; x_wconf 75' lang='lat' dir='ltr'>consummasset</span> <span class='ocrx_word' id='word_1_20' title='bbox 3150 514 3313 568; x_wconf 77' lang='lat' dir='ltr'>Jes&#39;us</span> <span class='ocrx_word' id='word_1_21' title='bbox 3334 514 3622 580; x_wconf 56' lang='lat' dir='ltr'>recipiens</span> 
     </span>
    </p>
   </div>
   <div class='ocr_carea' id='block_1_3' title="bbox 378 601 3624 678">
    <p class='ocr_par' dir='ltr' id='par_1_3' title="bbox 378 601 3624 678">
     <span class='ocr_line' id='line_1_3' title="bbox 378 601 3624 678; baseline -0.001 -18"><span class='ocrx_word' id='word_1_22' title='bbox 378 606 549 660; x_wconf 78' lang='lat' dir='ltr'>fuerit</span> <span class='ocrx_word' id='word_1_23' title='bbox 581 606 676 678; x_wconf 87' lang='lat' dir='ltr'>qui</span> <span class='ocrx_word' id='word_1_24' title='bbox 704 612 993 677; x_wconf 91' lang='lat' dir='ltr'>susceptus</span> <span class='ocrx_word' id='word_1_25' title='bbox 1025 612 1127 673; x_wconf 90' lang='lat' dir='ltr'>est,</span> <span class='ocrx_word' id='word_1_26' title='bbox 1191 608 1365 661; x_wconf 91' lang='lat' dir='ltr'>donec</span> <span class='ocrx_word' id='word_1_27' title='bbox 1392 605 1605 659; x_wconf 89' lang='lat' dir='ltr'>zizania</span> <span class='ocrx_word' id='word_1_28' title='bbox 1654 606 1821 660; x_wconf 90' lang='lat' dir='ltr'>mista</span> <span class='ocrx_word' id='word_1_29' title='bbox 1851 620 1978 659; x_wconf 91' lang='lat' dir='ltr'>cum</span> <span class='ocrx_word' id='word_1_30' title='bbox 2060 602 2775 658; x_wconf 80' lang='lat' dir='ltr'>duodecim.Perfectionem</span> <span class='ocrx_word' id='word_1_31' title='bbox 2787 601 3102 670; x_wconf 72' lang='lat' dir='ltr'>apostolicae</span> <span class='ocrx_word' id='word_1_32' title='bbox 3121 601 3624 656; x_wconf 62' lang='lat' dir='ltr'>doctrinainsinuat</span> 
     </span>
    </p>
   </div>
   <div class='ocr_carea' id='block_1_4' title="bbox 379 691 3625 765">
    <p class='ocr_par' dir='ltr' id='par_1_4' title="bbox 379 691 3625 765">
     <span class='ocr_line' id='line_1_4' title="bbox 379 691 3625 765; baseline -0.002 -16"><span class='ocrx_word' id='word_1_33' title='bbox 379 696 591 762; x_wconf 80' lang='lat' dir='ltr'>tritico,</span> <span class='ocrx_word' id='word_1_34' title='bbox 624 711 831 765; x_wconf 86' lang='lat' dir='ltr'>magna</span> <span class='ocrx_word' id='word_1_35' title='bbox 882 701 1069 750; x_wconf 85' lang='lat' dir='ltr'>tamen</span> <span class='ocrx_word' id='word_1_36' title='bbox 1117 695 1430 749; x_wconf 80' lang='lat' dir='ltr'>exhortatio</span> <span class='ocrx_word' id='word_1_37' title='bbox 1482 695 1615 749; x_wconf 89' lang='lat' dir='ltr'>data</span> <span class='ocrx_word' id='word_1_38' title='bbox 1666 701 1752 750; x_wconf 89' lang='lat' dir='ltr'>est</span> <span class='ocrx_word' id='word_1_39' title='bbox 1798 693 1978 748; x_wconf 90' lang='lat' dir='ltr'>susci-</span> <span class='ocrx_word' id='word_1_40' title='bbox 2061 691 2132 746; x_wconf 91' lang='lat' dir='ltr'>ab</span> <span class='ocrx_word' id='word_1_41' title='bbox 2159 708 2224 746; x_wconf 89' lang='lat' dir='ltr'>eo</span> <span class='ocrx_word' id='word_1_42' title='bbox 2243 692 2363 746; x_wconf 90' lang='lat' dir='ltr'>loco</span> <span class='ocrx_word' id='word_1_43' title='bbox 2389 691 2484 746; x_wconf 90' lang='lat' dir='ltr'>ubi</span> <span class='ocrx_word' id='word_1_44' title='bbox 2514 692 2633 745; x_wconf 90' lang='lat' dir='ltr'>ait:</span> <span class='ocrx_word' id='word_1_45' title='bbox 2686 691 2871 745; x_wconf 74' lang='lat' dir='ltr'>Messi:</span> <span class='ocrx_word' id='word_1_46' title='bbox 2919 692 3141 761; x_wconf 83' lang='lat' dir='ltr'>quidem</span> <span class='ocrx_word' id='word_1_47' title='bbox 3182 694 3384 758; x_wconf 75' lang='lat' dir='ltr'>multa,</span> <span class='ocrx_word' id='word_1_48' title='bbox 3414 695 3625 759; x_wconf 79' lang='lat' dir='ltr'>operarii</span> 
     </span>
    </p>
   </div>
   <div class='ocr_carea' id='block_1_5' title="bbox 380 776 3622 855">
    <p class='ocr_par' dir='ltr' id='par_1_5' title="bbox 380 776 3622 855">
     <span class='ocr_line' id='line_1_5' title="bbox 380 776 3622 855; baseline -0.001 -18"><span class='ocrx_word' id='word_1_49' title='bbox 380 783 685 854; x_wconf 80' lang='lat' dir='ltr'>pientibus.</span> <span class='ocrx_word' id='word_1_50' title='bbox 746 784 921 838; x_wconf 89' lang='lat' dir='ltr'><strong>Porro</strong></span> <span class='ocrx_word' id='word_1_51' title='bbox 957 784 1027 837; x_wconf 91' lang='lat' dir='ltr'>de</span> <span class='ocrx_word' id='word_1_52' title='bbox 1057 784 1322 855; x_wconf 81' lang='lat' dir='ltr'>apostolis</span> <span class='ocrx_word' id='word_1_53' title='bbox 1380 800 1493 838; x_wconf 91' lang='lat' dir='ltr'>non</span> <span class='ocrx_word' id='word_1_54' title='bbox 1522 784 1604 838; x_wconf 89' lang='lat' dir='ltr'>ait</span> <span class='ocrx_word' id='word_1_55' title='bbox 1658 783 1714 837; x_wconf 89' lang='lat' dir='ltr'>in</span> <span class='ocrx_word' id='word_1_56' title='bbox 1749 781 1977 837; x_wconf 85' lang='lat' dir='ltr'>nomine</span> <span class='ocrx_word' id='word_1_57' title='bbox 2059 786 2246 835; x_wconf 81' lang='lat' dir='ltr'>autem</span> <span class='ocrx_word' id='word_1_58' title='bbox 2285 784 2457 850; x_wconf 81' lang='lat' dir='ltr'>pauci</span> <span class='ocrx_word' id='word_1_59' title='bbox 2487 780 2700 847; x_wconf 78' lang='lat' dir='ltr'>(Matth.</span> <span class='ocrx_word' id='word_1_60' title='bbox 2743 793 2822 845; x_wconf 84' lang='lat' dir='ltr'>In,</span> <span class='ocrx_word' id='word_1_61' title='bbox 2872 776 2982 848; x_wconf 83' lang='lat'>37).</span> <span class='ocrx_word' id='word_1_62' title='bbox 3024 780 3169 850; x_wconf 82' lang='lat' dir='ltr'>Ergo</span> <span class='ocrx_word' id='word_1_63' title='bbox 3201 780 3351 850; x_wconf 78' lang='lat' dir='ltr'>quod</span> <span class='ocrx_word' id='word_1_64' title='bbox 3377 780 3622 849; x_wconf 78' lang='lat' dir='ltr'>sequitur,</span> 
     </span>
    </p>
   </div>
   <div class='ocr_carea' id='block_1_6' title="bbox 384 867 3627 944">
    <p class='ocr_par' dir='ltr' id='par_1_6' title="bbox 384 867 3627 944">
     <span class='ocr_line' id='line_1_6' title="bbox 384 867 3627 944; baseline -0.002 -16"><span class='ocrx_word' id='word_1_65' title='bbox 384 873 643 943; x_wconf 77' lang='lat' dir='ltr'>apostoli,</span> <span class='ocrx_word' id='word_1_66' title='bbox 676 877 777 927; x_wconf 84' lang='lat' dir='ltr'>aut</span> <span class='ocrx_word' id='word_1_67' title='bbox 829 872 890 926; x_wconf 89' lang='lat' dir='ltr'>in</span> <span class='ocrx_word' id='word_1_68' title='bbox 943 873 1171 926; x_wconf 84' lang='lat' dir='ltr'>nomine</span> <span class='ocrx_word' id='word_1_69' title='bbox 1202 873 1432 939; x_wconf 78' lang='lat' dir='ltr'>Christi,</span> <span class='ocrx_word' id='word_1_70' title='bbox 1470 873 1740 944; x_wconf 87' lang='lat' dir='ltr'>quoniam</span> <span class='ocrx_word' id='word_1_71' title='bbox 1777 888 1979 942; x_wconf 82' lang='lat' dir='ltr'>super-</span> <span class='ocrx_word' id='word_1_72' title='bbox 2068 872 2315 924; x_wconf 78' lang='lat' dir='ltr'>Transiit</span> <span class='ocrx_word' id='word_1_73' title='bbox 2331 871 2475 935; x_wconf 81' lang='lat' dir='ltr'>inde,</span> <span class='ocrx_word' id='word_1_74' title='bbox 2506 870 2561 923; x_wconf 91' lang='lat' dir='ltr'>id</span> <span class='ocrx_word' id='word_1_75' title='bbox 2580 875 2721 923; x_wconf 81' lang='lat' dir='ltr'>este</span> <span class='ocrx_word' id='word_1_76' title='bbox 2742 869 3115 940; x_wconf 84' lang='lat' dir='ltr'>domoinqua</span> <span class='ocrx_word' id='word_1_77' title='bbox 3134 870 3303 940; x_wconf 78' lang='lat' dir='ltr'>longe</span> <span class='ocrx_word' id='word_1_78' title='bbox 3322 885 3484 940; x_wconf 80' lang='lat' dir='ltr'>supra</span> <span class='ocrx_word' id='word_1_79' title='bbox 3505 867 3627 923; x_wconf 87' lang='lat' dir='ltr'>duo-</span> 
     </span>
    </p>
   </div>
   <div class='ocr_carea' id='block_1_7' title="bbox 384 958 3628 1032">
    <p class='ocr_par' dir='ltr' id='par_1_7' title="bbox 384 958 3628 1032">
     <span class='ocr_line' id='line_1_7' title="bbox 384 958 3628 1032; baseline -0.002 -16"><span class='ocrx_word' id='word_1_80' title='bbox 384 962 563 1017; x_wconf 84' lang='lat' dir='ltr'>ﬂuum</span> <span class='ocrx_word' id='word_1_81' title='bbox 589 968 752 1016; x_wconf 80' lang='lat' dir='ltr'>esset.</span> <span class='ocrx_word' id='word_1_82' title='bbox 786 962 932 1015; x_wconf 83' lang='lat' dir='ltr'>Nam</span> <span class='ocrx_word' id='word_1_83' title='bbox 961 962 1247 1032; x_wconf 75' lang='lat' dir='ltr'>apostolus</span> <span class='ocrx_word' id='word_1_84' title='bbox 1286 963 1479 1018; x_wconf 81' lang='lat' dir='ltr'>Graece</span> <span class='ocrx_word' id='word_1_85' title='bbox 1527 960 1727 1016; x_wconf 89' lang='lat' dir='ltr'>Latine</span> <span class='ocrx_word' id='word_1_86' title='bbox 1774 963 1979 1015; x_wconf 84' lang='lat' dir='ltr'>missus</span> <span class='ocrx_word' id='word_1_87' title='bbox 2062 959 2242 1013; x_wconf 82' lang='lat' dir='ltr'>decim</span> <span class='ocrx_word' id='word_1_88' title='bbox 2272 960 2455 1013; x_wconf 82' lang='lat' dir='ltr'>sanati</span> <span class='ocrx_word' id='word_1_89' title='bbox 2484 964 2693 1013; x_wconf 86' lang='lat' dir='ltr'>suntut</span> <span class='ocrx_word' id='word_1_90' title='bbox 2711 958 2939 1013; x_wconf 83' lang='lat' dir='ltr'>doceret</span> <span class='ocrx_word' id='word_1_91' title='bbox 2961 963 3018 1013; x_wconf 87' lang='lat' dir='ltr'>et</span> <span class='ocrx_word' id='word_1_92' title='bbox 3046 959 3445 1029; x_wconf 79' lang='lat' dir='ltr'>praedicaretin</span> <span class='ocrx_word' id='word_1_93' title='bbox 3463 958 3628 1012; x_wconf 85' lang='lat' dir='ltr'>civita-</span> 
     </span>
    </p>
   </div>
   <div class='ocr_carea' id='block_1_8' title="bbox 384 1046 3624 1118">
    <p class='ocr_par' dir='ltr' id='par_1_8' title="bbox 384 1046 3624 1118">
     <span class='ocr_line' id='line_1_8' title="bbox 384 1046 3624 1118; baseline -0.002 -14"><span class='ocrx_word' id='word_1_94' title='bbox 384 1049 592 1104; x_wconf 67' lang='lat' dir='ltr'>ddcitur</span> <span class='ocrx_word' id='word_1_95' title='bbox 627 1068 641 1117; x_wconf 88' lang='lat'><strong>;</strong></span> <span class='ocrx_word' id='word_1_96' title='bbox 676 1050 883 1105; x_wconf 84' lang='lat' dir='ltr'>missus</span> <span class='ocrx_word' id='word_1_97' title='bbox 918 1057 1109 1106; x_wconf 83' lang='lat' dir='ltr'>autem</span> <span class='ocrx_word' id='word_1_98' title='bbox 1141 1051 1350 1105; x_wconf 82' lang='lat' dir='ltr'>Christi</span> <span class='ocrx_word' id='word_1_99' title='bbox 1379 1064 1544 1105; x_wconf 89' lang='lat' dir='ltr'>nemo</span> <span class='ocrx_word' id='word_1_100' title='bbox 1575 1055 1726 1104; x_wconf 87' lang='lat' dir='ltr'>recte</span> <span class='ocrx_word' id='word_1_101' title='bbox 1755 1049 1977 1115; x_wconf 85' lang='lat' dir='ltr'>dicitur,</span> <span class='ocrx_word' id='word_1_102' title='bbox 2063 1047 2215 1103; x_wconf 84' lang='lat' dir='ltr'>tibus</span> <span class='ocrx_word' id='word_1_103' title='bbox 2242 1048 2551 1101; x_wconf 84' lang='lat' dir='ltr'>eorum.Ad</span> <span class='ocrx_word' id='word_1_104' title='bbox 2567 1048 2669 1102; x_wconf 88' lang='lat' dir='ltr'>has</span> <span class='ocrx_word' id='word_1_105' title='bbox 2695 1048 2871 1118; x_wconf 80' lang='lat' dir='ltr'>igitur</span> <span class='ocrx_word' id='word_1_106' title='bbox 2884 1047 3038 1103; x_wconf 87' lang='lat' dir='ltr'>venit</span> <span class='ocrx_word' id='word_1_107' title='bbox 3058 1048 3460 1118; x_wconf 77' lang='lat' dir='ltr'>civitatesquas</span> <span class='ocrx_word' id='word_1_108' title='bbox 3480 1046 3624 1118; x_wconf 85' lang='lat' dir='ltr'>paulo</span> 
     </span>
    </p>
   </div>
   <div class='ocr_carea' id='block_1_9' title="bbox 384 1137 3631 1210">
    <p class='ocr_par' dir='ltr' id='par_1_9' title="bbox 384 1137 3631 1210">
     <span class='ocr_line' id='line_1_9' title="bbox 384 1137 3631 1210; baseline -0.002 -16"><span class='ocrx_word' id='word_1_109' title='bbox 384 1138 495 1194; x_wconf 76' lang='lat' dir='ltr'>nisi</span> <span class='ocrx_word' id='word_1_110' title='bbox 518 1155 554 1193; x_wconf 88' lang='lat' dir='ltr'>a</span> <span class='ocrx_word' id='word_1_111' title='bbox 577 1139 799 1193; x_wconf 77' lang='lat' dir='ltr'>Christo</span> <span class='ocrx_word' id='word_1_112' title='bbox 828 1141 908 1194; x_wconf 83' lang='lat' dir='ltr'>sit</span> <span class='ocrx_word' id='word_1_113' title='bbox 927 1140 1155 1206; x_wconf 83' lang='lat' dir='ltr'>missus,</span> <span class='ocrx_word' id='word_1_114' title='bbox 1187 1140 1339 1195; x_wconf 89' lang='lat' dir='ltr'>unde</span> <span class='ocrx_word' id='word_1_115' title='bbox 1357 1139 1453 1210; x_wconf 89' lang='lat' dir='ltr'>qui</span> <span class='ocrx_word' id='word_1_116' title='bbox 1475 1139 1790 1210; x_wconf 80' lang='lat' dir='ltr'>apostolum</span> <span class='ocrx_word' id='word_1_117' title='bbox 1816 1139 1989 1192; x_wconf 90' lang='lat' dir='ltr'>susci-</span> <span class='ocrx_word' id='word_1_118' title='bbox 2064 1138 2471 1209; x_wconf 90' lang='lat' dir='ltr'>postincrepat,</span> <span class='ocrx_word' id='word_1_119' title='bbox 2497 1143 2554 1191; x_wconf 91' lang='lat' dir='ltr'>et</span> <span class='ocrx_word' id='word_1_120' title='bbox 2573 1137 2776 1209; x_wconf 88' lang='lat' dir='ltr'>quibus</span> <span class='ocrx_word' id='word_1_121' title='bbox 2797 1137 3248 1209; x_wconf 79' lang='lat' dir='ltr'>exprobrat,post</span> <span class='ocrx_word' id='word_1_122' title='bbox 3266 1137 3631 1207; x_wconf 84' lang='lat' dir='ltr'>interpolatam</span> 
     </span>
    </p>
   </div>
   <div class='ocr_carea' id='block_1_10' title="bbox 385 1224 3635 1299">
    <p class='ocr_par' dir='ltr' id='par_1_10' title="bbox 385 1224 3635 1299">
     <span class='ocr_line' id='line_1_10' title="bbox 385 1224 3635 1299; baseline -0.001 -18"><span class='ocrx_word' id='word_1_123' title='bbox 385 1226 489 1298; x_wconf 74' lang='lat' dir='ltr'>pit,</span> <span class='ocrx_word' id='word_1_124' title='bbox 521 1242 652 1282; x_wconf 87' lang='lat' dir='ltr'>eum</span> <span class='ocrx_word' id='word_1_125' title='bbox 682 1228 881 1299; x_wconf 79' lang='lat' dir='ltr'>utique</span> <span class='ocrx_word' id='word_1_126' title='bbox 911 1228 1146 1299; x_wconf 79' lang='lat' dir='ltr'>suscipit</span> <span class='ocrx_word' id='word_1_127' title='bbox 1180 1245 1214 1282; x_wconf 88' lang='lat' dir='ltr'>a</span> <span class='ocrx_word' id='word_1_128' title='bbox 1245 1244 1356 1298; x_wconf 90' lang='lat' dir='ltr'>quo</span> <span class='ocrx_word' id='word_1_129' title='bbox 1386 1228 1592 1281; x_wconf 85' lang='lat' dir='ltr'>missus</span> <span class='ocrx_word' id='word_1_130' title='bbox 1621 1233 1733 1294; x_wconf 86' lang='lat' dir='ltr'>est;</span> <span class='ocrx_word' id='word_1_131' title='bbox 1754 1232 1811 1281; x_wconf 86' lang='lat' dir='ltr'>et</span> <span class='ocrx_word' id='word_1_132' title='bbox 1840 1226 1982 1292; x_wconf 89' lang='lat' dir='ltr'>ideo,</span> <span class='ocrx_word' id='word_1_133' title='bbox 2064 1226 2316 1291; x_wconf 83' lang='lat' dir='ltr'><strong>Joannis,</strong></span> <span class='ocrx_word' id='word_1_134' title='bbox 2347 1243 2411 1280; x_wconf 87' lang='lat' dir='ltr'>ac</span> <span class='ocrx_word' id='word_1_135' title='bbox 2439 1226 2486 1279; x_wconf 91' lang='lat' dir='ltr'><strong>si</strong></span> <span class='ocrx_word' id='word_1_136' title='bbox 2507 1225 2755 1280; x_wconf 85' lang='lat' dir='ltr'>fabulam</span> <span class='ocrx_word' id='word_1_137' title='bbox 2781 1227 2929 1296; x_wconf 89' lang='lat' dir='ltr'>quod</span> <span class='ocrx_word' id='word_1_138' title='bbox 2961 1231 3149 1292; x_wconf 66' lang='lat'>5.4</span> <span class='ocrx_word' id='word_1_139' title='bbox 3184 1242 3300 1280; x_wconf 88' lang='lat' dir='ltr'>non</span> <span class='ocrx_word' id='word_1_140' title='bbox 3324 1224 3635 1279; x_wconf 80' lang='lat' dir='ltr'>crediderint</span> 
     </span>
    </p>
   </div>
   <div class='ocr_carea' id='block_1_11' title="bbox 383 1313 3636 1387">
    <p class='ocr_par' dir='ltr' id='par_1_11' title="bbox 383 1313 3636 1387">
     <span class='ocr_line' id='line_1_11' title="bbox 383 1313 3636 1387; baseline -0.001 -17"><span class='ocrx_word' id='word_1_141' title='bbox 383 1314 448 1370; x_wconf 87' lang='lat' dir='ltr'>in</span> <span class='ocrx_word' id='word_1_142' title='bbox 485 1318 715 1371; x_wconf 85' lang='lat' dir='ltr'><strong>nomine</strong></span> <span class='ocrx_word' id='word_1_143' title='bbox 747 1318 957 1372; x_wconf 82' lang='lat' dir='ltr'>Christi</span> <span class='ocrx_word' id='word_1_144' title='bbox 1004 1330 1133 1372; x_wconf 89' lang='lat' dir='ltr'>eum</span> <span class='ocrx_word' id='word_1_145' title='bbox 1174 1318 1307 1387; x_wconf 82' lang='lat' dir='ltr'>quia</span> <span class='ocrx_word' id='word_1_146' title='bbox 1349 1317 1570 1371; x_wconf 84' lang='lat' dir='ltr'>venisse</span> <span class='ocrx_word' id='word_1_147' title='bbox 1610 1317 1804 1381; x_wconf 89' lang='lat' dir='ltr'>credit,</span> <span class='ocrx_word' id='word_1_148' title='bbox 1840 1322 1991 1369; x_wconf 88' lang='lat' dir='ltr'>recte</span> <span class='ocrx_word' id='word_1_149' title='bbox 2068 1315 2139 1369; x_wconf 90' lang='lat' dir='ltr'>ad</span> <span class='ocrx_word' id='word_1_150' title='bbox 2165 1316 2325 1385; x_wconf 87' lang='lat' dir='ltr'>signa</span> <span class='ocrx_word' id='word_1_151' title='bbox 2360 1320 2418 1369; x_wconf 89' lang='lat' dir='ltr'>et</span> <span class='ocrx_word' id='word_1_152' title='bbox 2444 1314 2699 1386; x_wconf 86' lang='lat' dir='ltr'>prodigia</span> <span class='ocrx_word' id='word_1_153' title='bbox 2742 1331 2865 1385; x_wconf 68' lang='lat' dir='ltr'>quae</span> <span class='ocrx_word' id='word_1_154' title='bbox 2903 1315 3047 1369; x_wconf 78' lang='lat' dir='ltr'>facta</span> <span class='ocrx_word' id='word_1_155' title='bbox 3091 1320 3228 1368; x_wconf 90' lang='lat' dir='ltr'>sunt</span> <span class='ocrx_word' id='word_1_156' title='bbox 3270 1315 3332 1368; x_wconf 90' lang='lat' dir='ltr'>in</span> <span class='ocrx_word' id='word_1_157' title='bbox 3376 1314 3473 1380; x_wconf 84' lang='lat' dir='ltr'>eis,</span> <span class='ocrx_word' id='word_1_158' title='bbox 3503 1319 3554 1367; x_wconf 84' lang='lat' dir='ltr'>et</span> <span class='ocrx_word' id='word_1_159' title='bbox 3575 1313 3636 1367; x_wconf 78' lang='lat' dir='ltr'>ad</span> 
     </span>
    </p>
   </div>
   <div class='ocr_carea' id='block_1_12' title="bbox 385 1403 3404 1477">
    <p class='ocr_par' dir='ltr' id='par_1_12' title="bbox 385 1403 3404 1477">
     <span class='ocr_line' id='line_1_12' title="bbox 385 1403 3404 1477; baseline -0.002 -17"><span class='ocrx_word' id='word_1_160' title='bbox 385 1404 575 1477; x_wconf 72' lang='lat' dir='ltr'>ipsum</span> <span class='ocrx_word' id='word_1_161' title='bbox 604 1406 915 1477; x_wconf 80' lang='lat' dir='ltr'>suscepisse</span> <span class='ocrx_word' id='word_1_162' title='bbox 945 1406 1168 1473; x_wconf 89' lang='lat' dir='ltr'>dicitur,</span> <span class='ocrx_word' id='word_1_163' title='bbox 1201 1411 1431 1477; x_wconf 81' lang='lat' dir='ltr'>propter</span> <span class='ocrx_word' id='word_1_164' title='bbox 1457 1422 1624 1477; x_wconf 88' lang='lat' dir='ltr'>quem</span> <span class='ocrx_word' id='word_1_165' title='bbox 1644 1422 1775 1460; x_wconf 89' lang='lat' dir='ltr'>eum</span> <span class='ocrx_word' id='word_1_166' title='bbox 1804 1421 1987 1459; x_wconf 88' lang='lat' dir='ltr'>suscc-</span> <span class='ocrx_word' id='word_1_167' title='bbox 2068 1404 2523 1476; x_wconf 83' lang='lat' dir='ltr'>praedicationem</span> <span class='ocrx_word' id='word_1_168' title='bbox 2552 1403 2726 1474; x_wconf 83' lang='lat' dir='ltr'>ipsius</span> <span class='ocrx_word' id='word_1_169' title='bbox 2750 1404 3071 1459; x_wconf 87' lang='lat' dir='ltr'>Salvatoris.</span> <span class='ocrx_word' id='word_1_170' title='bbox 3104 1403 3404 1474; x_wconf 81' lang='lat' dir='ltr'>Sequitur:</span> 
     </span>
    </p>
   </div>
   <div class='ocr_carea' id='block_1_13' title="bbox 389 1491 3637 1565">
    <p class='ocr_par' dir='ltr' id='par_1_13' title="bbox 389 1491 3637 1565">
     <span class='ocr_line' id='line_1_13' title="bbox 389 1491 3637 1565; baseline -0.002 -16"><span class='ocrx_word' id='word_1_171' title='bbox 389 1495 494 1564; x_wconf 89' lang='lat' dir='ltr'>pit,</span> <span class='ocrx_word' id='word_1_172' title='bbox 527 1500 586 1549; x_wconf 92' lang='lat' dir='ltr'>et</span> <span class='ocrx_word' id='word_1_173' title='bbox 614 1495 673 1549; x_wconf 91' lang='lat' dir='ltr'>in</span> <span class='ocrx_word' id='word_1_174' title='bbox 712 1512 881 1565; x_wconf 88' lang='lat' dir='ltr'>quem</span> <span class='ocrx_word' id='word_1_175' title='bbox 914 1496 1110 1549; x_wconf 89' lang='lat' dir='ltr'>credit.</span> <span class='ocrx_word' id='word_1_176' title='bbox 2139 1497 2377 1549; x_wconf 80' lang='lat' dir='ltr'>Joannes</span> <span class='ocrx_word' id='word_1_177' title='bbox 2389 1499 2573 1546; x_wconf 87' lang='lat' dir='ltr'>autem</span> <span class='ocrx_word' id='word_1_178' title='bbox 2591 1508 2717 1546; x_wconf 88' lang='lat' dir='ltr'>cum</span> <span class='ocrx_word' id='word_1_179' title='bbox 2729 1494 2972 1546; x_wconf 81' lang='lat' dir='ltr'>audisset</span> <span class='ocrx_word' id='word_1_180' title='bbox 2988 1496 3050 1546; x_wconf 81' lang='lat' dir='ltr'>in</span> <span class='ocrx_word' id='word_1_181' title='bbox 3062 1495 3310 1547; x_wconf 79' lang='lat' dir='ltr'>vinculis</span> <span class='ocrx_word' id='word_1_182' title='bbox 3325 1504 3482 1561; x_wconf 83' lang='lat' dir='ltr'>opera</span> <span class='ocrx_word' id='word_1_183' title='bbox 3504 1491 3637 1546; x_wconf 79' lang='lat' dir='ltr'>Chri-</span> 
     </span>
    </p>
   </div>
   <div class='ocr_carea' id='block_1_14' title="bbox 463 1580 3641 1655">
    <p class='ocr_par' dir='ltr' id='par_1_14' title="bbox 463 1580 3641 1655">
     <span class='ocr_line' id='line_1_14' title="bbox 463 1580 3641 1655; baseline -0.002 -16"><span class='ocrx_word' id='word_1_184' title='bbox 463 1585 806 1654; x_wconf 78' lang='lat' dir='ltr'>Quicunque,</span> <span class='ocrx_word' id='word_1_185' title='bbox 831 1584 1036 1655; x_wconf 85' lang='lat' dir='ltr'>inquit,</span> <span class='ocrx_word' id='word_1_186' title='bbox 1059 1589 1253 1653; x_wconf 86' lang='lat' dir='ltr'>potum</span> <span class='ocrx_word' id='word_1_187' title='bbox 1277 1586 1487 1639; x_wconf 80' lang='lat' dir='ltr'>dederit</span> <span class='ocrx_word' id='word_1_188' title='bbox 1506 1588 1613 1639; x_wconf 84' lang='lat' dir='ltr'>uni</span> <span class='ocrx_word' id='word_1_189' title='bbox 1643 1602 1706 1639; x_wconf 80' lang='lat' dir='ltr'>ea;</span> <span class='ocrx_word' id='word_1_190' title='bbox 1733 1586 1989 1638; x_wconf 83' lang='lat' dir='ltr'>minimis</span> <span class='ocrx_word' id='word_1_191' title='bbox 2073 1586 2147 1636; x_wconf 83' lang='lat' dir='ltr'>sti</span> <span class='ocrx_word' id='word_1_192' title='bbox 2158 1583 2328 1647; x_wconf 79' lang='lat' dir='ltr'>,Quia</span> <span class='ocrx_word' id='word_1_193' title='bbox 2359 1583 2616 1636; x_wconf 86' lang='lat' dir='ltr'>Christus</span> <span class='ocrx_word' id='word_1_194' title='bbox 2646 1598 2773 1636; x_wconf 87' lang='lat' dir='ltr'>cum</span> <span class='ocrx_word' id='word_1_195' title='bbox 2795 1582 3045 1635; x_wconf 82' lang='lat' dir='ltr'>audisset</span> <span class='ocrx_word' id='word_1_196' title='bbox 3058 1582 3207 1653; x_wconf 91' lang='lat' dir='ltr'>quod</span> <span class='ocrx_word' id='word_1_197' title='bbox 3234 1583 3475 1637; x_wconf 84' lang='lat' dir='ltr'>Joannes</span> <span class='ocrx_word' id='word_1_198' title='bbox 3493 1580 3641 1634; x_wconf 82' lang='lat' dir='ltr'>tradi-</span> 
     </span>
    </p>
   </div>
   <div class='ocr_carea' id='block_1_15' title="bbox 393 1668 3641 1742">
    <p class='ocr_par' dir='ltr' id='par_1_15' title="bbox 393 1668 3641 1742">
     <span class='ocr_line' id='line_1_15' title="bbox 393 1668 3641 1742; baseline -0.002 -16"><span class='ocrx_word' id='word_1_199' title='bbox 393 1675 1389 1742; x_wconf 61' lang='lat' dir='ltr'>r&#39;stiscaticemaquafrigidz,tantum</span> <span class='ocrx_word' id='word_1_200' title='bbox 1403 1675 1989 1741; x_wconf 80' lang='lat' dir='ltr'>inrwmincdiscipuli,</span> <span class='ocrx_word' id='word_1_201' title='bbox 2074 1678 2167 1727; x_wconf 90' lang='lat' dir='ltr'>tus</span> <span class='ocrx_word' id='word_1_202' title='bbox 2218 1677 2385 1734; x_wconf 85' lang='lat' dir='ltr'>esset,</span> <span class='ocrx_word' id='word_1_203' title='bbox 2434 1672 2664 1726; x_wconf 86' lang='lat' dir='ltr'>secessit</span> <span class='ocrx_word' id='word_1_204' title='bbox 2714 1672 2774 1725; x_wconf 89' lang='lat' dir='ltr'>in</span> <span class='ocrx_word' id='word_1_205' title='bbox 2804 1672 3113 1737; x_wconf 74' lang='lat' dir='ltr'>Galilaeam,</span> <span class='ocrx_word' id='word_1_206' title='bbox 3152 1672 3226 1726; x_wconf 87' lang='lat' dir='ltr'>ad</span> <span class='ocrx_word' id='word_1_207' title='bbox 3256 1687 3423 1742; x_wconf 83' lang='lat' dir='ltr'>quem</span> <span class='ocrx_word' id='word_1_208' title='bbox 3446 1671 3557 1741; x_wconf 87' lang='lat' dir='ltr'>jam</span> <span class='ocrx_word' id='word_1_209' title='bbox 3583 1668 3641 1722; x_wconf 89' lang='lat' dir='ltr'>de</span> 
     </span>
    </p>
   </div>
   <div class='ocr_carea' id='block_1_16' title="bbox 394 1759 3643 1832">
    <p class='ocr_par' dir='ltr' id='par_1_16' title="bbox 394 1759 3643 1832">
     <span class='ocr_line' id='line_1_16' title="bbox 394 1759 3643 1832; baseline -0.001 -17"><span class='ocrx_word' id='word_1_210' title='bbox 394 1774 563 1816; x_wconf 77' lang='lat' dir='ltr'>amen</span> <span class='ocrx_word' id='word_1_211' title='bbox 586 1764 706 1817; x_wconf 84' lang='lat' dir='ltr'>dico</span> <span class='ocrx_word' id='word_1_212' title='bbox 742 1760 909 1829; x_wconf 69' lang='lat' dir='ltr'>vobis,</span> <span class='ocrx_word' id='word_1_213' title='bbox 951 1777 1065 1816; x_wconf 79' lang='lat' dir='ltr'>non</span> <span class='ocrx_word' id='word_1_214' title='bbox 1095 1764 1288 1831; x_wconf 77' lang='lat' dir='ltr'>perdet</span> <span class='ocrx_word' id='word_1_215' title='bbox 1332 1764 1630 1816; x_wconf 79' lang='lat' dir='ltr'>mercedem</span> <span class='ocrx_word' id='word_1_216' title='bbox 1658 1778 1841 1815; x_wconf 85' lang='lat' dir='ltr'>suam.</span> <span class='ocrx_word' id='word_1_217' title='bbox 1877 1762 1995 1815; x_wconf 88' lang='lat' dir='ltr'>Hoc</span> <span class='ocrx_word' id='word_1_218' title='bbox 2074 1779 2296 1817; x_wconf 85' lang='lat' dir='ltr'>carcere</span> <span class='ocrx_word' id='word_1_219' title='bbox 2330 1761 2561 1815; x_wconf 89' lang='lat' dir='ltr'>mittens</span> <span class='ocrx_word' id='word_1_220' title='bbox 2589 1762 2890 1832; x_wconf 81' lang='lat' dir='ltr'>discipulos</span> <span class='ocrx_word' id='word_1_221' title='bbox 2915 1777 3047 1815; x_wconf 89' lang='lat' dir='ltr'>suos</span> <span class='ocrx_word' id='word_1_222' title='bbox 3083 1761 3165 1814; x_wconf 82' lang='lat' dir='ltr'>ait</span> <span class='ocrx_word' id='word_1_223' title='bbox 3196 1761 3279 1814; x_wconf 85' lang='lat' dir='ltr'>illi</span> <span class='ocrx_word' id='word_1_224' title='bbox 3315 1773 3327 1807; x_wconf 87' lang='lat'><strong>:</strong></span> <span class='ocrx_word' id='word_1_225' title='bbox 3381 1762 3457 1814; x_wconf 83' lang='lat' dir='ltr'>Tu</span> <span class='ocrx_word' id='word_1_226' title='bbox 3485 1775 3533 1813; x_wconf 80' lang='lat' dir='ltr'>es</span> <span class='ocrx_word' id='word_1_227' title='bbox 3558 1759 3643 1826; x_wconf 81' lang='lat' dir='ltr'>qui</span> 
     </span>
    </p>
   </div>
   <div class='ocr_carea' id='block_1_17' title="bbox 396 1846 3661 1922">
    <p class='ocr_par' dir='ltr' id='par_1_17' title="bbox 396 1846 3661 1922">
     <span class='ocr_line' id='line_1_17' title="bbox 396 1846 3661 1922; baseline -0.002 -17"><span class='ocrx_word' id='word_1_228' title='bbox 396 1850 605 1921; x_wconf 84' lang='lat' dir='ltr'>quippe</span> <span class='ocrx_word' id='word_1_229' title='bbox 628 1857 716 1905; x_wconf 82' lang='lat' dir='ltr'>est</span> <span class='ocrx_word' id='word_1_230' title='bbox 742 1851 891 1922; x_wconf 87' lang='lat' dir='ltr'>quod</span> <span class='ocrx_word' id='word_1_231' title='bbox 927 1866 1101 1922; x_wconf 86' lang='lat' dir='ltr'>supra</span> <span class='ocrx_word' id='word_1_232' title='bbox 1128 1851 1346 1905; x_wconf 79' lang='lat' dir='ltr'>dixerat</span> <span class='ocrx_word' id='word_1_233' title='bbox 1377 1867 1392 1907; x_wconf 86' lang='lat'><strong>:</strong></span> <span class='ocrx_word' id='word_1_234' title='bbox 1431 1852 1743 1922; x_wconf 86' lang='lat' dir='ltr'>cuicunque</span> <span class='ocrx_word' id='word_1_235' title='bbox 1770 1848 2339 1909; x_wconf 78' lang='lat' dir='ltr'>dederitBrenturus</span> <span class='ocrx_word' id='word_1_236' title='bbox 2362 1867 2432 1917; x_wconf 75' lang='lat' dir='ltr'>es,</span> <span class='ocrx_word' id='word_1_237' title='bbox 2463 1866 2539 1904; x_wconf 83' lang='lat' dir='ltr'>an</span> <span class='ocrx_word' id='word_1_238' title='bbox 2574 1853 2756 1904; x_wconf 85' lang='lat' dir='ltr'>alium</span> <span class='ocrx_word' id='word_1_239' title='bbox 2787 1855 3153 1919; x_wconf 62' lang='lat' dir='ltr'>exspectamus</span> <span class='ocrx_word' id='word_1_240' title='bbox 3176 1855 3201 1903; x_wconf 71' lang='grc' dir='ltr'><em>Ρ</em></span> <span class='ocrx_word' id='word_1_241' title='bbox 3236 1851 3360 1904; x_wconf 87' lang='lat' dir='ltr'>Non</span> <span class='ocrx_word' id='word_1_242' title='bbox 3401 1848 3539 1919; x_wconf 86' lang='lat' dir='ltr'>quod</span> <span class='ocrx_word' id='word_1_243' title='bbox 3564 1846 3661 1900; x_wconf 86' lang='lat' dir='ltr'>ille-</span> 
     </span>
    </p>
   </div>
   <div class='ocr_carea' id='block_1_18' title="bbox 395 1928 3645 2011">
    <p class='ocr_par' dir='ltr' id='par_1_18' title="bbox 395 1928 3645 2011">
     <span class='ocr_line' id='line_1_18' title="bbox 395 1928 3645 2011; baseline -0.002 -18"><span class='ocrx_word' id='word_1_244' title='bbox 395 1943 619 1993; x_wconf 75' lang='lat' dir='ltr'>tantum</span> <span class='ocrx_word' id='word_1_245' title='bbox 650 1938 894 1993; x_wconf 82' lang='lat' dir='ltr'>fideliter</span> <span class='ocrx_word' id='word_1_246' title='bbox 921 1940 981 1993; x_wconf 86' lang='lat' dir='ltr'>in</span> <span class='ocrx_word' id='word_1_247' title='bbox 1008 1939 1237 1994; x_wconf 86' lang='lat' dir='ltr'><strong>nomine</strong></span> <span class='ocrx_word' id='word_1_248' title='bbox 1264 1955 1406 1993; x_wconf 72' lang='lat' dir='ltr'>versa</span> <span class='ocrx_word' id='word_1_249' title='bbox 1434 1940 1839 2010; x_wconf 78' lang='lat' dir='ltr'>religiositatis,</span> <span class='ocrx_word' id='word_1_250' title='bbox 1858 1939 1992 2011; x_wconf 86' lang='lat' dir='ltr'>quia</span> <span class='ocrx_word' id='word_1_251' title='bbox 2074 1940 2360 1994; x_wconf 86' lang='lat' dir='ltr'>Christum</span> <span class='ocrx_word' id='word_1_252' title='bbox 2374 1940 2677 2009; x_wconf 86' lang='lat' dir='ltr'>ignoraret,</span> <span class='ocrx_word' id='word_1_253' title='bbox 2696 1955 2861 2008; x_wconf 88' lang='lat' dir='ltr'>quem</span> <span class='ocrx_word' id='word_1_254' title='bbox 2884 1939 3144 1994; x_wconf 88' lang='lat' dir='ltr'>omnibus</span> <span class='ocrx_word' id='word_1_255' title='bbox 3155 1939 3333 2009; x_wconf 85' lang='lat' dir='ltr'>digito</span> <span class='ocrx_word' id='word_1_256' title='bbox 3351 1928 3645 1992; x_wconf 86' lang='lat' dir='ltr'>ostenderat</span> 
     </span>
    </p>
   </div>
   <div class='ocr_carea' id='block_1_19' title="bbox 394 2027 3645 2099">
    <p class='ocr_par' dir='ltr' id='par_1_19' title="bbox 394 2027 3645 2099">
     <span class='ocr_line' id='line_1_19' title="bbox 394 2027 3645 2099; baseline -0.002 -16"><span class='ocrx_word' id='word_1_257' title='bbox 394 2038 509 2083; x_wconf 85' lang='lat' dir='ltr'>non</span> <span class='ocrx_word' id='word_1_258' title='bbox 540 2028 738 2098; x_wconf 84' lang='lat' dir='ltr'>perdet</span> <span class='ocrx_word' id='word_1_259' title='bbox 764 2028 1081 2083; x_wconf 85' lang='lat' dir='ltr'>mercedem</span> <span class='ocrx_word' id='word_1_260' title='bbox 1132 2042 1276 2084; x_wconf 74' lang='lat' dir='ltr'>verse</span> <span class='ocrx_word' id='word_1_261' title='bbox 1312 2028 1616 2099; x_wconf 86' lang='lat' dir='ltr'>religionis.</span> <span class='ocrx_word' id='word_1_262' title='bbox 1660 2029 1821 2084; x_wconf 87' lang='lat' dir='ltr'>Unde</span> <span class='ocrx_word' id='word_1_263' title='bbox 1863 2044 1991 2083; x_wconf 89' lang='lat' dir='ltr'>cum</span> <span class='ocrx_word' id='word_1_264' title='bbox 2074 2028 2297 2083; x_wconf 88' lang='lat' dir='ltr'>dicens:</span> <span class='ocrx_word' id='word_1_265' title='bbox 2338 2030 2462 2082; x_wconf 83' lang='lat' dir='ltr'>Ecce</span> <span class='ocrx_word' id='word_1_266' title='bbox 2485 2031 2676 2097; x_wconf 85' lang='lat' dir='ltr'>Agnus</span> <span class='ocrx_word' id='word_1_267' title='bbox 2712 2031 2809 2083; x_wconf 77' lang='lat' dir='ltr'>Dei</span> <span class='ocrx_word' id='word_1_268' title='bbox 2826 2030 3008 2099; x_wconf 81' lang='lat' dir='ltr'>(Joan.</span> <span class='ocrx_word' id='word_1_269' title='bbox 3044 2044 3083 2095; x_wconf 74' lang='grc' dir='ltr'>ι,</span> <span class='ocrx_word' id='word_1_270' title='bbox 3129 2027 3223 2095; x_wconf 73' lang='lat'>‘29,</span> <span class='ocrx_word' id='word_1_271' title='bbox 3255 2027 3366 2097; x_wconf 85' lang='lat'>36),</span> <span class='ocrx_word' id='word_1_272' title='bbox 3400 2032 3455 2080; x_wconf 89' lang='lat' dir='ltr'>et</span> <span class='ocrx_word' id='word_1_273' title='bbox 3498 2041 3645 2096; x_wconf 85' lang='lat' dir='ltr'>super</span> 
     </span>
    </p>
   </div>
   <div class='ocr_carea' id='block_1_20' title="bbox 395 2115 3646 2190">
    <p class='ocr_par' dir='ltr' id='par_1_20' title="bbox 395 2115 3646 2190">
     <span class='ocr_line' id='line_1_20' title="bbox 395 2115 3646 2190; baseline -0.001 -19"><span class='ocrx_word' id='word_1_274' title='bbox 395 2117 467 2171; x_wconf 76' lang='lat' dir='ltr'>de</span> <span class='ocrx_word' id='word_1_275' title='bbox 478 2116 742 2171; x_wconf 82' lang='lat' dir='ltr'>maximis</span> <span class='ocrx_word' id='word_1_276' title='bbox 760 2123 1166 2190; x_wconf 79' lang='lat' dir='ltr'>praeceptorum</span> <span class='ocrx_word' id='word_1_277' title='bbox 1185 2118 1699 2190; x_wconf 83' lang='lat' dir='ltr'>mandat,pervenit</span> <span class='ocrx_word' id='word_1_278' title='bbox 1718 2134 1896 2189; x_wconf 88' lang='lat' dir='ltr'>usque</span> <span class='ocrx_word' id='word_1_279' title='bbox 1918 2117 1991 2170; x_wconf 88' lang='lat' dir='ltr'>ad</span> <span class='ocrx_word' id='word_1_280' title='bbox 2075 2135 2242 2189; x_wconf 87' lang='lat' dir='ltr'>quem</span> <span class='ocrx_word' id='word_1_281' title='bbox 2271 2118 2487 2172; x_wconf 86' lang='lat' dir='ltr'>viderat</span> <span class='ocrx_word' id='word_1_282' title='bbox 2516 2118 2786 2189; x_wconf 88' lang='lat' dir='ltr'>Spiritum</span> <span class='ocrx_word' id='word_1_283' title='bbox 2817 2119 2876 2171; x_wconf 91' lang='lat' dir='ltr'>in</span> <span class='ocrx_word' id='word_1_284' title='bbox 2902 2118 3084 2189; x_wconf 74' lang='lat' dir='ltr'>Specie</span> <span class='ocrx_word' id='word_1_285' title='bbox 3132 2115 3406 2171; x_wconf 82' lang='lat' dir='ltr'>columbae</span> <span class='ocrx_word' id='word_1_286' title='bbox 3447 2115 3646 2170; x_wconf 87' lang='lat' dir='ltr'>descen-</span> 
     </span>
    </p>
   </div>
   <div class='ocr_carea' id='block_1_21' title="bbox 397 2202 3647 2278">
    <p class='ocr_par' dir='ltr' id='par_1_21' title="bbox 397 2202 3647 2278">
     <span class='ocr_line' id='line_1_21' title="bbox 397 2202 3647 2278; baseline -0.002 -19"><span class='ocrx_word' id='word_1_287' title='bbox 397 2205 515 2271; x_wconf 66' lang='grc' dir='ltr'><strong>ιι</strong></span> <span class='ocrx_word' id='word_1_288' title='bbox 529 2203 590 2271; x_wconf 63' lang='lat'><strong>8</strong></span> <span class='ocrx_word' id='word_1_289' title='bbox 617 2206 936 2273; x_wconf 86' lang='lat' dir='ltr'>minimum,</span> <span class='ocrx_word' id='word_1_290' title='bbox 967 2207 1025 2259; x_wconf 91' lang='lat' dir='ltr'>id</span> <span class='ocrx_word' id='word_1_291' title='bbox 1053 2212 1141 2261; x_wconf 81' lang='lat' dir='ltr'>est</span> <span class='ocrx_word' id='word_1_292' title='bbox 1161 2212 1340 2277; x_wconf 80' lang='lat' dir='ltr'>usque</span> <span class='ocrx_word' id='word_1_293' title='bbox 1359 2207 1430 2261; x_wconf 90' lang='lat' dir='ltr'>ad</span> <span class='ocrx_word' id='word_1_294' title='bbox 1450 2214 1646 2278; x_wconf 88' lang='lat' dir='ltr'>potum</span> <span class='ocrx_word' id='word_1_295' title='bbox 1676 2212 1733 2262; x_wconf 92' lang='lat' dir='ltr'>et</span> <span class='ocrx_word' id='word_1_296' title='bbox 1760 2207 1993 2260; x_wconf 87' lang='lat' dir='ltr'>calicem</span> <span class='ocrx_word' id='word_1_297' title='bbox 2075 2206 2300 2260; x_wconf 86' lang='lat' dir='ltr'>dentem</span> <span class='ocrx_word' id='word_1_298' title='bbox 2317 2213 2374 2259; x_wconf 89' lang='lat' dir='ltr'>et</span> <span class='ocrx_word' id='word_1_299' title='bbox 2392 2208 2854 2261; x_wconf 88' lang='lat' dir='ltr'>manentem.Nec</span> <span class='ocrx_word' id='word_1_300' title='bbox 2869 2223 2980 2261; x_wconf 91' lang='lat' dir='ltr'>non</span> <span class='ocrx_word' id='word_1_301' title='bbox 3003 2206 3143 2260; x_wconf 86' lang='lat' dir='ltr'>etde</span> <span class='ocrx_word' id='word_1_302' title='bbox 3163 2222 3277 2276; x_wconf 91' lang='lat' dir='ltr'>quo</span> <span class='ocrx_word' id='word_1_303' title='bbox 3295 2202 3647 2259; x_wconf 77' lang='lat' dir='ltr'>audieratzllic</span> 
     </span>
    </p>
   </div>
   <div class='ocr_carea' id='block_1_22' title="bbox 393 2292 3647 2365">
    <p class='ocr_par' dir='ltr' id='par_1_22' title="bbox 393 2292 3647 2365">
     <span class='ocr_line' id='line_1_22' title="bbox 393 2292 3647 2365; baseline -0.002 -16"><span class='ocrx_word' id='word_1_304' title='bbox 393 2307 556 2364; x_wconf 79' lang='lat' dir='ltr'>aquae</span> <span class='ocrx_word' id='word_1_305' title='bbox 584 2293 819 2364; x_wconf 67' lang='lat' dir='ltr'>frigida.</span> <span class='ocrx_word' id='word_1_306' title='bbox 851 2294 977 2359; x_wconf 74' lang='lat' dir='ltr'>Qua</span> <span class='ocrx_word' id='word_1_307' title='bbox 1001 2293 1148 2349; x_wconf 86' lang='lat' dir='ltr'>sicut</span> <span class='ocrx_word' id='word_1_308' title='bbox 1178 2295 1404 2350; x_wconf 80' lang='lat' dir='ltr'>obviant</span> <span class='ocrx_word' id='word_1_309' title='bbox 1432 2295 1493 2349; x_wconf 91' lang='lat' dir='ltr'>in</span> <span class='ocrx_word' id='word_1_310' title='bbox 1520 2295 1761 2365; x_wconf 80' lang='lat' dir='ltr'>singulis</span> <span class='ocrx_word' id='word_1_311' title='bbox 1788 2296 1995 2350; x_wconf 87' lang='lat' dir='ltr'>calum-</span> <span class='ocrx_word' id='word_1_312' title='bbox 2077 2300 2151 2348; x_wconf 77' lang='lat' dir='ltr'>cst</span> <span class='ocrx_word' id='word_1_313' title='bbox 2174 2297 2349 2348; x_wconf 78' lang='lat' dir='ltr'>Filius</span> <span class='ocrx_word' id='word_1_314' title='bbox 2370 2313 2520 2349; x_wconf 82' lang='lat' dir='ltr'>meus</span> <span class='ocrx_word' id='word_1_315' title='bbox 2541 2297 2768 2349; x_wconf 76' lang='lat' dir='ltr'>dilectus</span> <span class='ocrx_word' id='word_1_316' title='bbox 2799 2298 2861 2348; x_wconf 80' lang='lat' dir='ltr'>in</span> <span class='ocrx_word' id='word_1_317' title='bbox 2882 2308 2988 2363; x_wconf 85' lang='lat' dir='ltr'>quo</span> <span class='ocrx_word' id='word_1_318' title='bbox 3021 2294 3164 2347; x_wconf 82' lang='lat' dir='ltr'>mihi</span> <span class='ocrx_word' id='word_1_319' title='bbox 3196 2295 3327 2347; x_wconf 78' lang='lat' dir='ltr'>bene</span> <span class='ocrx_word' id='word_1_320' title='bbox 3368 2292 3647 2359; x_wconf 72' lang='lat' dir='ltr'>complacui</span> 
     </span>
    </p>
   </div>
   <div class='ocr_carea' id='block_1_23' title="bbox 397 2379 3648 2455">
    <p class='ocr_par' dir='ltr' id='par_1_23' title="bbox 397 2379 3648 2455">
     <span class='ocr_line' id='line_1_23' title="bbox 397 2379 3648 2455; baseline -0.001 -20"><span class='ocrx_word' id='word_1_321' title='bbox 397 2381 684 2436; x_wconf 74' lang='lat' dir='ltr'>uiatorem</span> <span class='ocrx_word' id='word_1_322' title='bbox 713 2382 1023 2451; x_wconf 77' lang='lat' dir='ltr'>ﬁ&#39;audibus,</span> <span class='ocrx_word' id='word_1_323' title='bbox 1057 2384 1141 2437; x_wconf 80' lang='lat' dir='ltr'>ita</span> <span class='ocrx_word' id='word_1_324' title='bbox 1177 2384 1309 2438; x_wconf 87' lang='lat' dir='ltr'>etin</span> <span class='ocrx_word' id='word_1_325' title='bbox 1327 2384 1433 2438; x_wconf 88' lang='lat' dir='ltr'>hoc</span> <span class='ocrx_word' id='word_1_326' title='bbox 1451 2391 1839 2439; x_wconf 79' lang='lat' dir='ltr'>excusatorum</span> <span class='ocrx_word' id='word_1_327' title='bbox 1861 2399 1998 2455; x_wconf 78' lang='lat' dir='ltr'>prae-</span> <span class='ocrx_word' id='word_1_328' title='bbox 2085 2384 2610 2454; x_wconf 64' lang='lat' dir='ltr'>(Matt/r.xvx,5).Sed</span> <span class='ocrx_word' id='word_1_329' title='bbox 2626 2384 2770 2437; x_wconf 89' lang='lat' dir='ltr'>sicut</span> <span class='ocrx_word' id='word_1_330' title='bbox 2790 2383 2849 2437; x_wconf 91' lang='lat' dir='ltr'>in</span> <span class='ocrx_word' id='word_1_331' title='bbox 2860 2383 3050 2438; x_wconf 79' lang='lat' dir='ltr'>Graeco</span> <span class='ocrx_word' id='word_1_332' title='bbox 3062 2382 3379 2453; x_wconf 86' lang='lat' dir='ltr'>reperimus</span> <span class='ocrx_word' id='word_1_333' title='bbox 3401 2379 3541 2452; x_wconf 89' lang='lat' dir='ltr'>quod</span> <span class='ocrx_word' id='word_1_334' title='bbox 3566 2394 3648 2432; x_wconf 90' lang='lat' dir='ltr'>no-</span> 
     </span>
    </p>
   </div>
   <div class='ocr_carea' id='block_1_24' title="bbox 396 2466 3648 2545">
    <p class='ocr_par' dir='ltr' id='par_1_24' title="bbox 396 2466 3648 2545">
     <span class='ocr_line' id='line_1_24' title="bbox 396 2466 3648 2545; baseline -0.001 -22"><span class='ocrx_word' id='word_1_335' title='bbox 396 2470 553 2524; x_wconf 81' lang='lat' dir='ltr'>venit</span> <span class='ocrx_word' id='word_1_336' title='bbox 571 2470 1084 2538; x_wconf 79' lang='lat' dir='ltr'>defensionibus,ne</span> <span class='ocrx_word' id='word_1_337' title='bbox 1101 2473 1244 2527; x_wconf 88' lang='lat' dir='ltr'>forte</span> <span class='ocrx_word' id='word_1_338' title='bbox 1261 2473 1463 2544; x_wconf 84' lang='lat' dir='ltr'>aliquis</span> <span class='ocrx_word' id='word_1_339' title='bbox 1477 2472 1689 2527; x_wconf 90' lang='lat' dir='ltr'>diceret</span> <span class='ocrx_word' id='word_1_340' title='bbox 1710 2492 1721 2527; x_wconf 95' lang='lat'>:</span> <span class='ocrx_word' id='word_1_341' title='bbox 1745 2474 1997 2545; x_wconf 89' lang='lat' dir='ltr'>Pauper-</span> <span class='ocrx_word' id='word_1_342' title='bbox 2080 2474 2182 2527; x_wconf 88' lang='lat' dir='ltr'>stri</span> <span class='ocrx_word' id='word_1_343' title='bbox 2204 2490 2316 2527; x_wconf 91' lang='lat' dir='ltr'>non</span> <span class='ocrx_word' id='word_1_344' title='bbox 2329 2472 2537 2527; x_wconf 87' lang='lat' dir='ltr'>habent</span> <span class='ocrx_word' id='word_1_345' title='bbox 2547 2473 2912 2539; x_wconf 90' lang='lat' dir='ltr'>codices,cum</span> <span class='ocrx_word' id='word_1_346' title='bbox 2926 2472 3241 2542; x_wconf 84' lang='lat' dir='ltr'>tingeretur</span> <span class='ocrx_word' id='word_1_347' title='bbox 3249 2471 3410 2541; x_wconf 89' lang='lat' dir='ltr'>aquis</span> <span class='ocrx_word' id='word_1_348' title='bbox 3422 2466 3648 2524; x_wconf 72' lang='lat' dir='ltr'>Iordani-</span> 
     </span>
    </p>
   </div>
   <div class='ocr_carea' id='block_1_25' title="bbox 395 2555 3651 2634">
    <p class='ocr_par' dir='ltr' id='par_1_25' title="bbox 395 2555 3651 2634">
     <span class='ocr_line' id='line_1_25' title="bbox 395 2555 3651 2634; baseline -0.001 -22"><span class='ocrx_word' id='word_1_349' title='bbox 395 2560 839 2630; x_wconf 79' lang='lat' dir='ltr'>tateprohibeor,</span> <span class='ocrx_word' id='word_1_350' title='bbox 856 2562 1301 2616; x_wconf 83' lang='lat' dir='ltr'>tenuitasrerum</span> <span class='ocrx_word' id='word_1_351' title='bbox 1315 2562 1693 2617; x_wconf 87' lang='lat' dir='ltr'>meretinetut</span> <span class='ocrx_word' id='word_1_352' title='bbox 1706 2563 1998 2634; x_wconf 86' lang='lat' dir='ltr'>hospitalis</span> <span class='ocrx_word' id='word_1_353' title='bbox 2079 2562 2177 2628; x_wconf 89' lang='lat' dir='ltr'>cis,</span> <span class='ocrx_word' id='word_1_354' title='bbox 2205 2563 2318 2629; x_wconf 86' lang='lat' dir='ltr'>lux,</span> <span class='ocrx_word' id='word_1_355' title='bbox 2342 2562 2545 2631; x_wconf 89' lang='lat' dir='ltr'>inquit,</span> <span class='ocrx_word' id='word_1_356' title='bbox 2564 2578 2769 2631; x_wconf 84' lang='lat' dir='ltr'>magna</span> <span class='ocrx_word' id='word_1_357' title='bbox 2781 2559 3150 2614; x_wconf 83' lang='lat' dir='ltr'>circumfulsit</span> <span class='ocrx_word' id='word_1_358' title='bbox 3163 2560 3416 2630; x_wconf 86' lang='lat' dir='ltr'>deaque,</span> <span class='ocrx_word' id='word_1_359' title='bbox 3444 2558 3517 2611; x_wconf 82' lang='lat' dir='ltr'>ita</span> <span class='ocrx_word' id='word_1_360' title='bbox 3528 2555 3651 2610; x_wconf 88' lang='lat' dir='ltr'>utti-</span> 
     </span>
    </p>
   </div>
   <div class='ocr_carea' id='block_1_26' title="bbox 397 2643 3648 2720">
    <p class='ocr_par' dir='ltr' id='par_1_26' title="bbox 397 2643 3648 2720">
     <span class='ocr_line' id='line_1_26' title="bbox 397 2643 3648 2720; baseline -0.002 -18"><span class='ocrx_word' id='word_1_361' title='bbox 397 2659 521 2702; x_wconf 79' lang='lat' dir='ltr'>esse</span> <span class='ocrx_word' id='word_1_362' title='bbox 534 2661 811 2720; x_wconf 81' lang='lat' dir='ltr'>nequeam</span> <span class='ocrx_word' id='word_1_363' title='bbox 831 2667 843 2717; x_wconf 91' lang='lat'><strong>;</strong></span> <span class='ocrx_word' id='word_1_364' title='bbox 865 2665 1035 2720; x_wconf 82' lang='lat' dir='ltr'>quam</span> <span class='ocrx_word' id='word_1_365' title='bbox 1056 2652 1469 2707; x_wconf 77' lang='lat' dir='ltr'>excusationem</span> <span class='ocrx_word' id='word_1_366' title='bbox 1488 2653 1770 2707; x_wconf 83' lang='lat' dir='ltr'>levissimo</span> <span class='ocrx_word' id='word_1_367' title='bbox 1789 2652 1993 2706; x_wconf 84' lang='lat' dir='ltr'>delevit</span> <span class='ocrx_word' id='word_1_368' title='bbox 2074 2656 2293 2705; x_wconf 84' lang='lat' dir='ltr'>merent</span> <span class='ocrx_word' id='word_1_369' title='bbox 2311 2651 2586 2716; x_wconf 87' lang='lat' dir='ltr'>omnes,id</span> <span class='ocrx_word' id='word_1_370' title='bbox 2610 2656 2695 2704; x_wconf 85' lang='lat' dir='ltr'>est</span> <span class='ocrx_word' id='word_1_371' title='bbox 2721 2649 3257 2707; x_wconf 78' lang='lat' dir='ltr'>cimumstanbcs.Ex</span> <span class='ocrx_word' id='word_1_372' title='bbox 3276 2647 3475 2719; x_wconf 85' lang='lat' dir='ltr'>quibus</span> <span class='ocrx_word' id='word_1_373' title='bbox 3495 2643 3648 2700; x_wconf 88' lang='lat' dir='ltr'>omni-</span> 
     </span>
    </p>
   </div>
   <div class='ocr_carea' id='block_1_27' title="bbox 395 2737 3649 2814">
    <p class='ocr_par' dir='ltr' id='par_1_27' title="bbox 395 2737 3649 2814">
     <span class='ocr_line' id='line_1_27' title="bbox 395 2737 3649 2814; baseline -0.001 -23"><span class='ocrx_word' id='word_1_374' title='bbox 395 2737 833 2809; x_wconf 55' lang='lat' dir='ltr'>prmceptoﬁum</span> <span class='ocrx_word' id='word_1_375' title='bbox 865 2740 1117 2795; x_wconf 85' lang='lat' dir='ltr'>insinuat</span> <span class='ocrx_word' id='word_1_376' title='bbox 1140 2742 1371 2796; x_wconf 82' lang='lat' dir='ltr'>calicem</span> <span class='ocrx_word' id='word_1_377' title='bbox 1399 2757 1558 2813; x_wconf 67' lang='lat' dir='ltr'>aqua;</span> <span class='ocrx_word' id='word_1_378' title='bbox 1572 2742 1790 2813; x_wconf 65' lang='lat' dir='ltr'>frigidae</span> <span class='ocrx_word' id='word_1_379' title='bbox 1807 2758 1992 2814; x_wconf 85' lang='lat' dir='ltr'>prom-</span> <span class='ocrx_word' id='word_1_380' title='bbox 2074 2739 2177 2793; x_wconf 89' lang='lat' dir='ltr'>bus</span> <span class='ocrx_word' id='word_1_381' title='bbox 2197 2740 2333 2793; x_wconf 89' lang='lat' dir='ltr'>satis</span> <span class='ocrx_word' id='word_1_382' title='bbox 2360 2740 2642 2810; x_wconf 84' lang='lat' dir='ltr'>colligitur</span> <span class='ocrx_word' id='word_1_383' title='bbox 2662 2755 2775 2793; x_wconf 92' lang='lat' dir='ltr'>non</span> <span class='ocrx_word' id='word_1_384' title='bbox 2804 2756 2934 2793; x_wconf 90' lang='lat' dir='ltr'>eum</span> <span class='ocrx_word' id='word_1_385' title='bbox 2951 2739 3262 2809; x_wconf 84' lang='lat' dir='ltr'>ignorasse,</span> <span class='ocrx_word' id='word_1_386' title='bbox 3287 2753 3450 2809; x_wconf 91' lang='lat' dir='ltr'>quem</span> <span class='ocrx_word' id='word_1_387' title='bbox 3481 2740 3649 2789; x_wconf 84' lang='lat' dir='ltr'>ventu-</span> 
     </span>
    </p>
   </div>
   <div class='ocr_carea' id='block_1_28' title="bbox 394 2823 3645 2901">
    <p class='ocr_par' dir='ltr' id='par_1_28' title="bbox 394 2823 3645 2901">
     <span class='ocr_line' id='line_1_28' title="bbox 394 2823 3645 2901; baseline -0.001 -20"><span class='ocrx_word' id='word_1_388' title='bbox 394 2823 651 2898; x_wconf 80' lang='lat' dir='ltr'>ptissimo</span> <span class='ocrx_word' id='word_1_389' title='bbox 682 2828 1079 2900; x_wconf 84' lang='lat' dir='ltr'>porrigendum</span> <span class='ocrx_word' id='word_1_390' title='bbox 1101 2831 1308 2885; x_wconf 78' lang='lat' dir='ltr'>animo.</span> <span class='ocrx_word' id='word_1_391' title='bbox 1344 2832 1487 2886; x_wconf 85' lang='lat' dir='ltr'>Hinc</span> <span class='ocrx_word' id='word_1_392' title='bbox 1516 2847 1739 2901; x_wconf 90' lang='lat' dir='ltr'>quoque</span> <span class='ocrx_word' id='word_1_393' title='bbox 1777 2831 1992 2901; x_wconf 62' lang='lat' dir='ltr'>frigidae</span> <span class='ocrx_word' id='word_1_394' title='bbox 2075 2842 2201 2882; x_wconf 89' lang='lat' dir='ltr'>rum</span> <span class='ocrx_word' id='word_1_395' title='bbox 2215 2829 2461 2899; x_wconf 86' lang='lat' dir='ltr'>prius,ut</span> <span class='ocrx_word' id='word_1_396' title='bbox 2475 2834 2654 2898; x_wconf 71' lang='lat' dir='ltr'>praeco</span> <span class='ocrx_word' id='word_1_397' title='bbox 2670 2827 3453 2895; x_wconf 81' lang='lat' dir='ltr'>nuntiarat;advenienten1et</span> <span class='ocrx_word' id='word_1_398' title='bbox 3464 2823 3645 2879; x_wconf 85' lang='lat' dir='ltr'>consis-</span> 
     </span>
    </p>
   </div>
   <div class='ocr_carea' id='block_1_29' title="bbox 392 2910 3644 2991">
    <p class='ocr_par' dir='ltr' id='par_1_29' title="bbox 392 2910 3644 2991">
     <span class='ocr_line' id='line_1_29' title="bbox 392 2910 3644 2991; baseline -0.002 -21"><span class='ocrx_word' id='word_1_399' title='bbox 392 2910 548 2984; x_wconf 77' lang='lat' dir='ltr'>dicit,</span> <span class='ocrx_word' id='word_1_400' title='bbox 586 2922 644 2971; x_wconf 85' lang='lat' dir='ltr'>et</span> <span class='ocrx_word' id='word_1_401' title='bbox 667 2931 781 2971; x_wconf 88' lang='lat' dir='ltr'>non</span> <span class='ocrx_word' id='word_1_402' title='bbox 809 2918 1022 2985; x_wconf 64' lang='lat' dir='ltr'>calidis,</span> <span class='ocrx_word' id='word_1_403' title='bbox 1054 2920 1190 2990; x_wconf 87' lang='lat' dir='ltr'>quia</span> <span class='ocrx_word' id='word_1_404' title='bbox 1218 2916 1276 2974; x_wconf 88' lang='lat' dir='ltr'>in</span> <span class='ocrx_word' id='word_1_405' title='bbox 1304 2920 1487 2974; x_wconf 86' lang='lat' dir='ltr'>calida</span> <span class='ocrx_word' id='word_1_406' title='bbox 1509 2920 1762 2975; x_wconf 85' lang='lat' dir='ltr'>fortassis</span> <span class='ocrx_word' id='word_1_407' title='bbox 1802 2921 1995 2991; x_wconf 87' lang='lat' dir='ltr'>aliqua</span> <span class='ocrx_word' id='word_1_408' title='bbox 2073 2923 2288 2973; x_wconf 89' lang='lat' dir='ltr'>tentem</span> <span class='ocrx_word' id='word_1_409' title='bbox 2312 2918 2459 2972; x_wconf 87' lang='lat' dir='ltr'>inter</span> <span class='ocrx_word' id='word_1_410' title='bbox 2472 2917 2667 2972; x_wconf 88' lang='lat' dir='ltr'>turbas</span> <span class='ocrx_word' id='word_1_411' title='bbox 2687 2923 2751 2972; x_wconf 88' lang='lat' dir='ltr'>ut</span> <span class='ocrx_word' id='word_1_412' title='bbox 2769 2918 3042 2988; x_wconf 86' lang='lat' dir='ltr'>propheta</span> <span class='ocrx_word' id='word_1_413' title='bbox 3059 2921 3386 2987; x_wconf 79' lang='lat' dir='ltr'>agnoverat,</span> <span class='ocrx_word' id='word_1_414' title='bbox 3406 2912 3644 2975; x_wconf 86' lang='lat' dir='ltr'>ostendit;</span> 
     </span>
    </p>
   </div>
   <div class='ocr_carea' id='block_1_30' title="bbox 393 3004 3647 3079">
    <p class='ocr_par' dir='ltr' id='par_1_30' title="bbox 393 3004 3647 3079">
     <span class='ocr_line' id='line_1_30' title="bbox 393 3004 3647 3079; baseline -0.001 -21"><span class='ocrx_word' id='word_1_415' title='bbox 393 3006 679 3060; x_wconf 70' lang='lat' dir='ltr'>excusatio</span> <span class='ocrx_word' id='word_1_416' title='bbox 732 3020 855 3062; x_wconf 84' lang='lat' dir='ltr'>esse</span> <span class='ocrx_word' id='word_1_417' title='bbox 911 3014 1099 3077; x_wconf 88' lang='lat' dir='ltr'>posset</span> <span class='ocrx_word' id='word_1_418' title='bbox 1126 3009 1495 3079; x_wconf 85' lang='lat' dir='ltr'>paupertatis,</span> <span class='ocrx_word' id='word_1_419' title='bbox 1529 3023 1680 3063; x_wconf 87' lang='lat' dir='ltr'>nunc</span> <span class='ocrx_word' id='word_1_420' title='bbox 1711 3013 1901 3063; x_wconf 89' lang='lat' dir='ltr'>autem</span> <span class='ocrx_word' id='word_1_421' title='bbox 1932 3008 1993 3062; x_wconf 90' lang='lat' dir='ltr'>in</span> <span class='ocrx_word' id='word_1_422' title='bbox 2075 3024 2241 3078; x_wconf 89' lang='lat' dir='ltr'>porro</span> <span class='ocrx_word' id='word_1_423' title='bbox 2270 3008 2570 3061; x_wconf 87' lang='lat' dir='ltr'>adeuntem</span> <span class='ocrx_word' id='word_1_424' title='bbox 2597 3012 2661 3061; x_wconf 90' lang='lat' dir='ltr'>ut</span> <span class='ocrx_word' id='word_1_425' title='bbox 2681 3007 2965 3061; x_wconf 87' lang='lat' dir='ltr'>confessor</span> <span class='ocrx_word' id='word_1_426' title='bbox 2993 3012 3295 3061; x_wconf 84' lang='lat' dir='ltr'>veneratus</span> <span class='ocrx_word' id='word_1_427' title='bbox 3314 3010 3417 3072; x_wconf 84' lang='lat' dir='ltr'>est,</span> <span class='ocrx_word' id='word_1_428' title='bbox 3454 3004 3520 3058; x_wconf 89' lang='lat' dir='ltr'>de</span> <span class='ocrx_word' id='word_1_429' title='bbox 3554 3016 3647 3072; x_wconf 89' lang='lat' dir='ltr'>quo</span> 
     </span>
    </p>
   </div>
   <div class='ocr_carea' id='block_1_31' title="bbox 338 3093 3645 3168">
    <p class='ocr_par' dir='ltr' id='par_1_31' title="bbox 338 3093 3645 3168">
     <span class='ocr_line' id='line_1_31' title="bbox 338 3093 3645 3168; baseline -0.001 -22"><span class='ocrx_word' id='word_1_430' title='bbox 338 3116 342 3121; x_wconf 83' lang='lat'><strong>-</strong></span> <span class='ocrx_word' id='word_1_431' title='bbox 394 3093 693 3148; x_wconf 80' lang='lat' dir='ltr'>manifesto</span> <span class='ocrx_word' id='word_1_432' title='bbox 714 3100 819 3161; x_wconf 82' lang='lat' dir='ltr'>est,</span> <span class='ocrx_word' id='word_1_433' title='bbox 834 3096 1057 3166; x_wconf 85' lang='lat' dir='ltr'>quodin</span> <span class='ocrx_word' id='word_1_434' title='bbox 1079 3097 1234 3151; x_wconf 90' lang='lat' dir='ltr'>nullo</span> <span class='ocrx_word' id='word_1_435' title='bbox 1255 3098 1504 3151; x_wconf 62' lang='lat' dir='ltr'>exarsuri</span> <span class='ocrx_word' id='word_1_436' title='bbox 1535 3102 1721 3168; x_wconf 84' lang='lat' dir='ltr'>potest</span> <span class='ocrx_word' id='word_1_437' title='bbox 1747 3097 1993 3152; x_wconf 81' lang='lat' dir='ltr'>ofﬁcium</span> <span class='ocrx_word' id='word_1_438' title='bbox 2023 3166 2040 3168; x_wconf 89' lang='lat'><em>_</em></span> <span class='ocrx_word' id='word_1_439' title='bbox 2074 3097 2328 3150; x_wconf 81' lang='lat' dir='ltr'>dixerat:</span> <span class='ocrx_word' id='word_1_440' title='bbox 2360 3100 2481 3151; x_wconf 77' lang='lat' dir='ltr'>Post</span> <span class='ocrx_word' id='word_1_441' title='bbox 2514 3114 2599 3150; x_wconf 88' lang='lat' dir='ltr'>me</span> <span class='ocrx_word' id='word_1_442' title='bbox 2624 3100 2771 3151; x_wconf 77' lang='lat' dir='ltr'>venit</span> <span class='ocrx_word' id='word_1_443' title='bbox 2802 3099 2910 3162; x_wconf 76' lang='lat' dir='ltr'>vir,</span> <span class='ocrx_word' id='word_1_444' title='bbox 2941 3100 3042 3165; x_wconf 82' lang='lat' dir='ltr'>qui</span> <span class='ocrx_word' id='word_1_445' title='bbox 3077 3102 3204 3150; x_wconf 84' lang='lat' dir='ltr'>ante</span> <span class='ocrx_word' id='word_1_446' title='bbox 3223 3113 3316 3150; x_wconf 83' lang='lat' dir='ltr'>me</span> <span class='ocrx_word' id='word_1_447' title='bbox 3346 3097 3521 3163; x_wconf 80' lang='lat' dir='ltr'>factus</span> <span class='ocrx_word' id='word_1_448' title='bbox 3566 3094 3645 3155; x_wconf 83' lang='lat' dir='ltr'>est,</span> 
     </span>
    </p>
   </div>
   <div class='ocr_carea' id='block_1_32' title="bbox 393 3166 3647 3256">
    <p class='ocr_par' dir='ltr' id='par_1_32' title="bbox 393 3166 3647 3256">
     <span class='ocr_line' id='line_1_32' title="bbox 393 3166 3647 3256; baseline -0.001 -21"><span class='ocrx_word' id='word_1_449' title='bbox 393 3180 794 3238; x_wconf 67' lang='lat' dir='ltr'>benevolentiae</span> <span class='ocrx_word' id='word_1_450' title='bbox 815 3189 873 3237; x_wconf 91' lang='lat' dir='ltr'>et</span> <span class='ocrx_word' id='word_1_451' title='bbox 886 3186 1130 3256; x_wconf 85' lang='lat' dir='ltr'>pietatis.</span> <span class='ocrx_word' id='word_1_452' title='bbox 1158 3185 1305 3250; x_wconf 87' lang='lat' dir='ltr'>Quia</span> <span class='ocrx_word' id='word_1_453' title='bbox 1331 3188 1470 3240; x_wconf 82' lang='lat' dir='ltr'>Deus</span> <span class='ocrx_word' id='word_1_454' title='bbox 1491 3166 1601 3240; x_wconf 75' lang='lat' dir='ltr'>non</span> <span class='ocrx_word' id='word_1_455' title='bbox 1617 3189 1916 3254; x_wconf 75' lang='lat' dir='ltr'>irridetur,</span> <span class='ocrx_word' id='word_1_456' title='bbox 1944 3191 1992 3240; x_wconf 82' lang='lat' dir='ltr'>et</span> <span class='ocrx_word' id='word_1_457' title='bbox 2009 3166 2053 3227; x_wconf 70' lang='grc' dir='ltr'>α</span> <span class='ocrx_word' id='word_1_458' title='bbox 2076 3189 2232 3254; x_wconf 82' lang='lat' dir='ltr'>cujus</span> <span class='ocrx_word' id='word_1_459' title='bbox 2246 3202 2357 3240; x_wconf 85' lang='lat' dir='ltr'>non</span> <span class='ocrx_word' id='word_1_460' title='bbox 2381 3203 2507 3240; x_wconf 89' lang='lat' dir='ltr'>sum</span> <span class='ocrx_word' id='word_1_461' title='bbox 2532 3188 2735 3253; x_wconf 82' lang='lat' dir='ltr'>dignus</span> <span class='ocrx_word' id='word_1_462' title='bbox 2764 3188 3067 3253; x_wconf 78' lang='lat' dir='ltr'>corrigiam</span> <span class='ocrx_word' id='word_1_463' title='bbox 3096 3186 3454 3239; x_wconf 82' lang='lat' dir='ltr'>calceamenti</span> <span class='ocrx_word' id='word_1_464' title='bbox 3469 3184 3647 3236; x_wconf 79' lang='lat' dir='ltr'>solvere</span> 
     </span>
    </p>
   </div>
   <div class='ocr_carea' id='block_1_33' title="bbox 395 3270 3648 3346">
    <p class='ocr_par' dir='ltr' id='par_1_33' title="bbox 395 3270 3648 3346">
     <span class='ocr_line' id='line_1_33' title="bbox 395 3270 3648 3346; baseline -0.002 -20"><span class='ocrx_word' id='word_1_465' title='bbox 395 3278 733 3341; x_wconf 62' lang='lat' dir='ltr'>quacunque</span> <span class='ocrx_word' id='word_1_466' title='bbox 749 3276 1110 3329; x_wconf 75' lang='lat' dir='ltr'>seminaverit</span> <span class='ocrx_word' id='word_1_467' title='bbox 1135 3275 1312 3341; x_wconf 87' lang='lat' dir='ltr'>homo,</span> <span class='ocrx_word' id='word_1_468' title='bbox 1344 3276 1452 3329; x_wconf 62' lang='lat' dir='ltr'>hac</span> <span class='ocrx_word' id='word_1_469' title='bbox 1473 3280 1522 3329; x_wconf 81' lang='lat' dir='ltr'>et</span> <span class='ocrx_word' id='word_1_470' title='bbox 1549 3276 1710 3330; x_wconf 83' lang='lat' dir='ltr'>metet</span> <span class='ocrx_word' id='word_1_471' title='bbox 1733 3276 1875 3346; x_wconf 79' lang='lat' dir='ltr'>(Gal.</span> <span class='ocrx_word' id='word_1_472' title='bbox 1917 3292 1988 3342; x_wconf 72' lang='lat' dir='ltr'>vr,</span> <span class='ocrx_word' id='word_1_473' title='bbox 2073 3277 2255 3344; x_wconf 85' lang='lat' dir='ltr'>(Joan.</span> <span class='ocrx_word' id='word_1_474' title='bbox 2289 3290 2332 3343; x_wconf 77' lang='grc' dir='ltr'>Ι,</span> <span class='ocrx_word' id='word_1_475' title='bbox 2354 3274 2467 3345; x_wconf 83' lang='lat'>‘27).</span> <span class='ocrx_word' id='word_1_476' title='bbox 2498 3275 2659 3330; x_wconf 90' lang='lat' dir='ltr'>Unde</span> <span class='ocrx_word' id='word_1_477' title='bbox 2678 3275 2851 3345; x_wconf 87' lang='lat' dir='ltr'>igitur</span> <span class='ocrx_word' id='word_1_478' title='bbox 2878 3279 2993 3328; x_wconf 87' lang='lat' dir='ltr'>tam</span> <span class='ocrx_word' id='word_1_479' title='bbox 3012 3274 3332 3329; x_wconf 78' lang='lat' dir='ltr'>abundanti</span> <span class='ocrx_word' id='word_1_480' title='bbox 3361 3275 3478 3344; x_wconf 69' lang='lat' dir='ltr'>eius</span> <span class='ocrx_word' id='word_1_481' title='bbox 3494 3270 3648 3325; x_wconf 86' lang='lat' dir='ltr'>scien-</span> 
     </span>
    </p>
   </div>
   <div class='ocr_carea' id='block_1_34' title="bbox 395 3352 3644 3435">
    <p class='ocr_par' dir='ltr' id='par_1_34' title="bbox 395 3352 3644 3435">
     <span class='ocr_line' id='line_1_34' title="bbox 395 3352 3644 3435; baseline -0.002 -19"><span class='ocrx_word' id='word_1_482' title='bbox 395 3352 628 3430; x_wconf 76' lang='lat' dir='ltr'>7).Mira</span> <span class='ocrx_word' id='word_1_483' title='bbox 647 3362 1048 3433; x_wconf 86' lang='lat' dir='ltr'>omnipotentis</span> <span class='ocrx_word' id='word_1_484' title='bbox 1078 3361 1178 3417; x_wconf 88' lang='lat' dir='ltr'>Dei</span> <span class='ocrx_word' id='word_1_485' title='bbox 1199 3364 1456 3418; x_wconf 89' lang='lat' dir='ltr'>doctrina</span> <span class='ocrx_word' id='word_1_486' title='bbox 1475 3365 1556 3419; x_wconf 90' lang='lat' dir='ltr'>sic</span> <span class='ocrx_word' id='word_1_487' title='bbox 1574 3363 1765 3419; x_wconf 89' lang='lat' dir='ltr'>omnia</span> <span class='ocrx_word' id='word_1_488' title='bbox 1800 3381 1993 3435; x_wconf 85' lang='lat' dir='ltr'>perse-</span> <span class='ocrx_word' id='word_1_489' title='bbox 2073 3363 2165 3418; x_wconf 86' lang='lat' dir='ltr'>tiae</span> <span class='ocrx_word' id='word_1_490' title='bbox 2186 3381 2344 3418; x_wconf 91' lang='lat' dir='ltr'>error</span> <span class='ocrx_word' id='word_1_491' title='bbox 2372 3364 2638 3435; x_wconf 85' lang='lat' dir='ltr'>obrepsit,</span> <span class='ocrx_word' id='word_1_492' title='bbox 2660 3369 2724 3418; x_wconf 91' lang='lat' dir='ltr'>ut</span> <span class='ocrx_word' id='word_1_493' title='bbox 2740 3364 2980 3417; x_wconf 81' lang='lat' dir='ltr'>nesciret</span> <span class='ocrx_word' id='word_1_494' title='bbox 2997 3379 3163 3434; x_wconf 89' lang='lat' dir='ltr'>quem</span> <span class='ocrx_word' id='word_1_495' title='bbox 3185 3368 3271 3417; x_wconf 83' lang='lat' dir='ltr'>tot</span> <span class='ocrx_word' id='word_1_496' title='bbox 3298 3361 3529 3424; x_wconf 88' lang='lat' dir='ltr'>indiciis,</span> <span class='ocrx_word' id='word_1_497' title='bbox 3557 3358 3644 3411; x_wconf 89' lang='lat' dir='ltr'>do-</span> 
     </span>
    </p>
   </div>
   <div class='ocr_carea' id='block_1_35' title="bbox 391 3446 3645 3525">
    <p class='ocr_par' dir='ltr' id='par_1_35' title="bbox 391 3446 3645 3525">
     <span class='ocr_line' id='line_1_35' title="bbox 391 3446 3645 3525; baseline -0.002 -21"><span class='ocrx_word' id='word_1_498' title='bbox 391 3449 609 3519; x_wconf 77' lang='lat' dir='ltr'>quitur,</span> <span class='ocrx_word' id='word_1_499' title='bbox 640 3451 960 3507; x_wconf 87' lang='lat' dir='ltr'>utinnnllo</span> <span class='ocrx_word' id='word_1_500' title='bbox 990 3450 1361 3507; x_wconf 83' lang='lat' dir='ltr'>defraudetur</span> <span class='ocrx_word' id='word_1_501' title='bbox 1384 3468 1598 3507; x_wconf 87' lang='lat' dir='ltr'>merces</span> <span class='ocrx_word' id='word_1_502' title='bbox 1629 3453 1761 3508; x_wconf 86' lang='lat' dir='ltr'>boni</span> <span class='ocrx_word' id='word_1_503' title='bbox 1783 3455 1987 3525; x_wconf 90' lang='lat' dir='ltr'>operis,</span> <span class='ocrx_word' id='word_1_504' title='bbox 2076 3458 2236 3506; x_wconf 84' lang='lat' dir='ltr'>conte</span> <span class='ocrx_word' id='word_1_505' title='bbox 2278 3454 2431 3507; x_wconf 91' lang='lat' dir='ltr'>intus</span> <span class='ocrx_word' id='word_1_506' title='bbox 2475 3454 2688 3523; x_wconf 82' lang='lat' dir='ltr'>Spiritu</span> <span class='ocrx_word' id='word_1_507' title='bbox 2733 3458 2925 3507; x_wconf 90' lang='lat' dir='ltr'>sancto</span> <span class='ocrx_word' id='word_1_508' title='bbox 2969 3452 3249 3522; x_wconf 84' lang='lat' dir='ltr'>cognovit,</span> <span class='ocrx_word' id='word_1_509' title='bbox 3290 3456 3347 3507; x_wconf 88' lang='lat' dir='ltr'>et</span> <span class='ocrx_word' id='word_1_510' title='bbox 3383 3446 3645 3523; x_wconf 68' lang='lat' dir='ltr'>praeconiis</span> 
     </span>
    </p>
   </div>
   <div class='ocr_carea' id='block_1_36' title="bbox 397 3538 3648 3613">
    <p class='ocr_par' dir='ltr' id='par_1_36' title="bbox 397 3538 3648 3613">
     <span class='ocr_line' id='line_1_36' title="bbox 397 3538 3648 3613; baseline -0.001 -21"><span class='ocrx_word' id='word_1_511' title='bbox 397 3538 459 3592; x_wconf 82' lang='lat' dir='ltr'>in</span> <span class='ocrx_word' id='word_1_512' title='bbox 486 3539 643 3593; x_wconf 86' lang='lat' dir='ltr'>nullo</span> <span class='ocrx_word' id='word_1_513' title='bbox 666 3540 948 3595; x_wconf 77' lang='lat' dir='ltr'>excusatio</span> <span class='ocrx_word' id='word_1_514' title='bbox 978 3540 1184 3596; x_wconf 86' lang='lat' dir='ltr'>habeat</span> <span class='ocrx_word' id='word_1_515' title='bbox 1212 3542 1395 3596; x_wconf 89' lang='lat' dir='ltr'>locum</span> <span class='ocrx_word' id='word_1_516' title='bbox 1427 3542 1912 3613; x_wconf 84' lang='lat' dir='ltr'>impossibilitatis,</span> <span class='ocrx_word' id='word_1_517' title='bbox 1947 3544 1994 3598; x_wconf 91' lang='lat' dir='ltr'>si</span> <span class='ocrx_word' id='word_1_518' title='bbox 2078 3543 2411 3597; x_wconf 81' lang='lat' dir='ltr'>declaravit:</span> <span class='ocrx_word' id='word_1_519' title='bbox 2444 3542 2553 3595; x_wconf 88' lang='lat' dir='ltr'>nisi</span> <span class='ocrx_word' id='word_1_520' title='bbox 2579 3542 2721 3596; x_wconf 87' lang='lat' dir='ltr'>forte</span> <span class='ocrx_word' id='word_1_521' title='bbox 2753 3542 2955 3612; x_wconf 88' lang='lat' dir='ltr'>spiritu</span> <span class='ocrx_word' id='word_1_522' title='bbox 2974 3541 3287 3612; x_wconf 67' lang='lat' dir='ltr'>prophetiae</span> <span class='ocrx_word' id='word_1_523' title='bbox 3315 3558 3379 3595; x_wconf 83' lang='lat' dir='ltr'>ex</span> <span class='ocrx_word' id='word_1_524' title='bbox 3408 3543 3556 3611; x_wconf 89' lang='lat' dir='ltr'>parte</span> <span class='ocrx_word' id='word_1_525' title='bbox 3578 3541 3648 3589; x_wconf 86' lang='lat' dir='ltr'>ta-</span> 
     </span>
    </p>
   </div>
   <div class='ocr_carea' id='block_1_37' title="bbox 400 3624 3646 3703">
    <p class='ocr_par' dir='ltr' id='par_1_37' title="bbox 400 3624 3646 3703">
     <span class='ocr_line' id='line_1_37' title="bbox 400 3624 3646 3703; baseline -0.002 -21"><span class='ocrx_word' id='word_1_526' title='bbox 400 3638 514 3683; x_wconf 84' lang='lat' dir='ltr'>non</span> <span class='ocrx_word' id='word_1_527' title='bbox 533 3629 702 3683; x_wconf 81' lang='lat' dir='ltr'>fuerit</span> <span class='ocrx_word' id='word_1_528' title='bbox 730 3631 1012 3700; x_wconf 65' lang='lat' dir='ltr'>praestitus</span> <span class='ocrx_word' id='word_1_529' title='bbox 1040 3632 1220 3685; x_wconf 87' lang='lat' dir='ltr'>honor</span> <span class='ocrx_word' id='word_1_530' title='bbox 1246 3631 1460 3685; x_wconf 90' lang='lat' dir='ltr'>nomini</span> <span class='ocrx_word' id='word_1_531' title='bbox 1491 3632 1749 3703; x_wconf 84' lang='lat' dir='ltr'>discipuli</span> <span class='ocrx_word' id='word_1_532' title='bbox 1784 3633 1995 3687; x_wconf 87' lang='lat' dir='ltr'>Christi</span> <span class='ocrx_word' id='word_1_533' title='bbox 2077 3638 2199 3685; x_wconf 88' lang='lat' dir='ltr'>ctus</span> <span class='ocrx_word' id='word_1_534' title='bbox 2229 3631 2351 3699; x_wconf 83' lang='lat' dir='ltr'>fuit,</span> <span class='ocrx_word' id='word_1_535' title='bbox 2384 3641 2448 3685; x_wconf 90' lang='lat' dir='ltr'>ut</span> <span class='ocrx_word' id='word_1_536' title='bbox 2475 3646 2605 3686; x_wconf 90' lang='lat' dir='ltr'>eum</span> <span class='ocrx_word' id='word_1_537' title='bbox 2630 3631 2731 3685; x_wconf 85' lang='lat' dir='ltr'>Dei</span> <span class='ocrx_word' id='word_1_538' title='bbox 2760 3632 2963 3685; x_wconf 87' lang='lat' dir='ltr'>Filium</span> <span class='ocrx_word' id='word_1_539' title='bbox 2983 3631 3168 3697; x_wconf 86' lang='lat' dir='ltr'>sciret,</span> <span class='ocrx_word' id='word_1_540' title='bbox 3199 3636 3257 3685; x_wconf 90' lang='lat' dir='ltr'>et</span> <span class='ocrx_word' id='word_1_541' title='bbox 3279 3630 3455 3685; x_wconf 87' lang='lat' dir='ltr'>multa</span> <span class='ocrx_word' id='word_1_542' title='bbox 3481 3628 3544 3681; x_wconf 90' lang='lat' dir='ltr'>de</span> <span class='ocrx_word' id='word_1_543' title='bbox 3566 3624 3646 3679; x_wconf 91' lang='lat' dir='ltr'>illo</span> 
     </span>
    </p>
   </div>
   <div class='ocr_carea' id='block_1_38' title="bbox 400 3714 3646 3792">
    <p class='ocr_par' dir='ltr' id='par_1_38' title="bbox 400 3714 3646 3792">
     <span class='ocr_line' id='line_1_38' title="bbox 400 3714 3646 3792; baseline -0.002 -21"><span class='ocrx_word' id='word_1_544' title='bbox 400 3719 654 3789; x_wconf 76' lang='lat' dir='ltr'>quamvis</span> <span class='ocrx_word' id='word_1_545' title='bbox 682 3719 921 3773; x_wconf 88' lang='lat' dir='ltr'>minimi.</span> <span class='ocrx_word' id='word_1_546' title='bbox 953 3720 1097 3784; x_wconf 84' lang='lat' dir='ltr'>Quia</span> <span class='ocrx_word' id='word_1_547' title='bbox 1150 3714 1355 3792; x_wconf 86' lang='lat' dir='ltr'>probra</span> <span class='ocrx_word' id='word_1_548' title='bbox 1386 3721 1455 3775; x_wconf 87' lang='lat' dir='ltr'>de</span> <span class='ocrx_word' id='word_1_549' title='bbox 1485 3738 1545 3776; x_wconf 84' lang='lat' dir='ltr'>se</span> <span class='ocrx_word' id='word_1_550' title='bbox 1585 3722 1849 3788; x_wconf 87' lang='lat' dir='ltr'>fallentis,</span> <span class='ocrx_word' id='word_1_551' title='bbox 1882 3738 1995 3776; x_wconf 92' lang='lat' dir='ltr'>non</span> <span class='ocrx_word' id='word_1_552' title='bbox 2078 3721 2355 3787; x_wconf 89' lang='lat' dir='ltr'>nesciret;</span> <span class='ocrx_word' id='word_1_553' title='bbox 2393 3725 2450 3774; x_wconf 89' lang='lat' dir='ltr'>et</span> <span class='ocrx_word' id='word_1_554' title='bbox 2464 3727 2622 3790; x_wconf 87' lang='lat' dir='ltr'>parte</span> <span class='ocrx_word' id='word_1_555' title='bbox 2653 3737 2782 3774; x_wconf 81' lang='lat' dir='ltr'>vero</span> <span class='ocrx_word' id='word_1_556' title='bbox 2802 3720 3044 3775; x_wconf 88' lang='lat' dir='ltr'>necdum</span> <span class='ocrx_word' id='word_1_557' title='bbox 3070 3725 3251 3774; x_wconf 86' lang='lat' dir='ltr'>tactus</span> <span class='ocrx_word' id='word_1_558' title='bbox 3285 3724 3428 3782; x_wconf 88' lang='lat' dir='ltr'>erat,</span> <span class='ocrx_word' id='word_1_559' title='bbox 3459 3725 3512 3771; x_wconf 88' lang='lat' dir='ltr'>et</span> <span class='ocrx_word' id='word_1_560' title='bbox 3539 3714 3646 3769; x_wconf 89' lang='lat' dir='ltr'>ideo</span> 
     </span>
    </p>
   </div>
   <div class='ocr_carea' id='block_1_39' title="bbox 399 3802 3644 3881">
    <p class='ocr_par' dir='ltr' id='par_1_39' title="bbox 399 3802 3644 3881">
     <span class='ocr_line' id='line_1_39' title="bbox 399 3802 3644 3881; baseline -0.002 -20"><span class='ocrx_word' id='word_1_561' title='bbox 399 3807 613 3863; x_wconf 66' lang='lat' dir='ltr'>laedunt</span> <span class='ocrx_word' id='word_1_562' title='bbox 639 3808 839 3862; x_wconf 75' lang='lat' dir='ltr'>officiis</span> <span class='ocrx_word' id='word_1_563' title='bbox 859 3808 948 3879; x_wconf 89' lang='lat' dir='ltr'>pie</span> <span class='ocrx_word' id='word_1_564' title='bbox 967 3808 1324 3881; x_wconf 87' lang='lat' dir='ltr'>obsequentis</span> <span class='ocrx_word' id='word_1_565' title='bbox 1346 3829 1359 3877; x_wconf 83' lang='lat'><strong>;</strong></span> <span class='ocrx_word' id='word_1_566' title='bbox 1385 3825 1514 3865; x_wconf 88' lang='lat' dir='ltr'>cum</span> <span class='ocrx_word' id='word_1_567' title='bbox 1562 3824 1776 3866; x_wconf 87' lang='lat' dir='ltr'>merces</span> <span class='ocrx_word' id='word_1_568' title='bbox 1804 3826 1998 3865; x_wconf 90' lang='lat' dir='ltr'>secun-</span> <span class='ocrx_word' id='word_1_569' title='bbox 2078 3810 2147 3862; x_wconf 89' lang='lat' dir='ltr'>de</span> <span class='ocrx_word' id='word_1_570' title='bbox 2185 3809 2279 3862; x_wconf 92' lang='lat' dir='ltr'>illo</span> <span class='ocrx_word' id='word_1_571' title='bbox 2310 3809 2550 3863; x_wconf 81' lang='lat' dir='ltr'>ﬁdeliter</span> <span class='ocrx_word' id='word_1_572' title='bbox 2575 3810 2891 3880; x_wconf 84' lang='lat' dir='ltr'>interrogat</span> <span class='ocrx_word' id='word_1_573' title='bbox 2919 3810 3191 3864; x_wconf 89' lang='lat' dir='ltr'>nonnulla</span> <span class='ocrx_word' id='word_1_574' title='bbox 3219 3826 3346 3880; x_wconf 63' lang='lat' dir='ltr'>quae</span> <span class='ocrx_word' id='word_1_575' title='bbox 3370 3802 3644 3863; x_wconf 65' lang='lat' dir='ltr'>aeaciebat.</span> 
     </span>
    </p>
   </div>
   <div class='ocr_carea' id='block_1_40' title="bbox 396 3896 3649 3971">
    <p class='ocr_par' dir='ltr' id='par_1_40' title="bbox 396 3896 3649 3971">
     <span class='ocr_line' id='line_1_40' title="bbox 396 3896 3649 3971; baseline -0.002 -21"><span class='ocrx_word' id='word_1_576' title='bbox 396 3896 535 3951; x_wconf 85' lang='lat' dir='ltr'>dum</span> <span class='ocrx_word' id='word_1_577' title='bbox 564 3898 751 3953; x_wconf 88' lang='lat' dir='ltr'>dantis</span> <span class='ocrx_word' id='word_1_578' title='bbox 779 3899 947 3952; x_wconf 82' lang='lat' dir='ltr'>fidem</span> <span class='ocrx_word' id='word_1_579' title='bbox 976 3904 1438 3971; x_wconf 83' lang='lat' dir='ltr'>recompensatur</span> <span class='ocrx_word' id='word_1_580' title='bbox 1480 3915 1515 3953; x_wconf 88' lang='lat' dir='ltr'>a</span> <span class='ocrx_word' id='word_1_581' title='bbox 1542 3901 1870 3965; x_wconf 88' lang='lat' dir='ltr'>Domino,et</span> <span class='ocrx_word' id='word_1_582' title='bbox 1886 3916 1996 3954; x_wconf 91' lang='lat' dir='ltr'>non</span> <span class='ocrx_word' id='word_1_583' title='bbox 2079 3898 2333 3968; x_wconf 83' lang='lat' dir='ltr'>Hincque</span> <span class='ocrx_word' id='word_1_584' title='bbox 2362 3898 2651 3968; x_wconf 86' lang='lat' dir='ltr'>signanter</span> <span class='ocrx_word' id='word_1_585' title='bbox 2677 3899 2792 3953; x_wconf 87' lang='lat' dir='ltr'>ait:</span> <span class='ocrx_word' id='word_1_586' title='bbox 2831 3901 2908 3953; x_wconf 85' lang='lat' dir='ltr'>Tu</span> <span class='ocrx_word' id='word_1_587' title='bbox 2931 3915 2983 3953; x_wconf 86' lang='lat' dir='ltr'>es</span> <span class='ocrx_word' id='word_1_588' title='bbox 3009 3901 3110 3966; x_wconf 84' lang='lat' dir='ltr'>qui</span> <span class='ocrx_word' id='word_1_589' title='bbox 3128 3904 3398 3953; x_wconf 79' lang='lat' dir='ltr'>venturus</span> <span class='ocrx_word' id='word_1_590' title='bbox 3412 3898 3539 3959; x_wconf 85' lang='lat' dir='ltr'>es,et</span> <span class='ocrx_word' id='word_1_591' title='bbox 3554 3906 3649 3946; x_wconf 91' lang='lat' dir='ltr'>non</span> 
     </span>
    </p>
   </div>
   <div class='ocr_carea' id='block_1_41' title="bbox 347 3982 3649 4060">
    <p class='ocr_par' dir='ltr' id='par_1_41' title="bbox 347 3982 3649 4060">
     <span class='ocr_line' id='line_1_41' title="bbox 347 3982 3649 4060; baseline -0.002 -20"><span class='ocrx_word' id='word_1_592' title='bbox 347 3993 351 3997; x_wconf 84' lang='lat'>&#39;</span> <span class='ocrx_word' id='word_1_593' title='bbox 398 3988 1508 4058; x_wconf 82' lang='lat' dir='ltr'>secundumaccipientismendacium.Et</span> <span class='ocrx_word' id='word_1_594' title='bbox 1520 3991 1830 4044; x_wconf 85' lang='lat' dir='ltr'>notandum</span> <span class='ocrx_word' id='word_1_595' title='bbox 1847 3990 1997 4060; x_wconf 90' lang='lat' dir='ltr'>quod</span> <span class='ocrx_word' id='word_1_596' title='bbox 2078 3988 2176 4053; x_wconf 85' lang='lat' dir='ltr'>ait,</span> <span class='ocrx_word' id='word_1_597' title='bbox 2207 3988 2302 4058; x_wconf 91' lang='lat' dir='ltr'>qui</span> <span class='ocrx_word' id='word_1_598' title='bbox 2328 3988 2549 4041; x_wconf 83' lang='lat' dir='ltr'>venisti.</span> <span class='ocrx_word' id='word_1_599' title='bbox 2583 3989 2710 4043; x_wconf 89' lang='lat' dir='ltr'>Non</span> <span class='ocrx_word' id='word_1_600' title='bbox 2738 3988 2887 4042; x_wconf 90' lang='lat' dir='ltr'>enim</span> <span class='ocrx_word' id='word_1_601' title='bbox 2913 3988 3211 4059; x_wconf 84' lang='lat' dir='ltr'>ignorabat</span> <span class='ocrx_word' id='word_1_602' title='bbox 3240 4005 3302 4041; x_wconf 89' lang='lat' dir='ltr'>se</span> <span class='ocrx_word' id='word_1_603' title='bbox 3329 3986 3436 4055; x_wconf 47' lang='lat' dir='ltr'>.Dei</span> <span class='ocrx_word' id='word_1_604' title='bbox 3471 3982 3649 4039; x_wconf 89' lang='lat' dir='ltr'>Filium</span> 
     </span>
    </p>
   </div>
   <div class='ocr_carea' id='block_1_42' title="bbox 400 4075 3649 4159">
    <p class='ocr_par' dir='ltr' id='par_1_42' title="bbox 400 4075 3649 4159">
     <span class='ocr_line' id='line_1_42' title="bbox 400 4075 3649 4159; baseline -0 -32"><span class='ocrx_word' id='word_1_605' title='bbox 400 4084 503 4144; x_wconf 87' lang='lat' dir='ltr'>per</span> <span class='ocrx_word' id='word_1_606' title='bbox 528 4075 759 4130; x_wconf 88' lang='lat' dir='ltr'>calicem</span> <span class='ocrx_word' id='word_1_607' title='bbox 789 4084 948 4145; x_wconf 69' lang='lat' dir='ltr'>aquae</span> <span class='ocrx_word' id='word_1_608' title='bbox 989 4077 1224 4147; x_wconf 72' lang='lat' dir='ltr'>frigidae,</span> <span class='ocrx_word' id='word_1_609' title='bbox 1265 4094 1379 4132; x_wconf 91' lang='lat' dir='ltr'>non</span> <span class='ocrx_word' id='word_1_610' title='bbox 1426 4079 1619 4132; x_wconf 84' lang='lat' dir='ltr'>inania</span> <span class='ocrx_word' id='word_1_611' title='bbox 1648 4080 1999 4133; x_wconf 85' lang='lat' dir='ltr'>demonstrat</span> <span class='ocrx_word' id='word_1_612' title='bbox 2078 4077 2410 4148; x_wconf 85' lang='lat' dir='ltr'>haptizasse,</span> <span class='ocrx_word' id='word_1_613' title='bbox 2442 4078 2539 4131; x_wconf 90' lang='lat' dir='ltr'>sed</span> <span class='ocrx_word' id='word_1_614' title='bbox 2568 4078 2865 4148; x_wconf 84' lang='lat' dir='ltr'>ignorabat</span> <span class='ocrx_word' id='word_1_615' title='bbox 2898 4079 3060 4145; x_wconf 86' lang='lat' dir='ltr'>forte,</span> <span class='ocrx_word' id='word_1_616' title='bbox 3093 4078 3140 4131; x_wconf 89' lang='lat' dir='ltr'>si</span> <span class='ocrx_word' id='word_1_617' title='bbox 3170 4077 3290 4150; x_wconf 89' lang='lat' dir='ltr'>ipse</span> <span class='ocrx_word' id='word_1_618' title='bbox 3318 4092 3419 4159; x_wconf 87' lang='lat' dir='ltr'>per</span> <span class='ocrx_word' id='word_1_619' title='bbox 3436 4076 3649 4159; x_wconf 65' lang='lat' dir='ltr'>mortem</span> 
     </span>
    </p>
   </div>
   <div class='ocr_carea' id='block_1_43' title="bbox 400 4156 3648 4237">
    <p class='ocr_par' dir='ltr' id='par_1_43' title="bbox 400 4156 3648 4237">
     <span class='ocr_line' id='line_1_43' title="bbox 400 4156 3648 4237; baseline 0 -22"><span class='ocrx_word' id='word_1_620' title='bbox 400 4172 523 4215; x_wconf 83' lang='lat' dir='ltr'>esse</span> <span class='ocrx_word' id='word_1_621' title='bbox 551 4164 790 4232; x_wconf 81' lang='lat' dir='ltr'>singula,</span> <span class='ocrx_word' id='word_1_622' title='bbox 828 4165 1079 4233; x_wconf 85' lang='lat' dir='ltr'>quamvis</span> <span class='ocrx_word' id='word_1_623' title='bbox 1102 4166 1386 4221; x_wconf 87' lang='lat' dir='ltr'>levissima</span> <span class='ocrx_word' id='word_1_624' title='bbox 1411 4168 1638 4237; x_wconf 87' lang='lat' dir='ltr'>pietatis</span> <span class='ocrx_word' id='word_1_625' title='bbox 1657 4166 1842 4222; x_wconf 81' lang='lat' dir='ltr'>oﬂlcia</span> <span class='ocrx_word' id='word_1_626' title='bbox 1865 4186 1877 4221; x_wconf 86' lang='lat'>:</span> <span class='ocrx_word' id='word_1_627' title='bbox 1902 4184 1997 4222; x_wconf 91' lang='lat' dir='ltr'>ve-</span> <span class='ocrx_word' id='word_1_628' title='bbox 2079 4166 2352 4219; x_wconf 90' lang='lat' dir='ltr'>mundum</span> <span class='ocrx_word' id='word_1_629' title='bbox 2383 4167 2777 4237; x_wconf 86' lang='lat' dir='ltr'>redempturus</span> <span class='ocrx_word' id='word_1_630' title='bbox 2808 4171 2973 4232; x_wconf 82' lang='lat' dir='ltr'>esset,</span> <span class='ocrx_word' id='word_1_631' title='bbox 2998 4171 3056 4221; x_wconf 91' lang='lat' dir='ltr'>et</span> <span class='ocrx_word' id='word_1_632' title='bbox 3083 4166 3154 4220; x_wconf 88' lang='lat' dir='ltr'>ad</span> <span class='ocrx_word' id='word_1_633' title='bbox 3184 4156 3406 4220; x_wconf 83' lang='lat' dir='ltr'>inferna</span> <span class='ocrx_word' id='word_1_634' title='bbox 3434 4178 3527 4234; x_wconf 87' lang='lat' dir='ltr'>pro</span> <span class='ocrx_word' id='word_1_635' title='bbox 3547 4156 3648 4212; x_wconf 71' lang='lat' dir='ltr'>silis</span> 
     </span>
    </p>
   </div>
   <div class='ocr_carea' id='block_1_44' title="bbox 399 4247 3650 4328">
    <p class='ocr_par' dir='ltr' id='par_1_44' title="bbox 399 4247 3650 4328">
     <span class='ocr_line' id='line_1_44' title="bbox 399 4247 3650 4328; baseline -0.001 -26"><span class='ocrx_word' id='word_1_636' title='bbox 399 4258 530 4303; x_wconf 81' lang='lat' dir='ltr'>rum</span> <span class='ocrx_word' id='word_1_637' title='bbox 560 4250 709 4304; x_wconf 81' lang='lat' dir='ltr'>sicut</span> <span class='ocrx_word' id='word_1_638' title='bbox 737 4256 870 4304; x_wconf 87' lang='lat' dir='ltr'>sunt</span> <span class='ocrx_word' id='word_1_639' title='bbox 888 4264 1112 4305; x_wconf 89' lang='lat' dir='ltr'>summa</span> <span class='ocrx_word' id='word_1_640' title='bbox 1140 4262 1561 4324; x_wconf 86' lang='lat' dir='ltr'>recompensata</span> <span class='ocrx_word' id='word_1_641' title='bbox 1585 4271 1706 4326; x_wconf 64' lang='lat' dir='ltr'>quae</span> <span class='ocrx_word' id='word_1_642' title='bbox 1740 4258 1883 4311; x_wconf 74' lang='lat' dir='ltr'>{lunt</span> <span class='ocrx_word' id='word_1_643' title='bbox 1902 4274 2001 4328; x_wconf 90' lang='lat' dir='ltr'>pro</span> <span class='ocrx_word' id='word_1_644' title='bbox 2085 4255 2473 4309; x_wconf 80' lang='lat' dir='ltr'>descensurus.</span> <span class='ocrx_word' id='word_1_645' title='bbox 2496 4255 2565 4309; x_wconf 89' lang='lat' dir='ltr'>Et</span> <span class='ocrx_word' id='word_1_646' title='bbox 2584 4255 2710 4309; x_wconf 89' lang='lat' dir='ltr'>ideo</span> <span class='ocrx_word' id='word_1_647' title='bbox 2739 4256 2849 4314; x_wconf 87' lang='lat' dir='ltr'>ait:</span> <span class='ocrx_word' id='word_1_648' title='bbox 2874 4257 2961 4310; x_wconf 82' lang='grc' dir='ltr'>,4η</span> <span class='ocrx_word' id='word_1_649' title='bbox 2990 4258 3172 4309; x_wconf 78' lang='lat' dir='ltr'>alium</span> <span class='ocrx_word' id='word_1_650' title='bbox 3187 4254 3569 4323; x_wconf 69' lang='lat' dir='ltr'>exspectamus?</span> <span class='ocrx_word' id='word_1_651' title='bbox 3583 4247 3650 4299; x_wconf 79' lang='lat' dir='ltr'>Ac</span> 
     </span>
    </p>
   </div>
   <div class='ocr_carea' id='block_1_45' title="bbox 400 4330 3646 4415">
    <p class='ocr_par' dir='ltr' id='par_1_45' title="bbox 400 4330 3646 4415">
     <span class='ocr_line' id='line_1_45' title="bbox 400 4330 3646 4415; baseline 0.002 -22"><span class='ocrx_word' id='word_1_652' title='bbox 400 4330 642 4393; x_wconf 80' lang='lat' dir='ltr'>Demino</span> <span class='ocrx_word' id='word_1_653' title='bbox 661 4338 722 4391; x_wconf 89' lang='lat' dir='ltr'>in</span> <span class='ocrx_word' id='word_1_654' title='bbox 738 4340 1005 4404; x_wconf 79' lang='lat' dir='ltr'>summis;</span> <span class='ocrx_word' id='word_1_655' title='bbox 1040 4340 1119 4394; x_wconf 88' lang='lat' dir='ltr'>ita</span> <span class='ocrx_word' id='word_1_656' title='bbox 1149 4341 1321 4395; x_wconf 86' lang='lat' dir='ltr'>etiam</span> <span class='ocrx_word' id='word_1_657' title='bbox 1338 4348 1396 4395; x_wconf 90' lang='lat' dir='ltr'>et</span> <span class='ocrx_word' id='word_1_658' title='bbox 1408 4343 1709 4398; x_wconf 88' lang='lat' dir='ltr'>minimain</span> <span class='ocrx_word' id='word_1_659' title='bbox 1730 4344 1998 4412; x_wconf 86' lang='lat' dir='ltr'>minimis,</span> <span class='ocrx_word' id='word_1_660' title='bbox 2082 4345 2132 4397; x_wconf 89' lang='lat' dir='ltr'>si</span> <span class='ocrx_word' id='word_1_661' title='bbox 2148 4344 2359 4398; x_wconf 84' lang='lat' dir='ltr'>diceret</span> <span class='ocrx_word' id='word_1_662' title='bbox 2382 4362 2393 4398; x_wconf 93' lang='lat'>:</span> <span class='ocrx_word' id='word_1_663' title='bbox 2444 4344 2603 4398; x_wconf 85' lang='lat' dir='ltr'>Sicut</span> <span class='ocrx_word' id='word_1_664' title='bbox 2630 4352 2684 4399; x_wconf 88' lang='lat' dir='ltr'>te</span> <span class='ocrx_word' id='word_1_665' title='bbox 2710 4345 3019 4415; x_wconf 69' lang='lat' dir='ltr'>praedicans</span> <span class='ocrx_word' id='word_1_666' title='bbox 3044 4344 3375 4399; x_wconf 83' lang='lat' dir='ltr'>annuntiavi</span> <span class='ocrx_word' id='word_1_667' title='bbox 3400 4343 3458 4396; x_wconf 90' lang='lat' dir='ltr'>in</span> <span class='ocrx_word' id='word_1_668' title='bbox 3483 4335 3646 4398; x_wconf 61' lang='lat' dir='ltr'>terriSa</span> 
     </span>
    </p>
   </div>
   <div class='ocr_carea' id='block_1_46' title="bbox 401 4420 3651 4502">
    <p class='ocr_par' dir='ltr' id='par_1_46' title="bbox 401 4420 3651 4502">
     <span class='ocr_line' id='line_1_46' title="bbox 401 4420 3651 4502; baseline 0 -22"><span class='ocrx_word' id='word_1_669' title='bbox 401 4420 483 4480; x_wconf 81' lang='lat' dir='ltr'>ita</span> <span class='ocrx_word' id='word_1_670' title='bbox 511 4430 576 4481; x_wconf 88' lang='lat' dir='ltr'>ut</span> <span class='ocrx_word' id='word_1_671' title='bbox 602 4427 660 4480; x_wconf 88' lang='lat' dir='ltr'>in</span> <span class='ocrx_word' id='word_1_672' title='bbox 690 4426 846 4481; x_wconf 87' lang='lat' dir='ltr'>nullo</span> <span class='ocrx_word' id='word_1_673' title='bbox 902 4434 1200 4484; x_wconf 87' lang='lat' dir='ltr'>evacuetur</span> <span class='ocrx_word' id='word_1_674' title='bbox 1230 4444 1443 4483; x_wconf 89' lang='lat' dir='ltr'>merces</span> <span class='ocrx_word' id='word_1_675' title='bbox 1468 4429 1600 4484; x_wconf 89' lang='lat' dir='ltr'>boni</span> <span class='ocrx_word' id='word_1_676' title='bbox 1623 4433 1826 4502; x_wconf 87' lang='lat' dir='ltr'>operis.</span> <span class='ocrx_word' id='word_1_677' title='bbox 1852 4433 2065 4502; x_wconf 55' lang='lat' dir='ltr'>Liceth</span> <span class='ocrx_word' id='word_1_678' title='bbox 2083 4438 2276 4486; x_wconf 88' lang='lat' dir='ltr'>utrum</span> <span class='ocrx_word' id='word_1_679' title='bbox 2297 4433 2376 4487; x_wconf 88' lang='lat' dir='ltr'>sic</span> <span class='ocrx_word' id='word_1_680' title='bbox 2405 4433 2477 4486; x_wconf 87' lang='lat' dir='ltr'>ad</span> <span class='ocrx_word' id='word_1_681' title='bbox 2508 4433 2725 4487; x_wconf 79' lang='lat' dir='ltr'>inferna</span> <span class='ocrx_word' id='word_1_682' title='bbox 2764 4433 2946 4487; x_wconf 83' lang='lat' dir='ltr'>iturus</span> <span class='ocrx_word' id='word_1_683' title='bbox 2973 4432 3244 4487; x_wconf 87' lang='lat' dir='ltr'>nuntiabo</span> <span class='ocrx_word' id='word_1_684' title='bbox 3261 4432 3392 4497; x_wconf 84' lang='lat' dir='ltr'>illis,</span> <span class='ocrx_word' id='word_1_685' title='bbox 3415 4437 3477 4485; x_wconf 92' lang='lat' dir='ltr'>ut</span> <span class='ocrx_word' id='word_1_686' title='bbox 3499 4434 3549 4482; x_wconf 87' lang='lat' dir='ltr'>te</span> <span class='ocrx_word' id='word_1_687' title='bbox 3576 4440 3651 4478; x_wconf 79' lang='lat' dir='ltr'>ex-</span> 
     </span>
    </p>
   </div>
   <div class='ocr_carea' id='block_1_47' title="bbox 403 4511 3650 4593">
    <p class='ocr_par' dir='ltr' id='par_1_47' title="bbox 403 4511 3650 4593">
     <span class='ocr_line' id='line_1_47' title="bbox 403 4511 3650 4593; baseline -0.002 -24"><span class='ocrx_word' id='word_1_688' title='bbox 403 4514 635 4586; x_wconf 80' lang='lat' dir='ltr'>quidam</span> <span class='ocrx_word' id='word_1_689' title='bbox 664 4515 838 4569; x_wconf 86' lang='lat' dir='ltr'>velint</span> <span class='ocrx_word' id='word_1_690' title='bbox 863 4517 1214 4572; x_wconf 82' lang='lat' dir='ltr'>solummodo</span> <span class='ocrx_word' id='word_1_691' title='bbox 1244 4518 1303 4572; x_wconf 88' lang='lat' dir='ltr'>in</span> <span class='ocrx_word' id='word_1_692' title='bbox 1333 4518 1600 4573; x_wconf 87' lang='lat' dir='ltr'>membris</span> <span class='ocrx_word' id='word_1_693' title='bbox 1635 4521 1864 4588; x_wconf 86' lang='lat' dir='ltr'>Christi,</span> <span class='ocrx_word' id='word_1_694' title='bbox 1899 4523 2001 4578; x_wconf 85' lang='lat' dir='ltr'>hos</span> <span class='ocrx_word' id='word_1_695' title='bbox 2021 4511 2337 4593; x_wconf 71' lang='lat' dir='ltr'>&quot;Spectent</span> <span class='ocrx_word' id='word_1_696' title='bbox 2365 4522 2700 4593; x_wconf 87' lang='lat' dir='ltr'>quandoque</span> <span class='ocrx_word' id='word_1_697' title='bbox 2727 4539 2847 4576; x_wconf 82' lang='lat' dir='ltr'>esse</span> <span class='ocrx_word' id='word_1_698' title='bbox 2874 4527 3194 4578; x_wconf 88' lang='lat' dir='ltr'>venturum.</span> <span class='ocrx_word' id='word_1_699' title='bbox 3229 4520 3490 4592; x_wconf 82' lang='lat' dir='ltr'>Alioquin</span> <span class='ocrx_word' id='word_1_700' title='bbox 3519 4511 3650 4571; x_wconf 90' lang='lat' dir='ltr'>credi</span> 
     </span>
    </p>
   </div>
   <div class='ocr_carea' id='block_1_48' title="bbox 399 4603 3651 4685">
    <p class='ocr_par' dir='ltr' id='par_1_48' title="bbox 399 4603 3651 4685">
     <span class='ocr_line' id='line_1_48' title="bbox 399 4603 3651 4685; baseline -0.001 -27"><span class='ocrx_word' id='word_1_701' title='bbox 399 4603 651 4659; x_wconf 84' lang='lat' dir='ltr'>diversos</span> <span class='ocrx_word' id='word_1_702' title='bbox 679 4604 987 4661; x_wconf 81' lang='lat' dir='ltr'>officiorum</span> <span class='ocrx_word' id='word_1_703' title='bbox 1007 4607 1217 4678; x_wconf 86' lang='lat' dir='ltr'>gradus</span> <span class='ocrx_word' id='word_1_704' title='bbox 1245 4609 1421 4681; x_wconf 85' lang='lat' dir='ltr'>accipi</span> <span class='ocrx_word' id='word_1_705' title='bbox 1441 4608 1769 4683; x_wconf 85' lang='lat' dir='ltr'>debere,pro</span> <span class='ocrx_word' id='word_1_706' title='bbox 1799 4612 1999 4685; x_wconf 90' lang='lat' dir='ltr'>quibus</span> <span class='ocrx_word' id='word_1_707' title='bbox 2082 4627 2194 4666; x_wconf 88' lang='lat' dir='ltr'>non</span> <span class='ocrx_word' id='word_1_708' title='bbox 2225 4617 2409 4682; x_wconf 79' lang='lat' dir='ltr'>potest</span> <span class='ocrx_word' id='word_1_709' title='bbox 2438 4613 2587 4683; x_wconf 87' lang='lat' dir='ltr'>quod</span> <span class='ocrx_word' id='word_1_710' title='bbox 2636 4612 2693 4666; x_wconf 90' lang='lat' dir='ltr'>in</span> <span class='ocrx_word' id='word_1_711' title='bbox 2725 4628 2947 4667; x_wconf 90' lang='lat' dir='ltr'>carcere</span> <span class='ocrx_word' id='word_1_712' title='bbox 2973 4612 3187 4682; x_wconf 90' lang='lat' dir='ltr'>positus</span> <span class='ocrx_word' id='word_1_713' title='bbox 3232 4628 3333 4682; x_wconf 90' lang='lat' dir='ltr'>pro</span> <span class='ocrx_word' id='word_1_714' title='bbox 3372 4606 3580 4681; x_wconf 83' lang='lat' dir='ltr'>justitia</span> <span class='ocrx_word' id='word_1_715' title='bbox 3603 4606 3651 4655; x_wconf 88' lang='lat' dir='ltr'>et</span> 
     </span>
    </p>
   </div>
   <div class='ocr_carea' id='block_1_49' title="bbox 400 4693 3646 4773">
    <p class='ocr_par' dir='ltr' id='par_1_49' title="bbox 400 4693 3646 4773">
     <span class='ocr_line' id='line_1_49' title="bbox 400 4693 3646 4773; baseline 0.002 -25"><span class='ocrx_word' id='word_1_716' title='bbox 400 4693 860 4763; x_wconf 75' lang='lat' dir='ltr'>sueceptis,aiunt</span> <span class='ocrx_word' id='word_1_717' title='bbox 878 4698 1268 4753; x_wconf 86' lang='lat' dir='ltr'>tantummodo</span> <span class='ocrx_word' id='word_1_718' title='bbox 1298 4700 1680 4755; x_wconf 89' lang='lat' dir='ltr'>remuneratio</span> <span class='ocrx_word' id='word_1_719' title='bbox 1711 4703 2001 4773; x_wconf 83' lang='lat' dir='ltr'>promitta-</span> <span class='ocrx_word' id='word_1_720' title='bbox 2079 4701 2334 4765; x_wconf 84' lang='lat' dir='ltr'>veritate,</span> <span class='ocrx_word' id='word_1_721' title='bbox 2369 4701 2611 4772; x_wconf 86' lang='lat' dir='ltr'>Spiritus</span> <span class='ocrx_word' id='word_1_722' title='bbox 2640 4702 2819 4756; x_wconf 89' lang='lat' dir='ltr'>sancti</span> <span class='ocrx_word' id='word_1_723' title='bbox 2848 4702 3051 4772; x_wconf 79' lang='lat' dir='ltr'>gratia,</span> <span class='ocrx_word' id='word_1_724' title='bbox 3077 4716 3189 4771; x_wconf 88' lang='lat' dir='ltr'>qua</span> <span class='ocrx_word' id='word_1_725' title='bbox 3208 4702 3451 4771; x_wconf 88' lang='lat' dir='ltr'>repletus</span> <span class='ocrx_word' id='word_1_726' title='bbox 3470 4695 3646 4755; x_wconf 64' lang='lat' dir='ltr'>fuerat.</span> 
     </span>
    </p>
   </div>
   <div class='ocr_carea' id='block_1_50' title="bbox 400 4780 3650 4862">
    <p class='ocr_par' dir='ltr' id='par_1_50' title="bbox 400 4780 3650 4862">
     <span class='ocr_line' id='line_1_50' title="bbox 400 4780 3650 4862; baseline -0.001 -25"><span class='ocrx_word' id='word_1_727' title='bbox 400 4786 499 4837; x_wconf 81' lang='lat' dir='ltr'>tur</span> <span class='ocrx_word' id='word_1_728' title='bbox 531 4796 545 4849; x_wconf 85' lang='lat'><strong>;</strong></span> <span class='ocrx_word' id='word_1_729' title='bbox 578 4781 649 4836; x_wconf 87' lang='lat' dir='ltr'>de</span> <span class='ocrx_word' id='word_1_730' title='bbox 692 4780 963 4855; x_wconf 88' lang='lat' dir='ltr'>improbis</span> <span class='ocrx_word' id='word_1_731' title='bbox 996 4798 1123 4840; x_wconf 84' lang='lat' dir='ltr'>vero</span> <span class='ocrx_word' id='word_1_732' title='bbox 1171 4792 1229 4842; x_wconf 88' lang='lat' dir='ltr'>et</span> <span class='ocrx_word' id='word_1_733' title='bbox 1260 4788 1416 4843; x_wconf 86' lang='lat' dir='ltr'>falsis</span> <span class='ocrx_word' id='word_1_734' title='bbox 1445 4788 1715 4845; x_wconf 68' lang='lat' dir='ltr'>fratribus</span> <span class='ocrx_word' id='word_1_735' title='bbox 1745 4793 2000 4861; x_wconf 88' lang='lat' dir='ltr'>quamvis</span> <span class='ocrx_word' id='word_1_736' title='bbox 2083 4790 2160 4844; x_wconf 82' lang='lat' dir='ltr'>sit</span> <span class='ocrx_word' id='word_1_737' title='bbox 2203 4790 2486 4860; x_wconf 83' lang='lat' dir='ltr'>privatus;</span> <span class='ocrx_word' id='word_1_738' title='bbox 2519 4807 2649 4845; x_wconf 90' lang='lat' dir='ltr'>cum</span> <span class='ocrx_word' id='word_1_739' title='bbox 2704 4791 2969 4862; x_wconf 86' lang='lat' dir='ltr'>apostolis</span> <span class='ocrx_word' id='word_1_740' title='bbox 2998 4791 3148 4845; x_wconf 87' lang='lat' dir='ltr'>idem</span> <span class='ocrx_word' id='word_1_741' title='bbox 3181 4789 3422 4861; x_wconf 83' lang='lat' dir='ltr'>Spiritus</span> <span class='ocrx_word' id='word_1_742' title='bbox 3449 4788 3650 4841; x_wconf 87' lang='lat' dir='ltr'>sanctus</span> 
     </span>
    </p>
   </div>
   <div class='ocr_carea' id='block_1_51' title="bbox 400 4862 3647 4953">
    <p class='ocr_par' dir='ltr' id='par_1_51' title="bbox 400 4862 3647 4953">
     <span class='ocr_line' id='line_1_51' title="bbox 400 4862 3647 4953; baseline 0.001 -28"><span class='ocrx_word' id='word_1_743' title='bbox 400 4862 807 4953; x_wconf 75' lang='lat' dir='ltr'>oﬁlciosissime</span> <span class='ocrx_word' id='word_1_744' title='bbox 835 4874 1105 4945; x_wconf 81' lang='lat' dir='ltr'>susceptis</span> <span class='ocrx_word' id='word_1_745' title='bbox 1133 4876 1311 4944; x_wconf 85' lang='lat' dir='ltr'>aiunt,</span> <span class='ocrx_word' id='word_1_746' title='bbox 1346 4878 1496 4949; x_wconf 87' lang='lat' dir='ltr'>quod</span> <span class='ocrx_word' id='word_1_747' title='bbox 1530 4880 1684 4933; x_wconf 90' lang='lat' dir='ltr'>nulla</span> <span class='ocrx_word' id='word_1_748' title='bbox 1736 4880 1812 4934; x_wconf 90' lang='lat' dir='ltr'>sit</span> <span class='ocrx_word' id='word_1_749' title='bbox 1841 4883 2003 4936; x_wconf 90' lang='lat' dir='ltr'>retri-</span> <span class='ocrx_word' id='word_1_750' title='bbox 2081 4879 2306 4933; x_wconf 81' lang='lat' dir='ltr'>virtutis</span> <span class='ocrx_word' id='word_1_751' title='bbox 2342 4895 2456 4934; x_wconf 69' lang='lat' dir='ltr'>sua:</span> <span class='ocrx_word' id='word_1_752' title='bbox 2497 4879 2687 4933; x_wconf 89' lang='lat' dir='ltr'>lumen</span> <span class='ocrx_word' id='word_1_753' title='bbox 2725 4885 2875 4933; x_wconf 88' lang='lat' dir='ltr'>esset</span> <span class='ocrx_word' id='word_1_754' title='bbox 2912 4879 2972 4932; x_wconf 90' lang='lat' dir='ltr'>in</span> <span class='ocrx_word' id='word_1_755' title='bbox 3017 4894 3240 4932; x_wconf 86' lang='lat' dir='ltr'>carcere</span> <span class='ocrx_word' id='word_1_756' title='bbox 3282 4877 3532 4933; x_wconf 86' lang='lat' dir='ltr'>similiter</span> <span class='ocrx_word' id='word_1_757' title='bbox 3562 4884 3647 4942; x_wconf 82' lang='lat' dir='ltr'>pro</span> 
     </span>
    </p>
   </div>
   <div class='ocr_carea' id='block_1_52' title="bbox 400 4958 3648 5040">
    <p class='ocr_par' dir='ltr' id='par_1_52' title="bbox 400 4958 3648 5040">
     <span class='ocr_line' id='line_1_52' title="bbox 400 4958 3648 5040; baseline 0 -26"><span class='ocrx_word' id='word_1_758' title='bbox 400 4959 579 5015; x_wconf 83' lang='lat' dir='ltr'>butio.</span> <span class='ocrx_word' id='word_1_759' title='bbox 628 4961 787 5016; x_wconf 87' lang='lat' dir='ltr'>Unde</span> <span class='ocrx_word' id='word_1_760' title='bbox 845 4963 1147 5019; x_wconf 88' lang='lat' dir='ltr'>Dominum</span> <span class='ocrx_word' id='word_1_761' title='bbox 1204 4966 1264 5020; x_wconf 89' lang='lat' dir='ltr'>in</span> <span class='ocrx_word' id='word_1_762' title='bbox 1290 4967 1504 5038; x_wconf 84' lang='lat' dir='ltr'>judicio</span> <span class='ocrx_word' id='word_1_763' title='bbox 1534 4968 1820 5024; x_wconf 86' lang='lat' dir='ltr'>dicturum</span> <span class='ocrx_word' id='word_1_764' title='bbox 1851 4970 2001 5024; x_wconf 83' lang='lat' dir='ltr'>afﬂr-</span> <span class='ocrx_word' id='word_1_765' title='bbox 2084 4968 2305 5022; x_wconf 80' lang='lat' dir='ltr'>Christo</span> <span class='ocrx_word' id='word_1_766' title='bbox 2333 4969 2546 5040; x_wconf 88' lang='lat' dir='ltr'>positis,</span> <span class='ocrx_word' id='word_1_767' title='bbox 2579 4969 2950 5022; x_wconf 88' lang='lat' dir='ltr'>ministratus.</span> <span class='ocrx_word' id='word_1_768' title='bbox 2993 4967 3397 5022; x_wconf 88' lang='lat' dir='ltr'>Verumtamen</span> <span class='ocrx_word' id='word_1_769' title='bbox 3422 4958 3648 5037; x_wconf 81' lang='lat' dir='ltr'>quamvis</span> 
     </span>
    </p>
   </div>
   <div class='ocr_carea' id='block_1_53' title="bbox 401 5050 3649 5129">
    <p class='ocr_par' dir='ltr' id='par_1_53' title="bbox 401 5050 3649 5129">
     <span class='ocr_line' id='line_1_53' title="bbox 401 5050 3649 5129; baseline 0 -25"><span class='ocrx_word' id='word_1_770' title='bbox 401 5051 565 5105; x_wconf 78' lang='lat' dir='ltr'>ment</span> <span class='ocrx_word' id='word_1_771' title='bbox 590 5053 734 5121; x_wconf 79' lang='lat' dir='ltr'>quod</span> <span class='ocrx_word' id='word_1_772' title='bbox 757 5055 865 5106; x_wconf 73' lang='lat' dir='ltr'>uni</span> <span class='ocrx_word' id='word_1_773' title='bbox 881 5068 946 5106; x_wconf 79' lang='lat' dir='ltr'>ea:</span> <span class='ocrx_word' id='word_1_774' title='bbox 979 5057 1236 5109; x_wconf 78' lang='lat' dir='ltr'>minimis</span> <span class='ocrx_word' id='word_1_775' title='bbox 1264 5058 1398 5111; x_wconf 81' lang='lat' dir='ltr'>meis</span> <span class='ocrx_word' id='word_1_776' title='bbox 1416 5059 1638 5124; x_wconf 73' lang='lat' dir='ltr'>fecistis,</span> <span class='ocrx_word' id='word_1_777' title='bbox 1666 5060 1815 5113; x_wconf 73' lang='lat' dir='ltr'>mihi</span> <span class='ocrx_word' id='word_1_778' title='bbox 1838 5063 1999 5127; x_wconf 75' lang='lat' dir='ltr'>fecis~</span> <span class='ocrx_word' id='word_1_779' title='bbox 2082 5057 2161 5112; x_wconf 90' lang='lat' dir='ltr'>ita</span> <span class='ocrx_word' id='word_1_780' title='bbox 2186 5064 2336 5112; x_wconf 78' lang='lat' dir='ltr'>recte</span> <span class='ocrx_word' id='word_1_781' title='bbox 2365 5059 2540 5129; x_wconf 82' lang='lat' dir='ltr'>accipi</span> <span class='ocrx_word' id='word_1_782' title='bbox 2578 5058 2751 5129; x_wconf 89' lang='lat' dir='ltr'>possit</span> <span class='ocrx_word' id='word_1_783' title='bbox 2780 5063 2844 5112; x_wconf 90' lang='lat' dir='ltr'>ut</span> <span class='ocrx_word' id='word_1_784' title='bbox 2893 5057 3348 5123; x_wconf 81' lang='lat' dir='ltr'>monstravimus,</span> <span class='ocrx_word' id='word_1_785' title='bbox 3375 5050 3580 5110; x_wconf 88' lang='lat' dir='ltr'>Domini</span> <span class='ocrx_word' id='word_1_786' title='bbox 3601 5051 3649 5100; x_wconf 80' lang='lat' dir='ltr'>et</span> 
     </span>
    </p>
   </div>
   <div class='ocr_carea' id='block_1_54' title="bbox 404 5134 3647 5218">
    <p class='ocr_par' dir='ltr' id='par_1_54' title="bbox 404 5134 3647 5218">
     <span class='ocr_line' id='line_1_54' title="bbox 404 5134 3647 5218; baseline 0.002 -25"><span class='ocrx_word' id='word_1_787' title='bbox 404 5140 478 5193; x_wconf 72' lang='lat' dir='ltr'>tis</span> <span class='ocrx_word' id='word_1_788' title='bbox 510 5142 726 5208; x_wconf 64' lang='lat' dir='ltr'>(Matth.</span> <span class='ocrx_word' id='word_1_789' title='bbox 758 5149 888 5207; x_wconf 81' lang='lat' dir='ltr'>xxv,</span> <span class='ocrx_word' id='word_1_790' title='bbox 921 5140 1028 5212; x_wconf 71' lang='lat'>40).</span> <span class='ocrx_word' id='word_1_791' title='bbox 1053 5143 1215 5207; x_wconf 85' lang='lat' dir='ltr'>Quod</span> <span class='ocrx_word' id='word_1_792' title='bbox 1246 5145 1337 5199; x_wconf 88' lang='lat' dir='ltr'>hic</span> <span class='ocrx_word' id='word_1_793' title='bbox 1370 5143 1510 5200; x_wconf 88' lang='lat' dir='ltr'>satis</span> <span class='ocrx_word' id='word_1_794' title='bbox 1540 5149 1794 5218; x_wconf 88' lang='lat' dir='ltr'>apertius</span> <span class='ocrx_word' id='word_1_795' title='bbox 1813 5149 1999 5203; x_wconf 89' lang='lat' dir='ltr'>decla-</span> <span class='ocrx_word' id='word_1_796' title='bbox 2080 5147 2383 5201; x_wconf 79' lang='lat' dir='ltr'>Salvatoris</span> <span class='ocrx_word' id='word_1_797' title='bbox 2413 5147 2717 5218; x_wconf 87' lang='lat' dir='ltr'>responsio,</span> <span class='ocrx_word' id='word_1_798' title='bbox 2751 5147 2903 5201; x_wconf 88' lang='lat' dir='ltr'>aliud</span> <span class='ocrx_word' id='word_1_799' title='bbox 2928 5146 3241 5216; x_wconf 84' lang='lat' dir='ltr'>intelligere</span> <span class='ocrx_word' id='word_1_800' title='bbox 3257 5161 3360 5200; x_wconf 87' lang='lat' dir='ltr'>nos</span> <span class='ocrx_word' id='word_1_801' title='bbox 3384 5141 3540 5213; x_wconf 76' lang='lat' dir='ltr'>cogit,</span> <span class='ocrx_word' id='word_1_802' title='bbox 3566 5134 3647 5208; x_wconf 81' lang='lat' dir='ltr'>qui</span> 
     </span>
    </p>
   </div>
   <div class='ocr_carea' id='block_1_55' title="bbox 404 5224 3649 5311">
    <p class='ocr_par' dir='ltr' id='par_1_55' title="bbox 404 5224 3649 5311">
     <span class='ocr_line' id='line_1_55' title="bbox 404 5224 3649 5311; baseline -0.002 -31"><span class='ocrx_word' id='word_1_803' title='bbox 404 5229 631 5283; x_wconf 78' lang='lat' dir='ltr'>ratcum</span> <span class='ocrx_word' id='word_1_804' title='bbox 645 5224 884 5301; x_wconf 85' lang='lat' dir='ltr'>quilibet</span> <span class='ocrx_word' id='word_1_805' title='bbox 902 5232 1089 5286; x_wconf 77' lang='lat' dir='ltr'>extide</span> <span class='ocrx_word' id='word_1_806' title='bbox 1108 5232 1166 5286; x_wconf 87' lang='lat' dir='ltr'>in</span> <span class='ocrx_word' id='word_1_807' title='bbox 1187 5234 1415 5288; x_wconf 89' lang='lat' dir='ltr'>nomine</span> <span class='ocrx_word' id='word_1_808' title='bbox 1429 5236 1730 5308; x_wconf 86' lang='lat' dir='ltr'>suscipitur</span> <span class='ocrx_word' id='word_1_809' title='bbox 1753 5235 1999 5311; x_wconf 84' lang='lat' dir='ltr'>prephe-</span> <span class='ocrx_word' id='word_1_810' title='bbox 2080 5249 2194 5290; x_wconf 86' lang='lat' dir='ltr'>non</span> <span class='ocrx_word' id='word_1_811' title='bbox 2229 5237 2300 5290; x_wconf 89' lang='lat' dir='ltr'>ad</span> <span class='ocrx_word' id='word_1_812' title='bbox 2317 5251 2382 5290; x_wconf 85' lang='lat' dir='ltr'>ea</span> <span class='ocrx_word' id='word_1_813' title='bbox 2398 5236 2689 5307; x_wconf 84' lang='lat' dir='ltr'>respondit</span> <span class='ocrx_word' id='word_1_814' title='bbox 2708 5235 2909 5306; x_wconf 86' lang='lat' dir='ltr'>quibus</span> <span class='ocrx_word' id='word_1_815' title='bbox 2927 5235 3311 5305; x_wconf 83' lang='lat' dir='ltr'>interrogatur</span> <span class='ocrx_word' id='word_1_816' title='bbox 3326 5227 3649 5288; x_wconf 78' lang='lat' dir='ltr'>verbisllinc</span> 
     </span>
    </p>
   </div>
   <div class='ocr_carea' id='block_1_56' title="bbox 401 5314 3648 5397">
    <p class='ocr_par' dir='ltr' id='par_1_56' title="bbox 401 5314 3648 5397">
     <span class='ocr_line' id='line_1_56' title="bbox 401 5314 3648 5397; baseline -0.002 -27"><span class='ocrx_word' id='word_1_817' title='bbox 401 5317 600 5381; x_wconf 50' lang='lat' dir='ltr'>timent</span> <span class='ocrx_word' id='word_1_818' title='bbox 612 5319 752 5388; x_wconf 85' lang='lat' dir='ltr'>justi</span> <span class='ocrx_word' id='word_1_819' title='bbox 772 5319 858 5373; x_wconf 86' lang='lat' dir='ltr'>vel</span> <span class='ocrx_word' id='word_1_820' title='bbox 873 5314 1153 5392; x_wconf 81' lang='lat' dir='ltr'>discipuli,</span> <span class='ocrx_word' id='word_1_821' title='bbox 1177 5322 1309 5393; x_wconf 86' lang='lat' dir='ltr'>quia</span> <span class='ocrx_word' id='word_1_822' title='bbox 1326 5336 1440 5378; x_wconf 88' lang='lat' dir='ltr'>non</span> <span class='ocrx_word' id='word_1_823' title='bbox 1471 5323 1671 5396; x_wconf 87' lang='lat' dir='ltr'>perdat</span> <span class='ocrx_word' id='word_1_824' title='bbox 1685 5326 2000 5383; x_wconf 87' lang='lat' dir='ltr'>mercedem</span> <span class='ocrx_word' id='word_1_825' title='bbox 2081 5325 2293 5397; x_wconf 88' lang='lat' dir='ltr'>liquido</span> <span class='ocrx_word' id='word_1_826' title='bbox 2320 5326 2557 5390; x_wconf 79' lang='lat' dir='ltr'>constat,</span> <span class='ocrx_word' id='word_1_827' title='bbox 2584 5325 2714 5396; x_wconf 90' lang='lat' dir='ltr'>quia</span> <span class='ocrx_word' id='word_1_828' title='bbox 2729 5326 2973 5378; x_wconf 87' lang='lat' dir='ltr'>Joannes</span> <span class='ocrx_word' id='word_1_829' title='bbox 2994 5340 3107 5378; x_wconf 89' lang='lat' dir='ltr'>non</span> <span class='ocrx_word' id='word_1_830' title='bbox 3135 5324 3241 5378; x_wconf 88' lang='lat' dir='ltr'>sibi</span> <span class='ocrx_word' id='word_1_831' title='bbox 3262 5327 3473 5378; x_wconf 87' lang='lat' dir='ltr'>tantum</span> <span class='ocrx_word' id='word_1_832' title='bbox 3501 5319 3648 5372; x_wconf 81' lang='lat' dir='ltr'>inter-</span> 
     </span>
    </p>
   </div>
   <div class='ocr_carea' id='block_1_57' title="bbox 401 5402 1948 5487">
    <p class='ocr_par' dir='ltr' id='par_1_57' title="bbox 401 5403 1948 5487">
     <span class='ocr_line' id='line_1_57' title="bbox 401 5403 1948 5487; baseline 0.008 -29"><span class='ocrx_word' id='word_1_833' title='bbox 401 5403 657 5477; x_wconf 75' lang='lat' dir='ltr'>justitiee,</span> <span class='ocrx_word' id='word_1_834' title='bbox 676 5408 839 5477; x_wconf 78' lang='lat' dir='ltr'>juxta</span> <span class='ocrx_word' id='word_1_835' title='bbox 856 5408 998 5464; x_wconf 85' lang='lat' dir='ltr'>illud</span> <span class='ocrx_word' id='word_1_836' title='bbox 1011 5411 1354 5466; x_wconf 71' lang='lat' dir='ltr'>Psalmistaa:</span> <span class='ocrx_word' id='word_1_837' title='bbox 1387 5414 1670 5483; x_wconf 72' lang='lat' dir='ltr'>Dispersit,</span> <span class='ocrx_word' id='word_1_838' title='bbox 1696 5419 1843 5472; x_wconf 82' lang='lat' dir='ltr'>dedit</span> <span class='ocrx_word' id='word_1_839' title='bbox 1858 5433 1948 5487; x_wconf 68' lang='lat' dir='ltr'>pa:</span> 
     </span>
    </p>
   </div>
   <div class='ocr_carea' id='block_1_58' title="bbox 2097 5402 3644 5487">
    <p class='ocr_par' dir='ltr' id='par_1_58' title="bbox 2097 5402 3644 5485">
     <span class='ocr_line' id='line_1_58' title="bbox 2097 5402 3644 5485; baseline -0.001 -18"><span class='ocrx_word' id='word_1_840' title='bbox 2097 5422 2244 5485; x_wconf 50' lang='lat' dir='ltr'>rogat</span> <span class='ocrx_word' id='word_1_841' title='bbox 2271 5421 2541 5485; x_wconf 88' lang='lat' dir='ltr'>quantum</span> <span class='ocrx_word' id='word_1_842' title='bbox 2573 5412 2860 5485; x_wconf 88' lang='lat' dir='ltr'>discipulis</span> <span class='ocrx_word' id='word_1_843' title='bbox 2881 5429 3020 5483; x_wconf 86' lang='lat' dir='ltr'>quos</span> <span class='ocrx_word' id='word_1_844' title='bbox 3049 5414 3119 5467; x_wconf 84' lang='lat' dir='ltr'>ad</span> <span class='ocrx_word' id='word_1_845' title='bbox 3152 5412 3439 5469; x_wconf 85' lang='lat' dir='ltr'>Christum</span> <span class='ocrx_word' id='word_1_846' title='bbox 3457 5402 3644 5473; x_wconf 56' lang='lat' dir='ltr'>dirigit,</span> 
     </span>
    </p>
   </div>
   <div class='ocr_carea' id='block_1_59' title="bbox 358 5490 3645 5583">
    <p class='ocr_par' dir='ltr' id='par_1_59' title="bbox 358 5490 3645 5583">
     <span class='ocr_line' id='line_1_59' title="bbox 358 5490 3645 5583; baseline -0.001 -33"><span class='ocrx_word' id='word_1_847' title='bbox 358 5524 361 5529; x_wconf 89' lang='lat'><em>-</em></span> <span class='ocrx_word' id='word_1_848' title='bbox 399 5496 644 5583; x_wconf 68' lang='lat' dir='ltr'>paribus,</span> <span class='ocrx_word' id='word_1_849' title='bbox 659 5499 887 5565; x_wconf 77' lang='lat' dir='ltr'>justitia</span> <span class='ocrx_word' id='word_1_850' title='bbox 906 5501 1022 5567; x_wconf 80' lang='lat' dir='ltr'>ejus</span> <span class='ocrx_word' id='word_1_851' title='bbox 1051 5505 1237 5554; x_wconf 77' lang='lat' dir='ltr'>mnet</span> <span class='ocrx_word' id='word_1_852' title='bbox 1258 5503 1321 5555; x_wconf 85' lang='lat' dir='ltr'>in</span> <span class='ocrx_word' id='word_1_853' title='bbox 1343 5506 1605 5558; x_wconf 66' lang='lat' dir='ltr'>sarculum</span> <span class='ocrx_word' id='word_1_854' title='bbox 1623 5510 1807 5560; x_wconf 60' lang='lat' dir='ltr'>secuti</span> <span class='ocrx_word' id='word_1_855' title='bbox 1830 5510 1997 5565; x_wconf 80' lang='lat' dir='ltr'>(Psal.</span> <span class='ocrx_word' id='word_1_856' title='bbox 2081 5507 2161 5560; x_wconf 85' lang='lat' dir='ltr'>sic</span> <span class='ocrx_word' id='word_1_857' title='bbox 2192 5507 2395 5577; x_wconf 86' lang='lat' dir='ltr'>quippe</span> <span class='ocrx_word' id='word_1_858' title='bbox 2422 5504 2751 5575; x_wconf 79' lang='lat' dir='ltr'>interrogat,</span> <span class='ocrx_word' id='word_1_859' title='bbox 2785 5504 3064 5576; x_wconf 88' lang='lat' dir='ltr'>quomodo</span> <span class='ocrx_word' id='word_1_860' title='bbox 3086 5513 3147 5571; x_wconf 70' lang='lat'><strong>5</strong></span> <span class='ocrx_word' id='word_1_861' title='bbox 3164 5511 3196 5569; x_wconf 89' lang='grc' dir='ltr'><strong>Ι</strong></span> <span class='ocrx_word' id='word_1_862' title='bbox 3213 5506 3278 5569; x_wconf 70' lang='lat'><strong>5</strong></span> <span class='ocrx_word' id='word_1_863' title='bbox 3301 5503 3542 5583; x_wconf 59' lang='lat' dir='ltr'>Salvator</span> <span class='ocrx_word' id='word_1_864' title='bbox 3564 5490 3645 5547; x_wconf 87' lang='lat' dir='ltr'>ubi</span> 
     </span>
    </p>
   </div>
   <div class='ocr_carea' id='block_1_60' title="bbox 402 5580 3643 5667">
    <p class='ocr_par' dir='ltr' id='par_1_60' title="bbox 402 5580 3643 5667">
     <span class='ocr_line' id='line_1_60' title="bbox 402 5580 3643 5667; baseline 0.002 -28"><span class='ocrx_word' id='word_1_865' title='bbox 402 5594 515 5667; x_wconf 74' lang='lat' dir='ltr'>cxx,</span> <span class='ocrx_word' id='word_1_866' title='bbox 529 5580 704 5653; x_wconf 80' lang='lat' dir='ltr'>9).Fit</span> <span class='ocrx_word' id='word_1_867' title='bbox 725 5598 970 5657; x_wconf 86' lang='lat' dir='ltr'>namque</span> <span class='ocrx_word' id='word_1_868' title='bbox 988 5589 1228 5660; x_wconf 88' lang='lat' dir='ltr'>quisque</span> <span class='ocrx_word' id='word_1_869' title='bbox 1235 5591 1426 5660; x_wconf 87' lang='lat' dir='ltr'>justus</span> <span class='ocrx_word' id='word_1_870' title='bbox 1437 5607 1504 5644; x_wconf 86' lang='lat' dir='ltr'>ex</span> <span class='ocrx_word' id='word_1_871' title='bbox 1528 5592 1739 5647; x_wconf 90' lang='lat' dir='ltr'>honore</span> <span class='ocrx_word' id='word_1_872' title='bbox 1745 5596 1998 5664; x_wconf 73' lang='lat' dir='ltr'>justitire,</span> <span class='ocrx_word' id='word_1_873' title='bbox 2086 5595 2301 5667; x_wconf 87' lang='lat' dir='ltr'>positus</span> <span class='ocrx_word' id='word_1_874' title='bbox 2320 5596 2393 5650; x_wconf 88' lang='lat' dir='ltr'>sit</span> <span class='ocrx_word' id='word_1_875' title='bbox 2414 5590 2744 5661; x_wconf 79' lang='lat' dir='ltr'>Lazarus,ut</span> <span class='ocrx_word' id='word_1_876' title='bbox 2760 5590 2857 5665; x_wconf 89' lang='lat' dir='ltr'>qui</span> <span class='ocrx_word' id='word_1_877' title='bbox 2876 5594 3059 5649; x_wconf 88' lang='lat' dir='ltr'>locum</span> <span class='ocrx_word' id='word_1_878' title='bbox 3076 5589 3314 5664; x_wconf 86' lang='lat' dir='ltr'>sepulcri</span> <span class='ocrx_word' id='word_1_879' title='bbox 3334 5580 3643 5645; x_wconf 63' lang='lat' dir='ltr'>indicabant,</span> 
     </span>
    </p>
   </div>
   <div class='ocr_carea' id='block_1_61' title="bbox 360 5665 3645 5757">
    <p class='ocr_par' dir='ltr' id='par_1_61' title="bbox 360 5665 3645 5757">
     <span class='ocr_line' id='line_1_61' title="bbox 360 5665 3645 5757; baseline -0 -29"><span class='ocrx_word' id='word_1_880' title='bbox 360 5682 363 5685; x_wconf 87' lang='lat'>&#39;</span> <span class='ocrx_word' id='word_1_881' title='bbox 402 5665 542 5728; x_wconf 74' lang='lat' dir='ltr'>dum</span> <span class='ocrx_word' id='word_1_882' title='bbox 564 5680 996 5732; x_wconf 74' lang='lat' dir='ltr'>consummtur</span> <span class='ocrx_word' id='word_1_883' title='bbox 1016 5678 1239 5748; x_wconf 75' lang='lat' dir='ltr'>iustitia</span> <span class='ocrx_word' id='word_1_884' title='bbox 1266 5678 1327 5734; x_wconf 84' lang='lat' dir='ltr'>in</span> <span class='ocrx_word' id='word_1_885' title='bbox 1354 5680 1580 5735; x_wconf 86' lang='lat' dir='ltr'>nomine</span> <span class='ocrx_word' id='word_1_886' title='bbox 1605 5682 1745 5751; x_wconf 79' lang='lat' dir='ltr'>justi</span> <span class='ocrx_word' id='word_1_887' title='bbox 1775 5692 1842 5738; x_wconf 72' lang='lat' dir='ltr'>ex</span> <span class='ocrx_word' id='word_1_888' title='bbox 1872 5685 2001 5740; x_wconf 72' lang='lat' dir='ltr'>ﬁde.</span> <span class='ocrx_word' id='word_1_889' title='bbox 2086 5665 2289 5741; x_wconf 68' lang='lat' dir='ltr'>saltem</span> <span class='ocrx_word' id='word_1_890' title='bbox 2316 5685 2397 5744; x_wconf 88' lang='lat' dir='ltr'>sic</span> <span class='ocrx_word' id='word_1_891' title='bbox 2425 5689 2762 5757; x_wconf 79' lang='lat' dir='ltr'>pararentur</span> <span class='ocrx_word' id='word_1_892' title='bbox 2786 5684 2859 5739; x_wconf 77' lang='lat' dir='ltr'>ad</span> <span class='ocrx_word' id='word_1_893' title='bbox 2898 5682 3067 5743; x_wconf 73' lang='lat' dir='ltr'>ﬁdem</span> <span class='ocrx_word' id='word_1_894' title='bbox 3091 5694 3222 5737; x_wconf 83' lang='lat' dir='ltr'>eum</span> <span class='ocrx_word' id='word_1_895' title='bbox 3247 5681 3490 5737; x_wconf 58' lang='lat' dir='ltr'>riderent</span> <span class='ocrx_word' id='word_1_896' title='bbox 3513 5680 3645 5727; x_wconf 76' lang='lat' dir='ltr'>mor-</span> 
     </span>
    </p>
   </div>
  </div>
