3918 6176
334 317 443 377 ιη

1099 324 1481 384 ΕΙΡΟΕῙἮΟ
1519 328 1599 385 IN
1635 327 2088 385 ΜΛἸἿἮΕΠΜ.
2131 352 2198 375 -ο
2236 330 2377 388 LIB.
2416 331 2515 398 Vl,
2557 331 2714 389 CAP.
2755 330 2851 388 ΣΙ.

3472 324 3613 397 ςέὃε

338 450 503 501 tuum
532 453 943 518 resurgentem.
965 449 1214 506 Noverat
1225 451 1373 506 enim
1394 466 1705 524 praecursor
1733 457 1791 506 et
1817 468 1941 523 pro-
1955 455 2001 513 A
2025 455 2290 517 audiunt,
2313 470 2378 508 ex
2410 471 2521 525 quo
2549 454 2821 527 sequitur,
2844 456 2979 524 quia
2996 454 3303 520 turdorum
3322 467 3612 535 mpu-

334 536 509 608 pheta
534 536 765 591 Domini
804 538 953 608 quod
984 538 1246 611 discipuli
1276 542 1398 610 ejus
1437 543 1705 597 hactenus
1735 560 1935 614 super-

337 623 802 681 birentadversns
818 627 1139 695 Dominum,
1160 635 1218 683 et
1234 618 1726 701 haberentaliquid
1739 640 1935 686 contra

337 730 468 769 eum
495 715 901 781 mordacitstis,
934 733 1001 771 ea:
1027 717 1200 773 livore
1229 724 1287 773 et
1313 719 1541 783 invidia,
1572 722 1721 790 quod
1764 737 1936 791 supra

337 808 629 859 ostensum
654 807 758 872 est,
782 805 1122 877 evangelista
1147 808 1460 865 referente:
1510 811 1678 873 Tunc,
1729 810 1931 880 inquit,

338 898 682 946 accesserunt
700 895 965 963 discipuli
988 898 1241 962 Joannis,
1275 899 1548 952 dicentes:
1579 898 1755 964 Quare
1780 905 1937 952 noset

342 981 616 1036 Phariszi
634 986 961 1052 ieiunamus
988 986 1324 1055 frequenter,
1349 989 1610 1056 (iisapuli
1637 994 1822 1042 autem
1853 990 1940 1041 tui

342 1085 459 1125 non
475 1073 747 1139 jejunum
773 1073 989 1139 (Matth.
1013 1087 1086 1138 Ix,
1119 1074 1195 1145 4).
1226 1075 1295 1130 Et
1332 1076 1462 1130 alibi
1491 1096 1502 1130 :
1541 1076 1801 1143 Magister
1847 1080 1942 1131 cui

346 1164 405 1212 tu
415 1160 749 1227 perhibuit“
763 1165 1137 1216 testimonium
1151 1166 1224 1217 ad
1235 1167 1668 1231 Jordanem,ecce
1680 1169 1942 1235 discipuli

344 1251 460 1315 ejus
480 1249 769 1316 baptizani
785 1256 833 1304 et
849 1254 1035 1319 plures
1048 1256 1279 1306 veniunt
1290 1255 1363 1307 ad
1376 1270 1501 1308 eum
1525 1258 1698 1321 (Joan.
1716 1269 1800 1316 Ill,
1823 1252 1935 1323 ‘26).

345 1335 517 1399 Quasi
542 1337 804 1403 dixerint,
835 1340 1043 1393 invidia
1073 1341 1366 1407 stimulati,
1411 1359 1513 1396 nos
1546 1343 1859 1398 deserimur
1886 1349 1943 1398 et

346 1425 416 1480 ad
446 1425 607 1480 illum
629 1427 797 1481 turba
835 1429 1137 1483 concurrit.
1187 1431 1322 1494 Quae
1375 1432 1566 1485 omnia
1620 1432 1941 1502 plenissime

346 1514 529 1568 sciens
559 1514 755 1570 beatus
783 1533 1111 1587 prmcursor,
1143 1518 1420 1583 formavit,
1443 1534 1554 1574 non
1575 1520 1699 1585 sibi,
1724 1527 1788 1575 ut
1805 1522 1935 1588 dixi,

344 1603 439 1657 sed
459 1604 589 1663 illis,
613 1606 739 1658 nesl
762 1604 1033 1669 fabulose,
1062 1607 1561 1678 interrogationem
1591 1610 1821 1664 mittens
1840 1624 1941 1681 per

344 1692 571 1746 eosdem
602 1709 745 1762 quos
771 1693 1143 1750 obcmcaverat
1169 1696 1312 1750 livor
1339 1697 1578 1761 invidiae,
1612 1703 1676 1752 ut
1703 1700 1942 1770 amplior

2016 544 2221 596 tebunt.
2238 543 2411 597 Porro
2428 544 2574 613 quod
2593 544 2672 597 ait
2688 557 2699 590 ε
2721 546 2990 611 I’auperes
3011 545 3487 610 wangeh’santur,
3504 541 3612 613 ipsi

2017 630 2211 700 utique
2228 647 2519 701 pauperes,
2534 632 2601 686 de
2614 631 2814 701 quibus
2824 632 3034 686 dictum
3056 636 3196 686 erat:
3219 632 3613 697 Evangelt'sare

2015 721 2521 785 paiqueribusmist’t
2551 736 2634 774 me
2668 721 2817 788 (Luc.
2859 734 2932 785 ιν,
2965 718 3114 786 τ18);
3159 724 3224 773 ut
3269 719 3614 788 intelligeres

2016 805 2230 876 inopes,
2246 822 2365 872 seu,
2385 808 2531 877 quod
2546 808 2723 877 magis
2738 808 3123 878 accipiendum
3140 813 3244 871 est,
3262 807 3464 880 spiritu
3481 820 3614 879 pau-

2020 910 2180 966 peres
2205 913 2217 961 ;
2248 900 2312 948 ut
2337 896 2491 949 nulla
2511 897 2795 950 videretur
2817 896 3084 958 distantia
3103 895 3441 967 pred'icandi
3466 895 3616 955 inter
3664 914 3669 919 ‘

2020 982 2235 1039 nobiles
2262 989 2317 1037 et
2344 984 2637 1054 ignobiles,
2669 985 2817 1040 inter
2834 985 3035 1039 divites
3063 992 3121 1041 et
3150 996 3375 1055 egenos.
3468 1000 3473 1003 ‘
3562 1008 3567 1015 ο

2092 1073 2158 1126 Et
2181 1075 2383 1138 beatus,
2413 1073 2613 1143 inquit,
2645 1078 2743 1142 qui
2770 1090 2882 1127 non
2911 1076 3087 1141 fuerit
3108 1076 3529 1132 seandalisalm'
3548 1076 3617 1128 in

2022 1178 2126 1214 me.
2158 1162 2413 1232 Ipsorum
2441 1176 2594 1231 ergo,
2628 1169 2691 1216 ut
2732 1162 2864 1225 dixi,
2912 1163 3307 1218 conscientiam
3349 1162 3612 1233 percutit,

2022 1250 2109 1304 vel
2135 1267 2329 1304 eorum
2359 1250 2609 1305 omnium
2635 1251 2730 1321 qui
2755 1251 2824 1305 de
2863 1257 3042 1307 morte
3072 1251 3282 1307 Christi
3331 1250 3609 1317 dubitant,

2023 1341 2155 1409 quia
2185 1339 2287 1393 etsi
2319 1345 2575 1393 mortuus
2605 1346 2691 1393 est
2727 1356 2791 1393 ex
2828 1340 3158 1395 inﬁrmitate
3186 1340 3371 1396 carnis
3407 1344 3472 1399 ut
3493 1340 3613 1410 ipse

2022 1428 2217 1493 voluit,
2250 1428 2384 1482 vivit
2410 1434 2601 1482 tamen
2635 1445 2699 1482 ex
2728 1428 2934 1483 virtute
2954 1428 3074 1483 Dei.
3107 1429 3318 1483 Idcirco
3354 1434 3471 1484 tam
3518 1445 3614 1485 eos

2025 1516 2119 1587 qui
2150 1516 2304 1571 missi
2335 1517 2580 1582 fuerant,
2612 1531 2782 1588 quam
2813 1518 3353 1575 omnesvultsanare
3371 1516 3443 1572 ab
3459 1530 3615 1574 soan-

2021 1605 2148 1659 dalo
2173 1605 2520 1660 inﬁdelitatis
2544 1626 2556 1673 ;
2590 1606 2793 1677 quibus
2818 1606 2862 1660 si
2886 1622 2998 1661 non
3026 1607 3236 1661 iuerint
3260 1604 3615 1672 scandalizati

2021 1694 2309 1749 beatitudo
2343 1696 2773 1765 repromittitur.
2804 1696 3069 1765 Alioquin
3116 1695 3177 1750 in
3204 1694 3292 1750 his
3332 1694 3495 1749 dictis
3531 1695 3616 1750 vel

344 1779 737 1850 intelligentia,
770 1788 826 1837 et
854 1784 1101 1838 elﬁcacia
1124 1786 1307 1855 major
1332 1787 1639 1842 sentiretur
1656 1788 1713 1841 in
1744 1789 1941 1843 eodem
1966 1773 2182 1837 Bfactis
2202 1784 2458 1854 discipuli
2473 1785 2702 1839 Joannis
2720 1785 2847 1856 plus
2873 1784 3142 1838 admirari
3170 1788 3434 1855 poterant
3448 1799 3616 1855 quem

326 1873 490 1939 iacto
522 1886 805 1940 expressa,
831 1878 1108 1943 quatenus
1136 1874 1257 1945 ipse
1286 1876 1560 1946 propheta
1586 1876 1644 1930 in
1676 1877 1781 1931 hoc
1809 1893 1941 1932 con-

344 1957 576 2012 ditionis
624 1976 740 2013 sule
767 1973 973 2029 genere
1003 1962 1385 2032 prephetaret,
1437 1972 1495 2018 et
1538 1965 1941 2036 discipulorum

344 2063 577 2101 suorum
598 2064 664 2102 ac
689 2048 735 2102 si
761 2050 1023 2119 providus
1053 2051 1321 2121 Magister
1348 2059 1577 2107 sanaret
1607 2056 1937 2109 vecordiam.

346 2133 488 2197 Quia
512 2134 571 2187 in
602 2134 724 2205 ipso
748 2136 963 2190 Joanne
983 2136 1316 2207 formalegis
1337 2146 1477 2205 erat,
1500 2140 1587 2193 lex
1606 2141 1755 2194 enim
1779 2142 1940 2195 Chri-

346 2228 495 2276 stum
527 2224 907 2289 annuntiavit,
939 2230 996 2279 et
1018 2226 1403 2281 remissionem
1426 2228 1483 2281 in
1507 2246 1574 2282 eo
1598 2229 1718 2299 ipso
1747 2231 1942 2300 praedi-

345 2312 509 2376 cavit,
533 2328 885 2384 regnumque
914 2315 1178 2369 canorum
1218 2317 1536 2387 spepondit.
1552 2319 1694 2371 Nam
1710 2320 1942 2373 etJoan-

350 2414 447 2455 nes
476 2401 583 2456 hoc
610 2407 793 2457 totum
822 2419 963 2473 opus
1012 2404 1154 2473 legis
1202 2405 1468 2474 explevit;
1518 2407 1647 2459 hinc
1690 2414 1943 2462 cessante

343 2490 462 2558 jam
494 2490 639 2561 lege,
665 2506 788 2562 quas
817 2509 917 2562 pro
943 2493 1182 2563 peccatis
1202 2494 1447 2563 plebium
1474 2494 1701 2549 inclusa:
1722 2497 1944 2550 teneba-

349 2583 461 2641 tur,
494 2584 555 2633 et
598 2580 791 2651 pepuli
818 2581 1003 2635 vincta
1049 2581 1213 2641 vitiis,
1248 2600 1318 2636 ne
1350 2584 1604 2637 Christus
1636 2586 1811 2654 possit
1856 2586 1943 2639 in-

346 2668 546 2738 telligi,
581 2668 742 2740 quasi
772 2669 1005 2724 vinculis
1035 2677 1094 2725 et
1114 2687 1333 2725 carcere
1363 2679 1582 2726 retrusa
1627 2675 1938 2728 tenebatur.

344 2757 653 2827 Propterea
681 2774 815 2827 ergo
844 2759 915 2813 ad
941 2758 1247 2829 Evangelia
1289 2762 1605 2816 contuenda
1651 2763 1735 2816 lex
1775 2763 1947 2817 mittit

341 2846 485 2900 duos
508 2863 573 2900 ex
603 2845 890 2917 discipulis
911 2847 1047 2911 suis,
1064 2849 1273 2903 scilicet
1293 2850 1514 2903 Scribas
1530 2856 1587 2905 et
1606 2851 1939 2917 Pharismos,

337 2942 403 2990 ut
430 2935 738 2990 inﬁdelitas
769 2937 931 2990 {idem
947 2950 1056 2991 non
1084 2938 1268 2991 minus
1283 2938 1555 2992 factorum
1584 2956 1752 3011 quam
1773 2941 1945 2995 dicto-
1974 2959 1984 2967 ·

338 3041 469 3079 rum
500 3025 932 3096 contempletur,
956 3030 1020 3080 ut
1048 3027 1196 3097 quod
1227 3027 1377 3081 intra
1406 3044 1528 3081 eam
1586 3036 1940 3099 peccatorum

2023 1873 2418 1939 scandalizari;
2449 1888 2631 1944 neque
2651 1875 2769 1943 jam
2783 1873 2996 1944 aliquid
3030 1873 3089 1927 in
3123 1873 3346 1928 Christo
3376 1878 3500 1928 erat
3523 1886 3620 1943 ge-

2024 1966 2172 2014 stum
2199 1962 2348 2015 unde
2368 1962 2612 2015 Joannes
2632 1960 3120 2024 scandalizentur,
3153 1967 3219 2016 ut
3234 1961 3434 2017 sitella
3461 1970 3619 2015 man-

2022 2050 2201 2103 daret.
2236 2050 2500 2113 Quinimo
2530 2051 2739 2103 eisdem
2770 2050 3023 2120 loquitur
3053 2049 3340 2121 dissipulis
3376 2050 3449 2103 ad
3478 2058 3618 2120 quos

2023 2138 2177 2212 missi
2206 2138 2431 2192 fuerant
2453 2145 2516 2193 ut
2537 2143 2908 2193 sanarentur:
2937 2151 3049 2192 non
3069 2139 3252 2193 solum
3275 2138 3399 2210 ipsi,
3422 2154 3617 2192 verum

2024 2229 2193 2282 etiam
2224 2246 2418 2283 omnes
2448 2229 2649 2300 quibus
2682 2229 3061 2298 evangelisata
3087 2234 3212 2283 erat
3260 2245 3295 2282 ει
3344 2228 3617 2299 principio

2023 2318 2242 2371 decursi
2269 2319 2546 2372 sermonis
2577 2335 2726 2371 mors
2755 2317 2964 2372 Christi
2994 2323 3051 2371 et
3088 2317 3273 2388 [macie
3301 2317 3499 2383 crucis,
3539 2318 3619 2371 sic

2024 2405 2131 2463 ait:
2155 2408 2260 2471 Qui
2270 2408 2573 2474 perdiderit
2590 2409 2845 2461 animum
2863 2418 3023 2459 suam
3032 2411 3256 2474 propter
3270 2408 3620 2469 mc,intlenict

2025 2510 2164 2557 eam,
2191 2500 2238 2547 cl:
2258 2497 2357 2562 qui
2387 2508 2497 2548 non
2518 2498 2715 2562 accipit
2745 2511 2961 2548 crucem
2980 2507 3142 2548 suam
3162 2499 3213 2547 et
3230 2497 3483 2564 sequitur
3513 2510 3618 2559 me,

2026 2599 2137 2635 non
2163 2587 2234 2634 est
2261 2598 2341 2635 me
2363 2584 2793 2649 dignus(.l1atth.
2816 2598 2868 2645 χ,
2892 2580 3167 2650 3κ,39).Ῑιι
3187 2581 3389 2652 quibus
3410 2581 3542 2652 quia
3563 2582 3621 2636 in

2026 2672 2263 2725 Domino
2285 2671 2616 2725 universitas
2642 2671 2964 2741 passionu'n
2987 2671 3324 2736 conveniret,
3358 2676 3417 2724 et
3430 2670 3624 2724 futura

2028 2766 2177 2813 esset
2205 2776 2339 2813 crux
2360 2761 2482 2829 ejus
2493 2759 2749 2830 plurimis
2776 2759 2833 2812 in
2862 2759 3522 2829 swndalum,pmpmm
3539 2759 3622 2815 eis

2027 2849 2123 2920 qui
2153 2848 2630 2919 perseveraverint
2658 2848 2715 2901 in
2745 2848 2855 2901 ﬁde
2879 2847 3000 2901 sine
3028 2848 3310 2913 seandalo,
3334 2846 3622 2904 beatitudo

2025 2938 2455 3008 repromittitur.
2504 2937 2664 2992 Unde
2718 2937 2941 2991 videtur
2991 2938 3217 2991 eosdem
3266 2938 3501 2992 nuntios
3551 2935 3623 2991 ab

2023 3027 2247 3081 exordio
2277 3026 2543 3098 praeteriti
2585 3026 2861 3080 sermonis
2907 3026 3056 3091 inter
3098 3026 3403 3097 discipulos
3459 3025 3626 3081 Chri-

338 3115 539 3169 ﬁ‘aude
569 3115 646 3168 sit
673 3090 1015 3185 colligatum,
1035 3090 1137 3187 per
1156 3090 2002 3195 ἰηιειιίεθηῐίξιηίθνειηεθιὶρωΟ
2023 3116 2094 3171 sti
2125 3090 2348 3186 semper
2380 3116 2569 3181 fuisse,
2613 3116 2710 3170 ubi
2756 3115 2913 3187 prius
2953 3090 3083 3170 caci
3131 3090 3266 3170 sunt
3318 3114 3624 3177 illuminati

340 3203 624 3258 libertatis
648 3203 928 3258 abluatur.
961 3205 1083 3259 Tali
1109 3205 1283 3275 igitur
1300 3208 1546 3260 Joannes
1571 3209 1842 3277 exemplo,
1887 3216 1944 3263 et
2024 3212 2082 3260 et
2109 3205 2311 3269 claudi,
2344 3221 2447 3260 nec
2479 3220 2591 3259 non
2622 3211 2679 3259 et
2705 3216 2980 3277 pauperes
3008 3204 3394 3276 evangeliuti,
3448 3210 3509 3259 et
3551 3203 3625 3258 sd

342 3292 595 3347 mirabili
616 3294 938 3362 magisterio
961 3294 1204 3364 Spiritus
1226 3296 1404 3348 sancti
1426 3312 1580 3357 usus,
1606 3296 1763 3366 quasi
1804 3297 1944 3350 arti-
2027 3288 2360 3366 perferenda
2391 3295 2579 3349 omnia
2609 3309 2788 3366 usque
2817 3295 2888 3349 sd
2913 3300 3154 3349 mortem
3185 3293 3509 3366 plenissime
3535 3290 3625 3348 ln-

343 3382 465 3434 iicis
494 3381 742 3451 ingenio,
774 3390 831 3436 et
859 3382 1210 3453 prophetiam
1250 3386 1389 3436 texit
1414 3384 1472 3437 in
1501 3384 1664 3450 facto,
1692 3391 1748 3437 et
1777 3385 1945 3439 disci-
2027 3383 2243 3437 structi.
2276 3384 2384 3438 Sed
2411 3400 2534 3455 qua:
2563 3384 2908 3454 interrogata
2945 3389 3095 3451 sunt,
3127 3396 3320 3455 quisve
3356 3396 3629 3454 responsa

346 3470 610 3540 pulcrum
642 3471 883 3525 consulit
896 3471 1248 3541 ignorantiae,
1274 3473 1555 3526 utscirent
1584 3489 1694 3526 non
1712 3474 1885 3527 alium
1914 3491 1947 3527 a
2028 3488 2099 3525 ne
2129 3477 2356 3542 possent
2382 3473 2613 3526 Joannis
2653 3473 2925 3544 suspicari
2963 3480 3076 3538 δι
3097 3477 3148 3537 α
3191 3469 3484 3529 infamiam
3538 3471 3626 3527 vel

346 3576 409 3613 se
432 3559 797 3629 praedicatum
830 3576 1000 3631 quam
1021 3562 1221 3616 Deum.
1257 3562 1467 3615 Idcirco
1510 3563 1580 3616 ad
1620 3579 1789 3633 opera
1826 3565 1947 3633 ejus
2033 3561 2425 3630 suspicionem,
2458 3566 2725 3631 tanquam
2756 3562 2811 3614 in
2838 3558 3026 3631 aliquo
3056 3558 3463 3615 scandalizatus
3480 3566 3629 3614 esset

347 3649 672 3707 contuenda
693 3649 995 3721 discipulos
1021 3666 1153 3705 suos
1179 3651 1350 3715 misit,
1376 3658 1439 3705 ut
1458 3652 1852 3706 auctoritatem
1874 3653 1951 3705 di-
2033 3648 2103 3702 de
2132 3649 2373 3714 Christo,
2406 3648 2487 3702 ait
2508 3648 2942 3719 benignissimus
2970 3651 2998 3703 J
3004 3665 3133 3704 esus
3148 3651 3220 3703 ad
3234 3649 3430 3704 turbas
3449 3649 3520 3702 de
3539 3664 3626 3701 eo:

349 3739 457 3792 etis
487 3738 656 3803 illius,
691 3744 750 3792 et
778 3740 1070 3809 praeconiis
1104 3742 1243 3809 ejus,
1289 3756 1458 3811 opera
1505 3740 1838 3807 conferrent,
1881 3758 1950 3795 ne

353 3827 615 3882 Christus
638 3828 757 3897 jam
778 3828 922 3882 alius
952 3835 1388 3899 exspectaretur,
1432 3846 1599 3900 quam
1654 3831 1743 3884 cui
1790 3831 1950 3884 testi-

353 3915 613 3970 monium
643 3928 817 3987 opera
838 3917 1074 3971 Deitatis
1104 3917 1512 3989 praestitissent.
1543 3919 1700 3973 Unde
1743 3918 1951 3989 plenis-

351 4006 499 4060 sime
526 4005 697 4060 datur
708 4006 945 4075 intelligi
960 4006 1108 4076 quod
1138 4007 1336 4060 eodem
1352 4006 1551 4077 spiritu
1573 4009 1816 4062 Joannes
1832 4014 1955 4063 erat

354 4094 577 4165 plenus,
610 4094 705 4165 qui
736 4111 903 4166 super
934 4096 1219 4150 Christum
1272 4096 1620 4165 requieverat
1673 4102 1845 4163 totus,
1897 4105 1954 4152 et

352 4183 484 4238 ideo
514 4183 772 4238 Christus
789 4186 971 4239 totum
1002 4186 1314 4256 praenoscit,
1348 4187 1415 4239 ad
1436 4188 1584 4256 quod
1614 4187 1845 4241 miserat
1858 4204 1953 4241 eos

354 4273 623 4337 Joannes,
647 4279 706 4326 et
721 4274 963 4327 Joannes
990 4274 1131 4327 nihil
1154 4274 1433 4328 dubltavit
1473 4275 1542 4328 de
1581 4276 1822 4341 Christo,
1863 4276 1952 4329 cui

355 4361 549 4415 omnia
573 4362 758 4415 cordis
783 4368 999 4417 secreta
1027 4368 1239 4433 patent.
1264 4364 1408 4417 llinc
1437 4380 1676 4434 quoque,
1709 4370 1775 4418 ut
1816 4364 1949 4431 dixi,

357 4464 471 4505 non
500 4450 570 4504 ad
599 4450 767 4504 verba
787 4457 981 4517 διε
1016 4452 1484 4522 interrogautium
1516 4454 1822 4523 respondit,
1855 4455 1951 4507 sed

356 4540 518 4610 signa
546 4540 785 4593 Deitatis
811 4540 1074 4594 ostendit.

428 4631 524 4694 lto,
544 4629 748 4700 inquit,
768 4630 932 4682 dicite
953 4632 1164 4683 Joanm‘
1177 4644 1295 4698 qua:
1305 4632 1540 4683 audistis
1556 4635 1603 4683 ct
1624 4626 1855 4686 ridistis.
1882 4626 1955 4686 Ut

357 4718 464 4789 ipsi
490 4717 597 4771 sibi
624 4723 799 4772 testes
818 4724 1007 4772 essent
1037 4718 1275 4789 propriae
1304 4718 1673 4784 conscientiae,
1706 4720 1773 4773 ad
1807 4721 1953 4791 quod

358 4823 453 4861 eos
464 4807 736 4877 magister
754 4822 949 4861 eorum
962 4808 1194 4862 miserat
1210 4826 1221 4875 ;
1246 4808 1449 4877 quibus
1462 4808 1687 4871 arbiter,
1705 4811 1954 4863 omnium

359 4902 724 4959 secretorum,
749 4911 860 4949 non
884 4897 954 4950 ad
976 4896 1160 4959 verba,
1194 4898 1290 4950 sed
1316 4898 1386 4951 ad
1418 4897 1789 4951 intentionem
1821 4899 1952 4952 mit—

358 4986 549 5048 tentis,
583 4992 642 5039 et
667 4985 738 5038 ad
768 4985 1093 5039 scandalum
1113 4985 1441 5040 nuntiorum
1462 4986 1787 5057 respondit:
1823 4988 1956 5041 Caici

358 5077 565 5139 uident,
592 5090 659 5127 ac
678 5073 724 5127 si
740 5073 985 5128 diceret:
1017 5075 1117 5139 Ite,
1151 5072 1531 5129 diciteJoanni
1550 5076 1682 5146 quia
1709 5090 1812 5145 ego
1832 5090 1957 5129 sum

361 5163 429 5216 de
457 5176 570 5235 quo
585 5163 862 5233 propheta
880 5162 1126 5218 dicebat:
1148 5165 1289 5216 Deus
1304 5168 1478 5217 veniet
1505 5168 1613 5232 ipsa
1645 5168 1691 5216 cl
1720 5166 1957 5220 satrabit

362 5269 455 5306 nos
484 5255 614 5319 (lsa.
647 5269 807 5313 xxxv,
839 5254 927 5319 4);
956 5258 1011 5307 et
1031 5252 1192 5306 alibi:
1217 5257 1331 5321 Ipse
1356 5256 1709 5319 infirmitates
1742 5259 1957 5306 nostras

360 5344 596 5409 portabit
627 5344 755 5406 (Iso.
793 5355 912 5406 Lm,
945 5343 995 5401 4-
1028 5360 1039 5394 :
1084 5356 1187 5396 nec
1214 5356 1325 5395 non
1357 5349 1414 5395 et
1440 5342 1577 5395 illud
1606 5358 1616 5393 :
1654 5340 1802 5395 Tunc
1839 5358 1959 5410 ape-

358 5433 583 5486 riantur
612 5434 762 5485 oculi
789 5446 1052 5485 wearum
1073 5449 1089 5495 ;
1113 5433 1303 5485 claudi
1326 5433 1621 5485 ambulant
1648 5432 1774 5497 (lsa.
1792 5446 1953 5497 xxxv,

360 5515 437 5588 5).
452 5520 598 5584 Quis
618 5518 678 5574 in
699 5520 895 5575 eodem
908 5520 1183 5591 propheta
1196 5519 1407 5574 dictum
1431 5525 1515 5574 est
1541 5521 1668 5587 (lea.
1690 5534 1844 5583 xxxv,
1870 5518 1921 5589 ὃ)
1941 5538 1951 5572 :

367 5608 515 5663 Tum
534 5611 698 5665 saltet
720 5611 953 5664 ctaudus
971 5608 1117 5669 itcrat
1144 5620 1352 5669 ceruus.
1381 5610 1459 5662 Ac
1491 5608 1694 5665 deinde
1720 5624 1731 5661 :
1784 5607 1960 5662 Sardi

2105 3739 2248 3804 Quid
2270 3741 2454 3790 existis
2484 3742 2548 3791 in
2572 3726 2777 3791 deserto
2817 3740 2997 3791 ridere
3018 3744 3043 3791 Γ
3087 3740 3430 3791 arundinem
3470 3742 3628 3790 senta

2033 3829 2302 3893 agitatam
2325 3834 2349 3879 ?
2374 3827 2440 3880 Et
2464 3827 2568 3879 hoc
2587 3825 2748 3897 quasi
2768 3825 3019 3880 fabulose
3046 3826 3312 3896 loquitur.
3352 3824 3498 3880 Nam
3528 3836 3630 3896 per

2033 3916 2317 3970 desertum
2346 3920 2514 3981 certe,
2555 3921 2655 3969 aut
2683 3913 2801 3986 ipse
2829 3915 2983 3968 locus
3024 3914 3083 3968 in
3113 3925 3224 3985 quo
3265 3920 3445 3981 erant,
3478 3913 3627 3968 desi-

2032 4010 2257 4075 gnatur,
2293 4010 2393 4058 aut
2419 4005 2580 4070 forte,
2614 4005 2745 4079 quia
2794 4004 2900 4075 ipsi
2957 4003 3171 4075 Spiritu
3220 4009 3414 4058 sancto
3467 4002 3627 4058 vacui

2034 4100 2213 4160 erant,
2244 4094 2300 4147 in
2324 4110 2436 4164 quo
2463 4094 2735 4148 habitatio
2766 4093 2867 4148 Dei
2887 4089 3003 4147 ulla
3034 4093 3272 4146 necdum
3304 4094 3444 4147 erat.
3468 4087 3629 4150 Unde

2034 4184 2375 4253 increpantis
2405 4184 2605 4237 all‘ectu
2641 4183 2845 4253 potius,
2886 4193 3053 4253 quam
3090 4182 3475 4238 confirmantis
3512 4182 3631 4235 hlec

2035 4273 2303 4342 loquitur.
2330 4275 2409 4326 Ac
2438 4273 2484 4326 si
2514 4272 2753 4327 diceret:
2786 4273 2857 4326 Ut
2881 4272 3014 4342 quid
3037 4264 3227 4327 existis
3249 4271 3436 4325 videre
3453 4271 3631 4325 homi-

2036 4376 2164 4415 nem
2187 4361 2523 4433 cogitatione
2540 4361 2642 4415 Dei
2666 4374 2919 4427 vacuum,
2944 4366 3004 4415 et
3020 4361 3192 4415 veluti
3211 4361 3508 4427 calamum,
3529 4360 3633 4414 im-

2038 4451 2376 4504 mundorum
2396 4451 2697 4521 spirituum
2728 4451 2865 4503 flatu
2894 4450 3002 4504 huc
3021 4448 3266 4521 illucque
3293 4450 3632 4521 vagantem?

2038 4538 2166 4592 Haec
2186 4539 2390 4592 idcirco
2419 4540 2499 4592 ita
2526 4539 2731 4593 dixisse
2749 4538 3014 4605 creditur,
3040 4544 3106 4592 ut
3132 4545 3188 4592 et
3216 4540 3490 4593 Joannem
3519 4538 3629 4592 ini-

2038 4627 2114 4679 ris
2145 4625 2366 4681 cll’erret
2394 4627 2673 4693 laudibus,
2706 4633 2763 4680 et
2793 4642 2907 4693 eos,
2959 4640 3200 4699 quorum
3238 4628 3409 4683 corda
3449 4627 3630 4682 intro-

2037 4722 2311 4786 spexerat,
2343 4717 2624 4786 redigeret
2646 4716 2717 4770 ad
2746 4716 3088 4773 soliditatem
3126 4717 3255 4771 ﬁdei
3297 4717 3368 4771 de
3394 4718 3629 4782 Joanne,

2039 4805 2187 4875 quod
2217 4820 2329 4859 non
2370 4805 2603 4859 lenitate
2632 4806 2838 4859 mentis
2865 4806 2935 4859 de
2978 4821 3046 4860 eo
3087 4806 3418 4876 ambigeret,
3465 4818 3633 4876 quem

2036 4899 2205 4947 antea
2226 4895 2556 4964 prmdicarat
2579 4911 2592 4962 ;
2616 4900 2716 4948 aut
2734 4895 2877 4949 tbrte
2897 4889 3052 4948 vanis
3073 4906 3268 4950 eorum
3283 4894 3635 4966 cogitationi-

2038 4982 2142 5036 bus
2171 4983 2491 5052 respondit:
2518 4996 2589 5037 ne
2620 4983 2905 5038 videretur
2924 4984 3145 5039 invidiae
3179 4985 3419 5039 stimulis
3437 4989 3635 5039 contra

2040 5072 2323 5126 Christum
2355 5073 2575 5141 agitari,
2602 5074 2763 5144 quasi
2785 5074 2855 5127 de
2884 5074 3276 5145 praedicatione
3302 5086 3407 5128 sua
3433 5085 3635 5129 vanam

2038 5165 2349 5214 sectaretur
2391 5162 2647 5232 gloriam.
2689 5163 3091 5217 Verumtamen
3139 5163 3411 5234 quidquid
3454 5163 3636 5218 turba

2038 5248 2406 5319 cogitaverim
2421 5251 2490 5303 de
2502 5252 2529 5305 J
2536 5262 2736 5317 eamne,
2758 5252 2914 5307 miris
2930 5264 3057 5307 eum
3079 5252 3488 5307 circumscribit
3511 5253 3636 5308 lau-

2040 5339 2224 5404 dibus,
2258 5339 2405 5409 quod
2438 5356 2539 5394 nec
2575 5342 2790 5395 calamo
2821 5341 3019 5396 similis
3047 5347 3197 5396 esset
3236 5342 3384 5397 inter
3422 5343 3636 5398 medios

2041 5430 2261 5494 fluctus,
2284 5434 2341 5483 et
2368 5444 2636 5483 aurarum
2649 5431 2950 5497 anfractus,
2976 5435 3041 5485 ut
3052 5431 3180 5486 ullis
3202 5431 3635 5504 impulsionibus

2041 5514 2170 5573 ildel
2192 5524 2526 5584 moveretur,
2548 5531 2652 5573 nec
2669 5533 2872 5574 vacuus
2901 5521 3053 5574 intus
3068 5525 3217 5576 esset
3238 5532 3366 5576 rore
3395 5519 3637 5591 Spiritus

2040 5608 2238 5669 sancti,
2269 5621 2452 5679 neque
2484 5608 2745 5663 mollibus
2774 5610 3025 5663 vestitus.
