3918 6176
366 330 474 400 439

1137 335 1196 396 ς.
1237 336 1611 392 PASCllASIl
1648 328 2019 389 RADBERTI
2054 328 2360 385 ABBA’I‘IS
2397 325 2888 383 CORBEIENSIS.

3526 326 3617 381 440

440 469 720 537 Quoniam
749 483 879 533 ecce,
910 466 1112 537 inquit,
1136 466 1236 534 qui
1256 463 1516 517 mollibus
1543 462 1876 517 vestiuntur.
1904 459 1965 509 in
1982 453 2037 516 A
2053 460 2348 526 putaretur
2371 469 2540 525 quam
2561 452 2748 516 homo,
2777 465 2945 520 quam
2969 465 3083 503 non
3103 453 3228 503 erat
3254 448 3362 503 nisi
3388 449 3478 519 qui
3504 450 3617 504 mis

369 558 623 612 domibus
639 572 828 623 regum
852 562 1001 609 sunt.
1029 552 1199 618 Quasi
1220 552 1459 606 diceret:
1479 549 1602 604 Non
1620 564 1684 602 ex
1704 545 1966 619 praedica-

369 646 529 700 tione
540 662 644 701 sua
663 661 861 699 vanam
884 649 1073 714 captat
1087 641 1343 712 gloriam,
1371 653 1551 708 neque
1570 638 1698 691 vitm
1713 633 1965 690 saeculari

356 730 678 795 'blanditur,
702 739 766 787 ut
784 730 1043 785 mollibus
1063 729 1351 793 vestiatur,
1374 727 1468 781 sed
1493 726 1679 797 potius
1698 741 1793 778 vos
1812 740 1964 794 qum-

372 819 469 886 rit,
492 820 587 891 qui
611 820 770 891 quasi
787 818 1003 873 arundo
1024 817 1175 870 intus
1190 816 1366 877 vacui,
1392 814 1634 868 exterius
1655 814 1762 867 huc
1800 812 1968 865 illuc-

375 924 485 978 que
510 908 780 962 ﬂexibiles
796 906 1041 977 fulgetis.
1060 906 1203 959 Nam
1228 908 1471 975 quatuor
1498 902 1678 955 modis
1698 901 1754 954 in
1778 900 1966 970 Scrip-

376 997 518 1050 turis
540 995 711 1049 sacris
739 994 955 1048 arundo
974 995 1060 1047 vel
1085 993 1335 1047 calamus
1384 991 1608 1044 dicitur.
1650 988 1967 1059 Aliquando

371 1084 580 1137 dicitur
605 1098 705 1153 pro
735 1081 900 1136 verbo
925 1082 1068 1136 sacri
1098 1080 1325 1152 eloquii,
1362 1078 1510 1150 quod
1540 1084 1734 1131 manat
1780 1084 1838 1130 et
1877 1076 1967 1130 in-

372 1171 516 1235 ﬂuit,
532 1176 596 1225 ut
613 1176 700 1225 est
715 1188 727 1223 :
753 1172 966 1237 Lingua
984 1186 1101 1223 mea
1120 1173 1241 1222 cata
1251 1169 1554 1221 musscribe
1570 1169 1820 1219 velociter
1834 1168 1969 1218 seri-

373 1261 546 1313 béntis
599 1260 763 1329 (Psal.
807 1273 951 1322 XLIV,
995 1256 1072 1322 2).
1118 1255 1432 1326 Aliquando
1477 1254 1721 1308 doctoris
1767 1252 1969 1325 peritia

367 1348 718 1418 designatur,
740 1352 806 1402 ut
824 1352 911 1401 est
934 1364 946 1400 :
982 1347 1047 1400 In
1064 1347 1337 1400 cubilibus
1359 1347 1417 1397 in
1438 1346 1806 1413 quibusprius
1832 1345 1967 1396 dra-

369 1452 527 1490 cones
545 1436 889 1498 habitabant,
914 1436 1129 1497 orietur
1144 1435 1301 1486 uiror
1314 1435 1522 1486 calami
1542 1434 1671 1497 (Isa.
1708 1445 1869 1496 xxxv,
1895 1432 1965 1498 7).

369 1523 687 1594 Aliquando
716 1522 866 1576 nitor
891 1521 1083 1591 gloriae
1125 1527 1468 1584 sanctorum,
1510 1525 1614 1574 ut:
1665 1521 1967 1587 Fulgcbunt

360 1613 528 1680 justi,
553 1616 602 1664 et
612 1614 754 1664 sicut
771 1611 1028 1663 scintilla:
1041 1612 1102 1663 in
1123 1610 1462 1663 arundinem
1473 1610 1788 1663 discurrant
1811 1609 1963 1676 (Sap.

369 1714 450 1765 in,
483 1698 560 1760 7).
590 1698 752 1762 Quod
774 1697 1174 1753 arundinetum
1199 1697 1305 1769 ipsi
1333 1704 1495 1752 erant
1512 1697 1582 1751 ad
1603 1697 1750 1768 quod
1781 1696 1969 1750 Domi-

2047 561 2143 599 sus
2172 544 2229 598 in
2259 543 2443 614 angeli
2473 546 2749 613 potestate
2779 540 2924 593 viam
2974 537 3209 609 parabat
3248 538 3459 591 homini
3498 538 3617 592 Deo.

2047 632 2450 686 Verumtamen
2477 635 2626 683 recte
2650 627 2837 682 adhuc
2860 625 3131 697 quaeritur
3155 626 3206 680 si
3252 626 3433 695 major
3472 626 3623 680 fuerit

2047 722 2289 777 Joannes
2316 719 2451 783 Elia,
2483 718 2540 772 in
2559 718 2720 787 cujus
2741 716 2944 787 spiritu
2970 721 3029 769 et
3064 716 3273 770 virtute
3297 715 3507 770 venisse
3546 716 3621 769 di-

2046 810 2212 864 citur.
2261 809 2376 863 Aut
2422 807 2469 861 si
2499 808 2683 877 major
2719 804 3031 859 credendus
3069 805 3143 859 sit
3184 803 3401 867 Elisaao,
3439 804 3496 858 in
3529 820 3624 875 quo

2047 900 2248 967 duplex
2273 900 2525 965 spiritus.
2558 896 2690 950 Elia:
2719 893 3058 966 requievisse
3087 893 3296 947 dicitur
3316 896 3364 948 ll
3374 895 3410 946 V
3426 895 3541 960 Reg.
3569 895 3623 961 ll,

2047 986 2121 1053 9).
2154 986 2311 1050 Quod
2340 985 2500 1039 valde
2544 1001 2579 1038 a
2629 983 2788 1038 nobis
2838 983 3202 1038 temerarium
3261 987 3351 1036 est.
3390 981 3622 1047 deﬁnire,

2049 1075 2158 1129 nisi
2186 1074 2327 1128 forte
2353 1074 2477 1128 ideo
2501 1074 2681 1142 major
2690 1074 2820 1143 jure
2839 1071 3044 1127 dicitur
3059 1072 3186 1144 Elia
3217 1071 3308 1125 vel
3328 1070 3516 1126 Eliszeo
3541 1072 3627 1141 qui

2049 1163 2330 1235 praecedit,
2359 1166 2421 1217 in
2452 1165 2656 1231 spiritu
2687 1167 2735 1215 et
2759 1164 2967 1216 virtute
2995 1163 3131 1216 Elia
3151 1163 3299 1215 (Luc.
3331 1174 3372 1223 I,
3415 1159 3629 1230 l'i),quo

2050 1254 2143 1307 ille
2163 1259 2431 1306 venturus
2450 1258 2535 1305 est
2552 1251 2610 1305 in
2631 1250 2799 1304 ﬁnem
2822 1257 2884 1314 5
2900 1257 2932 1315 |
2947 1256 3014 1314 9
3030 1249 3390 1304 saeculiNam
3404 1265 3467 1303 eo
3482 1249 3628 1302 modo

2050 1343 2232 1412 major
2257 1342 2492 1396 fortasse
2524 1340 2813 1410 accipitur.
2846 1339 3004 1393 Unde
3046 1356 3159 1392 non
3204 1339 3309 1402 ait,
3359 1345 3625 1408 sequetur,

2048 1431 2180 1485 licet
2206 1430 2355 1485 Elias
2384 1435 2515 1484 ante
2536 1428 2724 1492 fuerit,
2749 1428 2847 1482 sed
2876 1429 3185 1499 praecedet;
3220 1427 3321 1499 qui
3346 1426 3485 1481 forte
3512 1444 3625 1481 cum

2050 1519 2283 1576 venerit.
2308 1524 2466 1572 tanto
2489 1519 2759 1588 majorem
2784 1534 2955 1588 quam
2995 1517 3150 1588 prius
3187 1516 3434 1587 gratiam
3474 1515 3628 1569 habe-

2050 1606 2150 1673 bit,
2184 1614 2395 1678 quanto
2422 1613 2481 1661 et
2498 1623 2734 1677 agonem
2761 1605 3057 1661 habiturus
3082 1610 3170 1659 est
3208 1606 3517 1659 fortiorem.
3547 1605 3629 1658 In-

2050 1702 2208 1751 terea
2233 1712 2345 1750 non
2374 1712 2497 1750 cum
2530 1695 2818 1766 prophetis
2841 1700 2899 1749 et
2927 1694 3281 1765 patriarchis,
3326 1694 3411 1748 vel
3436 1692 3633 1746 cunctis

370 1763 477 1841 nus
506 1785 842 1857 loquebatur
869 1763 1240 1843 ﬂuctuantes:
1261 1786 1485 1840 Interea
1521 1763 1644 1857 qua—3
1672 1785 1829 1857 prius
1863 1763 2030 1839 au-B
2052 1785 2306 1840 Salvator
2332 1763 2581 1855 praetulit
2607 1763 2948 1844 hominibus,
2977 1783 3074 1837 sed
3093 1782 3632 1854 exaequavitcaateros

370 1875 597 1930 dierant
614 1876 899 1942 aJoanne,
922 1880 980 1929 et
997 1880 1199 1930 caetera
1236 1891 1359 1946 quae
1387 1874 1458 1928 de
1487 1891 1552 1928 eo
1602 1873 1796 1928 multis
1836 1889 1968 1945 pro-

370 1963 582 2019 tulerat
602 1964 912 2036 praeconiis.
938 1965 1007 2018 Et
1021 1980 1171 2018 nunc
1182 1962 1483 2018 audiebant
1502 1963 1964 2033 interrogantem:

378 2054 457 2106 Tu
477 2068 530 2106 es
548 2055 649 2122 qui
662 2056 931 2107 venturus
940 2069 1009 2117 es,
1032 2069 1111 2107 an
1131 2055 1311 2107 alium
1329 2058 1696 2121 easpectamus
1708 2058 1732 2105 .7
1753 2052 1969 2121 Ergone

369 2140 431 2194 in
450 2139 538 2194 his
555 2140 821 2195 ﬂuctibus
839 2141 1126 2195 auditores
1146 2140 1351 2195 Christi
1380 2142 1769 2199 remanerent,
1783 2141 1975 2193 ﬁrmat

371 2245 469 2284 eos
491 2229 661 2284 etiam
680 2230 750 2283 de
765 2229 997 2303 Joannis
1017 2230 1289 2300 exemplo,
1316 2229 1464 2300 quod
1490 2246 1601 2283 non
1620 2228 1858 2283 interius
1874 2244 1970 2281 va-

370 2333 531 2385 cuus,
552 2318 701 2389 quod
724 2334 836 2372 non
867 2317 1110 2372 exterius
1151 2318 1348 2377 siccus.
1383 2318 1532 2388 quod
1577 2333 1691 2371 non
1730 2323 1975 2371 sectator

373 2406 649 2472 mollitiei,
683 2413 741 2461 et
759 2407 1019 2461 adulator
1042 2423 1238 2476 regum
1260 2414 1322 2472 5
1338 2414 1371 2472 Ι
1390 2414 1449 2472 3
1472 2412 1826 2460 terrenorum
1856 2407 1972 2459 fue-

338 2542 341 2543 ν
372 2495 465 2550 rit.
492 2496 730 2567 Insuper
757 2495 975 2549 addidit
1002 2495 1148 2566 quod
1183 2496 1367 2565 majus
1395 2501 1507 2549 est:

444 2586 555 2639 Aut
586 2585 723 2653 quid
749 2587 943 2639 existis
973 2585 1154 2637 videre
1177 2592 1201 2636 γ
1246 2585 1570 2652 Prop/letam
1595 2589 1619 2636 ?
1662 2584 1781 2635 dico
1826 2585 1972 2637 robis

373 2676 543 2727 etiam
561 2676 691 2741 plus
714 2688 883 2741 quam
900 2672 1248 2741 prophetam.
1270 2672 1573 2743 Postquam
1593 2671 1770 2741 igitur
1798 2671 1868 2725 ab
1892 2690 1975 2726 er-

373 2777 501 2816 rore
528 2760 704 2816 animi
734 2777 829 2815 eos
864 2760 1159 2821 revocavit,
1191 2778 1317 2815 mox
1354 2761 1540 2822 infert,
1581 2760 1859 2842 quomodo
1888 2761 1974 2814 vel

327 2878 330 2885 η
372 2849 598 2921 qualem
615 2865 745 2904 eum
756 2847 984 2904 credere
999 2848 1460 2903 deberent.Prius
1473 2848 1747 2920 siquidem
1760 2848 1977 2919 depulit

370 2953 643 3002 errorem,
671 2942 794 2992 tum
827 2936 1054 2991 demum
1084 2936 1341 2991 adhibuit
1385 2936 1693 2990 veritatem.
1729 2936 1797 2990 Et
1825 2935 1974 3006 quod

326 3063 330 3066 ~
371 3040 509 3095 ergo
540 3025 668 3096 plus
686 3041 856 3096 quam
877 3025 1153 3096 propheta
1170 3024 1338 3078 fuisse
1368 3024 1591 3091 dicitur,
1616 3024 1970 3079 manifestum

2050 1873 2271 1928 Joanni.
2306 1873 2450 1927 llinc
2478 1889 2611 1943 ergo
2634 1877 2719 1926 est
2739 1872 2883 1943 quod
2906 1871 3162 1943 sequitur
3183 1889 3196 1924 :

2125 1963 2231 2029 Qui
2246 1979 2299 2015 m
2309 1964 2435 2015 inor
2453 1967 2547 2025 est,
2570 1960 2774 2032 inquit,
2800 1964 2863 2014 in
2879 1977 3045 2027 regno
3070 1964 3354 2026 calorum,
3375 1962 3551 2028 major
3568 1964 3632 2011 est

2052 2053 2170 2107 illo.
2202 2050 2467 2115 Quamvis
2487 2065 2615 2104 eum
2636 2049 2896 2119 angelum
2914 2048 3134 2112 dixerit,
3157 2054 3352 2102 tamen
3369 2048 3544 2117 major
3560 2052 3637 2100 est

2053 2139 2167 2205 illo,
2200 2139 2257 2193 in
2288 2155 2460 2209 regno
2494 2139 2782 2202 caelorum,
2806 2138 2902 2209 qui
2921 2143 3048 2209 post
3067 2154 3280 2208 agones
3310 2142 3369 2192 et
3396 2137 3535 2191 bella
3568 2135 3633 2207 pii

2051 2228 2393 2291 certaminis,
2422 2229 2542 2297 jam
2569 2244 2695 2281 cum
2725 2227 2841 2281 Deo
2879 2233 2983 2292 est,
3033 2233 3091 2282 et
3142 2227 3325 2281 victor
3364 2226 3435 2280 ad
3482 2226 3633 2280 caelos

2053 2317 2320 2375 ascendit.
2340 2316 2614 2387 istiusque
2632 2316 2757 2370 vita:
2778 2316 2945 2370 variis
2969 2315 3153 2369 evasit
3174 2315 3458 2379 ludibriis,
3481 2329 3633 2385 quam

2053 2406 2141 2459 his
2162 2406 2256 2476 qui
2278 2406 2459 2459 adhuc
2480 2405 2628 2459 inter
2654 2403 2852 2458 dubias
2866 2403 2952 2458 sui
2972 2404 3167 2474 agonis
3182 2421 3425 2475 pugnas,
3450 2402 3633 2457 dubius

2054 2494 2341 2559 militat,et
2358 2493 2595 2548 desudat
2614 2510 2680 2549 ex
2701 2493 3215 2556 eventu.Nonnu|li,
3233 2493 3370 2564 quia
3387 2492 3632 2562 angelum

2055 2600 2181 2637 eum
2214 2583 2448 2647 dixerat,
2483 2583 2552 2636 dc
2600 2581 2812 2652 angelis
2850 2582 2904 2636 id
2937 2582 3149 2636 dictum
3197 2582 3378 2653 accipi
3424 2581 3628 2644 debere,

2056 2673 2334 2726 dixerunt.
2378 2673 2458 2725 Ac
2485 2671 2532 2724 si
2562 2670 2799 2736 dicatur,
2849 2671 2999 2741 quod
3037 2671 3274 2741 angelus
3315 2669 3543 2742 quilibet
3581 2668 3632 2722 in

2056 2777 2229 2831 regno
2256 2760 2545 2825 cmlorum,
2579 2759 2830 2830 quamvis
2872 2759 3059 2814 minor
3093 2777 3206 2831 prie
3242 2760 3477 2825 caeteris,
3516 2757 3632 2829 quia

2057 2849 2208 2904 videt
2234 2849 2430 2903 faciem
2464 2849 2665 2913 Patris,
2700 2850 2883 2919 major
2908 2854 2995 2903 est
3036 2850 3275 2915 Joanne,
3325 2848 3430 2903 etsi
3467 2853 3631 2902 extre-

2056 2955 2181 2993 mus
2204 2939 2261 2992 in
2292 2938 2473 2992 officio
2502 2938 2575 2991 sit
2621 2955 2657 2992 a
2701 2944 2924 2992 natura.
2974 2938 3133 2992 Unde
3181 2944 3336 2992 recte
3383 2936 3633 3010 quzeritur

2056 3026 2188 3097 quia
2213 3027 2449 3097 angelus
2488 3036 2693 3081 natura
2731 3026 3036 3091 antecellit,
3093 3033 3286 3081 utrum
3328 3027 3538 3081 meritis
3583 3030 3633 3078 et

374 3118 464 3168 est
512 3127 688 3183 quare
731 3112 970 3167 dicatur.
1016 3113 1162 3177 Quia
1206 3112 1314 3183 ipsi
1370 3113 1590 3167 licuerit
1631 3108 2235 3187 prOphetarngratia
2255 3115 2792 3170 hominibussanctis
2808 3115 3033 3170 demum
3053 3116 3436 3187 coaequabitur
3460 3114 3630 3185 inglo-

332 3250 337 3254 .
377 3200 687 3268 Christum,
718 3199 921 3255 deinde
951 3200 1096 3273 quod
1112 3201 1251 3255 nulli
1276 3200 1438 3255 alteri
1458 3202 1963 3273 prophetarum,vi-

2051 3205 2154 3270 ria,
2189 3222 2511 3276 quanquam
2534 3204 2622 3258 hic
2644 3205 2831 3259 nullus
2850 3205 3056 3259 audeat
3082 3222 3426 3276 praesumere
3465 3204 3531 3258 de
3555 3220 3623 3264 se,

375 3289 532 3355 dere,
555 3294 614 3344 et
631 3288 808 3360 digito
824 3289 1231 3357 demonstrare,
1252 3306 1356 3344 nec
1377 3306 1490 3344 non
1510 3290 1679 3345 etiam
1712 3291 1969 3346 manibus
2056 3293 2165 3347 nisi
2193 3293 2364 3348 etiam
2382 3310 2576 3348 eorum
2598 3293 2850 3363 indigeat
2867 3294 3166 3364 suffragiis,
3184 3310 3426 3365 quorum
3442 3292 3630 3363 ubique

374 3376 696 3449 baptizare:
731 3377 881 3434 unde
917 3394 1031 3433 non
1057 3378 1242 3432 minus
1265 3394 1434 3449 opere
1464 3396 1633 3451 quam
1669 3384 1725 3434 et
1748 3381 1974 3435 nomine
2057 3382 2409 3453 protegimur
2433 3381 2674 3437 auxiliis.
2703 3382 2867 3439 Unde
2884 3382 3058 3436 David
3087 3383 3144 3436 in
3166 3383 3410 3441 Psalmo:
3429 3384 3629 3438 Immit-

373 3468 506 3537 jure
535 3466 664 3537 plus
684 3481 854 3537 quam
873 3467 1147 3539 prOpheta
1166 3473 1270 3523 est.
1293 3467 1567 3531 Quoniam
1587 3468 1871 3539 prophetae
1896 3470 1973 3523 of-
2055 3476 2127 3525 tet
2140 3476 2358 3538 angelos
2367 3473 2611 3535 Domini,
2624 3471 2892 3541 inquit,in
2904 3474 3145 3525 circuitu
3163 3474 3480 3525 timentium
3495 3486 3624 3531 συηι,

379 3554 568 3609 licium
598 3560 684 3608 est
711 3555 901 3610 futura
930 3556 1247 3626 praedicere,
1281 3556 1371 3610 hic
1399 3562 1609 3623 autem,
1644 3573 1807 3629 quem
1850 3576 1972 3629 pre-

378 3643 523 3697 dixit
551 3653 868 3708 venturum,
891 3651 1220 3715 praesentem
1248 3652 1476 3699 extensa
1503 3662 1673 3700 manu
1704 3647 1965 3701 ostendit.

378 3732 579 3787 Nonne
608 3748 738 3787 vero
763 3749 930 3804 quam
950 3749 1189 3805 magnus
1206 3733 1299 3801 sit,
1323 3751 1451 3789 voce
1485 3734 1671 3789 divina
1715 3734 1969 3790 insinua-

375 3827 487 3886 tur,
524 3837 652 3877 cum
679 3820 793 3876 ait:
824 3823 953 3877 Ecce
973 3825 1131 3877 mitto
1150 3827 1414 3891 angelum
1437 3829 1755 3878 meumantc
1773 3826 1971 3891 faciem

378 3916 535 3965 tuam
559 3912 708 3982 (Mal.
744 3925 807 3978 ιῐ,
840 3912 911 3980 7).
944 3911 1054 3966 Sed
1078 3917 1134 3966 et
1163 3912 1466 3967 Malachias
1502 3930 1568 3967 ex
1599 3912 1833 3967 Hebraeo
1876 3913 1972 3983 qui

375 4003 608 4067 angelus
628 3999 1051 4070 interpretatur,
1082 4001 1231 4055 hunc
1258 4001 1599 4072 praenuntiat
1633 4001 1693 4056 in
1731 4018 1971 4073 persona

377 4087 619 4156 Spiritus
646 4088 826 4142 sancti
861 4088 1123 4158 angelum
1174 4106 1295 4143 esse
1334 4090 1604 4155 futurum,
1658 4107 1772 4144 non
1820 4091 1968 4161 quod

375 4172 619 4227 Joannes
647 4174 881 4243 angelus
899 4174 1087 4239 fuerit,
1117 4174 1175 4228 in
1203 4181 1418 4231 natura:
1442 4177 1730 4244 societate,
1771 4178 1867 4231 sed
1902 4195 1967 4231 ex

375 4258 542 4313 ofﬁcii
572 4260 1018 4331 participatione.
1040 4263 1185 4316 Nam
1208 4269 1265 4317 ct
1282 4265 1609 4333 angelorum
1639 4282 1844 4319 nomen
1856 4283 1968 4321 non

374 4344 610 4414 naturae,
632 4348 728 4402 sed
754 4349 921 4402 oﬂicii
942 4355 1046 4404 est.
1078 4351 1252 4405 Porro
1281 4350 1447 4405 facies
1477 4353 1684 4406 Christi
1723 4354 1845 4423 ejus
1878 4370 1965 4408 co-

2051 3565 2099 3613 ct
2125 3563 2318 3628 eripiet
2348 3577 2430 3613 eos
2458 3562 2618 3623 (Psat.
2665 3573 2857 3623 xxxm,
2898 3557 2976 3619 8).
3021 3560 3122 3613 Ille
3176 3559 3395 3630 utique,
3454 3559 3628 3625 magni

2051 3651 2274 3702 consilii
2328 3652 2594 3715 angelus,
2642 3647 2820 3702 mittit
2864 3648 3378 3704 administratorios
3416 3648 3627 3720 spiritus

2049 3741 2201 3802 'suos,
2235 3742 2291 3790 et
2311 3736 2442 3790 facit
2460 3752 2554 3789 eos
2575 3736 2803 3806 angelos
2822 3736 2957 3791 dum
2978 3737 3049 3791 ad
3070 3754 3173 3792 nos
3192 3739 3443 3803 veniunt,
3474 3753 3626 3809 prop-

2053 3832 2142 3879 ter
2168 3841 2262 3878 eos
2283 3824 2377 3895 qui
2408 3824 2792 3879 haereditatem
2822 3831 2955 3881 sunt
2982 3827 3264 3898 accepturi
3296 3827 3510 3882 salutis.
3532 3822 3628 3878 Sed

2053 3914 2122 3967 de
2151 3913 2254 3967 hoc
2279 3919 2490 3967 temere
2507 3913 2764 3983 judicare
2792 3931 2905 3968 non
2950 3922 3189 3986 oportet,
3235 3917 3322 3970 vel
3374 3920 3626 3987 quantum

2052 4002 2160 4074 ipsi
2189 4002 2338 4056 inter
2364 4019 2422 4056 se
2453 4002 2737 4069 differunt,
2773 4004 2858 4057 vel
2903 4005 3073 4058 etiam
3120 4011 3400 4075 quantum
3440 4000 3625 4058 summi

2050 4096 2371 4145 sanctorum
2394 4107 2588 4144 eorum
2615 4091 2855 4147 debeant
2877 4080 3528 4164 coaequari'sublimarive
3553 4107 3628 4145 so-

2050 4181 2270 4235 cietate.
2300 4180 2704 4234 Verumtamen
2734 4181 2894 4235 beata
2920 4188 2978 4236 et
3015 4182 3264 4252 gloriosa
3305 4183 3475 4253 Virgo
3520 4180 3624 4234 Ma-

2050 4269 2153 4335 ria,
2177 4270 2295 4338 jam
2328 4285 2394 4323 ex
2441 4268 2773 4323 auctoritate
2822 4270 3198 4326 ecclesiastica
3243 4277 3300 4326 et
3341 4269 3625 4326 traditione

2052 4364 2372 4411 sanctorum
2421 4357 2672 4423 Patrum,
2710 4356 2917 4428 ubique
2954 4359 3177 4413 canitur
3217 4366 3276 4414 et
3311 4359 3625 4431 praedicatur

364 4434 550 4506 gnitio
578 4442 683 4503 est,
705 4436 852 4492 sicut
880 4443 937 4492 et
965 4438 1220 4493 Christus
1242 4438 1408 4493 facies
1436 4440 1638 4507 Patris,
1670 4420 1770 4511 per
1797 4458 1961 4512 quem
1987 4420 2221 4516 Dsuper
2245 4446 2443 4499 choros
2472 4420 2798 4515 angelorum
2825 4420 3227 4517 gloriosissime
3255 4420 3513 4503 ent-altata.
3541 4447 3623 4500 In-

326 4572 331 4575 .
370 4525 541 4581 Pater
559 4525 929 4596 cognoscitur,
949 4533 1081 4581 ante
1092 4528 1254 4597 cujus
1271 4527 1465 4582 faciem
1492 4529 1735 4583 Joannes
1757 4530 1960 4596 venire,

369 4618 435 4667 ut
460 4621 830 4685 cognoscatur
857 4615 1111 4670 Christus
1139 4615 1304 4686 longe
1332 4623 1475 4672 ante:
1495 4619 1924 4690 praenuntiatum

438 4701 616 4760 Amen
625 4704 744 4758 dico
760 4706 923 4770 vobis,
942 4721 1054 4760 non
1065 4708 1310 4760 surrexit
1325 4708 1473 4761 inter
1489 4713 1643 4762 natos
1658 4712 1959 4763 mulierum

369 4794 552 4871 major
568 4793 781 4847 Joanne
808 4795 1073 4862 Baptista.
1096 4794 1371 4849 Fortassis
1395 4812 1548 4867 ergo,
1572 4803 1636 4851 ut
1658 4797 1793 4864 dixi,
1827 4799 1959 4870 quia

365 4881 576 4936 missus
604 4886 690 4935 est
711 4898 778 4935 ex
804 4881 983 4936 ofﬁcio
1012 4884 1245 4953 angelus
1287 4891 1419 4940 ante
1458 4886 1657 4950 Deum,
1710 4903 1782 4941 ne
1817 4888 1958 4942 forte

363 4968 785 5024 existimaretur
834 4987 1006 5041 super
1056 4973 1364 5027 humanam
1413 4981 1676 5029 naturam
1725 4991 1848 5030 esse
1901 4981 1960 5030 et

363 5058 493 5129 plus
520 5074 691 5130 quam
720 5059 907 5125 homo,
938 5059 1062 5114 ideo
1089 5078 1213 5116 mox
1230 5058 1563 5134 temperavit
1593 5064 1953 5130 sententiam,

2046 4538 2203 4588 terea
2232 4536 2317 4598 (ut
2336 4535 2417 4587 ita
2435 4534 2631 4600 fatear)
2668 4552 2779 4589 non
2806 4542 3027 4601 natura,
3059 4538 3155 4591 sed
3185 4537 3331 4593 dono
3363 4543 3420 4593 et
3464 4533 3620 4608 privi-

2045 4622 2192 4693 legio
2213 4622 2413 4676 divinae
2431 4623 2647 4693 gratim,
2673 4624 2938 4695 quoniam
2960 4625 3155 4679 eodem
3173 4626 3339 4682 verbo
3363 4642 3470 4698 quo
3489 4621 3619 4683 cmli,

2046 4713 2267 4766 ﬁrmata
2296 4716 2399 4775 est,
2430 4719 2486 4765 et
2505 4712 2699 4766 eodem
2722 4713 2933 4784 Spiritu
2957 4714 3190 4784 repleta,
3225 4732 3335 4786 quo
3355 4716 3526 4769 virtus
3542 4726 3621 4764 eo-

2041 4816 2167 4854 rum
2189 4806 2246 4854 et
2262 4805 2531 4871 potestas,
2555 4801 2793 4872 amplior
2813 4802 3166 4872 praedicatur.
3186 4804 3425 4867 Quidam
3449 4802 3621 4856 dixere

2041 4888 2174 4959 quia
2201 4889 2475 4953 Christus,
2501 4888 2592 4959 qui
2617 4895 2751 4944 tunc
2766 4895 2930 4944 aetate
2976 4891 3159 4946 adhuc
3190 4898 3247 4945 et
3273 4893 3423 4946 fama
3450 4889 3619 4944 minor

2041 4977 2332 5032 videbatur
2360 4978 2418 5031 in
2447 4994 2635 5041 carne,
2664 4981 2845 5048 major
2873 4987 2995 5035 erat
3031 4980 3127 5034 illo
3161 4980 3219 5034 in
3247 4998 3421 5052 regno
3467 4977 3618 5033 coelo-

2041 5083 2186 5133 rum,
2218 5067 2275 5120 in
2306 5066 2566 5137 praesenti
2593 5067 2803 5121 scilicet
2823 5068 3087 5135 Ecclesia,
3120 5085 3243 5140 quae
3277 5071 3398 5140 jam
3427 5072 3541 5123 erat
3565 5063 3616 5117 in

363 5154 421 5200 et
447 5147 598 5202 inter
623 5153 786 5204 natos
815 5148 1116 5204 mulierum
1156 5167 1283 5205 eum
1310 5153 1718 5208 annumeravit.
1752 5154 1838 5208 Ita
1866 5159 1953 5207 ta-
2038 5155 2303 5227 apostolis
2333 5162 2483 5209 certe
2502 5161 2601 5210 aut
2630 5171 2799 5226 quam
2829 5156 2948 5228 ipse
2972 5174 3144 5229 supra
3178 5158 3410 5230 regebat
3434 5159 3489 5212 in
3511 5169 3608 5209 cce-

322 5282 325 5287 .
361 5251 493 5289 men
516 5236 739 5293 utinter
756 5254 853 5293 eos
881 5238 1051 5301 etiam
1072 5239 1526 5311 intelligaturqui
1564 5259 1629 5296 ex
1659 5242 1762 5296 viri
1788 5241 1949 5296 femi—
2032 5246 2119 5299 lis.

360 5339 560 5395 uaeque
586 5326 737 5385 coitu
758 5334 1126 5396 generantur,
1159 5336 1216 5386 et
1244 5346 1356 5385 non
1387 5330 1608 5385 Christo
1640 5331 1734 5402 qui
1759 5339 1845 5386 est
1883 5348 1949 5386 ex
2103 5335 2142 5388 Α
2185 5335 2374 5387 diebus
2400 5339 2585 5387 autem
2612 5336 2847 5388 Joannis
2873 5336 3124 5404 Baptista:
3151 5352 3320 5405 usque
3357 5350 3501 5391 nunc
3527 5347 3609 5385 rc—

360 5412 720 5484 virginesine
736 5416 1032 5486 complexu
1066 5417 1167 5472 viri
1218 5420 1464 5489 genitus,
1492 5426 1827 5490 coaequetur.
1863 5420 1953 5475 Sic
2032 5421 3609 5493 gnumcwlorumvimpatitur,etriotentiaﬁodiripiunt

360 5501 567 5573 quippe
591 5501 813 5559 divinus
835 5504 1063 5570 arbiter,
1098 5507 1249 5562 inter
1272 5514 1575 5580 utrumque
1614 5508 1953 5563 sententiam
2035 5511 2200 5565 illud.
2247 5510 2492 5581 Singulae
2533 5510 2920 5580 benignissimi
2960 5512 3266 5568 Salvatoris
3315 5508 3603 5572 sententias,

354 5589 706 5664 temperaVit,
725 5597 783 5660 et
801 5598 865 5659 ut
891 5602 1304 5658 monstraretur
1331 5597 1467 5668 quid
1495 5602 1619 5669 erat
1646 5603 1703 5658 et
1723 5598 1955 5659 neultra
2037 5596 2173 5670 quia
2189 5605 2322 5656 sunt
2334 5599 2578 5673 gravida:
2587 5600 2871 5672 mysteriis
2887 5606 2946 5657 et
2956 5601 3133 5673 plenae
3147 5607 3604 5662 sacramentorum
