3918 6176
172 363 251 420 tri!
896 362 1277 419 EXPOSITIO
1314 364 1392 419 IN
1430 363 1874 420 MA'I'I‘I-L‘EUM.
1918 398 1981 409 -
2022 368 2161 425 LIB.
2205 370 2297 438 VI,
2340 372 2496 426 CAP.
2538 372 2634 428 XI.
3285 376 3393 434 4ιῖ

169 486 419 553 doctrinis,
445 486 666 543 decrevi
688 487 759 542 de
786 487 1021 559 singulis
1049 493 1414 559 pertractare.
1455 489 1563 544 Sed
1592 488 1721 558 quia
1743 490 2001 550 Afutura
2026 477 2349 551 scandalum
2395 503 2518 552 erat
2565 514 2707 569 pene
2758 498 3035 554 omnibus.
3093 500 3396 572 Prophetia

171 577 374 633 materia
402 577 573 633 vincit
602 578 863 649 loquendi
894 578 1173 650 peritiam,
1205 579 1339 649 quia
1370 597 1433 634 ex
1466 579 1724 634 omnibus
1805 584 2036 638 Joannis
2064 586 2277 641 ﬁnitur.
2309 588 2417 641 Lex
2447 588 2504 641 in
2536 588 2758 642 Christo
2808 589 3138 659 completur,
3188 590 3389 645 deinde

170 684 258 721 non
279 684 490 737 possum
514 668 834 738 petentibus
853 668 1725 740 condignumopusemcere,sal-
1805 672 2122 740 praedicatio
2186 676 2562 734 concluditur.
2633 677 2806 730 Porro
2855 678 3084 747 spiritus
3151 679 3282 733 Elia;
3331 678 3391 732 in

167 762 258 810 tem
284 755 598 810 brevissime
629 757 934 826 imaginem
965 758 1215 811 veritatis
1234 759 1545 812 ostendam.
1581 760 1649 812 Et
1675 759 1722 812 si
1802 760 2034 815 Joannis
2061 778 2188 816 voce
2217 764 2594 834 praemittitur.
2630 766 2690 819 In
2724 766 2818 818 illo
2848 772 3033 819 vetera
3074 766 3387 821 terminan-

167 844 431 915 nequivero
457 845 817 916 principalem
849 846 916 899 de
946 845 1207 901 omnibus
1242 864 1409 918 quam
1445 847 1724 901 authenti-
1802 854 1913 914 tur,
1946 866 2087 904 nova
2114 851 2405 922 incipiunt.
2440 854 2598 907 Unde
2626 854 2787 907 velim
2819 855 3127 925 perpendat
3154 855 3391 927 quisque

164 950 263 986 cam
291 940 483 987 vocant
502 940 767 1004 praestare
798 935 1162 995 vocationem,
1190 935 1413 989 elaboro
1444 942 1634 990 tamen
1660 942 1723 990 ut
1804 938 1984 991 fidelis
2015 956 2273 1009 quaenam
2303 941 2382 994 vis
2408 943 2587 1011 major
2620 959 2742 998 esse
2790 949 2992 1014 potest,
3041 960 3212 1014 quam
3267 961 3391 1015 quae

164 1019 233 1071 vel
267 1019 397 1073 scire
428 1020 784 1090 cupientibus
832 1038 1057 1076 sensum
1109 1023 1486 1092 evangelista-'3,
1539 1023 1720 1077 verbis
1803 1026 1948 1081 facta
1976 1035 2080 1091 est,
2099 1028 2234 1082 dum
2256 1030 2511 1084 Christus
2538 1031 2743 1086 Iudaeis
2763 1032 3115 1102 praedicatur,
3140 1039 3198 1087 et
3217 1050 3393 1088 moxa

162 1107 248 1161 etsi
270 1107 573 1173 ineruditis,
603 1108 907 1163 absolvam.
932 1110 1091 1165 Unde
1111 1127 1237 1164 cum
1270 1112 1552 1183 perpendo
1575 1113 1718 1183 quod
1804 1117 2077 1170 Gentibus
2104 1118 2408 1189 suscipitur
2434 1124 2488 1172 et
2526 1121 2896 1189 cognoscitur.
2929 1122 3135 1176 Judaeis
3165 1122 3392 1192 quidem

159 1196 338 1250 dictum
360 1202 483 1250 est:
518 1201 557 1252 Α
593 1199 780 1252 diebus
806 1200 1042 1253 Joannis
1072 1215 1241 1268 usque
1288 1217 1440 1255 nunc
1486 1218 1717 1269 regnum
1803 1206 2068 1270 nascitur,
2093 1214 2148 1260 et
2177 1208 2430 1277 diligitur
2457 1224 2490 1261 a
2513 1209 2792 1277 gentibus.
2822 1210 2919 1263 Sui
2941 1226 3068 1263 eum
3094 1194 3392 1281 respuunt,

158 1288 383 1340 calorum
405 1289 520 1339 vim
540 1290 775 1357 patitur,
800 1286 974 1341 miror
993 1288 1149 1342 valde
1167 1289 1298 1360 quid
1316 1290 1449 1344 velit
1466 1290 1718 1344 innuere.
1804 1295 1971 1350 alieni
1987 1296 2276 1367 diripiunt.
2302 1297 2519 1367 PrOprii
2550 1297 2914 1362 insectantur,
2948 1300 3394 1369 complectuntur

159 1373 277 1436 Quia
302 1374 401 1428 etsi
425 1373 496 1427 ab
521 1392 585 1429 eo
614 1374 922 1446 baptismus
938 1385 995 1432 et
1020 1378 1349 1448 pmnitentia
1377 1396 1477 1449 per
1497 1397 1619 1450 qua:
1639 1397 1724 1433 re-
1803 1385 2034 1438 inimici.
2059 1386 2452 1439 Hiereditatem
2468 1385 2753 1455 gentilitas
2770 1402 2803 1438 a
2820 1387 2932 1440 Deo
2950 1387 3134 1440 aliena
3150 1388 3388 1458 expetit;

154 1477 301 1530 gnum
327 1463 599 1517 caelorum
644 1464 926 1536 diripitur,
967 1467 1208 1536 primum
1258 1484 1311 1538 pl
1326 1468 1559 1521 aedicata
1614 1475 1718 1533 est,
1803 1474 2015 1528 familia
2048 1475 2259 1544 rejecit.
2290 1475 2335 1529 Ο
2359 1474 2500 1528 mira
2524 1474 2620 1528 Dei
2642 1474 2854 1528 virtus!
2889 1476 3066 1542 Quam
3084 1478 3392 1545 incompre-

156 1551 267 1620 quid
286 1552 355 1605 sit
382 1552 535 1623 quod
563 1553 643 1607 ait
667 1572 678 1605 :
718 1555 885 1624 Usque
925 1571 1095 1621 nunc,
1129 1555 1266 1609 satis
1295 1556 1592 1611 obscurum
1614 1563 1718 1612 est.
1803 1564 2090 1617 humilium
2114 1569 2245 1617 sunt
2264 1566 2364 1617 rm
2382 1569 2532 1631 ejus!
2556 1566 2817 1628 lRom.x1,
2840 1562 3389 1633 33.)Testamentum

154 1639 270 1702 Quia
283 1657 405 1694 cum
419 1641 565 1696 aitza
595 1644 781 1696 diebus
821 1646 1055 1697 Joannis
1092 1646 1342 1713 Baptistae
1374 1662 1718 1713 usquenunc,
1803 1652 2090 1723 promissa;
2123 1652 2460 1706 hmrcditatis
2492 1652 2590 1706 ﬁlii
2614 1653 2929 1723 repudiarit,
2954 1659 3012 1706 et,
3029 1653 3171 1707 servi
3194 1669 3261 1707 ex
3284 1652 3395 1706 ﬁde

152 1729 289 1798 quasi
315 1730 458 1784 duos
487 1730 621 1785 illud
654 1732 909 1803 rapiendi
931 1732 1117 1803 posuit
1145 1733 1436 1787 terminos.
1487 1734 1645 1797 Quod
1675 1736 1777 1812 si__
1805 1747 2200 1811 promerentur
2228 1742 2364 1794 illud
2394 1742 2664 1812 accipere.
2685 1741 2827 1795 Hinc
2854 1741 3029 1811 igitur
3045 1748 3130 1795 est
3150 1741 3294 1811 quod
3314 1740 3396 1794 di-

150 1832 237 1870 nec
253 1825 386 1889 post,
427 1836 529 1873 nec
556 1828 708 1884 ante,
738 1820 1016 1892 quispiam
1033 1822 1168 1875 illud
1191 1805 1783 1893 diripuitfide,vanaB
1803 1805 1966 1890 citur,
1999 1829 2132 1900 quia
2161 1832 2397 1897 Regnum
2429 1805 2687 1883 cal-orum
2710 1834 2821 1883 vim
2848 1805 3085 1897 patitur.
3107 1805 3397 1883 etuiolentl

149 1905 240 1960 fuit
251 1908 431 1961 omnis
450 1909 897 1979 patriarcharum
919 1917 975 1963 et
992 1911 1386 1982 prophetarum
1410 1929 1556 1983 spes.
1581 1928 1724 1966 vana
1805 1922 2089 1987 diripiunt
2118 1920 2261 1971 illud
2290 1919 2502 1983 (Matth.
2534 1935 2606 1983 xi,
2645 1918 2751 1987 ιι).
2780 1917 2940 1981 Quia,
2957 1922 3021 1971 ut
3035 1916 3262 1987 quidam
3290 1917 3390 1983 ait,

151 1995 268 2049 etin
296 1997 522 2051 Christo
550 2007 773 2054 aeternae
803 1999 926 2054 vita:
952 2000 1553 2070 repromissioJ’erum
1576 2002 1724 2071 quod
1807 2008 1985 2078 gloria
2015 2007 2186 2061 Israel
2216 2006 2468 2077 patribus
2499 2006 2705 2071 debita,
2736 2024 2770 2060 a
2799 2006 3084 2077 prophetis
3113 2006 3391 2071 nuntiata,

151 2092 264 2138 ante
291 2086 745 2156 praedicationem
774 2088 1111 2159 poenitentiae
1150 2105 1315 2160 quam
1346 2090 1590 2143 Joannes
1621 2106 1726 2144 ειη-
1806 2114 1842 2151 a
1869 2096 2092 2150 Christo
2112 2096 2317 2161 oblata,
2344 2096 2453 2149 ﬁde
2468 2096 2724 2165 gentium
2751 2100 3056 2165 occupatur
3075 2099 3131 2147 et
3154 2094 3391 2165 rapitur.

149 2174 424 2240 nuntiavit,
456 2193 559 2230 nec
595 2176 1075 2248 antebaptismum
1103 2195 1268 2248 quem
1284 2178 1552 2241 exhibuit,
1579 2179 1724 2233 ullus

149 2270 449 2320 sanctorum
479 2282 717 2335 regnum
746 2267 1010 2321 caelorum
1042 2267 1309 2339 percepit,
1335 2268 1620 2338 quoniam,
1653 2269 1726 2322 si-

149 2359 227 2405 cut
247 2353 501 2408 Salvator
528 2355 632 2408 ait:
662 2357 789 2409 Nisi
814 2358 938 2424 quis
960 2362 1186 2410 renatus
1214 2358 1387 2423 fuerit
1416 2374 1484 2410 ex
1502 2374 1649 2425 aqua
1674 2362 1722 2411 et

149 2440 355 2509 Spiritu,
375 2460 492 2497 non
510 2449 676 2511 potest
692 2447 925 2497 introire
940 2447 1002 2497 in
1018 2462 1248 2512 regnum
1263 2449 1519 2499 calorum
1538 2448 1696 2513 (Joan
1708 2488 1719 2499 .

150 2542 218 2594 ιιι,
240 2531 322 2597 5);
352 2532 511 2586 unde
532 2533 745 2602 liquido
772 2538 1008 2598 constat,
1029 2534 1177 2604 quod
1199 2550 1262 2587 cx
1280 2550 1345 2587 eo
1361 2550 1596 2604 regnum
1618 2551 1723 2588 coe-

148 2615 304 2673 lorum
334 2621 661 2675 violentiam
684 2639 907 2692 passum
939 2630 1042 2685 est,
1067 2639 1130 2675 ex
1152 2639 1261 2692 quo
1282 2623 1637 2676 credentibus
1666 2623 1720 2676 in

146 2708 460 2771 sc,Christus
484 2712 722 2779 januam
759 2711 999 2781 paradisi
1022 2710 1304 2783 patefecit.
1331 2711 1440 2765 .‘ied
1475 2728 1725 2782 quaeren-

149 2794 259 2850 dum
272 2799 396 2868 quid
415 2806 509 2853 est
525 2800 673 2869 quod
690 2799 823 2853 dicit
837 2820 848 2853 :
861 2802 1028 2869 Usque
1042 2806 1225 2854 nunc?
1244 2801 1404 2854 Nunc
1418 2806 1606 2853 autem
1623 2798 1722 2852 sci-

150 2900 254 2938 mus
273 2888 399 2957 quia
414 2888 748 2942 adverbium
766 2890 1054 2960 praesentis
1072 2890 1340 2961 temporis
1368 2894 1476 2943 est.
1491 2887 1651 2953 Quod
1675 2887 1722 2941 si

149 2988 177 3026 a
193 2974 372 3031 diebus
398 2978 642 3032 Joannis
673 2994 910 3048 regnum
931 2978 1033 3033 Dei
1054 2995 1231 3049 usque
1252 2978 1321 3031 ad
1343 2977 1480 3032 illud
1501 2984 1722 3048 tempus

148 3062 273 3118 hanc
297 3066 625 3121 violentiam
644 3084 869 3138 passum
893 3072 978 3121 est
988 3067 1212 3138 quando
1234 3067 1489 3121 Christus
1508 3067 1626 3121 haec
1646 3067 1723 3120 lo-

1883 2186 2095 2250 Omnes,
2128 2184 2329 2255 inquit,
2354 2186 2623 2253 prophetae
2641 2190 2691 2238 et
2714 2187 2800 2237 lea:
2818 2200 2985 2252 usque
3013 2185 3086 2237 ad
3123 2185 3395 2237 Joannem

1804 2274 2285 2341 prop/celaverunt,
2329 2272 2476 2342 quod
2508 2288 2618 2325 non
2636 2274 2885 2325 surrexit
2901 2275 3082 2339 major
3109 2273 3259 2323 inter
3296 2284 3396 2322 na-

1807 2366 1882 2414 tos
1904 2363 2233 2416 mulierum.
2268 2361 2478 2415 Idcirco
2498 2361 2627 2429 jure
2656 2360 2815 2414 limes
2844 2365 2930 2413 est
2977 2359 3097 2430 ipse
3143 2358 3283 2428 legis
3336 2361 3395 2412 et

1804 2450 2130 2521 prophetiae,
2164 2466 2229 2503 ex
2258 2466 2369 2520 quo
2400 2450 2568 2502 etiam
2601 2449 2758 2519 quasi
2779 2448 3002 2520 proprio
3025 2448 3203 2501 utitur
3232 2445 3397 2517 privi-

1806 2539 1972 2605 legio.
1995 2539 2063 2591 Et
2088 2538 2396 2591 notandum
2427 2538 2575 2607 quod
2602 2538 2702 2590 ait:
2727 2538 2919 2592 Omnes
2931 2538 3216 2605 prophetat.
3242 2536 3397 2589 Nun—

1807 2627 1941 2698 quid
1968 2632 2025 2680 et
2052 2643 2146 2680 eos
2174 2626 2278 2680 hoc
2326 2626 2492 2678 verbo
2541 2625 2931 2694 complectitur
2975 2624 3071 2693 qui
3111 2629 3237 2693 post
3289 2622 3391 2676 ad-

1805 2723 2033 2769 ventum
2064 2715 2292 2768 fuerunt
2320 2714 2570 2768 Christi?
2617 2714 2724 2767 Sed
2775 2712 2998 2784 pr0prie
3041 2711 3110 2765 de
3134 2706 3393 2781 prophe-

1806 2802 2054 2856 tantibus
2083 2802 2288 2855 Christi
2318 2801 2617 2855 adventum
2648 2800 2818 2867 dicit;
2866 2815 3188 2870 quanquam
3231 2805 3289 2853 et
3333 2797 3390 2851 hi

1805 2891 1901 2962 qui
1932 2897 2055 2962 post
2080 2891 2239 2945 fuere
2261 2906 2373 2944 non
2394 2890 2502 2943 nisi
2547 2907 2723 2960 usque
2774 2888 2845 2943 ad
2892 2888 3179 2942 Christum
3228 2893 3287 2941 et
3322 2888 3391 2940 de

1805 2981 2027 3035 Christo
2058 2981 2550 3052 prophetaverunt.
2574 2979 2740 3049 Legis
2769 2984 2956 3032 autem
2984 2993 3163 3032 unum
3193 2980 3280 3031 est
3299 2992 3394 3031 no-

1805 3087 1954 3135 men,
1985 3070 2078 3123 sed
2111 3070 2449 3141 tripartitam
2474 3067 3116 3137 habetintelligentiam;
3139 3066 3271 3136 quia
3287 3064 3395 3136 pri-

148 3152 417 3222 quebatur,
453 3162 518 3210 et
544 3173 658 3211 non
695 3142 952 3221 ulterius,
981 3130 1114 3226 ergo
1168 3172 1362 3210 omnes
1409 3156 1643 3209 exclusit
1688 3130 1782 3209 ac
1805 3176 1895 3213 ma
1918 3130 2046 3230 pars
2074 3130 2214 3228 legis
2237 3164 2323 3212 est
2349 3158 2418 3213 de
2447 3159 2581 3221 Deo,
2614 3130 2867 3210 secunda
2867 3171 2996 3209 vero
3022 3130 3306 3226 pars-ejus-
3311 3160 3397 3209 est

147 3258 299 3311 regno
319 3245 418 3299 Dei
450 3245 553 3316 qui
574 3252 705 3299 ante
720 3246 801 3299 vel
824 3246 1018 3316 postin
1040 3245 1324 3299 Christum
1338 3245 1716 3298 crediderunt.

146 3329 251 3385 Nisi
277 3332 414 3389 forte
441 3335 641 3405 aliqua
659 3335 1027 3405 intelligenda
1049 3340 1136 3387 est
1149 3333 1431 3397 violentia,
1450 3350 1573 3404 quae
1588 3339 1721 3388 tunc

144 3423 390 3492 temporis
408 3423 615 3493 viguit,
643 3440 746 3477 nec
776 3429 967 3477 tamen
1019 3423 1129 3476 alio
1167 3423 1224 3476 in
1273 3428 1545 3493 tempore,
1592 3439 1717 3476 cum

143 3506 243 3563 haec
264 3511 551 3578 violentia,
586 3512 741 3566 nulla
769 3512 877 3566 nisi
907 3512 1045 3566 ﬁdes
1068 3512 1127 3565 in
1180 3511 1420 3574 Christo,
1456 3514 1582 3578 Qua:
1621 3528 1721 3580 per

142 3598 461 3655 dilectionem
498 3607 763 3669 operatur
794 3601 932 3660 (Gal.
966 3616 1017 3663 v,
1056 3598 1131 3669 6),
1178 3600 1289 3653 alia
1333 3599 1456 3653 tuit.
1510 3599 1720 3653 Idcirco

96 3676 99 3678 ’
145 3687 414 3753 quoddicit
439 3689 739 3742 Salvator:
778 3691 946 3757 Usque
978 3685 1145 3753 nunc,
1176 3688 1371 3758 utique
1420 3704 1601 3758 usque
1647 3688 1718 3741 ad

141 3789 190 3825 se
214 3774 343 3829 illud
370 3784 604 3847 tempus
629 3777 865 3847 intelligi
902 3776 1094 3843 voluit,
1140 3777 1273 3846 quia
1311 3776 1429 3847 ipse
1476 3793 1714 3847 semper,

143 3859 261 3927 beri,
294 3871 349 3917 et
370 3865 563 3929 hodie,
589 3865 644 3919 id
683 3871 769 3919 est
793 3871 850 3919 et
878 3882 1026 3919 nunc
1072 3867 1205 3919 dum
1255 3882 1497 3937 praesens
1543 3882 1717 3919 saecu-

140 3948 239 4005 lum
265 3956 459 4017 currit,
492 3959 551 4007 et
575 3954 699 4008 ideo
720 3971 821 4008 nec
859 3961 990 4008 ante
1028 3955 1213 4024 ipsum
1261 3972 1426 4026 quem
1475 3956 1717 4009 Joannes

140 4041 436 4107 praedicavit
465 4047 530 4096 et
556 4043 802 4097 ostendit
827 4043 1023 4113 digito,
1054 4060 1157 4096 nec
1196 4049 1323 4113 post
1369 4043 1573 4113 ipsum,
1623 4042 1719 4113 qui

1802 3248 1860 3301 in
1891 3248 2179 3319 praeceptis
2207 3253 2395 3312 ὅσιαι
2424 3245 2653 3316 agendae
2685 3245 2842 3298 vita):
2876 3243 3079 3297 deinde
3119 3243 3290 3297 tertia
3335 3243 3393 3295 in

1803 3336 2112 3392 neomeniis
2141 3342 2196 3390 et
2223 3334 2474 3399 sabbato,
2507 3335 2563 3387 in
2593 3334 2733 3387 escis
2763 3332 2929 3386 variis
2946 3338 3004 3386 et
3021 3330 3394 3386 circumcisio-

1802 3443 1891 3486 ne.
1919 3442 2021 3479 nec
2048 3442 2159 3478 non
2174 3430 2231 3477 et
2252 3425 2311 3476 in
2325 3423 2489 3475 variis
2502 3421 2790 3476 sacrificiis
2824 3421 3004 3485 Quam
3018 3437 3153 3474 sane
3174 3425 3393 3491 partem

1802 3515 2046 3585 dicitpro
2058 3519 2174 3567 toto
2186 3529 2362 3583 usque
2374 3512 2727 3566 adJoannem
2740 3509 3393 3581 prophetasse;quoniam

1803 3603 2069 3673 quidquid
2095 3602 2150 3654 in
2172 3601 2381 3653 eisdem
2418 3606 2503 3653 est
2541 3600 2831 3669 prazceptis
2871 3606 2928 3652 et
2978 3597 3387 3668 mnigmatibus,

1801 3708 1914 3745 non
1945 3691 2051 3743 nisi
2079 3691 2394 3742 futurorum
2428 3688 2721 3758 prophetia
2741 3694 2843 3740 est.
2869 3687 3105 3756 Reliqua
3127 3702 3252 3740 vero
3270 3701 3393 3738 om-

1802 3781 1896 3834 nia
1931 3779 2071 3848 legis
2093 3777 2243 3831 venit
2275 3777 2531 3831 Christus
2558 3792 2669 3829 non
2681 3776 2910 3838 solvere,
2935 3775 3031 3828 sed
3061 3773 3389 3843 adimplere.

1802 3869 2114 3939 Implentur
2139 3871 2327 3920 autem
2358 3865 2451 3919 illa
2484 3882 2607 3935 qua:
2635 3863 2939 3934 semiplena
2970 3868 3120 3919 sunt.
3154 3867 3217 3915 ut
3245 3862 3393 3915 Deus

1798 3958 2043 4012 Trinitas
2075 3973 2140 4010 ex
2171 3957 2290 4025 lege
2314 3954 2698 4024 intelligatur;
2730 3957 3003 4023 priscepta
3022 3967 3150 4004 vero
3164 3949 3392 4019 agenda:

1798 4047 1944 4112 vitae,
1978 4051 2041 4099 ut
2068 4045 2310 4115 amplius
2339 4043 2746 4114 compleantur.
2776 4042 2923 4095 sicut
2947 4044 3049 4102 est,
3069 4055 3182 4092 non
3201 4037 3394 4091 irasceo

1801 4135 1896 4199 ris,
1920 4141 2024 4187 etc.
2058 4131 2464 4203 hujuscemodi.
2488 4130 2699 4184 Ultima
2718 4145 2848 4183 vero
2868 4145 2997 4199 pars
3015 4125 3392 4196 signiﬁcandze

1801 4223 1928 4276 vitae
1957 4229 2089 4276 tunc
2117 4222 2347 4292 impleta
2374 4226 2477 4286 est,
2512 4236 2638 4274 cum
2688 4218 2944 4273 Christus
2973 4216 3068 4287 qui
3115 4231 3213 4285 per
3266 4230 3392 4268 eam

138 4143 340 4201 semper
410 4132 474 4186 in
542 4138 798 4202 tempore
863 4148 1106 4202 praesens
1162 4138 1249 4185 est
1311 4130 1517 4200 ubique
1568 4130 1717 4184 idem

138 4232 350 4287 regnum
380 4221 657 4275 caelorum
714 4220 814 4273 ulli
850 4220 1120 4291 aperitur.
1181 4221 1403 4274 Interea
1454 4218 1721 4272 violentia

138 4308 300 4374 qualis
328 4316 661 4380 quantaque
700 4309 793 4375 sit,
835 4326 946 4380 qua
985 4309 1210 4363 violenti
1253 4324 1487 4378 regnum
1532 4314 1709 4373 52]
1803 4312 1996 4381 ﬁguris
2019 4318 2075 4365 et
2091 4309 2483 4379 aenigmatibus
2515 4308 2886 4379 repromissus
2915 4310 3018 4371 est,
3045 4303 3394 4375 jamvenisse

136 4396 383 4451 malorum
429 4397 730 4469 diripiunt,
781 4399 911 4468 jure
959 4398 1248 4468 quaeritur,
1305 4397 1438 4467 quia
1490 4397 1720 4451 omnino
1801 4400 1859 4452 in
1888 4416 2074 4462 carne,
2103 4415 2201 4469 per
2227 4415 2348 4451 eam
2380 4397 2586 4467 ubique
2608 4397 2998 4467 praeﬁguratus
3025 4398 3389 4446 monstratur.

136 4498 324 4555 magna
367 4494 427 4541 et
486 4486 761 4540 mirabilis
820 4493 923 4541 est.
980 4486 1119 4541 Mira
1171 4484 1446 4557 siquidem
1501 4485 1584 4539 vis
1633 4480 1784 4539 estD
1805 4488 1871 4542 Et
1886 4488 2186 4541 notandam
2218 4487 2349 4557 quia
2377 4486 2463 4539 lex
2495 4484 2787 4556 prophetia
2809 4490 2929 4550 est;
2961 4481 3226 4553 quoniam
3251 4479 3396 4535 sicut

133 4580 189 4626 ut
228 4583 494 4645 peccator
548 4576 737 4641 homo,
793 4592 1027 4645 regnum
1076 4591 1445 4646 supernorum
1490 4574 1714 4639 civium,
1799 4576 2008 4630 Paulus
2031 4576 2112 4629 ait
2132 4576 2202 4629 ad
2236 4574 2531 4628 Hebraeos:
2565 4575 2876 4640 Multi/ario
2900 4574 3195 4638 multisque
3218 4570 3393 4623 modis

134 4664 265 4731 qucd
292 4681 405 4719 non
436 4664 641 4719 habuit
659 4681 762 4736 per
788 4670 1071 4727 naturam,
1101 4663 1443 4734 adipiscatur
1472 4680 1574 4734 per
1592 4679 1719 4733 gra-
1801 4669 1934 4718 olim.
1964 4667 2103 4718 Deus
2126 4666 2378 4732 patribus
2406 4667 2466 4715 in
2491 4663 2766 4731 prophetis
2793 4665 3002 4714 locutus
3033 4664 3105 4712 est
3138 4659 3315 4725 (llebr.
3349 4671 3389 4721 ι,

128 4749 251 4806 tiam
270 4772 284 4820 ;
303 4760 362 4807 et
389 4755 566 4808 homo
592 4760 850 4807 terrenus
877 4753 946 4807 de
964 4753 1099 4806 limo
1116 4758 1280 4809 terrae
1294 4752 1566 4805 formatus
1585 4768 1720 4805 con-
1807 4751 1878 4821 1).
1910 4752 2089 4806 Aliter
2112 4758 2303 4805 tamen
2333 4751 2520 4807 rebus.
2551 4750 2713 4803 aliter
2737 4747 2935 4802 verbis.
2968 4748 3076 4802 Sed
3123 4746 3291 4801 rebus
3337 4750 3393 4799 et

130 4848 383 4910 Sequatur
406 4849 685 4896 aeternam
713 4848 771 4896 et
802 4842 1115 4913 angelicam
1165 4841 1352 4894 vitam.
1404 4840 1548 4904 Quid
1589 4857 1721 4910 ergo
1802 4840 1983 4894 verbis
2014 4857 2125 4894 una
2148 4839 2354 4893 dicitur
2372 4839 2519 4891 facta
2546 4837 2863 4891 futurorum
2903 4852 3080 4907 usque
3108 4836 3179 4890 ad
3221 4835 3391 4890 Joan-

126 4927 409 4984 n'olentius
438 4947 565 4984 esse
593 4936 779 5001 potest
806 4946 975 5001 quam
1020 4929 1223 4983 cadum
1276 4928 1566 4999 acquirere
1614 4945 1715 4999 per
1794 4944 1921 4982 nem
1952 4927 2264 4999 prophetia.

125 5014 397 5085 virtutem,
435 5019 586 5090 quod
620 5035 908 5089 nunquam
939 5018 1226 5071 tenuimus
1266 5033 1366 5088 per
1406 5024 1667 5070 naturam
1688 5017 1714 5069 ’t
1868 5019 2018 5085 Quod
2042 5020 2093 5069 si
2112 5019 2296 5081 vultis,
2327 5014 2529 5084 inquit,
2551 5016 2709 5079 seire,
2730 5015 2966 5067 Joannes
2988 5015 3098 5081 ipse
3118 5018 3191 5066 est
3214 5013 3385 5066 Etias.

124 5101 251 5159 Nam
281 5114 348 5161 ut
376 5123 575 5161 rerum
599 5106 773 5176 exigit
791 5112 994 5160 natura
1026 5105 1210 5176 potior
1235 5121 1457 5175 semper
1487 5104 1597 5157 vim
1625 5104 1714 5157 in-
1797 5106 1931 5170 Quae
1962 5106 2230 5159 nimirum
2261 5102 2544 5158 sententia
2562 5102 2670 5155 nisi
2690 5107 2839 5155 esset
2854 5101 3045 5155 multis
3069 5106 3389 5155 sanctorum

125 5190 235 5257 fert,
267 5202 324 5249 et
351 5195 550 5249 minor
577 5200 679 5255 est,
708 5194 797 5248 cui
818 5194 1175 5248 visinfertur.
1209 5193 1349 5247 Hinc
1378 5209 1600 5263 quoque
1643 5193 1713 5246 ab
1796 5194 2028 5248 Patrum
2080 5195 2199 5263 jam
2258 5190 2756 5245 declamationibus
2797 5196 3056 5244 serenata
3109 5190 3393 5243 videretur

124 5283 333 5338 exordio
362 5283 650 5338 sermonis
671 5283 881 5338 Christi
899 5281 1244 5337 construitur
1264 5282 1391 5335 ﬁdei
1412 5298 1628 5347 murus,
1659 5288 1717 5336 et
1797 5283 1956 5335 valde
1985 5283 2238 5343 obscura.
2273 5297 2329 5334 ιιι
2360 5287 2581 5334 tantum
2608 5285 2672 5333 ut
2686 5279 2911 5349 quidam
2939 5294 3051 5332 non
3078 5278 3265 5332 minus
3282 5278 3393 5333 hae-

127 5371 545 5442 propugnacula
579 5378 986 5442 praeparantur,
1019 5370 1220 5441 quibus
1240 5369 1422 5423 omnis
1455 5369 1716 5424 violentia
1798 5372 2096 5425 reticorum
2129 5387 2294 5439 quam
2321 5368 2781 5440 philosophorum
2810 5367 3087 5420 voluerint
3115 5381 3388 5435 asserere,

124 5457 240 5513 fidei
265 5466 555 5525 armatur,
588 5466 652 5513 ut
678 5460 921 5531 diripere
950 5459 1143 5531 possit,
1168 5458 1347 5528 gratis
1378 5458 1525 5529 quod
1553 5459 1711 5513 oil'er-
1791 5460 2011 5516 animas
2042 5458 2249 5512 iterum
2276 5459 2346 5512 ad
2375 5472 2609 5528 corpora
2636 5455 2839 5517 redire.
2873 5463 2930 5509 et
2959 5472 3058 5527 per
3077 5456 3299 5511 diversa
3327 5474 3387 5513 se

125 5554 223 5600 tur.
253 5550 544 5604 Caeterum
573 5549 822 5620 apostolo
849 5549 1169 5603 Iudaeorum
1193 5545 1712 5602 Joanninoncredi-
1788 5548 2027 5606 invicem
2081 5542 2335 5600 comitari
2399 5545 2621 5600 debere.
2698 5543 2857 5607 Quod
2912 5560 3045 5598 sane
3112 5545 3387 5598 catholica

126 5638 224 5696 tur.
254 5637 672 5697 Auctoritatem
697 5636 903 5693 Christi
917 5653 1086 5711 opera
1106 5651 1221 5690 non
1241 5641 1549 5691 merentur.
1563 5636 1710 5691 Crux
1791 5636 1931 5697 ﬁdes
1981 5652 2094 5691 non
2163 5634 2377 5704 recipit.
2456 5635 2762 5711 Propterea
2825 5647 2938 5693 non
3008 5632 3066 5683 in
3144 5647 3380 5700 persona
