3918 6176
560 370 696 433 η443

1354 368 1410 424 Β.
1450 368 1830 424 PASCHASII
1865 361 2228 423 HADBEBTI
2263 361 2571 419 ABBATIS
2610 363 3102 422 CORENBIS.

3652 371 3729 428 ω

592 498 824 555 Joannis
882 497 1031 551 idem
1083 494 1181 565 qui
1222 492 1394 559 Elius,
1440 492 1539 546 sed
1584 491 1642 546 in
1689 491 1904 562 Spiritu
1947 495 2005 545 et
2047 486 2493 561 gra‘A‘propter
2518 485 2785 541 duritiam
2814 487 2997 542 cordis
3024 488 3257 557 videtur,
3293 492 3535 547 totamad
3569 495 3730 550 ludens

593 589 677 644 tia
704 600 881 642 unum
902 591 1035 641 sunt
1060 584 1230 638 etiam
1260 589 1318 637 et
1344 583 1402 637 in
1435 581 1711 653 praeconio
1759 580 2028 635 veritatis.
2081 580 2181 632 Se-

596 678 789 749 quitur
811 693 822 729 :

667 769 775 834 Qui
798 766 953 819 habet
980 779 1144 818 aures
1161 762 1430 815 audiendi
1456 762 1681 816 audiat.
1726 760 1908 823 Quam
1938 757 2182 828 profecto

594 853 929 911 sententiam
968 852 1309 921 ubicumque
1340 849 1580 920 Spiritus
1626 854 1853 903 sanctus
1900 846 2178 917 proponit,

594 943 890 1013 mysticam
918 947 1109 995 monet
1146 939 1435 1010 requirere
1473 937 1920 1006 intelligentiam,
1962 945 2079 989 tam
2125 935 2183 989 in

594 1029 891 1100 Evangelia
924 1047 1095 1100 quam
1135 1031 1192 1083 in
1224 1027 1557 1099 Apocalypsi
1601 1026 1850 1081 Joannis.
1894 1025 2183 1095 Spiritales

589 1120 871 1190 siquidem
892 1134 1057 1173 aures
1080 1118 1484 1189 requirit,dum
1499 1116 1668 1169 dicit:
1704 1117 1810 1181 Qui
1838 1116 1991 1168 habet
2021 1130 2183 1168 (ιω-ες

591 1211 864 1264 audiendi
891 1210 1089 1262 audiat
1107 1210 1289 1275 (Apoc.
1307 1221 1369 1271 ιι,
1398 1204 1503 1272 l7).
1528 1204 1662 1268 Quis
1679 1204 1852 1273 igitur
1870 1209 1983 1258 tam
2006 1203 2185 1273 impe-

2263 578 2319 626 et
2355 573 2427 627 ad
2478 574 2763 629 Christum
2819 577 2892 630 ad
2948 578 3242 648 prophetas
3294 585 3346 633 et
3379 583 3626 652 apostolos,
3666 586 3731 654 qui

2264 663 2423 732 pueri
2449 670 2736 731 voeantur,
2771 671 3002 737 propter
3048 667 3422 734 innocentiam,
3466 671 3732 725 refmndum

2265 756 2367 804 est.
2393 752 2669 815 Quoniam
2690 755 2853 824 pueri
2868 755 2960 809 isti
2987 756 3084 826 qui
3102 756 3289 811 sedent
3310 758 3360 811 in
3380 758 3500 819 foro,
3526 760 3559 813 ii
3578 768 3677 814 sunt
3690 761 3736 814 de

2265 840 2468 910 quibus
2489 842 2661 897 Isaias
2689 843 2940 914 loquitur
2965 861 3030 898 ex
3049 858 3280 916 persona
3299 846 3514 901 Christi:
3542 849 3640 902 Ecca
3659 865 3736 916 ego,

2264 928 2465 1000 inquit,
2497 936 2544 983 et
2566 935 2733 1000 pueri
2761 935 2889 999 mei,
2917 951 3050 1001 quos
3090 936 3231 988 mihi
3270 938 3405 989 dedit
3452 942 3605 1001 594
3642 940 3736 991 Deus

2266 1020 2394 1085 Usa.
2422 1033 2541 1085 vui,
2576 1019 2662 1087 i8,
2683 1023 2850 1078 Hebr.
2876 1037 2935 1089 ιι,
2957 1020 3065 1093 13).
3090 1023 3158 1078 Et
3174 1024 3229 1077 in
3249 1024 3465 1078 Psalmis
3483 1038 3494 1072 :
3510 1026 3576 1078 is
3590 1041 3659 1078 ora
3678 1028 3738 1078 in-

2264 1108 2511 1175 fantium
2525 1115 2572 1163 et
2590 1111 2921 1164 laetantium
2938 1114 3214 1180 μανία-ἰδιὶ
3226 1115 3427 1166 tandem
3443 1115 3579 1179 (Psat.
3596 1112 3739 1179 vm,3).

2268 1196 2376 1250 Sed
2402 1197 2645 1252 etillud:
2684 1200 3075 1254 Testimonium
3109 1203 3327 1255 Domini
3344 1204 3481 1268 ﬁdele
3495 1202 3741 1269 sapientiam

591 1299 737 1353 ritus
754 1298 930 1352 idiota
953 1302 1009 1350 et
1031 1297 1307 1360 indoctus,
1341 1294 1438 1365 qui
1472 1293 1687 1359 nesciat
1729 1293 2010 1347 hominem
2040 1292 2184 1346 inte-
2261 1288 3744 1360 prmtamparvulis(Psat.xvul,8).Istiergosuntpmuli

592 1388 800 1441 riorem
832 1403 953 1440 esse
983 1390 1037 1438 et
1065 1384 1417 1447 exteriorem,
1451 1384 1547 1453 qui
1576 1382 1789 1436 nesciat
1816 1383 2066 1435 animum
2097 1382 2184 1434 in—

593 1482 689 1530 tus
714 1475 923 1528 habere
951 1490 1116 1528 aures
1144 1473 1367 1527 cordis?
1398 1474 1541 1527 Nam
1570 1488 1670 1526 vox
1710 1472 1953 1526 exterior
1991 1487 2186 1525 aurem

597 1564 786 1635 pulsat
807 1563 1074 1634 corporis,
1106 1580 1230 1617 cum
1248 1562 1430 1631 tangit
1443 1568 1500 1615 et
1521 1561 1774 1615 verberat
1794 1577 1982 1614 aerem
2012 1562 2184 1630 ﬁtque

595 1668 719 1718 vox,
742 1655 801 1706 et
823 1652 1013 1706 inﬂuit
1031 1651 1323 1722 tangitque
1339 1666 1523 1714 aures,
1544 1656 1609 1704 ut
1630 1655 1919 1703 moveatur
1937 1649 2180 1705 auditus:

596 1742 790 1812 sicque
820 1740 1138 1812 proferente
1182 1740 1394 1810 Spiritu
1422 1744 1615 1793 sancto
1646 1755 1767 1809 qum
1806 1739 1997 1792 divina
2033 1744 2182 1803 sunt,

2267 1390 2365 1427 seu
2398 1375 2575 1444 pueri,
2609 1375 2669 1430 in
2696 1375 2816 1430 foro
2844 1378 3102 1432 sedentes
3132 1378 3226 1449 qui
3241 1379 3445 1433 venalia
3458 1379 3587 1431 lucra
3601 1376 3747 1431 Christi

2269 1468 2546 1517 exercent.
2579 1464 2684 1528 Qui
2712 1467 3046 1534 margaritas
3077 1468 3134 1520 in
3163 1469 3279 1523 toro
3321 1468 3491 1521 ferunt
3516 1479 3564 1520 et
3599 1466 3749 1537 lapides

2268 1552 2562 1622 pretiosos,
2593 1554 2687 1623 qui
2718 1570 2919 1609 aurum
2952 1562 3006 1609 et
3037 1562 3329 1626 argentum
3361 1555 3655 1626 eloquiomm
3668 1554 3748 1617 Dei,

2270 1641 2463 1694 venale
2507 1649 2845 1712 pr0ponunt.
2900 1644 3153 1715 Denique
3193 1646 3274 1699 lac
3327 1651 3382 1699 et
3422 1644 3603 1709 vinum,
3635 1642 3750 1696 etiam

2269 1731 2389 1783 sine
2418 1736 2672 1799 argento,
2714 1737 2771 1786 et
2801 1731 2922 1786 sine
2969 1734 3084 1787 ullo
3134 1734 3312 1804 pretio
3344 1732 3603 1804 juvenibus
3634 1724 3753 1800 gratis

596 1845 756 1885 mens
783 1835 975 1884 nostra
1002 1830 1154 1883 intus
1177 1829 1344 1882 simul
1373 1828 1530 1881 audit
1560 1834 1618 1882 et
1637 1828 1800 1881 videt.
1821 1828 1995 1897 Cujus
2023 1826 2186 1882 nimi-

2273 1818 2532 1873 oﬂ'crunt.
2566 1820 2710 1874 Nam
2749 1820 2844 1874 ubi
2874 1822 3072 1876 Latine
3105 1823 3308 1877 dicitur
3336 1826 3395 1879 in
3438 1825 3559 1890 fm‘o,
3598 1820 3756 1874 Citius

597 1935 725 1974 rum
758 1919 964 1983 videre,
999 1917 1371 1987 intelligentia
1403 1921 1519 1983 est;
1559 1922 1616 1969 et
1658 1916 1971 1986 intelligere
2017 1923 2186 1981 recte,

594 2018 793 2062 densus
814 2008 902 2061 est
917 2012 1358 2061 consummatus.
1380 2006 1447 2060 Et
1466 2005 1608 2060 sicut
1633 2005 1875 2059 exterior
1893 2022 1993 2058 vox
2016 2006 2193 2059 homi-

594 2110 726 2151 nem
757 2102 1045 2168 permovet
1071 2096 1140 2149 ad
1169 2096 1425 2149 auditum
1449 2113 1460 2147 :
1488 2095 1569 2148 ita
1606 2094 1793 2147 divina
1813 2094 2046 2148 interius
2074 2095 2192 2148 ani-

594 2200 746 2238 mam
776 2183 936 2238 docet
965 2189 1023 2237 et
1051 2183 1240 2237 erudit
1259 2186 1448 2247 δεδι
1475 2198 1603 2235 cum
1642 2182 1762 2235 suis
1789 2182 1913 2251 ipsa
1940 2198 2062 2251 qua;
2092 2182 2190 2235 Dei

595 2274 747 2333 sunt,
780 2267 1017 2338 percipit
1044 2266 1291 2320 auribus.
1326 2266 1435 2319 Sed
1466 2265 1597 2336 quia
1624 2265 1739 2319 rari
1783 2271 1915 2319 sunt
1954 2266 2049 2335 qui
2090 2266 2190 2319 has

597 2357 753 2410 intus
776 2355 1021 2409 habeant
1049 2371 1233 2419 aures,
1254 2355 1459 2407 idcirco
1473 2354 1766 2423 vigilanter
1786 2354 2025 2424 requirit
2042 2353 2190 2408 inter

596 2445 950 2499 innumeros:
985 2445 1047 2498 Ut
1059 2447 1158 2513 qui
1178 2445 1332 2498 habet
1344 2458 1506 2496 aures
1517 2445 1786 2496 audiendi
1802 2445 2016 2496 audiat.
2038 2444 2187 2507 Quas

596 2549 764 2588 nemo
794 2533 1000 2587 habere
1027 2533 1250 2604 poterit,
1281 2532 1388 2586 nisi
1417 2532 1507 2586 cui
1533 2532 1728 2586 datum
1758 2537 1845 2585 est
1872 2546 1965 2587 eas
1991 2538 2054 2585 ut
2084 2532 2187 2586 ha-

597 2622 745 2676 beat.
772 2622 882 2677 Sed
908 2623 1037 2677 talis
1063 2622 1247 2675 videat
1275 2622 1443 2675 etiam
1491 2637 1562 2674 ne
1591 2620 1648 2674 in
1682 2638 1915 2676 vacuum
1951 2622 2191 2691 gratiam

596 2711 701 2767 Dei
730 2712 1044 2783 percepisse
1073 2712 1344 2777 videatur,
1371 2710 1516 2765 sicut
1530 2710 1587 2764 hi
1616 2710 1884 2773 fecerunt,
1904 2710 1975 2763 de
1991 2710 2192 2780 quibus

596 2801 860 2855 subditur
882 2819 897 2856 :

670 2891 775 2945 Cui
789 2894 975 2943 autem
995 2890 1312 2942 assimilabo
1325 2890 1734 2954 generationem
1748 2890 1913 2941 istam
1934 2894 1958 2941 ?
1978 2888 2195 2942 Similis

595 2982 690 3041 est,
724 2977 927 3047 inquit,
951 2979 1138 3044 pueris
1161 2977 1468 3030 sedentibus
1498 2979 1561 3030 in
1590 2978 1732 3043 foro.
1768 2979 1868 3044 qui
1896 2980 2194 3031 clamantes

2274 1906 2443 1962 habet
2465 1910 2512 1961 ἓν
2553 1908 2712 1979 ἆγορᾷ
2736 1910 2885 1980 quod
2914 1910 3321 1979 signiﬁcantius
3346 1911 3546 1974 dicitur,
3561 1910 3626 1963 ita
3646 1908 3688 1961 et
3703 1915 3759 1959 est

2272 1997 2425 2050 locus
2451 1996 2547 2051 ubi
2576 1998 2754 2051 multa
2775 2000 2994 2053 venalia
3030 2006 3189 2056 sunt.
3248 2001 3318 2055 Et
3362 1999 3595 2071 quoniam
3630 1995 3758 2067 populi

2270 2085 2528 2140 Judeeoru
2538 2100 2611 2150 m,
2631 2103 2749 2140 sem
2757 2103 2856 2158 per
2864 2087 3095 2143 auribus
3109 2087 3617 2159 praegravatimudire
3630 2084 3760 2138 nolue-

2272 2180 2423 2237 runt,
2456 2175 2581 2229 ideo
2614 2192 2724 2230 non
2756 2180 2979 2231 tantum
3007 2177 3181 2233 locuti
3209 2184 3339 2232 sunt
3363 2177 3429 2231 ad
3451 2191 3535 2230 eos
3556 2173 3761 2246 propheta

2271 2267 2327 2316 et
2342 2263 2737 2333 apostoli,veru
2746 2281 2797 2318 m
2811 2265 2982 2319 etiam
3000 2266 3382 2321 enaltaverunt
3394 2282 3453 2319 ac
3464 2263 3627 2319 situba
3635 2276 3762 2314 vocem

2271 2368 2451 2416 suam,
2482 2358 2539 2406 et
2564 2353 2946 2409 clamaverunt
2991 2355 3277 2410 dicentes:
3310 2356 3587 2410 Cecinimus
3616 2352 3762 2404 robiis!

2273 2456 2383 2494 mm
2414 2445 2657 2495 saltastis
2683 2444 2898 2503 (Matth.
2926 2456 3002 2499 xl.
3030 2442 3135 2512 l7),
3157 2444 3215 2498 id
3238 2451 3321 2498 est
3342 2441 3766 2515 provocavimusvos

2274 2530 2345 2583 ad
2366 2535 2621 2584 nostrum
2636 2531 2936 2596 canticum,
2958 2539 3015 2586 et
3032 2533 3170 2586 nihil
3184 2550 3349 2604 Opere
3363 2546 3598 2585 manuum
3608 2541 3767 2596 respon-

2275 2618 2455 2673 distis.
2476 2619 2832 2673 i’rsedicavim
2841 2637 2904 2674 us
2925 2621 3214 2675 Christum
3233 2629 3510 2676 venturum
3528 2619 3579 2672 in
3598 2631 3723 2670 carne
3733 2618 3769 2663 et

2274 2723 2387 2760 non
2411 2707 2744 2762 credidistis.
2778 2709 2849 2762 Et
2876 2710 3186 2764 notandum
3214 2711 3359 2780 quod
3379 2708 3550 2762 omnia
3572 2705 3769 2758 virtutum

2277 2795 2710 2864 prmdicamenta
2730 2813 2840 2851 una
2859 2798 3153 2852 harmonia
3165 2804 3271 2865 est,
3290 2804 3347 2852 et
3364 2814 3469 2852 una
3486 2793 3685 2849 melodis
3694 2790 3773 2844 dul-

2277 2883 2486 2939 cissimi
2512 2889 2706 2939 cantus
2729 2904 2742 2952 ;
2761 2902 2864 2940 nec
2883 2903 2997 2945 non
3015 2892 3072 2941 et
3088 2887 3382 2959 prephetia
3402 2887 3467 2941 de
3485 2883 3669 2938 Christo
3683 2877 3774 2932 tuba

2275 2973 2492 3028 salutis.
2523 2975 2842 3031 Lamentati
2871 2990 3066 3031 sumus
3108 2982 3164 3033 et
3220 2995 3316 3033 vos
3364 2976 3429 3031 ad
3475 2970 3775 3047 pcenitentiam

598 3067 960 3134 cowqualibus
989 3067 1104 3118 suis
1134 3066 1362 3117 dicunt:
1390 3066 1698 3119 Cecinimus
1726 3067 1868 3118 vobis
1888 3070 1934 3118 et
1959 3082 2070 3118 non
2088 3068 2195 3118 sal-
2276 3063 2732 3132 provOcavimds;
2781 3081 2884 3120 nec
2930 3065 3035 3120 hoc
3090 3066 3317 3137 quidem
3364 3066 3529 3120 facere
3573 3056 3776 3115 voluistis.

599 3156 774 3217 tastis,
804 3155 1250 3218 Iamcntavimus,
1265 3159 1439 3207 etnon
1454 3156 1769 3221 planuistz‘s.
1793 3153 1873 3206 De
1895 3153 1980 3207 his
2000 3160 2189 3208 autem
2212 3138 2256 3199 Ο
2274 3150 2570 3220 SpreVistis
2597 3153 2789 3223 itaque
2810 3160 3109 3224 utramque
3137 3144 3774 3224 prandicationemﬁamiiis

595 3242 820 3296 videtur
837 3241 1041 3301 dicere,
1056 3240 1306 3295 remissis
1333 3241 1404 3295 ad
1429 3242 1702 3295 Joannem
1722 3241 1938 3296 duobus
1953 3243 2193 3313 discipu-

597 3330 686 3397 lis,
709 3331 780 3385 ad
799 3346 938 3400 quos
958 3329 1327 3383 continuatim
1349 3329 1812 3384 dubitantibusde
1831 3331 1950 3395 illo,
1974 3332 2191 3386 locutus

598 3426 705 3474 est.
735 3419 999 3485 Quinimo
1028 3419 1087 3472 in
1118 3434 1311 3472 eorum
1340 3418 1544 3489 specie,
1579 3435 1744 3473 omne
1770 3436 1949 3489 genus
1977 3421 2192 3475 Judaio-

596 3524 726 3563 rum
750 3522 989 3579 quorum
1023 3507 1192 3561 corda
1220 3507 1395 3561 nimia
1418 3506 1821 3577 premebantur
1838 3508 2185 3576 inﬁdelitate,

597 3599 874 3670 culpatur.
908 3598 1311 3651 Verumtamen
1332 3598 1399 3652 de
1418 3597 1547 3651 ludo
1575 3614 1874 3667 puerorum
1890 3604 1947 3652 et
1974 3599 2188 3652 lamen-

596 3687 840 3742 tantium
890 3686 1313 3747 conshetudine,
1373 3687 1575 3740 miram
1622 3687 1879 3756 egregi-us
1926 3688 2191 3758 Magister

597 3777 1003 3848 proverbialem
1047 3775 1306 3846 proponit
1348 3775 1796 3830 similitudinem.
1849 3777 1947 3831 Est
2001 3782 2190 3830 autem

597 3865 930 3937 quibusdem
956 3866 1012 3918 in
1042 3865 1176 3919 locis
1205 3865 1569 3929 consuetudo,
1598 3869 1663 3918 ut
1691 3864 1868 3927 aiunt,
1891 3866 2031 3919 duos
2050 3866 2195 3919 inter

596 3968 657 4011 se
682 3956 1023 4009 constituere
1063 3954 1304 4018 ordines,
1361 3953 1563 4023 quibus
1607 3953 1848 4007 vicissim
1892 3954 2191 4024 aliquando

598 4044 748 4113 quod
772 4045 969 4097 volunt
995 4043 1248 4107 laudant,
1281 4043 1580 4112 aliquando
1609 4043 1838 4097 threnos
1886 4043 2185 4109 inculcant,

598 4132 715 4185 suis
744 4130 1156 4185 conclamantes
1187 4131 1513 4200 aequalibus.
1560 4132 1719 4185 Unde
1747 4132 2019 4186 Dominus
2046 4132 2191 4186 hanc

595 4217 714 4271 suis
739 4217 1088 4272 auditoribus
1116 4233 1423 4288 congruam
1452 4220 1659 4272 invexit
1684 4221 2051 4290 correptionis
2070 4238 2191 4274 sen-

595 4305 853 4359 tentiam.
886 4306 1030 4370 Quia
1057 4312 1211 4360 totus
1238 4307 1325 4359 hic
1352 4323 1556 4369 sermo,
1589 4309 1937 4363 inﬁdelitatis
1984 4326 2187 4380 oppro-

2274 3240 2675 3296 exbortationis
2717 3243 2787 3297 ad
2825 3243 3079 3309 virtutes,
3123 3256 3296 3315 quam
3343 3239 3649 3316 poenitentia
3691 3239 3777 3305 post

2274 3335 2517 3400 peccata.
2546 3330 2691 3394 Quid
2720 3332 2867 3386 enim
2893 3332 3091 3387 durius
3118 3333 3179 3388 in
3206 3340 3443 3405 utroque
3477 3338 3669 3402 genere.
3692 3334 3777 3376 0m“

2272 3436 2376 3474 nec
2423 3437 2583 3474 mens
2632 3420 2791 3474 bonis
2857 3427 3197 3491 provocatur
3249 3423 3321 3477 ad
3376 3421 3575 3484 melius,
3623 3409 3780 3469 blandi-

2274 3510 2496 3575 mentis,
2538 3526 2641 3563 nec
2684 3511 3120 3565 comminatione
3176 3528 3486 3583 pinnarum,
3541 3497 3781 3578 expavescit

2271 3604 2335 3652 ut
2394 3604 2724 3663 revertatur,
2786 3615 2855 3652 ne
2914 3600 3056 3654 forte
3115 3601 3383 3673 deinceps
3434 3599 3649 3668 obligata
3694 3606 3780 3661 Ρθίῖ·

2272 3695 2416 3753 cato,
2476 3688 2620 3740 male
2667 3687 2816 3741 vivat
2860 3688 2917 3742 in
2964 3689 3164 3759 prunis.
3232 3691 3411 3754 Quam
3453 3703 3573 3741 sane
3613 3686 3782 3736 senten-

2273 3776 2414 3830 tiam
2445 3776 2716 3841 Salvator,
2760 3777 2832 3831 ad
2876 3777 3013 3848 quid
3060 3779 3435 3849 proposuerit,
3475 3774 3688 3847 apertius
3723 3767 3785 3820 in'

2273 3864 2481 3918 sinuat.

2358 3954 2834 4025 Venit,inquit,Joa
2842 3972 3108 4021 nnesmon
3121 3960 3468 4012 manducam
3478 3949 3783 4023 aequabilem.

2274 4042 2344 4097 Et
2362 4043 2466 4096 hoc
2479 4048 2563 4096 est
2577 4044 2723 4113 quod
2740 4044 3305 4109 ait,Lamentavimus
3317 4042 3612 4113 vobis,quia
3620 4033 3786 4092 habitus

2270 4131 2419 4184 illius
2449 4137 2506 4185 et
2525 4133 3080 4202 parcimoniavictus,
3108 4135 3252 4188 nihil
3273 4134 3425 4189 aliud
3444 4146 3598 4204 quam
3615 4116 3787 4181 iumenti

2270 4220 2449 4273 forma
2471 4226 2528 4274 et
2556 4222 2896 4291 paenitentia;
2915 4223 3040 4277 fuit.
3084 4224 3210 4277 Non
3241 4224 3393 4294 quod
3415 4237 3524 4276 non
3550 4212 3784 4271 manduca-

2269 4310 2412 4364 verit
2438 4310 2682 4364 Joannes
2718 4318 2775 4365 et
2812 4310 3031 4377 biberit,
3063 4312 3184 4367 sine
3213 4312 3421 4383 quibus
3458 4297 3787 4380 impraesentia-

597 4393 783 4448 brium
833 4400 937 4460 est,
982 4400 1040 4448 et
1079 4394 1148 4448 de
1195 4395 1394 4448 atiectu
1449 4396 1755 4465 superioris
1804 4398 2186 4467 querimonia},
2209 4415 2400 4507 Drum
2431 4415 2594 4452 nemo
2624 4399 2772 4465 vivit,
2790 4401 3033 4471 sedquia
3053 4418 3385 4455 communes
3404 4398 3666 4453 hominum
3681 4387 3787 4442 cibos

600 4483 884 4507 .ι---.,...ι;ι
919 4498 1080 4507 -.-η-α
1110 4483 1338 4507 ---ι,.ι....,.
1368 4483 1437 4507 ...ι
1456 4485 1792 4507 -.....J._-_L:--__
1813 4502 1906 4507 η--
1924 4503 1969 4507 __
1992 4504 2038 4507 μ-
2058 4504 2074 4507 Α
2092 4488 2177 4507 ,Ιημ
2282 4492 2327 4507 ,Α
2360 4504 2451 4507 ---η
2474 4489 2599 4507 -..ιιη
2618 4505 2631 4507 _
2650 4506 2658 4507 κ
2706 4505 2722 4507 -
2746 4506 2757 4507 γ
2794 4505 2817 4507 η
2840 4505 2849 4507 _
2884 4506 2889 4507 ,
2936 4504 2953 4507 «ν
2986 4506 2989 4507 ,
3020 4506 3057 4507 νγ
3140 4506 3143 4507 ,
3194 4491 3205 4501 ι
3228 4504 3237 4507 ,
3345 4490 3379 4507 ολ
3458 4494 3704 4507 --μ------Μ
3725 4490 3787 4507 nn.

597 4483 887 4538 descendit
914 4498 1082 4553 quam
1110 4483 1340 4553 pulchre
1366 4483 1438 4538 ad
1451 4485 1797 4538 cantantium
1813 4502 1972 4540 voces
1992 4488 2191 4541 modus
2210 4483 2332 4540 "et
2356 4489 2669 4559 superﬂuos
2700 4505 2765 4543 ac
2791 4505 2903 4542 non
2932 4491 3278 4543 necessarios
3311 4490 3432 4543 vitai
3456 4494 3707 4555 nunquam
3724 4490 3788 4528 ευ·

599 4577 829 4643 aptatur
870 4572 1215 4637 saltantium,
1269 4577 1326 4626 et
1372 4573 1441 4626 ad
1490 4573 1738 4627 lamenta
1782 4575 2187 4646 plangentium,

594 4662 757 4731 juxta
786 4661 1201 4731 simplicitatem
1218 4678 1434 4716 sensus.
1461 4662 1606 4726 Quia
1621 4664 1943 4718 etcantibus
1961 4667 2190 4735 plausus

599 4750 858 4803 convenit
882 4750 1104 4815 laetitia,
1137 4756 1193 4804 et
1216 4750 1497 4818 lamentis,
1530 4752 1786 4822 planctus
1814 4754 2193 4824 compunctio-

596 4827 706 4891 nisi
728 4836 855 4891 Non
880 4839 938 4892 in
968 4838 1250 4899 lamentis,
1284 4845 1341 4893 et
1366 4839 1511 4893 bona
1527 4841 1836 4895 recitantur
1847 4859 2038 4896 eorum
2055 4860 2192 4913 quos

597 4927 890 4998 plangunt,
924 4934 980 4980 et
998 4944 1160 4983 casus
1179 4928 1313 4982 dirae
1342 4929 1700 4996 infelicitatis,
1729 4931 1874 4985 sicut
1891 4932 2192 4986 Jeremiam

595 5013 791 5071 fecisse
806 5016 1043 5086 legimus
1066 5017 1123 5070 in
1146 5018 1664 5073 Lamentationibus
1681 5020 1815 5076 suis.
1843 5022 1910 5074 Et
1922 5022 2193 5091 propheta

594 5106 743 5160 alius
773 5106 1190 5160 lamentatrices
1206 5105 1367 5176 jubet
1395 5124 1623 5162 evocare
1652 5109 1719 5162 ad
1742 5110 2047 5179 planctum,
2069 5125 2190 5181 quae

597 5197 840 5265 majores
866 5195 924 5248 in
954 5195 1158 5265 populo
1188 5197 1430 5250 excitent
1452 5198 1637 5251 ﬂetus.
1694 5199 1868 5252 Porro
1926 5199 2070 5268 quod
2119 5201 2190 5254 ad

595 5290 822 5337 cantum
852 5284 1060 5337 saltare
1080 5285 1391 5347 conveniat,
1430 5286 1593 5339 docet
1617 5286 1809 5353 David,
1863 5288 1996 5340 dum
2037 5289 2189 5343 chOri

597 5372 729 5426 hinc
757 5373 886 5426 inde
916 5374 1161 5443 psalmos
1222 5375 1491 5438 dicerent,
1546 5382 1603 5428 et
1651 5376 1769 5446 ipse
1815 5384 1945 5431 ante
2002 5394 2187 5431 arcam

593 5460 911 5525 subsiliens,
937 5463 1105 5516 etiam
1124 5463 1307 5516 nudus
1332 5464 1762 5519 saltaret.Unde
1788 5466 1857 5520 de
1882 5464 1988 5528 his,
2004 5468 2192 5520 nonli-

592 5548 900 5605 beranobis
919 5551 1089 5606 datur
1105 5551 1337 5606 facultas
1361 5548 1760 5623 intelligentia.
1788 5555 1898 5609 Sed
1920 5551 2191 5626 quidquid

590 5639 795 5694 dicitur
824 5640 894 5694 de
923 5642 1112 5714 pueris
1157 5646 1214 5694 et
1239 5641 1618 5712 generatione,
1670 5656 1842 5712 quam
1890 5643 2189 5715 objurgare

2272 4577 2466 4630 medit.
2501 4579 2738 4648 Insuper
2766 4578 2953 4632 vinum
2985 4584 3043 4633 et
3066 4578 3305 4633 siceram
3337 4595 3448 4633 non
3471 4575 3615 4638 bibit,
3640 4566 3716 4640 qui
3743 4559 3790 4615 ab

2273 4666 2425 4719 omni
2455 4672 2588 4736 potu
2615 4682 2724 4737 quo
2771 4667 3037 4721 inebriari
3084 4674 3272 4738 potest
3315 4664 3597 4721 abstinuit.
3634 4650 3794 4738 Deindtf

2273 4754 2426 4808 venit
2450 4756 2598 4809 ﬁlius
2627 4736 2872 4809 hominis
2895 4736 3151 4810 habitum
3183 4757 3396 4810 laetitiae
3437 4754 3645 4813 habens,
3689 4736 3795 4813 quod

2275 4850 2362 4897 est
2389 4844 2574 4898 dicere
2602 4845 2904 4899 cecinimus
2923 4845 3097 4899 vobis.
3130 4846 3300 4899 Venit
3324 4844 3591 4916 siquidem
3613 4829 3798 4892 mandu'

2274 4949 2409 4987 cans
2449 4949 2576 4987 cum
2598 4932 2911 5004 publicanis
2951 4940 3009 4987 et
3044 4934 3450 5004 peccatoribus,
3504 4931 3560 4984 in
3596 4916 3801 4980 conviviis

2274 5022 2528 5076 omnium
2556 5022 2806 5079 ciborum
2843 5023 3116 5091 alimenta
3167 5023 3450 5078 vobiscum
3507 5026 3723 5073 sumens.
3763 5013 3801 5056 et

2272 5116 2464 5164 tamen
2514 5110 2594 5164 sic
2623 5126 2733 5165 non
2777 5112 2987 5182 placuit
3030 5112 3206 5178 vobis,
3258 5118 3326 5165 ut
3363 5110 3436 5164 ad
3482 5111 3597 5179 ejus
3636 5096 3804 5187 θαηδίαξ

2273 5205 2463 5265 ὕτῆ
2482 5200 2706 5265 laetitiae,
2731 5214 2960 5270 operam
2981 5199 3192 5254 daretis
3202 5202 3305 5271 pia:
3320 5192 3688 5270 jucunditatis.
3703 5201 3753 5239 ac
3769 5196 3803 5233 ει

2272 5293 2531 5363 patenter
2556 5287 2706 5343 dicat
2730 5303 2741 5341 ι
2768 5286 2925 5352 Quod
2952 5289 2995 5343 si
3010 5289 3214 5360 jejunii
3236 5304 3446 5343 maeror
3459 5295 3515 5341 et
3528 5270 3807 5365 abstinentia

2273 5378 2450 5431 victus
2475 5378 2676 5448 placet,
2730 5392 2829 5431 cur
2867 5379 3112 5432 Joannes
3157 5377 3445 5449 displicuit
3486 5370 3668 5427 vobis?
3699 5365 3805 5419 Etsi

2270 5464 2483 5530 latitia,
2515 5473 2683 5536 atque
2713 5466 2796 5521 uti
2822 5466 3083 5522 omnibus
3111 5466 3266 5533 cibis,
3297 5480 3403 5520 cur
3456 5462 3690 5519 Christus
3726 5465 3809 5506 non

2270 5555 2480 5625 placuit
2514 5554 2669 5609 vobis
2686 5556 2711 5608 ?
3798 5623 3807 5634 ο

2339 5643 2651 5710 Justiﬁcata
2677 5649 2772 5710 est,
2800 5643 3003 5715 inquit,
3038 5634 3366 5714 sapientiaa
3392 5644 3526 5711 ﬂiiii
3547 5639 3672 5695 suis.
3697 5634 3761 5686 Ac
3778 5642 3811 5677 ει
