3918 6176
170 399 253 456 445

877 396 1261 459 EXPOSITIO
1297 400 1379 462 IN
1413 396 1865 462 ΗᾹἸἻἮΒὉΠ.
1905 428 1978 447 -ι
2010 396 2147 459 LIB.
2188 395 2285 469 Vl,
2325 395 2484 458 CAP.
2522 398 2622 457 XI.

3269 396 3377 461 446

164 527 348 589 diceret,
370 523 492 595 quia
515 538 608 577 vos
635 523 897 579 noluistis
922 527 1173 599 recipere
1196 529 1568 601 disciplinam,
1589 546 1693 600 ego
1707 534 1758 592 Α
1774 529 2063 601 pmoepit:
2082 532 2147 583 1η
2167 530 2318 582 ﬁam
2338 532 2587 597 gentium
2612 544 2679 583 ne
2698 530 2969 595 abierim,
2989 531 3039 582 cl
3060 530 3121 581 in
3138 528 3378 582 civitati-

165 616 236 686 qui
262 614 345 669 Dei
370 614 561 667 summi
589 611 866 683 sapientia
900 630 1044 681 sum,
1086 618 1479 690 comprobatus
1518 625 1575 674 et
1601 637 1693 674 ac-

160 710 315 775 ceptus
339 720 454 758 sum
493 703 561 757 ab
606 704 875 774 apostolis
905 702 1043 760 meis
1068 711 1125 760 et
1153 708 1460 779 discipulis.
1497 707 1581 761 Ab
1606 708 1693 761 his

161 794 330 846 scilicet
351 792 437 862 qui
466 791 572 845 vim
600 792 887 858 facientes,
932 810 1167 865 regnum
1209 788 1479 851 calorum
1504 798 1689 868 ipsum

155 882 263 936 illud
286 880 556 951 diripiunt,
584 881 693 935 ﬁde
717 882 1332 952 justiﬁcati.Et1dcirco
1362 884 1492 956 quia
1519 886 1579 939 in
1608 902 1696 939 sa-

156 970 327 1041 pientia
367 974 492 1023 sunt
535 970 738 1030 renati.
787 972 917 1041 jure
957 972 1059 1026 filii
1088 973 1354 1028 dicuntur
1382 972 1689 1045 sapientiae.

154 1059 313 1129 Operae
330 1058 559 1128 pretium
602 1063 688 1112 est
718 1074 851 1129 ergo
881 1060 940 1114 in
976 1060 1080 1115 hoc
1114 1062 1235 1116 loco
1264 1062 1529 1117 virtutem
1558 1064 1693 1117 dicti

152 1148 469 1217 perpendere.
503 1150 817 1214 Justi/icata
843 1155 935 1214 est,
964 1149 1167 1220 inquit,
1202 1154 1477 1219 sapientia
1496 1168 1532 1205 a
1557 1155 1693 1219 ﬁliis

149 1239 260 1301 suis,
286 1236 346 1288 de
373 1250 429 1288 se
456 1235 649 1306 utique
679 1237 869 1291 volens
910 1237 1050 1292 illud
1078 1238 1288 1293 dictum
1318 1240 1573 1310 intelligi,
1609 1246 1695 1294 est

148 1324 267 1377 enim
290 1324 400 1394 ipse
425 1324 700 1394 sapientia
728 1325 828 1379 Dei
860 1322 1060 1380 Patris.
1078 1328 1203 1381 Non
1232 1329 1490 1383 accidens
1517 1342 1583 1383 ex
1602 1346 1693 1383 re-

146 1426 246 1466 rum
264 1413 574 1480 efﬁcientiis,
605 1414 703 1467 sed
725 1430 790 1467 ex
822 1422 1043 1469 natura.
1080 1416 1189 1470 Res
1219 1419 1369 1472 enim
1399 1419 1581 1472 omnis
1599 1419 1694 1473 ba-

144 1500 218 1554 bet
234 1507 543 1572 potestatem
580 1518 696 1556 suae
717 1508 953 1570 naturae,
973 1501 1261 1575 negotium
1291 1522 1422 1561 vero
1442 1513 1691 1578 potesta-

143 1590 200 1642 tis
224 1590 426 1643 cifertus
454 1594 539 1644 est
558 1610 571 1657 ;
593 1592 726 1662 quia
742 1606 855 1646 non
884 1593 1034 1647 idem
1053 1601 1137 1649 est
1150 1611 1290 1666 opus
1307 1596 1528 1650 virtutis
1545 1597 1694 1667 quod

144 1684 212 1731 est
232 1678 339 1749 ipsa
361 1680 550 1734 virtus.
589 1680 835 1736 Tantum
865 1683 1040 1753 igitur
1069 1684 1426 1752 discernitur,
1449 1682 1693 1740 efﬁciens

142 1767 285 1821 virtus
310 1784 402 1838 per
436 1784 608 1839 quam
640 1770 882 1825 efﬁcitur
901 1770 1050 1842 quod
1081 1773 1339 1828 effectum
1370 1780 1472 1839 est,
1510 1788 1691 1845 quan-

1780 621 1877 671 bus
1898 620 2391 685 Samaritanorum
2408 632 2472 670 ne
2486 620 2838 671 intrausritis
2853 615 3212 684 (Matih.x,5).
3230 615 3375 685 Ergo

1774 682 2089 758 civitatibus
2108 704 2595 775 Iudaeorum,quas
2614 703 2913 775 exprobrat
2929 682 3221 770 Dominus,
3246 682 3371 758 ideo

1774 790 2137 864 praedicatum
2185 798 2272 847 est
2318 794 2677 864 Evangelium
2718 798 2776 847 et
2820 793 2982 863 signa
3028 798 3273 859 ostensa,
3310 797 3376 848 ut

1781 881 2186 936 inexcusabiles
2215 887 2419 936 essent.
2438 883 2503 936 In
2534 881 2735 952 quibus
2767 882 3014 953 profecto
3051 881 3235 935 verbis
3261 882 3377 936 Do-

1776 971 1963 1025 minus
1982 972 2146 1025 Jesus
2174 971 2341 1025 altius
2372 971 2530 1025 nobis
2567 971 2901 1043 mysterium
2930 970 3377 1041 praedestinatio-

1782 1060 1871 1114 nis
1903 1059 2165 1124 ostendit,
2217 1074 2345 1113 eum
2375 1065 2432 1114 et
2460 1061 2572 1115 illis
2611 1060 2944 1131 praedicatur
2974 1058 3207 1113 verbum
3249 1059 3373 1127 Dei,
3402 1048 3407 1055 ”

1775 1165 2016 1221 quorum
2044 1165 2139 1203 cor
2160 1149 2519 1214 obduratum,
2542 1153 2600 1202 et
2623 1165 2787 1203 aures
2809 1154 3169 1220 praegravatus
3189 1152 3371 1213 erant;

1776 1244 1832 1293 et
1860 1239 1970 1292 illis
2000 1254 2111 1292 non
2141 1238 2499 1309 praedicatur,
2524 1238 2672 1291 inter
2692 1254 2832 1308 quos
2852 1239 2898 1291 si
2928 1238 3085 1292 factae
3114 1237 3371 1303 fuissent,

1775 1325 1907 1382 olim
1938 1329 1996 1381 in
2026 1328 2213 1381 cinere
2243 1331 2301 1381 et
2330 1327 2506 1380 cilicio
2535 1327 2923 1397 paenitentiam
2958 1327 3204 1396 egissent
3233 1325 3379 1379 sicut

1776 1429 1836 1471 se
1865 1417 2076 1471 habent
2103 1416 2325 1487 eloquia
2358 1416 2625 1469 veritatis.
2658 1415 2869 1469 Tamen
2900 1415 2957 1468 in
2982 1416 3078 1469 die
3097 1413 3295 1484 judicii
3320 1418 3378 1467 et

1776 1506 1897 1560 ista:
1925 1506 2232 1576 punientur
2252 1505 2825 1576 remissius,quamvis
2847 1504 3064 1557 minore
3078 1500 3371 1573 supplicio,

1776 1601 1835 1649 et
1853 1595 1960 1649 illae
1988 1590 2309 1665 gravius,in
2341 1593 2543 1665 quibus
2565 1591 2711 1647 facta
2739 1596 2872 1647 sunt
2903 1591 3183 1646 mirabilia
3209 1594 3266 1645 et
3293 1590 3377 1644 ei-

1777 1698 1890 1754 gna
1914 1684 1984 1738 ab
2015 1685 2135 1747 ipso
2164 1683 2419 1738 Domino.
2456 1687 2687 1753 propter
2727 1680 3137 1736 contumaciam
3166 1684 3223 1734 et
3248 1679 3377 1733 ino-

1778 1773 2116 1827 bedientiam
2146 1788 2316 1843 quam
2346 1772 2622 1843 przescivit
2650 1771 2821 1825 etiam
2845 1769 3117 1824 Dominus
3146 1767 3376 1821 habitu-

142 1862 236 1910 tum
261 1858 476 1912 Greater
501 1872 537 1913 a
565 1866 846 1916 creatura.
871 1861 942 1915 Et
963 1862 1086 1916 ideo
1115 1862 1172 1916 in
1203 1863 1308 1917 hoc
1334 1864 1482 1918 dicto
1510 1870 1575 1919 ut
1607 1867 1697 1935 ju-
1715 1849 1888 1929 Bros,
1922 1868 2223 1933 antequam
2256 1862 2314 1914 in
2341 1861 2421 1914 eis
2453 1861 2607 1915 factae
2638 1860 2889 1913 fuissent.
2928 1859 3241 1927 Utrumque
3265 1856 3375 1926 igi-

143 1945 342 1999 stiﬁcata
362 1947 434 2000 sit
458 1947 742 2019 sapientia
769 1965 803 2002 a
826 1950 955 2003 ﬁliis
986 1950 1103 2004 suis
1129 1967 1268 2022 quos
1294 1954 1491 2023 genuit
1520 1959 1583 2007 ut
1609 1970 1694 2007 sa-

142 2034 318 2103 pientes
342 2036 463 2103 sint,
499 2038 691 2107 potius
732 2043 938 2092 natura
981 2040 1269 2110 sapientiae
1330 2042 1697 2112 intelligenda

144 2129 209 2175 est
239 2138 387 2193 quam
406 2125 713 2180 efﬁcientia
732 2130 789 2181 et
806 2141 949 2198 opus
971 2128 1213 2183 virtutis.
1239 2131 1518 2193 Quoniam
1540 2132 1695 2185 Chri-

143 2217 237 2265 stus
253 2227 280 2264 a
304 2219 496 2267 natura
515 2228 651 2268 vere
666 2215 766 2269 Dei
798 2216 978 2270 virtus
998 2216 1068 2270 ab
1089 2218 1356 2288 Apostolo
1378 2225 1434 2273 et
1464 2234 1594 2273 vera
1614 2236 1700 2273 sa-

144 2297 313 2368 pientia
335 2302 427 2355 Dei
448 2303 638 2356 Patris
663 2304 1025 2373 praedicatur.
1052 2306 1119 2359 Et
1142 2305 1229 2359 hic
1256 2305 1501 2377 seipsum
1534 2318 1697 2379 aper-

150 2387 322 2444 ιίξεὶπιθ
332 2391 663 2461 sapientiam
678 2395 1035 2464 nuncupavit,
1063 2396 1701 2468 essentialiterqueseip-

148 2490 243 2530 sum
262 2480 581 2549 sapientiam
620 2496 743 2535 esse
768 2482 1031 2536 ostendit.
1067 2484 1183 2537 Hoc
1218 2483 1422 2555 quippe
1451 2486 1695 2539 ﬁliorum

148 2567 296 2635 magni
320 2574 399 2621 est
420 2569 552 2623 doni
588 2566 963 2641 privilegium,
1004 2577 1069 2625 ut
1106 2572 1187 2625 ita
1216 2589 1345 2627 eum
1376 2573 1695 2643 intelligant

148 2654 408 2719 sinceriter,
441 2660 579 2728 quia
604 2659 979 2730 reprobarunt
997 2674 1122 2714 eam
1152 2656 1253 2715 ﬁlii
1284 2662 1451 2732 regis,
1478 2669 1542 2715 ut
1572 2680 1693 2733 pos-

146 2742 201 2794 sit
214 2745 458 2814 sapientia
482 2752 643 2801 recte
659 2748 972 2817 justiﬁcata
1001 2749 1292 2819 przedicuri
1323 2766 1357 2803 a
1389 2750 1520 2803 ﬁliis
1552 2750 1688 2817 suis,

144 2837 185 2882 et
206 2831 294 2902 ipsi
310 2836 494 2889 exinde
521 2838 587 2889 in
614 2837 970 2907 adoptionem
999 2838 1242 2892 ﬁliorum
1272 2839 1533 2893 transire.

205 2922 266 2974 iis
291 2925 398 2990 tibi,
429 2927 741 2991 Uorozaim,
774 2941 850 2980 cz
880 2927 999 2993 tibi,
1032 2929 1318 2981 But/uuida
1336 2947 1353 2993 ;
1385 2931 1519 2997 quia
1556 2931 1608 2981 si
1629 2932 1691 2982 in

149 3010 258 3074 Tyro
281 3018 325 3065 et
346 3011 538 3069 Sidone
566 3015 729 3081 facta
755 3016 991 3082 luissem
1009 3019 1240 3070 virtutes
1260 3032 1378 3085 qua
1390 3020 1548 3084 facta
1561 3023 1694 3071 sunt

147 3100 268 3164 inte,
296 3107 390 3155 etc.
415 3103 571 3157 Inter
603 3103 866 3175 reliquas,
899 3102 1158 3175 superius
1180 3120 1319 3176 quas
1347 3100 1552 3159 dicitur
1585 3105 1696 3159 cir-

1774 1957 1871 2006 tur
1909 1951 2184 2023 prmscivit
2229 1950 2502 2004 Dominus
2550 1955 2608 2003 et
2650 1949 2787 2003 istos
2819 1948 3102 2017 abnegare
3126 1946 3377 2015 seipsum

1775 2054 1902 2094 cum
1930 2040 2137 2103 ﬁerint,
2162 2045 2220 2093 et
2233 2039 2357 2093 illos
2386 2038 2656 2109 paenitere
2678 2042 2734 2091 et
2762 2036 3036 2099 confiteri,
3073 2034 3121 2088 si
3151 2034 3373 2087 ﬁerent.

1777 2130 1936 2194 Quod
1951 2134 2008 2183 et
2026 2133 2220 2200 postea
2241 2129 2299 2182 in
2321 2126 2715 2199 praedicatione
2740 2126 3123 2196 apostolorum
3155 2120 3373 2189 fecisse,

1783 2219 2141 2273 manifestum
2172 2224 2274 2272 est.
2331 2218 2489 2271 Unde
2542 2233 2613 2272 ne
2646 2232 2863 2287 quaeras
2891 2221 3113 2285 tempus
3148 2211 3373 2283 quando

1780 2307 1987 2363 factum
2015 2308 2108 2375 sit,
2132 2324 2258 2361 cum
2288 2304 2560 2360 intuearis
2604 2305 2843 2359 salutem
2877 2301 3244 2367 credentium,
3277 2298 3377 2354 sed

1782 2414 1881 2452 cur
1902 2395 2024 2450 istis
2057 2396 2346 2450 remissius
2377 2396 2549 2450 etiam
2585 2411 2694 2449 non
2723 2390 3080 2448 credentibus
3109 2389 3284 2462 prius,
3318 2391 3377 2442 et

1781 2480 1890 2541 illis
1909 2485 2134 2555 gravius
2157 2482 2358 2554 quibus
2380 2483 2744 2554 praedicatum
2760 2486 2863 2545 est,
2891 2485 2948 2534 et
2975 2479 3045 2534 ad
3066 2494 3207 2549 quos
3225 2475 3380 2531 venit

1777 2568 2068 2637 Dominus,
2119 2571 2320 2642 quibus
2369 2573 2532 2641 signa
2578 2577 2634 2624 et
2673 2570 2953 2624 mirabilia
2982 2574 3206 2621 ostensa
3242 2569 3376 2620 sunt

1774 2662 1980 2727 divina,
2025 2660 2383 2713 manifestum
2429 2665 2533 2713 est.
2566 2658 2705 2722 Quia
2735 2658 2841 2711 illa:
2870 2656 3121 2714 civitates
3167 2653 3377 2724 absque

1776 2750 1889 2804 Deo
1920 2756 2081 2803 erant
2110 2766 2238 2801 vero
2270 2748 2416 2801 sicut
2445 2747 2627 2801 omnis
2664 2746 2971 2816 gentilitas,
3012 2743 3132 2798 sine
3170 2741 3374 2796 notitia

1774 2834 1911 2909 legis
1939 2843 1995 2892 et
2019 2836 2421 2911 prophetarum
2453 2841 2672 2890 tantum
2715 2835 2896 2905 legem
2925 2838 3141 2889 natura:
3188 2836 3376 2885 trans-

1772 2944 1997 2997 gressae.
2054 2924 2246 2981 Judaea
2301 2941 2430 2978 vero
2469 2928 2522 2978 et
2572 2923 2823 2977 civitates
2873 2937 3012 2993 quas
3051 2921 3367 2993 exprobrat,

1776 3017 1962 3081 πίσεα
1998 3015 2188 3070 omnia
2210 3016 2685 3085 contempserunt,
2719 3012 2899 3082 legem
2920 3017 3134 3065 naturae
3165 3013 3220 3063 et
3239 3023 3371 3079 pro-

1780 3106 1999 3176 phetas,
2030 3104 2210 3175 legem
2240 3118 2340 3175 per
2369 3103 2598 3173 Moysen
2628 3102 2838 3165 datam,
2877 3099 2937 3154 in
2977 3115 3089 3170 qua
3117 3097 3373 3152 Christus

144 3187 287 3243 cuisse
331 3191 579 3247 civitates
611 3198 676 3246 ut
715 3194 1043 3264 praedicaret
1095 3195 1459 3264 Evangelium
1513 3196 2050 3266 regni,Cventurus
2081 3192 2636 3266 praemonstrabatur.
2692 3191 2928 3263 Insuper
2963 3188 3135 3243 etiam
3190 3187 3376 3258 ipsum

145 3275 281 3329 etiam
322 3284 374 3331 et
408 3279 529 3334 istis
572 3280 907 3351 praedicasse
938 3282 1076 3335 nulli
1118 3281 1353 3336 dubium
1398 3289 1501 3336 est.
1535 3283 1695 3346 Quod

143 3361 212 3416 hic
249 3366 522 3423 Matthaeus
566 3384 673 3440 per
712 3366 1157 3424 recordationem
1184 3371 1365 3441 magis
1394 3386 1563 3442 quam
1604 3388 1694 3425 se-

144 3451 342 3508 cundum
361 3463 577 3512 textum
620 3460 890 3529 posuerit.
924 3460 1069 3513 Nam
1097 3460 1182 3513 hae
1212 3461 1335 3514 dua:
1362 3460 1614 3514 civitates
1636 3461 1694 3514 in

146 3539 331 3597 Galilaea
361 3545 529 3602 fuisse
563 3548 929 3602 manifestum
954 3554 1071 3610 est;
1124 3550 1221 3602 sed
1254 3566 1394 3620 quas
1426 3549 1696 3603 Dominus

146 3631 336 3688 virtutes
362 3637 418 3690 in
443 3636 522 3692 eis
573 3637 789 3703 fecerit,
823 3654 935 3691 non
966 3639 1102 3692 satis
1130 3646 1382 3709 apparet,
1415 3639 1523 3692 nisi
1554 3639 1697 3693 forte

150 3732 200 3772 eo
227 3721 274 3776 in
311 3730 554 3797 tempore
608 3743 719 3797 quo
748 3726 1021 3781 circuibat
1051 3733 1107 3780 et
1136 3728 1383 3798 reliquas
1421 3728 1694 3793 civitates,

148 3806 313 3865 ibidem
343 3827 469 3868 tunc
506 3815 707 3869 fecerit
748 3816 1020 3886 plurimas
1069 3816 1321 3883 virtutes,
1356 3817 1505 3888 quod
1551 3830 1700 3871 nunc

148 3900 520 3971 recapitulatur.
566 3905 974 3978 Verumtamen
1021 3905 1153 3975 quia
1181 3905 1340 3959 factm
1376 3911 1525 3971 sunt,
1558 3907 1700 3962 nulli

147 3983 335 4042 dubium
356 3998 466 4059 est;
494 3988 600 4047 sed
632 3993 790 4047 valde
816 3992 1130 4049 resolubilis
1155 4011 1220 4048 ex
1240 3995 1343 4048 hoc
1361 3996 1481 4049 loco
1510 4000 1704 4061 536

149 4078 338 4141 quastio
365 4081 637 4149 nascitur,
669 4096 859 4137 verum
896 4084 1065 4138 etiam
1096 4090 1153 4139 et
1172 4100 1205 4137 a
1228 4085 1435 4138 sanctis
1450 4083 1701 4155 patribus

147 4160 618 4236 iinperunctabilis,
648 4185 750 4226 cur
776 4184 889 4226 non
913 4174 1071 4228 factae
1101 4173 1215 4226 sint
1241 4173 1475 4227 virtutes
1504 4173 1562 4226 in
1595 4172 1702 4243 Ty-

149 4264 195 4302 ro
218 4260 264 4307 et
281 4257 474 4313 Sidone
493 4261 519 4313 ’ἶ
549 4262 688 4324 Quae
720 4262 767 4315 si
798 4262 956 4316 facta:
986 4262 1226 4317 fuissent
1251 4261 1419 4332 juxta
1447 4263 1699 4317 Salvato-

146 4338 206 4392 ris
242 4360 435 4415 vocem,
491 4348 891 4420 pcenitentiam
951 4350 1022 4404 ad
1066 4351 1524 4421 praedicationem
1576 4352 1700 4421 ejus

145 4428 364 4496 egissent.
396 4438 561 4492 Nunc
595 4453 743 4503 vero,
774 4440 907 4510 quia
934 4438 1304 4511 praedicatum
1334 4455 1446 4494 non
1475 4447 1563 4493 est
1595 4440 1698 4509 eis,

1779 3281 2084 3337 Dominum
2114 3287 2468 3354 praesentem,
2495 3280 2671 3351 signis
2700 3285 2757 3333 et
2798 3276 3101 3333 Virtutibus
3126 3276 3373 3331 declara-

1776 3376 1919 3439 tum,
1964 3370 2299 3442 rejecerunt.
2351 3372 2420 3424 Et
2456 3369 2580 3424 ideo
2609 3374 2674 3423 ut
2722 3367 3126 3422 inexcusabiles
3163 3368 3369 3430 essent,

1779 3460 1894 3515 lucc
1922 3460 2169 3514 exhibita
2196 3466 2329 3514 sunt
2370 3458 2450 3513 eis
2490 3465 2715 3512 ostensa
2758 3458 2916 3527 signa
2957 3454 3214 3513 Deitatis.
3257 3453 3370 3507 Ve-

1778 3554 2099 3604 rumtamen
2151 3566 2216 3602 ex
2240 3548 2329 3602 his
2355 3547 2613 3601 omnibus
2660 3551 2919 3601 nostrum
2965 3549 3051 3600 est
3095 3541 3368 3607 conﬁteri,

1781 3638 1913 3709 quia
1955 3638 2059 3692 etsi
2110 3637 2326 3691 occulta
2370 3642 2503 3690 sunt
2549 3652 2670 3706 qua:
2699 3635 2982 3698 dicuntur,
3009 3650 3139 3687 vera
3178 3632 3374 3701 utique

1781 3732 1914 3780 sunt
1927 3732 1978 3779 et
1992 3727 2148 3796 justa
2161 3743 2283 3795 qua:
2294 3726 2437 3778 fiunt
2452 3741 2485 3777 a
2501 3723 2800 3779 Deo.Unde
2812 3722 3034 3775 canitur
3044 3721 3103 3777 in
3125 3721 3366 3774 Psalmo:

1780 3817 2002 3870 Iudicia
2023 3817 2120 3868 Dei
2146 3817 2373 3881 abyssus
2396 3818 2575 3865 multa
2612 3814 2771 3882 (Psal.
2797 3827 2957 3874 xxxv,
2981 3808 3062 3878 7).
3090 3810 3158 3863 Et
3186 3825 3198 3859 :
3239 3810 3375 3862 Uni-

1781 3916 1943 3958 versae
1968 3906 2068 3956 vis
2096 3905 2321 3957 Domini
2350 3901 2731 3955 misericordia
2756 3903 2805 3952 et
2836 3901 3039 3952 veritas
3067 3900 3371 3964 (Psal.x1v,

1786 3990 2165 4064 ll),quoniam
2193 4006 2304 4044 non
2334 3995 2421 4044 est
2441 3989 2707 4060 iniquitas
2732 3988 2876 4059 apud
2907 3988 3078 4041 Deum
3097 3998 3200 4039 nec
3220 3982 3374 4054 inju-

1783 4081 1938 4135 stitia
1965 4081 2097 4134 ulla.
2138 4080 2292 4134 Licet
2320 4079 2548 4150 quidam
2578 4078 2895 4149 disputator
2930 4075 3235 4129 catholicus
3267 4086 3380 4127 non

1781 4169 2045 4239 ignobilis
2068 4170 2217 4223 hunc
2248 4168 2530 4237 Evangelii
2575 4167 2761 4220 locum
2789 4166 2869 4220 sic
2895 4163 3236 4235 exposuerit,
3274 4176 3377 4217 vo-

1784 4260 1905 4312 lens
1934 4260 2179 4329 eﬁ'ugerc
2209 4255 2645 4329 profunditatem
2690 4254 3031 4326 quaestionis,
3066 4258 3130 4307 ut
3165 4252 3380 4306 diceret

1782 4348 2065 4418 proiecisse
2090 4348 2268 4401 Deum
2289 4346 2487 4417 Tyrios
2514 4352 2571 4399 et
2597 4344 2855 4398 Sidonios
2884 4360 2917 4397 a
2942 4343 3053 4397 ﬁde
3073 4342 3269 4413 postea
3296 4357 3381 4394 re-

1781 4452 2055 4501 cessuros,
2089 4452 2213 4491 cum
2244 4436 2405 4489 factis
2424 4434 2573 4505 apud
2602 4448 2662 4487 se
2692 4432 2973 4486 miraculis
2989 4431 3376 4496 credidissent;

145 4531 293 4588 neque
305 4524 459 4595 signa
472 4528 878 4582 miraculorum
896 4534 1285 4599 perceperunt,
1308 4529 1569 4582 videntur
1589 4544 1701 4583 non
1722 4522 1771 4579 D
1790 4526 1920 4579 hinc
1950 4525 2389 4578 misericorditer
2408 4523 2612 4594 potius,
2629 4537 2741 4576 non
2759 4537 2888 4575 eum
2914 4518 3028 4574 illic
3048 4514 3379 4590 pmdicasse

147 4610 304 4664 essein
322 4615 499 4686 culpa,
522 4616 659 4688 quia
680 4632 790 4671 non
811 4617 1190 4672 crediderunt.
1216 4616 1480 4681 Quinimo
1507 4616 1704 4671 vitium

146 4694 313 4754 silentii
350 4702 406 4757 in
451 4722 519 4759 eo
565 4706 672 4773 est,
706 4706 803 4777 qui
832 4707 1042 4761 acturis
1088 4707 1476 4778 paenitentiam
1525 4707 1707 4762 noluit

147 4788 424 4858 Pmdicare,
473 4792 625 4865 quod
664 4808 832 4850 nemo
862 4794 1113 4851 ﬁdelium
1142 4797 1314 4851 audet
1349 4798 1534 4851 dicere
1567 4815 1578 4849 :
1612 4798 1705 4851 Id~

144 4872 277 4943 Circo,
308 4886 367 4935 ut
409 4883 546 4950 dixi,
579 4884 649 4938 ab
690 4884 948 4940 omnibus
978 4886 1187 4941 sanctis
1215 4886 1533 4940 doctoribus
1577 4902 1707 4940 vera

145 4968 189 5015 et
222 4966 381 5023 facilis
423 4978 513 5026 est
552 4974 839 5044 responsio
882 4975 1155 5046 valdeque
1194 4980 1409 5046 aperta,
1438 4992 1497 5029 se
1543 4975 1706 5044 igno-

144 5062 243 5107 rare
254 5057 460 5125 judicia
489 5062 611 5129 Dei,
630 5069 687 5116 et
712 5063 1062 5134 singularum
1084 5064 1564 5135 dispensationum
1584 5065 1706 5134 ejus

142 5155 457 5203 sacramenta
484 5152 725 5206 nescire.
759 5154 920 5208 Unde
950 5155 1160 5208 Paulus
1206 5153 1491 5224 apostolus
1522 5153 1706 5207 excla-

142 5241 269 5287 mans
296 5236 468 5292 dixit:
502 5240 678 5306 Quam
707 5242 1289 5311 incomprehensibilia
1319 5247 1451 5295 sunt
1484 5244 1706 5309 judicia

144 5317 233 5385 θεῖ,
253 5328 296 5376 et
318 5328 718 5394 inuestigabilcs
740 5333 839 5384 vim
866 5335 984 5400 ejus
1008 5336 1026 5384 Ι
1044 5332 1219 5401 (Rom.
1258 5344 1333 5393 xl,
1363 5329 1432 5386 33
1469 5334 1489 5399 )
1523 5330 1704 5401 Siqui-

142 5403 241 5461 dem
267 5417 612 5485 propositum
640 5418 822 5473 fuerat
843 5420 1084 5473 Domino
1102 5419 1306 5473 Judscze
1344 5421 1484 5473 ﬁnes
1523 5420 1698 5473 inter-

142 5494 247 5551 dum
276 5516 380 5557 non
410 5506 697 5573 excedere,
720 5524 790 5561 ne
816 5506 1028 5578 justam
1059 5507 1359 5563 Pharisaais
1397 5508 1701 5562 calumnia-

141 5586 321 5644 toribus
357 5598 415 5647 et
461 5596 863 5663 sacerdotibus,
907 5597 1255 5652 occasionem
1296 5598 1703 5668 persecutionis

140 5675 349 5738 Primum
393 5682 582 5737 daret.
624 5685 780 5741 Unde
815 5691 873 5740 et
899 5687 1166 5759 apostolis
1216 5693 1348 5742 ante
1381 5687 1701 5758 passionem

1786 4615 1871 4668 vel
1901 4614 2135 4667 virtutes
2162 4613 2374 4678 fecisse,
2410 4611 2675 4682 quoniam
2694 4609 2938 4680 graviori
2967 4624 3133 4680 pinna
3152 4606 3378 4661 obnoxii
3452 4622 3470 4633 '

1787 4705 2006 4768 ﬁerent,
2060 4703 2107 4755 si
2156 4702 2323 4756 ﬁdem
2368 4714 2536 4772 quam
2590 4704 2971 4771 susceperant,
3031 4698 3379 4769 rejecissent.

1787 4794 2062 4848 Utrumne
2079 4792 2154 4845 sit
2183 4792 2290 4844 ista
2309 4790 2582 4844 exsolutio
2604 4806 2754 4853 vera,
2770 4789 3017 4860 prudens
3038 4788 3212 4842 lector
3222 4784 3384 4840 intel-

1788 4881 1943 4951 ligat.
1972 4882 2165 4934 Potest
2192 4889 2383 4934 tamen
2434 4879 2565 4932 hinc
2594 4877 2837 4948 objicere
2860 4879 2979 4948 jam
3022 4877 3157 4948 quia
3204 4875 3384 4946 pietas

1787 4970 1894 5023 fuit
1922 4969 2228 5024 Salvatoris
2260 4969 2318 5022 in
2351 4969 2430 5022 eis
2470 4982 2609 5039 quos
2640 4968 2838 5022 maluit
2863 4980 2976 5021 uon
3019 4965 3281 5020 accedere
3309 4963 3382 5017 ad

1790 5059 1977 5123 ﬁdem,
2012 5074 2180 5129 quam
2212 5070 2339 5111 cum
2370 5058 2576 5111 scelere
2607 5057 2784 5110 multo
2824 5055 3067 5126 graviori
3095 5053 3379 5108 discedere

1789 5163 1823 5201 a
1851 5148 1979 5212 ﬁde,
2010 5162 2110 5202 cur
2138 5162 2250 5200 non
2280 5146 2466 5217 pocius
2497 5145 2704 5199 factum
2734 5150 2818 5198 est
2846 5143 3297 5207 clementissime,
3317 5146 3381 5195 ut

1787 5238 2082 5290 crederent
2100 5236 2274 5307 prius,
2298 5236 2500 5289 deinde
2520 5238 2884 5305 praestaretur
2903 5232 2981 5286 eis
3012 5246 3113 5303 per
3138 5229 3383 5302 gratiam

1788 5327 1916 5381 ﬁdei
1940 5341 2109 5397 quam
2138 5330 2503 5397 perceperant
2528 5324 2691 5377 ﬁdem
2718 5338 2789 5378 ne
2819 5317 3243 5393 relinquerent?
3271 5321 3387 5376 Aut

1782 5423 2084 5486 antequam
2122 5430 2242 5468 eam
2273 5413 2674 5485 relinquerent,
2697 5431 2760 5466 ex
2788 5413 2892 5465 hac
2911 5412 3022 5466 vita
3053 5411 3384 5481 migrarent,

1786 5521 1856 5560 ne
1885 5504 2123 5571 malitia,
2155 5506 2299 5559 sicut
2318 5505 2587 5575 scriptum
2618 5508 2705 5557 est
2725 5502 2795 5555 de
2826 5500 3180 5572 quibusdam,
3206 5505 3388 5554 muta-

1784 5602 1873 5649 ret
1898 5596 2068 5649 corda
2088 5610 2302 5648 eorum.
2322 5595 2399 5648 Ac
2436 5608 2537 5664 per
2567 5592 2672 5646 hoc
2700 5596 2893 5645 manet
2929 5589 3066 5644 illud
3106 5589 3207 5643 Dei
3236 5588 3387 5657 judi-

1785 5686 1935 5740 cium
1968 5683 2026 5739 in
2052 5685 2307 5755 utrisque
2327 5683 2627 5748 occultum,
2646 5681 2744 5734 sed
2768 5681 2986 5750 justum
3011 5678 3069 5731 in
3081 5674 3375 5730 omnibus:
