3918 6176
619 367 723 430 447

1327 437 1332 442 _
1393 379 1450 431 S.
1490 377 1866 438 PASCHASII
1906 381 2267 441 RADBERTI
2303 381 2608 439 ABBATIS
2649 379 3143 438 CORBEIENSIS.

3694 385 3768 442 448

624 501 879 575 quamvis
907 503 1134 576 plurimi
1149 520 1213 558 ex
1242 503 1346 558 hoc
1374 504 1579 560 multas
1606 512 1933 562 coacervent
1949 509 2210 580 quaistio-
2225 511 2280 570 A
2295 515 2399 572 est,
2421 510 2554 581 quia
2569 524 2680 564 non
2709 505 3062 607 usque-adeo
3083 504 3661 607 peccaveruntzaecdmu
3678 523 3771 607 per.-
3874 519 3875 522 ‘

624 609 744 660 nes,
775 599 833 647 et
859 593 1142 648 involvant
1177 595 1428 647 incautos
1474 594 1927 665 syllogismorum
1958 597 2210 655 nexibus.
2293 604 2454 670 cepta
2481 599 2604 669 lege
2640 597 2847 652 divina.
2876 597 3089 651 Tamen
3117 593 3174 648 in
3195 593 3552 690 his-omnibus
3591 596 3772 650 ostendi-
3874 683 3875 690 γ

624 682 784 736 Unde
813 699 1018 752 quaiso,
1063 682 1194 752 quia
1225 682 1449 736 difﬁcile
1477 689 1583 743 est.
1617 689 1832 739 tantam
1863 685 1922 739 in
1961 703 2050 740 me
2093 703 2214 742 esse
2293 693 2390 742 tur
2416 687 2728 741 differentia
2767 684 3164 756 suppliciorum
3194 683 3248 736 in
3295 682 3481 748 futuro,
3502 682 3620 738 sicut
3637 690 3772 749 529

621 770 1002 842 praastantiam
1033 775 1090 824 et
1109 769 1429 824 facilitatem
1461 772 1746 832 doctrinae.
1768 779 1832 828 ut
1859 774 2116 830 omnibus
2130 793 2216 830 ar-

623 859 774 914 tibus
794 865 851 912 et
869 857 1065 912 ofﬁciis
1093 858 1430 912 satisfaciam
1469 859 1820 932 eloquentia),
1843 868 1901 916 et
1932 862 2214 918 absolvam

621 945 1072 1017 impenetrabilia
1098 946 1414 1002 divinorum
1441 948 1734 1004 verborum
1763 951 2040 1021 profunda
2060 969 2217 1024 mys-

625 1034 770 1088 teria
781 1051 851 1088 ne
867 1039 1118 1088 nostram
1131 1041 1328 1090 notent
1348 1036 1722 1106 ignorantiam
1744 1039 1800 1094 in
1819 1039 1905 1094 his
1924 1057 2047 1111 qum
2067 1041 2215 1096 Deus

623 1123 974 1176 solummodo
1003 1123 1108 1178 sibi
1131 1131 1263 1178 nota
1285 1125 1457 1178 voluit
1469 1128 1760 1180 reservari.
1780 1128 2026 1192 Quorum
2053 1130 2215 1184 velim

623 1228 736 1267 non
767 1212 842 1266 sit
867 1212 1060 1282 iniqua
1079 1213 1438 1284 reprehensio
1461 1213 1517 1268 in
1549 1232 1657 1280 me,
1679 1217 1995 1286 quidebent
2019 1219 2216 1290 utique

623 1301 770 1372 grati
792 1306 1007 1362 esse,ct
1023 1307 1310 1372 acceptum
1343 1302 1507 1368 ferre,
1545 1305 1814 1376 quidquid
1846 1313 2037 1361 noster
2061 1309 2218 1362 labor

627 1390 787 1443 etind
797 1389 974 1443 ustria
992 1389 1223 1459 dignum
1248 1391 1582 1456 ﬁdei,etnon
1599 1395 1928 1464 eloquentiae
1949 1397 2214 1468 percepit.

628 1479 771 1533 Nam
805 1494 906 1532 nos
930 1479 1169 1548 grandia
1195 1485 1253 1534 et
1271 1481 1616 1536 incredibilia
1644 1501 1788 1554 pene
1815 1501 2101 1550 conamur,
2133 1493 2220 1541 te-

578 1614 582 1617 .
627 1583 768 1622 nues
797 1566 1111 1636 ingenio,et
1127 1569 1478 1638 exigui.Plus
1497 1571 1543 1624 si
1569 1573 1792 1642 quidem
1820 1591 1884 1628 ex
1913 1575 2028 1630 Deo
2045 1577 2222 1630 aude-

575 1703 580 1708 .
629 1671 778 1719 mus,
803 1659 860 1708 et
885 1655 1293 1726 praesumimus,
1317 1675 1485 1728 quam
1517 1661 1598 1714 uti
1632 1678 1914 1717 meremur
1939 1670 1994 1719 et
2024 1682 2223 1736 possu-

578 1790 584 1796 .
629 1744 992 1797 mus.Tamen
1013 1761 1122 1798 non
1139 1752 1227 1799 est
1245 1746 1785 1821 inefﬁcax,quisquis
1813 1752 1882 1806 de
1899 1761 2087 1819 ὅτε
2107 1755 2222 1808 Deo
2252 1767 2256 1770 ‘

2297 783 2354 831 et
2370 777 2593 832 diversa
2624 775 2866 846 qualitas
2891 773 3235 828 meritorum.
3874 811 3875 832 ξ

2367 869 2435 921 In
2463 868 2560 920 illo
2593 869 2850 933 tempore,
2882 863 3206 930 respondens
3231 861 3376 914 Jcsus
3401 861 3558 913 dixit:
3583 860 3774 927 Conﬁteor

2297 957 2418 1021 tibi,
2449 956 2680 1009 Domine
2702 954 2866 1007 Pater
2889 953 3010 1006 cali
3027 951 3400 1018 etterrz,quia
3417 949 3690 1002 abscondisti
3703 949 3774 1003 lizc
3873 981 3875 1036 τ

2295 1043 2636 1110 sapientibus
2663 1045 2712 1094 et
2728 1039 3113 1109 prudentibus,
3127 1042 3176 1090 et
3195 1038 3498 1090 revetastiea
3513 1039 3721 1104 parvulis,
3739 1043 3776 1090 et

2296 1137 2515 1185 cratera.
2547 1129 2829 1194 Quzeritur
2853 1133 3060 1192 autem,
3077 1141 3186 1180 non
3208 1125 3553 1194 interrogatus
3575 1123 3777 1194 quomodo

2296 1219 2648 1290 respondisse
2665 1217 2872 1286 dicitur
2889 1217 2914 1270 ?
2942 1217 3067 1271 Non
3089 1215 3234 1269 enim
3251 1212 3566 1285 praemissum
3577 1218 3660 1270 est.
3676 1212 3776 1282 quod
3874 1275 3875 1278 η

2297 1326 2426 1363 cum
2454 1309 2657 1379 aliquis
2679 1305 3126 1376 interrogaverit,
3154 1305 3236 1358 vel
3266 1303 3391 1374 quid
3421 1301 3777 1392 interrogarent.

2300 1397 2460 1462 Quod
2487 1413 2666 1467 genus
2681 1394 2980 1450 locutionis
3011 1394 3144 1448 etin
3160 1391 3477 1464 Apocalypsi
3491 1387 3780 1460 legimus.Sed
3874 1387 3875 1442 ξ

2301 1493 2491 1540 utrum
2518 1485 2590 1539 ad
2630 1484 2894 1556 mysticos
2921 1499 3118 1537 sensus
3155 1480 3442 1553 pertineat,
3467 1495 3530 1532 an
3552 1482 3672 1531 certe
3691 1477 3784 1530 sim-
3873 1517 3875 1548 τ

2304 1574 2524 1646 pliciter
2552 1575 2668 1628 haec
2699 1573 2906 1627 locutio
2935 1571 3258 1642 accipienda
3285 1569 3372 1633 sit,
3407 1567 3600 1622 lectoris
3622 1564 3785 1619 arbitrio

2304 1663 2633 1734 derelinquo
2647 1710 2659 1722 .
2690 1662 2809 1717 Nisi
2829 1661 2962 1733 quia
2977 1667 3109 1714 sunt
3121 1657 3533 1714 divinainterius
3549 1671 3647 1726 qua:
3657 1653 3786 1706 vident
3874 1697 3875 1744 ᾖ

2303 1752 2502 1816 sancti,
2522 1758 2579 1806 et
2597 1751 2832 1806 audiunt
2854 1750 3037 1804 adhuc
3059 1750 3113 1803 in
3140 1764 3325 1814 carne,
3345 1746 3530 1818 quibus
3542 1759 3674 1814 quam
3691 1757 3788 1812 sape
3874 1749 3875 1806 ξ

578 1879 584 1886 .
630 1832 740 1886 ﬁde
785 1847 910 1886 vera
944 1833 1068 1904 plus
1099 1836 1386 1905 praesumit
1417 1853 1586 1908 quam
1622 1847 1870 1895 meretur
1895 1848 1994 1897 aut
2021 1845 2216 1914 possit.
2239 1840 2643 1923 Brespondere
2670 1839 2950 1933 videntur,
2981 1843 3039 1933 et
3063 1837 3272 1933 alloqui
3304 1851 3318 1892 :
3347 1840 3540 1933 quanto
3557 1831 3701 1933 inagis
3713 1829 3792 1933 3:31:
3874 1827 3875 1872 Ᾰ

633 1921 811 1984 Quam
844 1922 1010 1976 ﬁdem
1042 1939 1176 1977 sane
1209 1924 1342 1994 quia
1370 1927 1610 1996 praefatae
1648 1929 1814 1983 urbes
1844 1931 2089 2002 recipere
2117 1949 2219 1986 no-
2239 1917 2480 1994 'vator,
2497 1929 2593 2001 qui
2621 1928 2811 1983 omnia
2840 1944 2964 1998 quas
2993 1926 3228 1980 interius
3247 1931 3377 1979 sunt
3399 1929 3452 1978 et
3475 1921 3632 1977 divina
3651 1917 3791 1989 agebat

579 2067 585 2074 ,
629 2010 875 2074 luerunt,
905 2011 1075 2065 etiam
1105 2013 1591 2084 Capharnaum,in
1613 2035 1723 2088 qua
1742 2019 1839 2074 diu
1867 2027 2225 2076 conversatus

577 2161 586 2175 ‘
629 2104 733 2166 est,
757 2099 1075 2165 denotatur,
1098 2107 1155 2156 et
1174 2104 1547 2160 comminatus
1575 2116 1661 2162 est
1688 2107 1760 2164 ei.

708 2235 807 2298 Tu,
839 2234 1253 2302 Capharnaum,
1286 2235 1486 2308 inquit,
1511 2243 1772 2310 nunquid
1794 2245 1852 2296 in
1869 2248 2225 2300 ca’lumcml-

630 2323 868 2374 tabcris?
893 2323 1060 2390 Usque
1087 2325 1160 2377 ad
1189 2327 1479 2392 in/‘crnmn
1499 2329 1798 2384 descendas.
1826 2332 1929 2386 Sed
1955 2334 2009 2388 in
2041 2336 2233 2392 Graeco

627 2408 799 2463 habet
826 2427 838 2462 :
891 2411 960 2464 Et
985 2416 1066 2475 tu,
1104 2412 1516 2484 Capharnaum,
1572 2435 1695 2488 qua:
1721 2437 1896 2498 usque
1925 2423 1982 2477 in
2031 2427 2231 2480 ccelum

630 2498 872 2552 exaltata
903 2517 980 2566 es,
1002 2517 1177 2571 usque
1206 2502 1264 2556 in
1296 2503 1575 2560 infernum
1607 2507 1928 2566 descendes.
1949 2513 2055 2567 Sed
2079 2515 2232 2571 vide-

627 2591 726 2640 tur
743 2587 944 2658 duplex
971 2589 1360 2660 intelligentia.
1386 2594 1485 2648 Vel
1510 2594 1635 2650 ideo
1665 2598 1733 2651 ad
1760 2599 1979 2656 inferna
2003 2603 2228 2659 descen-

629 2675 747 2738 des,
780 2677 912 2746 quia
933 2685 1128 2732 contra
1155 2681 1602 2751 praedicationem
1628 2703 1808 2740 meam
1829 2692 2229 2760 superbissime

629 2765 907 2832 restitisti,
950 2769 1031 2821 vel
1075 2769 1204 2840 quia
1243 2773 1485 2827 exaltata
1515 2791 1690 2846 usque
1721 2777 1791 2831 ad
1833 2781 2056 2846 caelum,
2102 2799 2228 2837 meo

627 2853 872 2924 hospitio
897 2863 952 2910 et
985 2857 1122 2910 meis
1152 2859 1327 2928 signis
1356 2867 1526 2932 atque
1557 2864 1873 2928 virtutibus,
1894 2874 2113 2923 tantum
2135 2871 2231 2924 ha-

628 2942 767 2996 bens
795 2944 1142 3015 privilegium
1169 2949 1476 3017 majoribus
1494 2951 1754 3021 plecteris
1778 2957 2083 3027 suppliciis,
2099 2959 2232 3029 quia

581 3031 584 3035 ’
627 3031 718 3084 his
748 3032 975 3086 credere
1004 3033 1250 3088 noluisti.
1282 3037 1512 3106 Legitur
1540 3056 1784 3112 namque
1813 3045 1961 3114 quod
1988 3046 2233 3116 Caphar-

629 3133 800 3170 naum
824 3119 986 3188 juxta
1014 3127 1274 3190 stagnum
1319 3124 1489 3180 fuerit
1519 3127 1862 3184 Genezareth
1897 3133 1953 3187 in
1997 3134 2226 3189 Galilaza

629 3205 904 3275 gentium,
934 3214 987 3262 et
1011 3209 1064 3264 in
1098 3209 1302 3266 ﬁnibus
1321 3213 1566 3270 Zabulon
1587 3223 1644 3271 et
1662 3218 2020 3290 Nephthalim
2057 3245 2068 3278 :
2097 3223 2229 3278 villa

629 3294 857 3364 quidem
882 3297 1278 3367 pulcherrima,
1313 3301 1408 3355 sed
1432 3310 1705 3374 quantum
1737 3307 1956 3363 videtur
1991 3311 2048 3364 in
2075 3327 2230 3365 com-

628 3383 936 3439 minatione
959 3388 1082 3456 ejus
1109 3389 1420 3445 Jerusalem
1441 3393 1702 3464 culpatur
1729 3397 1876 3466 quod
1909 3415 2004 3452 rea
2032 3399 2232 3467 sit,sic-

629 3478 694 3526 ut
738 3479 793 3526 et
833 3474 966 3529 alibi
999 3477 1068 3530 ad
1094 3493 1218 3530 eam
1248 3479 1472 3546 dicitur,
1507 3483 1638 3553 quia
1662 3485 1971 3554 justiﬁcata
2008 3495 2097 3544 est
2132 3507 2224 3543 so-

627 3577 723 3615 ror
769 3569 869 3616 tua
899 3564 1142 3619 Sodoma
1189 3583 1252 3620 ex
1281 3574 1358 3628 te.
1389 3577 1450 3624 ut
1479 3587 1588 3642 app
1607 3580 1746 3627 treat
1773 3575 1896 3644 ejus
1931 3577 2224 3648 turpitudo

626 3651 974 3719 deliciarum,
1008 3661 1064 3708 et
1091 3655 1278 3711 nimia:
1299 3659 1554 3714 elationis
1575 3661 1854 3733 superbia,
1875 3672 2043 3735 atque
2073 3667 2226 3722 fazdi-

625 3743 713 3794 tas
733 3741 1014 3796 vitiorum.
1047 3744 1206 3799 Unde
1234 3746 1312 3801 ait
1336 3766 1347 3801 :

695 3876 836 3943 Quia
865 3879 916 3929 si
938 3879 1003 3930 in
1030 3877 1276 3934 Sodomis
1301 3882 1458 3948 facta:
1483 3885 1720 3950 fuissent
1749 3889 1978 3940 virtutes
2007 3903 2124 3956 quae
2141 3893 2226 3955 fa-

621 3967 714 4018 cta
741 3969 873 4018 sunt
903 3968 965 4019 in
995 3973 1060 4031 te,
1103 3973 1430 4024 mansissent
1457 3988 1623 4041 usque
1653 3977 1714 4027 in
1743 3975 1892 4028 hunc
1919 3976 2085 4029 diem.
2119 3975 2224 4031 Ubi

619 4051 865 4121 primum
905 4056 1210 4110 notandum
1241 4065 1327 4112 est
1367 4059 1500 4130 quia
1531 4062 1746 4116 scelera
1771 4069 1826 4116 et
1864 4064 2080 4134 ﬂagitia
2121 4065 2224 4119 ho-

621 4139 842 4192 minum
868 4157 1273 4214 nonnunquam
1301 4147 1472 4202 vitam
1519 4150 1779 4204 minuant
1814 4152 2223 4223 impraesentia-

621 4240 748 4278 rum
797 4228 877 4280 Ac
905 4229 950 4280 si
971 4229 1193 4284 dicatur
1219 4233 1288 4287 de
1310 4235 1426 4288 eis:
1457 4237 1503 4289 si
1535 4255 1641 4292 non
1663 4247 1987 4308 peccassent
2010 4249 2068 4296 et
2081 4259 2215 4296 con-

617 4316 710 4366 tra
731 4313 910 4368 Deum
930 4330 1041 4370 non
1069 4320 1332 4388 egissent,
1366 4324 1703 4380 mansissent
1729 4328 1922 4398 utique
1954 4345 2130 4400 usque
2159 4331 2216 4385 in

617 4399 768 4456 hunc
785 4403 954 4468 diem,
987 4408 1197 4462 scilicet
1224 4409 1282 4463 in
1303 4427 1414 4480 quo
1435 4411 1780 4482 loquebatur.
1815 4399 2214 4474 Verumtamen

2307 2037 2436 2074 cum
2467 2019 2654 2079 Patre,
2677 2023 2733 2072 et
2754 2015 3128 2088 respondebat
3153 2013 3394 2070 exterius
3423 2028 3533 2083 qua:
3563 2009 3685 2064 intus
3703 2022 3793 2060 con-

2306 2108 2590 2164 tuebatur.
2614 2107 2773 2162 Unde
2794 2107 2971 2161 Lucas
2997 2119 3010 2153 ε
3042 2107 3110 2160 In
3135 2108 3239 2160 illa
3259 2099 3602 2170 hora,inquit,
3626 2098 3793 2150 exsulta-

2307 2201 2386 2251 cit
2415 2200 2479 2250 in
2493 2195 2710 2265 Spiritu
2739 2201 2925 2249 sancto
2953 2196 3100 2254 (Luc.
3121 2211 3174 2258 x,
3199 2192 3308 2255 21),
3324 2189 3567 2263 quoniam
3591 2187 3684 2288 ipse

2306 2302 2408 2358 per
2435 2301 2562 2339 cum
2587 2285 2702 2339 Deo
2725 2285 2891 2338 Patre
2908 2283 3060 2338 intus
3079 2287 3136 2336 in
3157 2281 3369 2355 Spiritu
3388 2283 3562 2334 sancto
3575 2281 3686 2329 erat.
3702 2273 3798 2326 Nam

2315 2375 2464 2446 quod
2493 2375 2600 2428 iste
2628 2373 2710 2427 ait
2740 2391 2752 2425 :
2805 2375 2872 2428 In
2904 2379 3139 2440 tempore
3185 2373 3304 2435 illo,
3338 2375 3393 2424 et
3435 2369 3592 2458 Lucas
3623 2367 3673 2418 in
3693 2361 3798 2458 boni.3

2314 2481 2491 2518 unum
2507 2468 2610 2517 est.
2639 2462 2747 2516 Sed
2775 2461 2844 2515 de
2873 2477 2984 2532 quo
3003 2466 3258 2532 tempore
3281 2459 3362 2514 vel
3389 2459 3519 2512 hora
3537 2449 3800 2527 dicatur,alii
3874 2495 3875 2500 η

2315 2559 2613 2624 postquam
2641 2550 2994 2622 exprobravit
3019 2549 3276 2604 civitates
3301 2547 3560 2608 dixerunt,
3593 2541 3671 2596 alii
3693 2546 3798 2610 post-

2311 2657 2478 2712 quam
2495 2641 2852 2711 septuaginta
2863 2640 2974 2693 duo
2985 2637 3248 2708 discipuli
3263 2635 3460 2690 reversi
3477 2637 3608 2696 sunt,
3623 2627 3802 2700 gaudcn~
3874 2685 3875 2688 η

2311 2737 2500 2801 tespro
2511 2728 2811 2783 virtutibus
2827 2733 2883 2782 et
2897 2727 3252 2796 signis,unde
3268 2729 3549 2780 monentur
3562 2735 3652 2774 non
3669 2732 3715 2770 se
3736 2714 3807 2767 elc-

2310 2819 2428 2872 vari
2467 2817 2690 2872 debere.
2732 2816 2842 2871 Alii
2873 2832 3000 2870 vero
3039 2815 3096 2870 in
3123 2821 3379 2888 tempore
3411 2819 3465 2867 et
3489 2813 3594 2867 loco
3623 2807 3809 2862 dixerunt

2312 2907 2428 2962 hac
2441 2923 2569 2961 eum
2589 2904 2921 2968 dixisse,ubi
2952 2903 3164 2959 dictum
3191 2910 3312 2958 est:
3347 2903 3442 2958 Hic
3462 2906 3530 2955 est
3551 2899 3809 2952 Filiusmeus

2311 2997 2539 3050 dilectus
2565 2995 2780 3060 (Matth.
2819 3008 2940 3054 xm,
2979 2993 3058 3064 5),
3100 2992 3192 3046 cui
3235 2989 3476 3047 sermoni
3500 3002 3629 3044 nunc
3650 2995 3811 3052 respon-

2313 3085 2450 3139 dere
2479 3083 2700 3138 videtur
2729 3082 2873 3154 quod
2905 3083 3012 3142 ait:
3031 3083 3304 3148 Conﬁteor
3331 3083 3444 3137 tibi.
3473 3078 3672 3134 Domine
3685 3074 3809 3126 Pater.

2248 3160 2386 3228 CAc
2415 3173 2463 3227 si
2493 3173 2736 3227 diceret:
2759 3172 2984 3226 Gratias
3014 3188 3120 3241 ago
3140 3163 3812 3240 tibi,quiaabscondistiasa-

2305 3264 2582 3332 pientibus
2602 3262 2809 3328 saeculi,
2824 3265 2873 3314 et
2890 3263 3144 3315 revelasti
3166 3277 3232 3314 ea
3259 3259 3522 3330 parvulis,
3535 3260 3592 3310 ut
3613 3267 3686 3306 me

2311 3351 2506 3422 ligant,
2532 3357 2589 3406 et
2615 3354 2954 3420 cognoscant
2972 3348 3104 3419 quia
3128 3354 3192 3403 tu
3219 3365 3280 3404 es
3312 3348 3370 3402 in
3399 3362 3503 3410 me,
3518 3349 3567 3435 et
3593 3341 3746 3435 ego‘ia

2311 3446 2368 3494 et
2392 3439 2498 3510 ipsi
2528 3445 2590 3494 ut
2608 3439 2822 3509 gratias
2845 3445 3018 3508 agant
3028 3438 3302 3492 conﬁteor
3321 3444 3376 3491 et
3389 3433 3588 3491 exsulto
3601 3431 3649 3484 in
3666 3427 3816 3496 Spiritu

2305 3534 2517 3584 sancto.
2543 3529 2726 3590 Pater,
2759 3527 3015 3588 Domine,
3048 3525 3254 3598 inquit.
3303 3528 3444 3596 Apte
3485 3523 3680 3606 Patrem

2308 3633 2456 3679 eum,
2491 3617 2585 3687 qui
2606 3615 2764 3680 dixit,
2801 3616 2899 3670 Ilio
2926 3621 3001 3668 est
3024 3615 3199 3668 Filius
3230 3631 3384 3669 meus
3406 3615 3633 3667 dilectus.
3652 3605 3706 3658 Et
3727 3600 3818 3653 [³σῆ

2308 3707 2398 3760 hic
2415 3707 2568 3760 locus
2585 3711 2778 3759 contra
2803 3721 2900 3758 eos
2923 3703 3019 3774 qui
3037 3704 3235 3758 dicunt
3266 3703 3541 3758 Christum
3559 3712 3658 3751 non
3679 3695 3818 3746 natum

2305 3811 2446 3859 esse,
2477 3795 2572 3848 sed
2603 3801 2874 3854 creatum,
2889 3793 3022 3865 quia
3041 3794 3270 3847 Patrem
3293 3809 3418 3847 eum
3437 3793 3598 3844 vocat.
3612 3785 3818 3839 Caeterum

2304 3883 2578 3938 Dominus
2605 3889 2692 3938 est
2715 3883 2839 3937 caeli
2862 3889 2920 3936 et
2945 3889 3130 3948 terrae,
3158 3881 3293 3936 licet
3314 3888 3372 3936 et
3390 3880 3503 3952 ipse
3519 3876 3720 3931 formam
3737 3880 3821 3919 επ·

2305 3973 2360 4027 vi
2387 3971 2681 4042 acceperit.
2707 3972 2837 4026 Ideo
2866 3971 3168 4026 Dominum
3189 3970 3316 4024 σατιί
3345 3969 3495 4033 dicit,
3511 3964 3628 4036 quia
3651 3952 3818 4057 decen

2307 4078 2407 4115 vox
2437 4065 2720 4127 sonuerat,
2755 4067 2812 4116 et
2836 4060 2894 4114 in
2914 4061 3082 4114 terris
3106 4057 3522 4114 monstrabatur
3531 4047 3738 4126 paternis
3752 4043 3819 4096 Dei

2307 4149 2480 4205 Filius
2506 4149 2746 4204 indiciis.
2779 4149 3043 4220 Alioquin
3081 4149 3484 4220 inconsequens
3513 4143 3626 4205 fuit.
3653 4131 3822 4233 Polluct

2298 4239 2385 4293 sui
2406 4255 2471 4293 ac
2499 4238 2620 4292 caeli
2647 4245 2704 4292 et
2727 4245 2891 4293 terrae
2926 4238 3228 4292 Dominum
3266 4238 3350 4290 vel
3389 4241 3594 4308 patrem
3626 4222 3820 4314 similiter

2298 4328 2599 4400 appellare.
2619 4326 2992 4391 Abscondisti,
3024 4327 3230 4398 inquit,
3253 4343 3322 4382 ea
3350 4307 3671 4396 sapientibus
3687 4307 3821 4368 saeculi

2299 4399 2368 4470 de
2395 4434 2484 4471 me
2513 4433 2636 4488 quae
2666 4417 2908 4486 parvulis
2933 4415 3210 4480 revelasti,
3236 4413 3488 4486 aquibus
3503 4399 3822 4481 justi/iectast

619 4490 766 4560 quod
797 4491 890 4555 ait,
916 4493 1075 4560 forte,
1096 4512 1160 4550 ac
1173 4497 1220 4550 si
1250 4497 1556 4554 dubitantis
1582 4500 1925 4565 adverbium,
1948 4521 2055 4559 non
2069 4507 2217 4576 quod
2242 4515 2283 4571 D
2301 4508 2594 4574 sapientia,
2619 4505 2776 4576 quasi
2799 4522 2832 4557 a
2866 4508 3001 4572 ﬁtiis
3027 4507 3144 4558 suis
3173 4505 3480 4570 (Matt/LXI,
3506 4499 3602 4568 19),
3628 4499 3678 4550 et
3700 4502 3784 4544 non
3802 4499 3824 4535 ξι

616 4578 889 4635 Dominus
920 4583 1205 4656 quidpiam
1237 4587 1538 4654 dubitaret,
1579 4591 1674 4644 sed
1716 4602 1780 4646 ut
1807 4592 1964 4648 liberi
2005 4596 2225 4650 arbitrii

617 4667 848 4724 daretur
867 4671 1020 4727 locus
1045 4682 1102 4728 et
1131 4675 1366 4732 facultas
1394 4680 1657 4734 manendi
1682 4681 1729 4735 si
1759 4699 1989 4753 peccare
2017 4684 2224 4739 noluis—

615 4765 760 4824 sent,
795 4777 921 4815 cum
949 4763 1118 4818 ﬁdem
1147 4781 1212 4818 ex
1239 4765 1414 4838 signis
1431 4773 1490 4822 et
1518 4770 1786 4840 prodigiis
1814 4773 2218 4844 suscepissent.

616 4845 762 4900 Nam
791 4849 942 4904 salus
974 4853 1156 4906 omnis
1185 4871 1250 4908 ex
1281 4857 1390 4910 ﬁde
1426 4863 1529 4910 est.
1547 4859 1615 4912 Et
1644 4859 1768 4913 ideo
1795 4860 1891 4914 ubi
1941 4865 2027 4914 tot
2058 4861 2226 4914 mira-

613 4935 740 4990 cula
767 4936 885 4992 visa
907 4948 1056 5006 sunt,
1081 4942 1366 4998 debuisset
1394 4962 1507 5000 non
1543 4947 1722 5002 solum
1751 4956 2041 5018 gestorum
2087 4950 2224 5004 visio

612 5042 810 5080 vocare
846 5029 917 5082 ad
947 5037 1179 5097 metum,
1217 5039 1276 5088 et
1305 5035 1373 5088 ad
1405 5034 1570 5090 ﬁdem
1603 5053 1818 5108 rapere,
1855 5055 2046 5092 verum
2078 5038 2218 5110 ipsa,

611 5114 742 5169 licet
778 5132 812 5169 a
841 5117 1025 5188 longe.
1068 5121 1280 5175 auditio
1309 5122 1565 5178 invitare.
1600 5126 1707 5180 Sed
1737 5126 1986 5180 infelices
2035 5127 2217 5181 Judaei

609 5201 762 5258 inter
787 5222 928 5276 quos
955 5207 1099 5262 facta
1147 5217 1280 5264 sunt
1313 5212 1466 5278 talia,
1511 5219 1568 5268 et
1613 5215 1817 5286 quibus
1863 5215 2225 5287 pronuntiata

610 5300 744 5348 sunt
792 5296 908 5350 haec
949 5297 1172 5360 eximia,
1205 5316 1439 5369 quorum
1494 5302 1815 5359 immanitas
1863 5311 2219 5377 peccatorum

608 5381 756 5447 facit,
783 5391 847 5438 ut
875 5402 984 5439 non
1005 5387 1186 5441 solum
1213 5388 1394 5460 Tyriis
1425 5396 1480 5446 et
1501 5391 1745 5448 Sidoniis
1781 5395 1923 5449 levia
1953 5394 2065 5448 sint
2096 5411 2218 5464 pec-

607 5478 750 5530 cata.
781 5489 971 5528 verum
1001 5476 1171 5530 etiam
1203 5477 1572 5533 Sodomorum
1601 5487 1657 5535 et
1697 5483 2208 5548 Gomorrhaiorum,

609 5562 743 5634 quia
787 5564 931 5618 forte
968 5564 1080 5618 illis
1109 5565 1366 5620 credendi
1415 5568 1615 5622 fuisset
1661 5572 1908 5638 aﬁ'ectus,
1936 5573 1983 5626 si
2013 5572 2212 5626 talium

579 5652 874 5721 .virtutum
915 5655 1311 5728 contemplatio
1339 5657 1684 5728 contigisset.
1730 5661 1801 5720 Et
1839 5662 1988 5733 quod
2037 5678 2218 5732 magis

2305 4594 2532 4660 Judazis,
2557 4593 2652 4665 qui
2665 4593 2968 4648 noluerunt
2993 4593 3258 4664 plangere
3288 4608 3417 4646 cum
3451 4591 3664 4675 Joanne,
3692 4587 3825 4675 ηςίιξιε

2305 4687 2496 4748 530
2518 4683 2726 4737 saltare
2750 4690 2805 4738 et
2827 4682 3076 4753 gaudere
3106 4680 3177 4736 ad
3197 4681 3479 4734 canticum
3500 4674 3598 4731 ﬁlii
3624 4672 3826 4727 hominis.

2309 4771 2415 4825 Sed
2437 4769 2742 4824 humilibus
2763 4777 2820 4824 et
2841 4769 3084 4842 parvulis
3110 4768 3370 4823 revelasti
3399 4761 3658 4854 profunda
3671 4753 3830 4854 inisti

2305 4859 2408 4921 ria,
2433 4875 2557 4928 qua:
2585 4859 2932 4930 sapientibus
2962 4865 3020 4912 et
3036 4857 3246 4914 Scribis
3262 4851 3613 4911 abscondisti.
3627 4847 3830 4935 Alioquin

2306 4947 2413 5002 nisi
2436 4948 2516 5002 eis
2545 4947 2870 5003 abscondita
2907 4954 3094 5004 essent
3117 4948 3188 5003 de
3215 4947 3460 5011 Christo,
3505 4949 3754 5009 nunquam
3767 4939 3833 5022 sic

2306 5036 2680 5092 aberrassent.
2715 5037 2938 5092 Parvuli
2969 5043 3160 5092 autem
3189 5031 3545 5108 apostoli,vel
3566 5037 3735 5084 omnes

2307 5126 2475 5198 cipuli
2497 5126 2706 5181 Christi
2723 5127 2850 5181 ideo
2871 5132 3158 5186 vocantur,
3175 5125 3304 5198 quia
3333 5141 3369 5180 a
3388 5119 3598 5178 malitia
3613 5116 3727 5170 sunt
3739 5105 3834 5160 alii?

2305 5215 2390 5282 ni;
2429 5215 2514 5270 vel
2543 5215 2678 5289 quia
2725 5214 2966 5270 humiles
2994 5220 3158 5268 erant
3189 5220 3248 5270 et
3275 5215 3610 5301 innocentes.

2303 5305 2471 5360 etiam
2504 5283 2755 5360 et'rudes
2784 5303 2842 5358 in
2861 5303 3159 5374 sapientia,
3175 5307 3451 5374 quatenus
3477 5299 3544 5352 de
3563 5311 3619 5348 se
3639 5283 3836 5374 nihil

2299 5393 2516 5457 herent,
2554 5393 2650 5447 sed
2689 5399 2872 5447 totum
2917 5373 3064 5464 quod
3099 5399 3222 5445 erat
3251 5390 3308 5445 in
3345 5388 3446 5451 eis,
3480 5400 3543 5440 ex
3579 5383 3682 5438 Deo
3706 5373 3832 5429 esset.

2299 5482 2440 5536 Hine
2466 5499 2686 5554 quoque
2706 5481 3046 5536 blandientis
3065 5480 3266 5534 affectu
3291 5472 3616 5563 loquiturad
3635 5470 3834 5563 Patrem,

2296 5588 2362 5626 eo
2375 5551 2519 5642 quod
2536 5551 2815 5625 ineffabile
2832 5574 3246 5624 sacramentum
3265 5555 3534 5638 apostolis
3540 5551 3834 5651 reseravt‘l‘li:

2299 5665 2358 5714 et
2385 5638 2456 5722 de
2477 5677 2536 5714 se
2562 5658 3050 5740 praesumentibus,
3084 5658 3232 5714 male
3264 5657 3460 5712 inanes
3487 5641 3766 5719 reliquerit,
3790 5638 3837 5698 ul
