3918 6176
141 276 218 335 449

826 263 1208 320 EXPOSITIO
1248 263 1328 319 IN
1365 256 1811 318 MATTHEUM.
1845 287 1911 298 —
1936 258 2073 314 LIB.
2118 259 2411 327 V1,.CAP.
2452 264 2547 319 XI.

3221 269 3328 327 450

139 399 343 456 universa
366 391 740 464 compleantur
765 394 947 462 ccepta
986 390 1046 445 in
1074 388 1340 461 apostolis
1383 382 1727 445 beneﬁciaA
1746 383 1903 442 Unde
1933 388 2316 459 quaerendum,
2348 390 2397 444 si
2417 390 2664 462 idipsum
2686 392 2813 447 sita
2832 393 2972 448 Filio
2992 396 3241 466 accipere
3270 404 3329 453 et

139 487 331 562 pietatis.
362 481 612 554 Sequitur
636 500 648 534 :

193 577 358 632 Omnia
386 573 517 625 mila“
547 571 755 623 tradita
783 574 913 623 sunt
931 585 964 622 (ι
990 571 1149 623 Patre
1179 585 1311 621 meo.
1340 568 1407 621 Et
1434 567 1661 621 traien-

141 673 225 721 tem
248 666 441 718 Patrem
459 666 511 714 et
539 658 900 729 accipientem
916 657 1138 723 Filium,
1190 658 1381 719 lector,
1403 656 1658 726 ~mystice

140 755 298 824 accipe.
316 748 579 820 Alioquin,
602 748 649 802 si
658 749 819 817 juxta
861 746 1218 816 fragilitatem
1250 751 1500 799 nostram
1539 760 1662 797 sen-

140 844 220 896 tire
242 837 566 900 voluerimus,
596 853 720 890 cum
753 835 982 905 caeperit
1014 851 1113 905 pro
1142 840 1295 888 certo
1324 832 1530 887 habere
1563 830 1660 902 qui

138 930 307 1000 accipit,
336 926 514 997 incipit
540 941 650 979 non
682 925 888 979 habere
928 923 1022 993 qui
1052 923 1293 981 dederit.
1334 922 1541 975 Verum
1591 936 1661 973 ne

140 1018 240 1089 quid
268 1017 314 1070 in
341 1014 548 1070 Christo
573 1013 759 1067 minus
789 1012 1141 1066 existimares
1166 1027 1333 1082 quam
1365 1010 1422 1063 in
1470 1009 1656 1071 Patre,

136 1107 236 1177 quia
248 1102 553 1158 blandientis
566 1102 767 1156 alfectu
787 1118 846 1155 se
865 1100 1219 1163 submiserat,
1239 1099 1337 1163 ait,
1358 1096 1662 1152 omniasibi

137 1212 162 1247 τι
178 1196 311 1248 Patre
334 1192 530 1245 tradita
558 1207 699 1245 esse.
722 1189 998 1253 Quoniam
1017 1190 1164 1243 sicut
1181 1189 1251 1242 ad
1291 1188 1513 1241 Patrem
1547 1186 1663 1256 ipse

135 1284 221 1337 ait:
242 1284 416 1337 Omnia
448 1297 563 1333 mea
595 1285 692 1333 tua
719 1285 872 1339 sunt,
904 1284 950 1332 et
984 1283 1079 1331 tua
1112 1295 1229 1331 mea
1244 1277 1399 1341 (Luc.
1439 1290 1526 1339 xv,
1553 1274 1659 1343 3|),

135 1371 330 1426 ostendit
352 1386 511 1424 unam
541 1374 805 1422 naturam
831 1367 1068 1422 Deitatis
1090 1382 1373 1437 unamque
1399 1364 1664 1417 divinita-

134 1468 252 1515 tem:
282 1460 351 1513 ita
372 1465 424 1512 et
452 1459 507 1511 in
533 1475 622 1516 eo,
651 1458 785 1510 dum
807 1456 910 1510 soli
936 1473 996 1509 se
1020 1455 1173 1509 Patri
1196 1454 1480 1525 cognitum
1507 1453 1659 1518 dicit,

135 1551 411 1618 Patremque
437 1547 539 1601 soli
567 1546 675 1600 sibi
704 1553 921 1603 notum.
950 1545 1036 1599 vel
1062 1544 1150 1598 cui
1181 1561 1240 1598 se
1271 1544 1388 1614 ipse
1419 1543 1665 1596 revelare

134 1638 336 1691 voluerit.
358 1637 417 1691 In
433 1653 542 1707 qua
555 1651 693 1689 sane
715 1633 1073 1702 revelatione,
1099 1632 1352 1686 eamdem
1377 1631 1665 1700 utriusque

1739 493 1773 530 a
1801 478 1966 531 Patre
1996 480 2337 549 procedere?
2365 480 2509 550 quod
2543 481 2782 551 idipsum
2804 488 2973 554 atque
3003 500 3176 539 unum
3206 504 3327 541 esse

1741 566 1978 629 videtur,
2008 584 2042 620 a
2072 568 2234 621 Patre
2257 569 2553 638 procedere
2574 575 2631 623 et
2650 588 2681 623 a
2705 571 2862 635 Filio,
2895 578 3064 644 atque
3077 574 3329 646 accipere

1741 671 1773 707 a
1799 655 1937 708 Filio
1966 656 2110 710 sicut
2130 663 2231 710 eta
2261 658 2425 711 Patre
2450 677 2462 723 ;
2498 658 2628 728 quia
2659 660 2799 714 dixit
2825 662 2895 714 de
2924 678 3048 717 meo
3078 663 3170 717 ille
3189 664 3334 718 acci-

1741 743 1876 813 piet,
1911 750 1967 797 et
1986 746 2175 799 omnia
2204 763 2546 817 quaecunque
2574 748 2743 802 habet
2790 751 2956 804 Pater
3001 769 3127 806 mea
3170 759 3324 820 sunt,

1742 838 2035 903 propterea
2067 833 2197 893 dixi,
2228 836 2359 905 quia
2378 836 2446 889 de
2462 854 2584 891 meo
2605 838 2697 892 ille
2733 839 2983 909 accipiet.
3042 842 3158 895 Hoc
3195 858 3328 913 ergo

1744 920 1888 990 quod
1912 921 2065 981 dicit,
2093 922 2345 992 accipiet.
2378 924 2493 978 sive
2534 932 2781 995 potestas
2823 927 2912 992 sit,
2965 928 3080 982 sive
3128 929 3328 992 virtus,

1743 1009 1859 1062 sive
1887 1008 2159 1073 doctrina,
2189 1012 2303 1065 sive
2328 1013 2478 1066 aliud
2502 1014 2711 1084 aliquid
2731 1017 2877 1085 quod
2893 1018 3333 1073 annuntiaturus

1745 1102 1868 1150 erat
1894 1098 1975 1151 eis
2005 1098 2195 1164 Filius,
2213 1115 2246 1152 a
2269 1116 2329 1153 se
2356 1102 2739 1171 accipiendum
2755 1104 2889 1158 dicit
2915 1124 2928 1171 ;
2954 1107 3125 1161 ethoc
3146 1107 3334 1177 ipsum

1746 1186 1972 1239 omnino
1984 1187 2052 1240 de
2068 1188 2232 1241 Patre
2250 1189 2630 1259 accipiendum
2655 1209 2775 1246 esse
2795 1194 3144 1263 significavit,
3168 1213 3203 1249 a
3222 1212 3333 1267 quo

1745 1276 2014 1345 procedit.
2040 1277 2178 1330 Cum
2203 1278 2352 1331 enim
2375 1279 2455 1332 ait
2479 1297 2489 1331 :
2524 1280 2724 1335 Omnia
2755 1284 2963 1336 tradita
2983 1289 3113 1337 sunt
3136 1286 3277 1338 mihi
3296 1302 3333 1337 ιι

1747 1367 1907 1418 Patre
1934 1382 2067 1429 meo,
2094 1365 2342 1420 insinuat
2365 1368 2511 1438 quod
2534 1370 2857 1440 omniaquae
2883 1371 3065 1426 Patris
3082 1379 3214 1427 sunt
3233 1390 3338 1427 sua

1747 1458 1896 1507 sunt.
1940 1454 2009 1507 Et
2036 1454 2162 1507 ideo
2179 1472 2299 1524 quae
2327 1472 2359 1509 a
2394 1457 2557 1510 Patre
2587 1457 2909 1527 accipienda
2922 1466 3071 1515 sunt.
3093 1461 3264 1515 etiam
3302 1478 3338 1515 a

1746 1555 1805 1591 se
1827 1541 2018 1611 accipi,
2048 1542 2179 1611 quia
2199 1545 2387 1597 omnia
2415 1562 2537 1615 quze
2559 1547 2740 1600 Patris
2770 1555 2901 1601 sunt
2918 1564 3020 1601 sua
3036 1554 3187 1612 sunt,
3204 1550 3335 1620 quia

1748 1627 1851 1680 sibi
1873 1646 1904 1681 a
1926 1630 2112 1693 Patre,
2131 1648 2197 1685 eo
2223 1634 2366 1703 quod
2382 1634 2451 1687 ab
2474 1636 2824 1705 ipsogenitus
2845 1643 2947 1697 est,
2964 1638 3172 1692 tradita
3183 1644 3337 1695 sunt.

135 1728 375 1780 immutata
398 1696 500 1779 sibi
528 1725 603 1778 ad
634 1724 865 1777 invicem
910 1697 1242 1792 cognitione,
1294 1696 1729 1775 substantiamB
1749 1720 1871 1772 Non
1903 1719 2071 1772 habet
2094 1696 2266 1790 igitur
2293 1730 2481 1787 5:32
2498 1696 2813 1779 haedunitas
2830 1726 3341 1793 diversitatem,nec

136 1832 226 1869 esse
241 1815 397 1868 docet.
428 1815 499 1869 Ut
520 1812 619 1884 qui
642 1813 841 1866 Filium
858 1810 1176 1881 cognoverit
1202 1811 1425 1863 Patrem
1446 1826 1667 1879 quoque

135 1910 375 1974 cognoscat
401 1903 455 1957 in
485 1902 649 1967 Filio,
682 1902 815 1972 quia
838 1901 1029 1955 omnia
1052 1900 1102 1954 ei
1130 1916 1164 1953 a
1204 1900 1367 1953 Patre
1398 1905 1531 1951 sunt
1557 1904 1670 1951 tra-

136 1993 239 2055 dita,
254 2009 364 2046 cum
380 1992 606 2063 genitus
628 2007 693 2045 ex
713 2007 778 2045 eo
794 1996 880 2044 est
898 1988 1388 2044 consubstantialis
1410 1988 1581 2041 Filius
1610 1987 1669 2040 in

137 2098 217 2151 quo
236 2087 309 2135 est
341 2081 470 2151 ipse.
510 2082 700 2150 Atque
744 2079 824 2133 ita
868 2079 927 2133 in
971 2079 1075 2133 hoc
1101 2084 1309 2132 mutuae
1336 2076 1671 2147 cognitionis

140 2178 321 2230 secreto,
350 2169 681 2239 intelligitur
709 2167 767 2221 in
808 2167 949 2222 Filio
995 2183 1105 2220 non
1144 2166 1297 2220 aliud
1335 2182 1454 2219 esse
1501 2181 1670 2235 quam

140 2258 250 2326 quod
276 2258 326 2311 in
340 2258 497 2312 Patre
518 2263 612 2312 est
634 2275 647 2322 ;
673 2256 804 2326 quia
822 2256 942 2326 ipse
963 2256 1130 2310 Pater
1148 2255 1205 2308 in
1227 2254 1372 2308 Filio
1404 2261 1507 2311 est,
1530 2254 1675 2307 sicut

141 2352 181 2397 et
200 2346 342 2400 Filius
365 2347 418 2400 in
446 2348 635 2400 Patre.
659 2346 728 2399 Et
750 2362 871 2415 quae
894 2344 1075 2398 Patris
1095 2350 1229 2398 sunt
1253 2343 1444 2397 omnia
1476 2342 1525 2395 ei
1556 2348 1674 2395 tra-

139 2433 228 2488 dita
249 2442 379 2499 sunt,
418 2453 541 2490 cum
574 2434 856 2488 nascendo
878 2434 1031 2487 Patri
1054 2433 1224 2487 Filius
1244 2438 1584 2503 exaequetur.
1614 2438 1677 2484 ut

140 2522 193 2575 sit
210 2523 251 2576 ei
273 2524 481 2595 aequalis
510 2541 618 2595 per
645 2523 854 2587 omnia,
903 2529 1124 2584 natura,
1156 2522 1386 2584 honore,
1421 2536 1485 2573 ac
1515 2526 1678 2590 pote-

140 2618 262 2666 state.
277 2613 619 2684 Quapropter
636 2628 770 2681 rogo
784 2627 892 2665 non
907 2610 1211 2664 secundum
1227 2609 1542 2680 corporales
1564 2625 1674 2660 mo-

140 2699 227 2765 dos,
246 2701 413 2765 lector,
437 2703 655 2756 dictum
675 2700 958 2754 existimes
971 2700 1172 2753 Filium
1204 2698 1385 2752 inesse.
1413 2698 1469 2751 in
1488 2698 1672 2762 Patre,

140 2788 200 2842 vel
223 2788 416 2845 Patrem
438 2791 496 2845 in
511 2790 689 2855 Filio;
715 2806 785 2843 ne
805 2789 961 2859 quasi
979 2789 1096 2842 loco
1118 2789 1264 2842 Deus
1278 2802 1527 2849 manens,
1548 2802 1677 2839 nus-

139 2894 268 2947 quam
292 2879 410 2933 alibi
440 2886 666 2934 exstare
693 2878 949 2931 videatur
970 2894 1005 2930 a
1040 2893 1181 2941 sese,
1205 2876 1545 2939 sicuthomo,
1578 2880 1679 2928 aut

1749 1808 1933 1861 ditTert
1962 1825 1993 1861 a
2025 1826 2134 1879 quo
2163 1816 2451 1880 acceptum
2481 1812 2571 1865 sit.
2604 1813 2749 1876 Quia
2774 1814 2921 1884 quod
2967 1816 3160 1869 datum
3190 1821 3277 1871 est
3303 1831 3340 1870 α

1750 1897 1936 1951 Patre.
1955 1915 1988 1950 a
2006 1898 2170 1951 Patre
2190 1904 2294 1963 est,
2313 1899 2619 1970 datumque
2641 1902 2882 1955 refertur
2903 1909 2959 1956 et
2978 1920 3012 1956 a
3033 1904 3189 1959 Filio.
3207 1906 3343 1975 quia

1751 1985 1941 2039 omnia
1962 2003 2084 2056 quae
2115 1986 2282 2040 habet
2312 1987 2495 2054 Pater,
2530 1989 2696 2043 habet
2726 1991 2916 2057 Filius,
2958 1992 3090 2062 quia
3118 1982 3342 2047 'tradita

1753 2081 1887 2128 sunt
1914 2075 1963 2128 ei
1995 2077 2202 2129 omnia.
2239 2076 2379 2130 Ilinc
2408 2077 2582 2146 igitur
2626 2086 2793 2159 patet.
2818 2081 2951 2149 quia
2988 2098 3153 2135 nemo
3191 2087 3342 2136 recte

1754 2162 1950 2217 dividit
1979 2171 2235 2218 naturam
2270 2166 2451 2219 Patris
2474 2183 2509 2220 a
2538 2168 2695 2229 Filio,
2739 2185 2900 2222 nemo
2940 2170 3208 2224 catholica
3225 2170 3340 2225 dis-

1755 2260 1907 2306 secat
1934 2254 2077 2307 hanc
2107 2254 2402 2319 unitatem,
2438 2272 2618 2327 neque
2646 2257 2814 2311 infert
2853 2259 2909 2312 in
2940 2259 3056 2312 ullo
3095 2259 3344 2329 aliquam

1756 2341 2289 2401 dissimilitudinem.
2316 2361 2415 2414 per
2443 2362 2610 2415 quam
2643 2347 2815 2401 Filius
2837 2364 2946 2401 non
2961 2348 3036 2401 sit
3052 2347 3110 2401 in
3131 2348 3350 2403 unitate

1757 2437 1971 2484 naturae
1993 2449 2231 2501 quorum
2252 2440 2335 2486 est
2357 2434 2596 2504 Spiritus
2616 2441 2862 2500 sanctus,
2882 2437 3344 2504 unacommunio,

1758 2536 1868 2572 una
1883 2521 2127 2573 charitas
2141 2522 2432 2582 naturalis.
2449 2530 2617 2593 atque
2630 2524 2814 2578 unitas
2825 2525 3340 2581 consubstantialis.

1758 2608 1968 2662 Idcirco
1991 2610 2246 2663 universa
2270 2628 2391 2681 qua)
2411 2612 2593 2665 Patris
2622 2618 2772 2675 sunt,
2800 2612 3058 2667 similiter
3073 2631 3138 2668 ea
3150 2621 3206 2668 et
3222 2614 3346 2669 Filii

1759 2704 1908 2760 sunt,
1929 2698 2059 2768 quia
2083 2699 2131 2751 ei
2153 2716 2187 2752 a
2208 2700 2372 2752 Patre
2392 2700 2579 2753 omnia
2602 2701 2807 2754 tradita
2827 2708 2973 2755 sunt.
2994 2703 3196 2756 Etideo
3213 2720 3348 2773 pru-

1759 2786 1976 2850 denter,
1996 2793 2060 2840 ut
2078 2787 2207 2847 dixi,
2228 2788 2684 2857 distinguendum
2707 2797 2812 2852 est,
2844 2796 2907 2843 ut
2946 2790 3127 2845 dicas:
3168 2793 3345 2858 Con/i-

1761 2881 1874 2929 tcor
1895 2877 2013 2933 tibi.
2050 2879 2225 2939 Pater,
2258 2876 2457 2930 deinde
2488 2878 2728 2932 inferas:
2765 2880 2989 2932 Domine
3020 2883 3138 2934 σωιί
3163 2885 3209 2933 et
3243 2886 3347 2933 ter-

138 2964 253 3019 aliud
266 2967 456 3038 aliquid
469 2969 521 3022 ei
542 2967 732 3021 simile
755 2985 769 3033 ;
794 2982 921 3020 cum
952 2965 1156 3019 alicubi
1188 2971 1289 3022 est.
1323 2964 1455 3018 alibi
1486 2970 1677 3017 tamen
1703 3028 1740 3038 ﬂ
1760 2980 1867 3030 rm;
1892 2965 2023 3035 quia
2041 2971 2126 3019 est
2150 2971 2515 3036 pet-naturam
2538 2968 2722 3033 Pater,
2746 2968 3073 3022 cmliautem
3086 2985 3149 3023 ac
3162 2973 3345 3035 terra),

137 3057 318 3112 omnino
341 3028 447 3112 non
477 3063 586 3113 est.
630 3056 774 3120 Quia
802 3056 857 3109 id
888 3055 1038 3125 quod
1076 3058 1181 3119 est,
1215 3053 1328 3107 illic
1357 3053 1678 3107 continetur
1697 3028 1741 3088 ο
1762 3053 2032 3108 Dominus
2062 3071 2126 3109 ac
2145 3060 2378 3108 creator.
2406 3056 2471 3109 Et
2492 3056 2607 3110 haec
2638 3063 2770 3110 sunt
2789 3074 2912 3127 qua}
2944 3058 3188 3112 revelata
3216 3067 3349 3113 sunt

137 3142 207 3197 ubi
228 3150 378 3212 53]
409 3152 493 3201 est
515 3166 529 3212 ;
555 3147 712 3200 Deus
736 3150 924 3199 autem
946 3143 1232 3197 immensae
1252 3141 1473 3196 virtutis
1503 3147 1589 3195 est
1604 3141 1680 3194 vi-

134 3248 235 3287 vens
257 3234 464 3306 ubique,
508 3240 767 3306 potestas
808 3250 930 3311 quae
959 3248 1237 3302 nusquam
1281 3237 1339 3285 et
1388 3247 1677 3301 nunquam

137 3319 274 3388 abest,
299 3324 383 3395 qui
414 3331 565 3378 totus
588 3324 649 3377 in
679 3324 845 3376 Patre
884 3321 1077 3385 Filius,
1110 3326 1168 3374 et
1198 3320 1366 3374 Pater
1413 3318 1471 3372 in
1518 3320 1677 3382 Filio,

136 3425 249 3464 unus
271 3419 320 3466 et
340 3429 499 3467 verus
529 3414 686 3467 Deus
715 3416 802 3464 est
842 3412 921 3464 Ac
938 3427 1037 3481 per
1050 3410 1157 3463 hoc
1184 3408 1357 3463 Filius
1383 3424 1508 3462 cum
1524 3407 1675 3461 dicit:

140 3499 294 3553 Omm‘a
316 3504 448 3556 mihi
458 3503 676 3555 tradita
695 3505 874 3553 sunta
891 3502 1052 3553 Patre
1082 3515 1214 3561 meo,
1245 3503 1444 3551 etcum
1467 3496 1683 3566 aitipse

137 3586 188 3639 ad
212 3589 404 3644 Patrem
434 3610 445 3643 :
478 3592 689 3646 Omnia
714 3605 832 3642 mea
859 3594 955 3641 tua
984 3592 1136 3651 sunt,
1168 3591 1214 3640 et
1248 3591 1346 3639 tua
1378 3602 1514 3646 mea,
1538 3585 1683 3655 seip-

140 3691 231 3729 sum
247 3684 296 3731 et
305 3680 517 3734 Patrem
530 3680 906 3733 demonstrat.
924 3675 1069 3739 Quia
1081 3692 1203 3735 sua,
1220 3692 1329 3728 non
1346 3674 1497 3728 aliud
1511 3690 1681 3743 quam

139 3779 294 3820 seesse
312 3785 343 3821 a
366 3769 528 3822 Patre
544 3766 806 3838 genitum
827 3764 1126 3833 signiﬁcat,
1142 3769 1205 3817 ut
1233 3762 1326 3817 ubi
1348 3779 1450 3817 sua
1466 3762 1677 3827 insunt,

142 3851 229 3921 ipse
252 3873 357 3910 esse
384 3864 529 3912 recte
555 3855 927 3924 intelligatur.
950 3854 1073 3907 Non
1100 3852 1376 3923 corporali
1404 3851 1681 3922 siquidem

141 3943 284 4009 modo,
312 3947 463 4016 quasi
488 3944 703 4000 alicubi
725 3960 833 3997 non
856 3942 949 4006 sit,
982 3948 1039 3996 et
1064 3958 1174 3995 non
1200 3940 1406 4011 ubique
1427 3958 1549 3995 esse
1569 3956 1685 3993 cre-

141 4028 285 4097 datur,
312 4052 429 4088 cum
461 4053 564 4107 per
594 4050 720 4098 sua,
761 4038 817 4086 et
854 4049 954 4103 per
981 4048 1048 4085 ea
1072 4048 1195 4102 quze
1237 4030 1444 4084 tradita
1490 4036 1624 4084 sunt
1652 4047 1685 4083 ξι

144 4115 286 4187 Patre,
314 4122 366 4177 in
393 4123 663 4178 omnibus
692 4139 813 4175 esse
849 4138 960 4175 non
1004 4120 1243 4184 desinat,
1292 4119 1387 4190 qui
1424 4124 1576 4173 totus
1626 4119 1685 4172 in

142 4205 270 4263 Patre
292 4218 391 4269 est.
421 4215 500 4267 Ac
522 4230 631 4284 per
652 4212 757 4265 hoc
780 4210 917 4281 ipse,
943 4215 1007 4263 ut
1025 4209 1237 4263 dictum
1270 4214 1374 4269 est,
1397 4225 1510 4262 non
1536 4208 1687 4261 aliud

143 4302 219 4361 cst,
245 4315 395 4369 quam
426 4302 575 4373 quod
603 4306 692 4354 est
712 4299 829 4370 ipse
851 4315 973 4369 quze
995 4315 1097 4352 sua
1117 4303 1268 4361 sunt,
1310 4297 1575 4368 quoniam
1619 4296 1689 4350 ad

1760 3142 2026 3211 parvulis,
2061 3148 2119 3196 et
2145 3142 2470 3197 abscondita
2500 3145 2845 3215 sapientibus
2871 3145 3076 3207 szeculi,
3110 3145 3245 3217 quia
3269 3145 3349 3200 sic

1759 3230 1865 3283 fuit
1892 3231 2163 3301 placitum
2194 3232 2309 3285 Deo
2340 3232 2512 3286 Patri.
2546 3234 2982 3305 Hzecpropterea
3009 3234 3345 3298 dixerim,ut

1762 3319 2007 3389 prudens
2035 3320 2277 3385 animus,
2309 3338 2531 3392 semper
2558 3339 2671 3377 una
2699 3339 2824 3376 cum
2866 3324 3133 3394 apostolis
3161 3324 3233 3377 ad
3283 3340 3351 3377 ea

1763 3424 1885 3477 qua:
1911 3408 2097 3462 divina
2127 3416 2259 3463 sunt
2288 3410 2493 3463 sensim
2512 3411 2761 3465 intentus
2782 3412 3172 3466 introducatur
3208 3412 3353 3477 Quia

1764 3512 1929 3549 nemo
1956 3505 2103 3550 recte
2129 3498 2282 3551 novit
2305 3499 2372 3552 de
2390 3500 2555 3553 Patre
2577 3501 2850 3568 autFilio,
2870 3518 2991 3571 quae
3005 3518 3167 3555 nosse
3196 3518 3357 3572 opor-

1763 3590 1863 3649 tet,
1888 3585 1993 3638 nisi
2024 3591 2115 3639 cm‘
2139 3590 2371 3639 voluerit
2393 3590 2565 3640 Filius
2584 3593 2838 3642 revelare.
2875 3590 3066 3660 Neque
3087 3590 3237 3643 enim
3256 3590 3356 3643 ali-

1764 3673 1889 3744 quis
1918 3674 2061 3727 scire
2083 3681 2268 3744 potest
2288 3676 2531 3738 Patrem,
2556 3677 2651 3747 qui
2682 3678 2858 3731 nescit
2886 3678 3108 3742 Filium,
3149 3678 3228 3731 sic
3250 3695 3353 3731 nec

1764 3762 1987 3825 Filium,
2012 3762 2106 3831 qui
2136 3762 2312 3816 nescit
2339 3765 2577 3817 Patrem.
2603 3765 2746 3828 Quia
2775 3782 2939 3819 nemo
2967 3767 3204 3819 alterum
3235 3766 3356 3819 sine

1765 3851 1942 3904 altero
1974 3857 2156 3921 potest
2176 3852 2317 3905 scire
2358 3853 2426 3907 Et
2443 3853 2567 3906 ideo
2608 3854 2689 3907 ait
2707 3854 2778 3907 ad
2828 3853 3053 3907 Patrem
3082 3873 3094 3908 :
3127 3856 3246 3908 llaec
3278 3859 3353 3907 est

1766 3944 1880 3994 vita
1900 3945 2103 3993 aztcrna
2134 3946 2193 3993 ut
2218 3947 2535 4005 cognoscant
2563 3947 2609 3993 te
2641 3946 2820 3996 solum
2846 3959 3037 3996 reruni
3075 3945 3263 4004 Deum,
3304 3946 3354 3994 et

1767 4047 1920 4098 quem
1942 4033 2141 4083 misisti
2159 4032 2343 4084 .lcsmn
2366 4032 2643 4085 Christum
2672 4033 2849 4097 (Joan.
2880 4046 3011 4095 xvn,
3032 4030 3107 4099 3).
3132 4031 3360 4084 Dixerat

1770 4118 1918 4171 enim
1949 4136 2119 4189 supra
2134 4120 2250 4188 jam
2278 4119 2457 4179 Pater,
2476 4120 2723 4173 clamans
2741 4120 2811 4173 de
2835 4121 2973 4173 cmlo
2996 4138 3008 4173 :
3036 4121 3133 4173 llic
3160 4125 3234 4173 est
3264 4120 3357 4172 Fi-

1774 4211 1883 4261 lius
1912 4225 2078 4261 meus.
2112 4208 2257 4262 Dicit
2284 4215 2341 4261 et
2370 4209 2458 4263 hic
2485 4210 2692 4263 Filius:
2737 4212 3004 4276 Conﬁteor
3045 4211 3148 4262 tibi
3174 4211 3352 4263 Pater.

1773 4296 1949 4359 Quem
1978 4313 2111 4366 ergo
2138 4313 2300 4351 suum
2336 4298 2537 4351 Filium
2558 4298 2626 4352 de
2646 4298 2784 4351 coelo
2802 4299 2969 4352 Pater
2987 4298 3212 4362 clamat,
3237 4296 3357 4367 ipse

142 4393 311 4442 natura:
322 4407 429 4445 sua:
446 4388 880 4459 intelligentiam
896 4388 1014 4441 haec
1025 4386 1516 4441 omniareferenda
1531 4390 1681 4440 sunt.
1703 4380 1753 4440 D
1772 4386 1941 4439 Filius
1961 4386 2218 4439 eumdem
2236 4387 2457 4440 Patrem
2478 4404 2644 4442 suum
2669 4404 2790 4441 esse
2802 4388 3118 4443 conﬁtetur.
3136 4387 3363 4440 Patrem

142 4470 391 4532 L'ndecum
411 4478 719 4550 Apostolus
733 4476 866 4530 alibi
904 4476 974 4530 de
1004 4475 1218 4547 Spiritu
1261 4481 1455 4529 sancto
1494 4475 1688 4545 loque-

141 4572 277 4629 retur,
304 4568 379 4621 ait
407 4571 588 4637 tJoan.
614 4580 724 4630 xvt,
754 4565 834 4630 1'2,
870 4566 965 4632 l5):
985 4566 1177 4619 Adhuc
1205 4568 1385 4623 multa
1405 4565 1569 4617 habeo
1601 4580 1689 4617 vo-

144 4650 202 4703 bis
245 4655 423 4723 dicere,
456 4659 550 4710 sed
577 4672 693 4710 non
715 4656 935 4723 potestis
965 4657 1066 4708 illa
1096 4658 1319 4722 portare
1348 4654 1522 4707 modo.
1552 4652 1689 4707 Cum

141 4747 287 4796 autem
310 4749 511 4799 renerit
537 4743 894 4810 itteSpiritus
916 4744 1186 4798 veritatis.
1212 4745 1324 4807 itte,
1339 4741 1547 4812 diriget
1572 4758 1687 4806 vos,

144 4842 219 4881 seu
242 4833 423 4887 docebit
444 4851 534 4888 cos
560 4849 781 4887 onmem
807 4834 1111 4885 ceritatem.
1141 4831 1263 4885 Non
1291 4834 1462 4896 enim,
1481 4830 1580 4896 ait,
1612 4832 1692 4883 to-

143 4925 301 4981 quctur
315 4939 350 4975 a
369 4926 675 4991 semetipso,
692 4923 783 4975 sed
798 4936 1133 4990 quaecunque
1148 4921 1393 4973 audierit
1418 4923 1692 4988 loquetur,

145 5009 179 5054 ει
200 5023 299 5075 qua
318 5016 551 5065 ventura
579 5014 713 5064 sunt
732 5009 1097 5063 annuntiabit
1125 5010 1289 5061 vobis.
1316 5010 1411 5062 Itte
1425 5025 1506 5061 me
1525 5007 1698 5062 hono-

146 5092 357 5167 xiticabit,
387 5101 471 5154 vel
502 5100 655 5154 sicut
680 5086 776 5152 alii
806 5097 1024 5151 codices
1065 5095 1291 5163 habent,
1343 5100 1689 5165 clariﬁcabit,

147 5187 309 5246 quinae
333 5205 442 5242 meo
460 5191 699 5256 accipiet
741 5186 954 5241 Deinde
972 5185 1189 5239 intulit:
1219 5187 1421 5241 Omnia
1440 5203 1696 5255 quaecun-

148 5288 222 5336 que
232 5273 367 5331 habet
382 5280 551 5332 Pater
576 5292 698 5330 mea
718 5280 867 5339 sunt,
887 5281 933 5328 et
947 5280 1233 5344 propterea
1253 5276 1377 5329 dixi
1396 5277 1541 5329 vobis
1551 5276 1697 5344 quod

149 5360 193 5411 ἀι
214 5379 310 5418 meo
332 5369 585 5435 accipiet,
617 5370 664 5418 et
691 5366 1059 5419 annuntiabit
1084 5364 1251 5418 vobis.
1281 5365 1332 5417 A
1359 5363 1500 5418 Filio
1521 5363 1697 5435 igitur

148 5449 307 5522 accipit
332 5454 581 5526 Spiritus
609 5457 852 5517 sanctus.
876 5451 1008 5525 quia
1033 5452 1157 5523 ejus
1181 5457 1315 5507 sunt
1358 5452 1543 5506 omnia
1574 5468 1696 5523 quae

150 5533 291 5596 Patris
306 5550 453 5611 sunt,
475 5548 538 5597 et
556 5558 597 5597 a
623 5541 758 5596 Filio
778 5540 1042 5608 mittitur,
1067 5541 1164 5623 qui
1178 5556 1216 5595 a
1241 5541 1408 5596 Patre
1424 5540 1694 5614 procedit.

1771 4481 1828 4528 et
1851 4474 2117 4529 insinuat.
2152 4476 2259 4529 Sed
2292 4493 2361 4529 ne
2389 4477 2507 4530 sola
2536 4477 2769 4547 simplex
2793 4475 3360 4544 confessiointelliga-

1771 4569 1865 4617 tur
1878 4564 2168 4618 nominum
2188 4583 2199 4618 :
2220 4566 2321 4618 llic
2336 4571 2410 4618 est
2426 4566 2597 4618 Filius
2621 4582 2786 4629 meus,
2803 4573 2859 4619 et
2873 4564 3020 4635 quod
3041 4564 3202 4617 dicit:
3224 4564 3360 4617 Gon-

1772 4655 1925 4720 ﬁteor
1950 4655 2067 4715 tibi,
2086 4655 2264 4717 Pater,
2294 4670 2364 4707 ne
2389 4654 2529 4707 forte
2549 4653 2926 4724 intelligamus
2938 4653 3099 4724 quasi
3125 4652 3198 4705 sit
3217 4668 3361 4705 nun-

1773 4741 2063 4811 cupativus
2095 4747 2270 4812 pater,
2304 4743 2386 4795 vel
2420 4742 2712 4813 adoptivus
2747 4743 2912 4805 ﬁlius,
2947 4749 3004 4796 et
3030 4742 3104 4796 sit
3133 4742 3363 4795 honoris

1774 4847 1978 4884 nomen
2002 4830 2056 4884 in
2081 4837 2255 4901 patre,
2280 4837 2344 4884 ut
2362 4830 2605 4885 haeretici
2620 4832 2828 4893 volunt,
2851 4839 3147 4903 propterea
3158 4830 3366 4901 adjecit

1776 4920 1892 4973 haec
1907 4920 2101 4974 omnia
2126 4921 2195 4974 de
2210 4938 2290 4983 se,
2322 4927 2379 4975 et
2406 4921 2510 4974 ait:
2546 4922 2749 4975 Omnia
2779 4923 2990 4974 tradita
3010 4925 3143 4974 sunt
3166 4921 3309 4974 mihi
3327 4935 3363 4972 a

1778 5011 1956 5071 Patre,
1976 5015 2022 5062 et
2048 5026 2202 5063 nemo
2221 5012 2367 5063 novit
2388 5010 2593 5063 Filium
2623 5013 2737 5066 nisi
2754 5012 2932 5073 Pater,
2961 5026 3130 5078 neque
3146 5012 3367 5063 Patrem

1777 5102 1890 5153 nisi
1917 5101 2112 5163 Filius,
2146 5104 2193 5152 et
2217 5100 2310 5151 cui
2334 5100 2565 5152 voluerit
2589 5100 2763 5151 Filius
2790 5102 3028 5151 revelare
3055 5098 3266 5163 (Matth.
3290 5113 3362 5160 χι,

1776 5185 1884 5243 27ι.
1916 5187 2076 5250 Quod
2103 5191 2291 5240 autem
2318 5186 2484 5239 Pater
2513 5185 2715 5240 Filium
2740 5187 2946 5240 revelet
2964 5186 3053 5239 cui
3076 5186 3209 5249 vult,
3230 5184 3368 5255 quid

1777 5275 2019 5347 amplius
2043 5291 2292 5347 quaerere
2320 5291 2460 5346 opus
2487 5281 2596 5336 est,
2633 5292 2758 5330 cum
2800 5275 2918 5346 ipse
2962 5274 3112 5329 dicat
3156 5275 3362 5329 Pater:

1777 5367 1879 5421 llic
1906 5370 1979 5419 est
2010 5366 2183 5419 Fitius
2211 5380 2362 5418 meus
2383 5370 2471 5427 ;et
2493 5364 2564 5419 ad
2596 5365 2825 5419 Petrum
2842 5364 2912 5418 de
2935 5365 3099 5418 Patre
3127 5362 3247 5434 ipse
3284 5364 3372 5418 Fi-

1778 5454 1889 5509 lius
1914 5472 1926 5506 :
1962 5455 2157 5507 Beatus
2176 5469 2245 5517 es,
2270 5451 2464 5507 Simon
2492 5455 2753 5523 Barjona,
2772 5456 2907 5522 quia
2926 5469 3055 5507 caro
3070 5458 3120 5507 et
3138 5456 3369 5522 sanguis

1781 5552 1893 5597 non
1906 5544 2158 5596 revelari!
2175 5544 2278 5596 tibi
2281 5543 2555 5607 ,sedPater
2569 5559 2716 5599 meus
2724 5545 2826 5613 qui
2837 5548 2911 5597 est
2925 5545 2988 5597 in
2997 5542 3360 5609 cretistMatth.
