3918 6176
546 282 647 349 451

1309 281 1366 336 S.
1407 274 1787 334 PASCHASII
1822 268 2185 328 RADBERTI
2220 268 2528 339 ΑΒΒᾼτιε
2564 270 3064 330 GORBEIENSIS.

3648 280 3731 341 452

548 429 663 482 xu,
681 413 792 483 17).
817 411 895 465 Ex
920 408 1124 481 quibus
1136 406 1383 479 profeao
1402 402 1583 457 verbis
1595 404 1754 472 patet
1772 414 1991 459 sensus,
2011 412 2137 451 ciam
2155 397 2291 456 Asx
2321 411 2434 467 qua
2462 402 2570 467 est,
2599 397 2846 468 profecto
2874 398 3143 465 nescitur,
3176 399 3308 454 dum
3329 402 3467 465 me
3494 404 3574 470 sit,
3598 406 3736 461 md,

549 507 741 572 5.8
768 501 875 555 ait:
909 502 1053 566 Quia
1066 513 1225 551 nemo
1241 496 1391 549 novit
1411 495 1619 546 Filium
1637 492 1749 543 nisi
1769 492 1948 550 Pater,
1968 502 2139 554 neque

549 593 849 664 quisquam
869 590 984 647 ullo
1012 586 1202 650 modo,
1224 591 1285 638 ut
1302 588 1406 646 est,
1434 585 1548 634 nisi
1577 581 1772 633 Filius.
1802 577 1949 641 Quia
1975 590 2140 629 nemo

551 698 743 738 eorum
773 678 879 733 nisi
898 694 997 749 per
1017 680 1269 729 mutuam
1306 664 2136 736 testiﬁcationcmcognosciwr,

548 772 607 826 id
636 776 722 825 cet
748 784 850 839 per
875 768 1095 820 Patrem
1115 762 1307 822 Filius,
1334 760 1483 817 sicut
1510 763 1568 811 et
1594 774 1696 828 per
1723 755 1927 809 Filium
1948 754 2137 807 Pater.

550 859 693 924 Quia
702 864 820 911 tam
834 851 1161 925 ignorabilis
1176 855 1263 904 est
1276 849 1454 903 Filius
1465 863 1633 917 quam
1648 844 1945 910 Pater,nec
1959 860 2070 896 non
2084 848 2142 896 et

545 940 1197 1013 Paterincognoscibilis,
1216 938 1365 991 sicut
1392 943 1449 990 et
1472 936 1646 990 Filius
1666 934 1757 987 cui
1780 932 1989 986 tradita
2006 937 2142 985 sunt

549 1034 757 1090 omnia.
774 1031 1006 1093 Idcirco,
1019 1029 1222 1081 fratres
1238 1024 1571 1089 charissimi,
1596 1022 1806 1087 utdixi,
1822 1022 1937 1075 haec
1949 1020 2142 1073 addita

547 1129 699 1187 sunt,
722 1121 867 1183 utin
887 1118 1147 1173 omnibus
1168 1115 1309 1169 nihil
1328 1113 1678 1183 intelligatur
1696 1116 1988 1180 exceptum
2009 1124 2143 1179 quo-

545 1229 675 1268 rum
685 1213 1129 1270 estunanatura,
1143 1220 1367 1274 unaque
1379 1203 1637 1267 virtus,et
1649 1216 1761 1253 una
1777 1203 2041 1269 potestas,
2059 1202 2142 1250 at-

548 1286 781 1374 queuna
798 1299 859 1352 in
877 1294 1137 1350 erunibus
1156 1296 1446 1361 exaequata
1464 1289 1676 1354 Deitas,
1701 1304 1938 1359 quorum
1962 1303 2142 1340 secre-

546 1397 671 1445 tum
683 1384 1018 1458 cognitionis
1038 1383 1109 1436 ad
1124 1381 1359 1437 invicem
1370 1379 1584 1449 aequale
1598 1376 1863 1441 est.Quod
1879 1375 1924 1428 si
1942 1392 2139 1429 eorum

546 1473 998 1545 naturamquaiis
1018 1477 1120 1531 est,
1148 1468 1379 1540 aequalis
1409 1472 1467 1520 et
1500 1467 1697 1527 virtus,
1720 1471 1779 1518 et
1806 1470 2052 1535 potestas
2080 1464 2139 1517 in

550 1565 830 1627 omnibus,
846 1563 1003 1616 nullo
1028 1559 1196 1613 modo
1216 1562 1403 1628 potest
1423 1572 1546 1609 esse
1566 1555 1919 1619 naturaliter,
1942 1559 2005 1606 ut
2028 1568 2139 1605 non

547 1658 664 1711 sint
688 1652 839 1725 quod
862 1656 1128 1705 vocantur
1150 1649 1318 1702 Pater
1346 1651 1403 1699 et
1430 1644 1621 1698 Filius.
1650 1644 1718 1698 Et
1744 1643 1868 1698 ideo
1891 1658 1999 1695 non
2040 1658 2141 1711 po-

2220 490 2331 539 tur.
2367 486 2509 549 Quia
2542 487 2788 557 ignorari
2818 505 2931 541 non
2955 494 3139 559 potest
3156 490 3301 543 unde
3324 490 3414 557 sit,
3440 493 3589 549 etiam
3614 496 3736 566 quid.

2222 575 2356 645 quid
2378 574 2635 630 subsistit
2664 593 2733 630 ex
2748 577 2944 631 nihilo.
2980 578 3090 631 Sed
3123 578 3270 632 hunc
3304 596 3459 634 nemo
3491 584 3619 637 novit
3655 585 3736 639 nisi

2220 664 2371 717 solus
2400 664 2587 726 Pater,
2623 665 2768 719 sicut
2796 671 2854 720 et
2880 667 3104 720 Patrem
3124 684 3289 722 nemo
3306 669 3411 722 nisi
3427 671 3561 725 solus
3573 672 3730 730 Filius.

2221 752 2406 807 Habes
2432 753 2626 823 igitur,
2658 755 2850 823 lector,
2901 756 3302 827 proprietatem
3342 759 3654 828 cognitionis,
3685 762 3739 816 de

2223 841 2568 912 proprietate
2620 843 3019 913 generationis,
3068 844 3129 901 in
3177 862 3287 915 quo
3346 863 3452 900 non
3490 847 3619 901 aliud
3656 856 3736 913 est,

2222 946 2392 1000 quam
2422 930 2570 1000 quod
2598 930 2654 984 in
2686 932 2873 998 Patre,
2903 949 3086 1003 neque
3127 932 3200 987 ad
3243 934 3470 989 invicem
3506 937 3739 1007 quidpiam

2220 1019 2532 1089 ignorabile
2560 1020 2857 1074 exstitisse.
2890 1021 3049 1075 Unde
3084 1023 3372 1093 quaeritur,
3418 1024 3464 1076 si
3492 1025 3584 1077 soli
3618 1026 3741 1095 Filio,

2222 1113 2283 1161 ut
2318 1114 2404 1161 est
2432 1109 2581 1162 Deus
2604 1109 2771 1163 Pater
2794 1114 2981 1175 notus,
3027 1118 3129 1166 aut
3166 1112 3271 1166 soli
3318 1113 3470 1166 Patri
3509 1113 3653 1167 Filius
3679 1132 3743 1168 eoo

2220 1197 2411 1266 gnitus
2437 1203 2557 1264 est;
2593 1198 2725 1268 quid
2754 1205 2840 1253 est
2869 1200 3019 1269 quod
3062 1202 3362 1271 Apostolus
3390 1201 3480 1266 ait,
3510 1201 3647 1255 nobis
3668 1220 3744 1256 sn-

2221 1292 2336 1338 tem
2368 1287 2633 1340 revelavit
2661 1288 2812 1341 Deus
2858 1305 2959 1359 per
2995 1288 3267 1360 Spiritum
3305 1295 3547 1344 sanctum
3584 1291 3744 1344 suum?

2225 1374 2282 1428 Si
2310 1381 2499 1429 autem
2525 1376 2608 1428 eis
2634 1377 2914 1430 revelatus
2955 1382 3041 1430 est
3084 1378 3236 1432 Deus
3284 1379 3464 1443 Pater,
3506 1384 3593 1433 aut
3635 1380 3746 1433 Deus

2223 1462 2413 1529 Filius,
2445 1465 2724 1534 quomodo
2753 1465 2855 1519 soli
2902 1466 3045 1520 Filio
3086 1468 3255 1522 Pater
3302 1473 3465 1522 notus
3504 1468 3624 1522 est?
3658 1469 3749 1522 Nisi

2223 1553 2355 1622 quia
2373 1553 2623 1606 addidit:
2656 1555 2725 1607 Et
2756 1556 2848 1607 cui
2879 1558 3114 1608 soluerit
3155 1558 3333 1609 Filius
3379 1560 3617 1613 revelare.
3666 1558 3749 1611 Nec

2223 1640 2282 1694 in
2311 1642 2416 1696 hoc
2441 1642 2665 1712 quidem
2694 1643 2794 1696 ulli
2826 1644 2995 1697 etiam
3020 1660 3122 1697 nec
3151 1645 3381 1715 Angelis
3408 1646 3485 1701 ita
3516 1652 3655 1700 notus
3688 1653 3749 1699 est

545 1710 659 1799 test
681 1710 806 1798 esse
824 1745 1046 1795 tantum
1066 1735 1477 1807 nuncnpativus
1498 1751 1561 1787 ex
1582 1733 1808 1787 nomine
1821 1710 2139 1795 Christi,vel
2163 1710 2207 1773 Β
2226 1729 2394 1784 Pater
2420 1710 2520 1784 aut
2546 1731 2740 1797 Filius,
2774 1732 3055 1802 quomodo
3082 1733 3155 1787 ad
3202 1710 3435 1788 invicem
3475 1734 3571 1805 ipsi
3605 1751 3655 1788 se
3681 1751 3750 1788 co-

547 1832 843 1904 adoptivus
858 1834 923 1883 ut
941 1826 1160 1882 novella
1178 1824 1405 1880 haeresis
1424 1822 1685 1876 asseruit.
1708 1821 1853 1884 Quia
1871 1836 2018 1874 unus
2033 1826 2137 1886 est,

546 1938 729 1992 neque
748 1925 814 1973 ut
840 1917 1032 1972 Ariani
1047 1921 1104 1970 et
1135 1913 1320 1969 caeteri
1343 1912 1588 1967 hieretici
1616 1915 1931 1976 senserunt,
1957 1909 2143 1962 minor

548 2025 717 2082 quam
749 2009 938 2074 Pater,
966 2006 1051 2060 vel
1080 2003 1231 2057 aliud
1261 2018 1429 2072 quam
1451 2000 1599 2071 quod
1627 2000 1795 2053 Pater
1814 2004 1916 2053 est.
1943 1998 2052 2052 Sed
2082 1998 2141 2052 in

548 2097 808 2154 omnibus
836 2096 943 2149 hoc
970 2100 1059 2148 est
1084 2092 1231 2163 quod
1263 2092 1467 2156 Pater;
1501 2095 1559 2142 et
1587 2088 1793 2142 idcirco
1823 2086 2142 2140 solusnovit

545 2188 775 2243 Patrem
802 2184 947 2239 sicut
965 2188 1023 2237 et
1047 2183 1166 2251 ipse
1189 2197 1223 2233 a
1252 2180 1370 2233 solo
1397 2178 1653 2248 cognitus
1681 2182 1765 2230 est
1796 2177 1979 2229 Patre.
1996 2176 2142 2238 Quo.

544 2293 672 2332 rum
686 2277 782 2345 jus
802 2279 1020 2327 naturae
1041 2270 1254 2340 aequale
1270 2267 1427 2321 estin
1450 2270 1745 2337 potestate,
1771 2270 1828 2318 et
1840 2264 2141 2318 difficultas

545 2366 607 2420 in
635 2363 954 2433 cognitione
982 2364 1179 2413 mutua
1207 2357 1362 2411 nulla
1384 2361 1487 2409 est.
1521 2354 1720 2424 Sicque
1749 2370 1849 2424 per
1876 2353 1994 2406 haec
2022 2352 2145 2407 uni.-

545 2453 774 2523 genitus
800 2452 967 2513 Deus,
1002 2445 1280 2518 sapientia
1322 2444 1424 2499 Dei
1456 2443 1639 2497 Patris
1668 2459 1791 2512 quae
1832 2442 2144 2511 justiticata

547 2547 635 2596 est
676 2558 712 2594 a
739 2539 871 2594 ﬁliis
902 2537 1038 2600 suis,
1104 2552 1215 2589 non
1265 2532 1507 2587 nominis
1552 2537 1775 2585 tantum
1821 2530 2142 2585 testimonio

545 2630 753 2685 Filium
775 2626 877 2682 Dei
904 2642 965 2680 se
987 2626 1152 2679 docet
1180 2639 1320 2682 esse;
1354 2622 1451 2675 sed
1481 2637 1607 2674 vere
1627 2620 1867 2674 etiamin
1885 2619 2143 2673 omnibus

545 2720 770 2775 unitum
798 2723 856 2771 et
884 2715 1200 2770 naturalem
1229 2711 1431 2767 tilium.
1454 2716 1517 2764 ut
1544 2725 1673 2763 vere
1704 2709 1965 2763 credatur
1992 2708 2141 2778 quod

542 2809 755 2863 dictum
789 2813 874 2859 est.
901 2822 936 2857 a
964 2805 1159 2858 Patre:
1194 2803 1294 2855 {lic
1321 2805 1395 2853 est
1421 2801 1598 2853 Filius
1623 2815 1775 2851 meus
1796 2799 2043 2862 dilectus,
2077 2800 2140 2850 in

541 2914 649 2966 quo
673 2897 818 2949 mihi
844 2896 972 2947 bene
994 2892 1303 2959 σοπηρίπυὶ
1320 2906 1341 2955 ;
1357 2891 1537 2956 ipsum
1556 2889 1744 2940 audite
1766 2887 1976 2946 (Matth.
2004 2899 2136 2950 xvn,

544 2984 617 3055 5).
652 2985 723 3038 Et
746 2981 882 3053 quia
909 2980 1087 3035 Judaei
1110 2994 1240 3033 eum
1274 2993 1386 3030 non
1410 2977 1492 3029 ita
1519 2991 1640 3028 esse
1684 2973 2004 3040 credebant,
2053 2973 2141 3029 di-

2222 1825 2519 1888 gnoscunt.
2547 1819 2605 1873 in
2636 1837 2905 1892 quasmpe
2928 1820 3247 1891 cognitione
3269 1829 3479 1882 mutua,
3504 1823 3651 1877 etiam
3664 1820 3751 1893 ipse

2225 1908 2467 1978 Spiritus
2496 1913 2723 1963 sanctus
2750 1917 3208 1977 connumeratur,
3225 1910 3325 1965 ubi
3341 1912 3641 1976 dictumest,
3656 1912 3753 1981 quia

2226 1997 2472 2068 Spiritus
2492 2004 2719 2052 sanctus
2739 2004 3027 2053 scrutatur
3045 2000 3216 2053 etiam
3238 2001 3511 2071 protunda
3533 2001 3639 2067 Dei,
3654 2016 3756 2070 quo

2223 2086 2376 2140 niam
2398 2092 2453 2140 et
2474 2086 2594 2157 ipse
2614 2086 2841 2141 deitatis
2852 2087 3021 2142 habet
3041 2095 3325 2143 naturam.
3349 2090 3583 2161 Denique
3609 2091 3693 2142 hoc
3712 2089 3755 2142 in

2225 2178 2344 2231 loco
2356 2178 2646 2233 temeritas
2667 2178 2927 2241 Eunomii
2951 2179 3277 2247 damnatur,
3299 2180 3395 2251 qui
3406 2180 3500 2243 ait,
3523 2179 3649 2251 quod
3665 2186 3758 2233 tan-

2221 2271 2339 2319 tam
2369 2265 2629 2319 notitiam
2646 2266 2829 2320 Patris
2851 2272 2910 2321 et
2936 2267 3060 2321 Filii
3091 2266 3298 2323 habeat
3322 2268 3505 2336 homo,
3536 2273 3757 2338 quantum

2224 2354 2434 2409 habent
2452 2355 2533 2408 illi
2554 2354 2703 2409 inter
2719 2372 2780 2408 se
2800 2356 2871 2409 ad
2891 2356 3147 2423 invicem,
3174 2373 3307 2411 cum
3342 2358 3501 2428 longe
3536 2357 3664 2411 aliud
3688 2357 3755 2420 sit,

2226 2449 2440 2498 natura:
2466 2444 2787 2515 aequalitate
2818 2461 2983 2500 nosse
3007 2446 3155 2517 quod
3186 2448 3427 2513 noveris,
3469 2447 3606 2501 aliud
3641 2461 3759 2499 revo-

2225 2533 2393 2586 lantis
2422 2533 2765 2603 dignatione,
2797 2540 3068 2604 quantum
3089 2536 3317 2589 noveris
3334 2552 3434 2607 pro
3447 2542 3589 2590 certo
3605 2551 3760 2604 cogno-

2225 2640 2398 2677 scere.
2421 2623 2692 2687 Quaerunt
2715 2624 2921 2678 etenim
2950 2625 3226 2690 nonnulli,
3255 2627 3478 2696 quando
3496 2625 3593 2681 ait:
3619 2626 3673 2679 Et
3695 2625 3762 2676 cui

2224 2715 2459 2766 soluerit
2481 2714 2656 2766 Filius
2687 2718 2943 2768 revelare.
2980 2715 3167 2778 Quare
3182 2731 3297 2769 non
3318 2715 3518 2769 dixerit
3533 2713 3674 2768 simul
3690 2714 3763 2765 Pa-

2223 2808 2310 2855 ter
2338 2808 2395 2856 et
2423 2803 2614 2868 Filius,
2647 2819 2776 2856 cum
2814 2819 2961 2857 unus
2997 2819 3194 2857 eorum
3237 2803 3362 2858 sine
3400 2804 3587 2867 altero,
3636 2817 3764 2856 nemo

2223 2895 2373 2944 recte
2392 2891 2767 2961 cognoscitur,
2790 2908 2904 2946 non
2922 2891 3344 2947 considerantes
3358 2893 3501 2964 quod
3520 2891 3765 2962 suprajam

2223 2980 2293 3033 de
2319 2980 2486 3033 Patre
2505 2979 2726 3045 dixerit,
2754 2986 2810 3035 et
2829 2982 3089 3036 revelasti
3109 2998 3177 3035 ea
3188 2983 3455 3052 parvulis.
3476 2983 3647 3052 Acper
3669 2979 3762 3043 hoc,

545 3072 708 3126 cobet
736 3070 816 3124 eis
844 3066 1280 3138 benignissimus
1302 3065 1557 3119 Salvator
1582 3081 1594 3116 :
1643 3065 1823 3131 Neque
1856 3079 1938 3115 me
1966 3063 2136 3124 scitis,
2155 3063 2201 3122 Ο
2221 3085 2460 3139 quorum
2490 3073 2577 3122 est
2605 3084 2719 3123 una
2744 3075 2966 3136 natura,
2983 3086 3097 3127 una
3110 3075 3306 3137 585
3330 3077 3388 3126 et
3406 3070 3766 3142 operatioreve-

544 3176 716 3228 neque
743 3159 1008 3212 undecim
1030 3156 1198 3218 scitis,
1219 3169 1323 3207 nec
1344 3152 1493 3206 enim
1508 3151 1710 3221 inquit,
1734 3167 1769 3205 a
1790 3168 1872 3204 me
1892 3153 2034 3216 veni,
2049 3151 2141 3204 sed

544 3253 618 3302 est
646 3262 813 3301 uorax
834 3248 933 3313 qui
952 3245 1104 3297 misit
1126 3259 1229 3307 me,
1246 3238 1402 3310 quem
1426 3257 1514 3293 vos
1536 3242 1782 3294 nescitis:
1803 3241 1992 3307 :edego
2012 3242 2142 3294 novi

544 3350 690 3400 eum,
722 3336 989 3403 quoniam
1004 3333 1074 3387 ab
1095 3348 1151 3385 eo
1171 3347 1318 3395 sunt,
1343 3334 1389 3384 et
1415 3332 1526 3398 ipse
1546 3346 1629 3382 me
1647 3331 1799 3382 misit
1818 3331 1991 3393 (Joan.
2015 3342 2133 3393 vui,

542 3420 635 3488 '19,
664 3422 777 3488 ‘26).
811 3423 881 3476 Et
908 3421 1033 3475 ideo
1059 3435 1253 3474 verum
1282 3422 1369 3472 est
1392 3417 1525 3487 quia
1545 3418 1768 3471 Patrem
1790 3433 1956 3471 nemo
1986 3419 2140 3471 novit

542 3513 651 3567 nisi
680 3512 873 3575 Filius,
903 3516 960 3564 et
972 3510 1058 3567 cui
1076 3507 1495 3562 volueritFilius
1510 3507 1793 3572 revelare;
1825 3508 1985 3577 cujus
2008 3524 2138 3577 pro-

540 3601 709 3657 fessio
722 3600 914 3672 procul
935 3597 1103 3653 dubio
1118 3603 1413 3668 propterea
1432 3601 1550 3648 tam
1570 3595 1832 3665 frequens
1850 3602 1954 3659 est,
1988 3595 2138 3664 quod

541 3691 723 3745 solum
739 3688 844 3743 sibi
864 3686 1122 3757 cognitus
1141 3690 1244 3749 cst,
1269 3684 1402 3754 quia
1434 3684 1505 3737 ab
1543 3700 1608 3737 eo
1653 3682 1988 3737 naturaliter
2012 3689 2097 3736 est
2121 3701 2133 3749 ;

541 3779 689 3851 quod
711 3778 758 3832 si
770 3776 842 3831 ab
852 3793 919 3831 eo
931 3779 1097 3842 est,et
1110 3774 1215 3829 sibi
1227 3773 1331 3827 soli
1346 3771 1602 3842 cognitus
1622 3777 1726 3835 est,
1753 3771 2140 3842 interrogandi

540 3873 675 3924 sunt
693 3867 887 3923 Ariani
902 3865 999 3936 qui
1021 3870 1332 3918 creaturam
1349 3879 1474 3916 eum
1489 3862 1700 3927 dicunt,
1715 3867 1904 3915 utrum
1918 3861 1972 3915 id
1987 3861 2134 3931 quod

536 3958 607 4013 ab
626 3974 693 4013 eo
712 3964 817 4022 est,
837 3973 978 4026 opus
994 3953 1294 4008 creationis
1310 3952 1365 4005 in
1378 3969 1441 4005 eo
1469 3957 1573 4017 est,
1597 3967 1669 4007 an
1691 3956 1950 4004 naturam
1968 3966 2136 4019 gene~

535 4046 772 4101 rationis
798 4062 898 4114 per
924 4044 1032 4096 hoc
1059 4042 1361 4096 ostendat?
1387 4040 1445 4094 Si
1474 4056 1608 4110 ergo
1657 4057 1797 4109 opus
1836 4039 2134 4093 creationis

539 4138 644 4195 est,
670 4138 725 4186 et
745 4133 1007 4186 universa
1017 4148 1140 4200 quae
1152 4135 1344 4184 creata
1354 4134 1532 4182 sunta
1556 4129 1667 4183 Deo
1681 4134 1830 4195 sunt,
1855 4127 2134 4198 quomodo

538 4221 766 4275 Patrem
786 4234 900 4272 non
920 4217 1181 4271 universa
1208 4222 1501 4281 noverunt,
1546 4217 1787 4271 maxime
1834 4216 2135 4270 rationales

538 4307 851 4365 creaturae?
878 4306 1020 4359 Cum
1036 4304 1291 4359 Christus
1322 4321 1453 4357 eum
1482 4305 1688 4358 idcirco
1729 4304 1924 4375 utique
1953 4305 2127 4370 novit,

539 4396 673 4468 quia
692 4394 839 4449 abeo
861 4393 1087 4448 omnino
1109 4398 1212 4447 est.
1234 4392 1392 4455 Quod
1412 4397 1596 4457 5:84
1624 4392 1670 4445 si
1698 4399 1919 4446 creatus
1945 4394 2130 4463 potius

540 4500 710 4556 quam
728 4488 899 4537 natus
926 4481 1148 4536 videtur
1171 4480 1231 4534 in
1259 4497 1325 4534 eo
1354 4480 1503 4550 quod
1538 4497 1572 4534 a
1612 4481 1731 4535 Deo
1770 4487 1872 4547 est,
1924 4500 2053 4537 cum
2100 4500 2135 4537 a

540 4574 657 4628 Deo
690 4578 891 4627 cuncta
909 4571 1042 4638 sint,
1074 4569 1352 4640 quomodo
1382 4584 1494 4622 non
1521 4586 1649 4624 cum
1677 4570 2132 4628 cmterisPatrem

538 4662 798 4733 ignorat?
828 4662 985 4717 Sicut
1011 4665 1071 4713 et
1090 4659 1279 4715 omnia
1305 4658 1429 4713 sine
1454 4658 1577 4729 ipso
1607 4676 1730 4731 quae
1773 4660 1843 4714 ab
1891 4678 1957 4716 eo
2000 4673 2135 4718 sunt

536 4751 802 4821 ignorant
833 4738 988 4806 eum.
1026 4749 1127 4804 Sin
1154 4765 1284 4803 vero
1312 4748 1538 4811 idcirco,
1581 4750 1714 4820 quia
1740 4749 1811 4803 ab
1839 4767 1905 4805 eo
1935 4758 2038 4818 est,
2078 4753 2132 4806 ei

535 4839 824 4911 proprium
856 4844 942 4893 est
970 4855 1100 4893 eum
1122 4854 1300 4894 nosse.
1328 4838 1604 4908 quomodo
1623 4855 1737 4894 non
1754 4840 1857 4897 hoc
1884 4840 1958 4906 ei,
1980 4842 2133 4911 quod

537 4928 608 4982 ab
634 4945 701 4982 eo
731 4934 834 4994 est,
863 4927 975 4982 erit
1004 4927 1315 4999 proprium,
1340 4927 1553 4981 scilicet
1581 4934 1647 4982 ut
1673 4945 1801 4982 vere
1840 4926 2018 4983 Filius
2063 4945 2131 4985 ex

535 5023 741 5073 natura
755 5016 856 5072 Dei
879 5016 1060 5071 Patris
1072 5016 1147 5071 sit
1164 5016 1188 5070 ’ἶ
1203 5017 1385 5079 Quam
1406 5016 1597 5086 itaque
1610 5022 1869 5072 naturam
1891 5023 1947 5072 et
1965 5036 2132 5089 gene-

531 5106 830 5173 rationem,
853 5121 1020 5159 nemo
1053 5105 1198 5160 alius
1235 5104 1343 5159 nisi
1391 5105 1540 5159 Deus
1579 5105 1906 5175 planissime
1952 5108 2124 5163 novit.

533 5200 676 5254 Cum
702 5198 828 5252 ideo
857 5197 1038 5252 Deum
1058 5194 1211 5250 solus
1222 5194 1394 5260 novit,
1416 5194 1551 5265 quia
1568 5211 1605 5248 a
1629 5196 1743 5249 Deo
1762 5195 1930 5250 Patre
1973 5198 2125 5253 solus

530 5292 634 5340 est.
657 5285 923 5357 Alioquin
948 5285 998 5338 si
1026 5300 1166 5354 Opus
1186 5282 1486 5337 creationis
1511 5288 1683 5345 esset,
1713 5285 1994 5354 quomodo
2023 5304 2123 5342 ne-

531 5375 741 5429 scirent
766 5373 943 5431 Judmi
974 5373 1099 5443 quis
1128 5377 1185 5426 et
1210 5389 1244 5425 a
1268 5389 1379 5442 quo
1403 5379 1568 5438 esset,
1592 5389 1719 5427 cum
1735 5375 1925 5429 omnia
1953 5392 1987 5429 a
2009 5377 2126 5431 Deo

531 5480 653 5519 esse
679 5462 1033 5534 probantur?
1063 5460 1327 5525 Quamvis
1373 5477 1439 5515 ex
1469 5461 1643 5516 nihilo
1689 5458 1857 5517 facta'
1880 5464 2013 5518 sint.
2058 5466 2130 5520 Et

529 5552 736 5609 idcirco
762 5551 823 5613 id
851 5551 1002 5627 quod
1025 5550 1175 5606 unde
1188 5549 1591 5621 sitignoratur,
1632 5555 1840 5607 natura
1865 5552 2123 5611 Deitatis.

2219 3156 2443 3211 lationis
2468 3174 2568 3229 per
2611 3158 2884 3229 Spiritum
2915 3165 3191 3219 sanctum.
3240 3160 3302 3214 in
3347 3177 3456 3232 quo
3491 3162 3765 3213 reserantur

2220 3244 2380 3299 nobis
2409 3246 2683 3317 profunda
2706 3247 2946 3303 Deitatis
2974 3256 3347 3303 sacramenta.
3381 3248 3640 3314 Quoniam
3671 3247 3763 3316 ipse

2220 3334 2514 3389 amborum
2538 3336 2770 3407 spiritus
2798 3340 2902 3403 est,
2922 3337 2980 3391 in
3002 3355 3112 3409 quo
3151 3345 3287 3392 sunt
3325 3338 3530 3393 omnia.
3570 3337 3768 3390 Verum-

2219 3425 2476 3478 tamenin
2500 3425 2603 3479 hac
2614 3424 2917 3480 traditione
2939 3443 2972 3480 a
2993 3428 3179 3493 Patre,
3204 3443 3316 3481 non
3333 3428 3549 3489 crrlum,
3569 3431 3763 3482 etterra.

2221 3518 2278 3567 et
2305 3514 2584 3568 elementa
2612 3514 3183 3585 mundiintelligonda
3198 3523 3353 3583 sunt,
3368 3523 3426 3571 et
3446 3523 3647 3579 cratera,
3671 3528 3765 3584 qua

2221 3602 2338 3672 ipse
2358 3602 2487 3657 fecit
2499 3609 2555 3656 et
2573 3602 2837 3669 condidit,
2858 3605 2955 3658 sed
2978 3605 3013 3658 ii
3032 3605 3127 3676 qui
3160 3622 3261 3676 per
3287 3607 3493 3661 Filium
3530 3617 3766 3660 accessum

2222 3690 2506 3747 habentad
2523 3692 2767 3749 Patrem.
2783 3693 2943 3747 Unde
2964 3694 3097 3748 olim
3115 3694 3327 3748 dictum
3341 3701 3464 3749 erat
3478 3695 3531 3749 in
3545 3691 3765 3748 Psalmis:

2220 3782 2440 3833 Postulo
2470 3797 2505 3834 α
2537 3797 2640 3843 me,
2669 3787 2718 3835 et
2746 3783 2882 3835 dabo
2909 3785 3011 3836 tibi
3038 3789 3217 3850 gentes
3234 3784 3597 3839 heraditum}:
3626 3788 3764 3841 tua???»

2220 3871 2267 3919 et
2280 3873 2663 3934 possessionem
2687 3875 2841 3927 tuam
2859 3875 3117 3925 terminos
3140 3877 3299 3926 terra!
3318 3875 3470 3939 (Psat
3484 3918 3495 3927 .
3520 3870 3652 3938 m8),
3674 3883 3768 3937 qua!

2221 3954 2412 4008 omnia
2447 3957 2614 4010 Pater
2635 3975 2762 4011 cum
2792 3958 2947 4012 dedit
2962 3960 3301 4013 auttradidit
3327 3978 3442 4015 non
3474 3959 3663 4021 amisit,
3691 3954 3767 4008 sed

2220 4044 2536 4113 acquisivit,
2567 4047 2833 4116 quoniam
2862 4054 3027 4101 antea
3054 4048 3265 4104 inimici
3313 4055 3479 4105 erant
3516 4064 3646 4119 quos
3685 4042 3766 4097 sibi

2216 4132 2360 4186 ﬁlios
2379 4133 3073 4209 “Optavit-Nequaquam
3093 4137 3268 4207 igitur
3284 4138 3366 4192 ita
3388 4134 3767 4207 intelligendum

2217 4226 2320 4287 est,
2349 4222 2496 4276 sicut
2524 4224 2754 4294 quidam
2783 4224 2928 4278 male
2970 4226 3288 4295 voluerunt,
3347 4228 3508 4298 quasi
3556 4225 3705 4280 Filius
3741 4236 3767 4272 a

2216 4310 2371 4364 nullo
2396 4312 2573 4382 possit
2594 4313 2870 4383 cognosci,
2901 4314 3011 4368 nisi
3040 4330 3072 4371 a
3095 4320 3253 4386 patre
3280 4316 3422 4383 solo,
3476 4316 3633 4371 Pater
3666 4324 3769 4364 vero

2212 4415 2328 4453 non
2358 4402 2539 4454 solum
2571 4418 2605 4454 a
2632 4402 2791 4462 Filio.
2824 4420 3019 4457 verum
3050 4404 3219 4458 etiam
3247 4404 3317 4461 ab
3360 4406 3445 4459 eis
3480 4404 3665 4476 quibus
3693 4415 3768 4451 v0-

2214 4489 2386 4545 luerit
2414 4491 2587 4545 Filius
2617 4492 3255 4557 revelare.Quinimosic
3272 4493 3698 4565 intelligendum,
3721 4490 3769 4541 ut
3802 4538 3803 4541 η

2214 4577 2438 4632 Patrem
2453 4579 2702 4651 etipsum
2715 4581 2937 4645 Filium,
2947 4599 3047 4653 per
3058 4582 3257 4637 Filium
3268 4584 3509 4638 revelari
3518 4581 3769 4637 credamus

2216 4666 2345 4736 quia
2365 4667 2599 4722 visibilis
2609 4670 2888 4741 apparuit,
2904 4676 2967 4725 ut
2978 4678 3124 4725 esset
3135 4672 3373 4726 interius
3388 4678 3588 4727 nostum
3604 4664 3771 4723 mentis

2213 4755 2426 4810 lumen.
2449 4757 2659 4813 Tamen
2682 4765 2739 4813 et
2753 4760 2928 4814 Filius
2942 4777 2976 4813 a
2996 4761 3161 4814 Patre
3184 4762 3462 4815 revelatus
3481 4767 3579 4823 est,
3594 4764 3651 4813 ut
3661 4752 3768 4817 dixis

2215 4850 2272 4897 ct
2299 4850 2588 4913 ostensus;
2614 4847 2878 4917 quoniam
2902 4865 3064 4903 nemo
3080 4866 3253 4904 unum
3277 4867 3474 4905 eorum
3491 4851 3603 4903 sine
3621 4846 3771 4899 altero

2214 4933 2388 4987 novit.
2416 4934 2560 5005 Ergo
2581 4953 2646 4990 ac
2662 4937 2707 4990 si
2730 4937 2898 4992 verbo
2919 4955 3020 4992 suo
3041 4939 3210 4993 Pater
3227 4956 3287 4993 se
3306 4934 3771 5003 declamt,verbum

2212 5037 2345 5075 vero
2380 5023 2578 5088 Filius,
2601 5042 2712 5080 non
2736 5027 2916 5081 solum
2963 5028 3019 5081 id
3043 5028 3188 5098 quod
3218 5044 3323 5099 per
3348 5028 3577 5081 verbum
3622 5021 3772 5077 decla-

2212 5115 2389 5179 ratur,
2412 5129 2607 5167 verum
2639 5120 2696 5169 et
2722 5116 2969 5187 seipsum
3000 5118 3170 5170 etiam
3201 5117 3470 5171 declarat.
3493 5114 3642 5172 Unde
3665 5108 3772 5182 qui!

2209 5201 2421 5256 tradita
2439 5208 2573 5259 sunt
2590 5203 2641 5257 ei
2668 5205 2877 5270 omnia,
2906 5206 3187 5260 invitatad
3214 5223 3273 5261 se
3301 5222 3514 5270 omnes,
3538 5203 3661 5275 quia
3681 5213 3775 5254 mo-

2207 5290 2391 5347 diator
2420 5297 2523 5358 est,
2546 5298 2611 5346 ut
2630 5310 2725 5347 eos
2753 5293 2872 5364 ipse
2896 5294 3141 5366 perferat
3161 5296 3232 5351 ad
3261 5296 3513 5351 Patrem.

2293 5381 2488 5445 Venite,
2522 5382 2725 5452 inquit,
2757 5386 2833 5437 ad
2859 5402 2942 5439 me
2963 5400 3165 5450 omnes,
3208 5391 3257 5439 ct
3284 5402 3374 5453 ego
3401 5400 3492 5438 vos
3529 5381 3766 5450 reﬁciam-

2209 5468 2412 5525 Tribus
2443 5486 2685 5542 namque
2707 5473 3113 5529 rnodisvoeatio
3142 5475 3253 5529 ista
3270 5473 3494 5545 legitur,
3514 5487 3636 5527 ann
3660 5467 3731 5523 ait
3756 5478 3766 5515 τ

2209 5557 2428 5613 Venite.
2460 5559 2585 5617 Una
2597 5565 2702 5630 est,
2723 5560 2796 5616 dc
2822 5576 2937 5633 qua
2970 5562 3063 5618 hic
3104 5563 3343 5622 dicitur:
3391 5562 3568 5617 Venite
3588 5559 3657 5613 ad
3680 5567 3765 5609 me.
