3918 6176
171 263 267 322 468

922 268 1302 332 211³081Ἠο
1343 277 1424 334 IN
1458 271 1907 337 MA'I'I'HEUM.
1951 311 2018 322 —
2054 279 2190 336 LIB.
2232 279 2327 347 VI,
2361 278 2522 337 CAP.
2555 279 2679 336 XII.

3317 262 3425 340 isi

173 392 273 447 alla
294 396 380 448 est
403 407 523 465 qua
546 396 872 464 doceamur,
903 401 1050 454 unde
1075 401 1187 456 ait:
1213 403 1394 458 Venite
1417 407 1544 472 ﬁlii,
1563 408 1752 461 audite
1769 409 1817 468 Α
1833 403 2070 473 bricare,
2101 421 2216 461 non
2243 411 2494 460 mortuos
2521 405 2812 472 suscitare,
2844 421 2958 461 non
2984 407 3220 461 virtutes
3241 406 3424 478 signo-

173 497 274 547 mc;
308 485 565 538 timorem
594 487 823 542 Domini
847 491 1034 544 docebo
1062 507 1152 544 ros
1182 494 1342 556 (Psal.
1391 508 1588 559 χχχιιι,
1627 495 1748 565 12);

171 570 324 624 tertia
343 587 475 627 vero
505 575 615 629 erit
638 575 696 630 in
725 575 934 644 futuro,
969 581 1190 650 quando
1217 580 1468 638 dicturus
1499 589 1584 638 est
1613 601 1624 633 :
1671 586 1752 640 Vc-

172 663 290 723 nitc,
315 661 584 717 benedicti
602 667 784 718 Patris
813 670 938 732 mci,
974 672 1236 737 porcipitc
1266 685 1500 740 regnum
1530 675 1747 737 (Matth.

169 764 279 817 xxv,
309 747 421 816 34).
455 752 632 807 Porro
665 755 815 824 quod
843 755 924 809 ait
956 778 968 812 :

231 840 336 906 Qui
365 842 631 896 lobomtis
651 847 930 898 etonerati
949 849 1092 899 estis.
1117 846 1337 902 Judzeos
1365 849 1600 904 simulet
1616 868 1750 921 gen-

165 932 240 981 tes
261 945 460 984 vocare
487 931 724 993 videtur,
755 935 1017 1003 quoniam
1049 935 1192 988 alter
1220 952 1435 1002 eorum,
1469 939 1643 992 nimio
1671 939 1749 994 la-

163 1015 284 1070 bore
293 1018 439 1088 legis
451 1020 574 1074 sine
592 1021 747 1075 nulla
769 1022 1107 1093 profectione
1126 1024 1446 1092 vexabatur,
1463 1028 1607 1082 alter
1617 1046 1746 1084 vero

159 1112 506 1176 peccatorum
536 1109 798 1164 oneribus
827 1118 1226 1182 priegravatur,
1261 1131 1364 1169 nec
1409 1133 1634 1172 sursum
1676 1118 1746 1174 ad

161 1195 350 1262 Deum,
398 1197 551 1250 idola
583 1199 790 1264 colens,
821 1201 1100 1271 respicere
1129 1203 1363 1258 valebat.
1395 1205 1602 1260 Gravia
1626 1208 1745 1278 qui-

157 1283 272 1338 dem
301 1291 440 1340 sunt
468 1303 642 1341 onera
660 1289 891 1361 peccati.
916 1290 1074 1344 Unde
1102 1291 1396 1347 Zacharias
1416 1293 1569 1360 dicit,
1595 1295 1743 1368 quod

153 1372 418 1443 iniquitas
446 1375 640 1430 sedeat
667 1389 831 1446 super
857 1382 1127 1432 talentum
1147 1381 1364 1448 plumbi
1385 1383 1570 1452 (lacti.
1589 1401 1640 1450 v,
1667 1387 1741 1454 7),

155 1462 390 1516 etDavid
411 1477 422 1510 :
452 1466 726 1531 Quoniam
756 1469 1080 1536 iniquitates
1100 1486 1225 1522 mea:
1235 1487 1592 1539 supergressa:
1611 1479 1743 1528 sunt

1834 512 1958 550 rum
1991 496 2190 559 timere,
2219 495 2317 548 sed
2348 495 2589 549 humiles
2618 511 2740 550 esse
2764 500 2820 549 et
2848 495 3029 554 mites.
3055 501 3120 550 ut
3145 496 3424 566 possimus

1833 586 2021 639 omnia
2049 585 2346 638 sustinere.
2383 585 2450 638 Et
2477 585 2784 656 notandum
2815 585 2964 656 quod
2993 585 3076 640 ait
3109 605 3120 639 :
3154 587 3294 654 Quia
3319 588 3424 640 mi-

1834 675 1903 727 tis
1955 691 2078 726 sum
2125 677 2175 726 et
2213 675 2444 726 humilis
2493 674 2666 740 corde,
2699 673 2972 744 siquidem
3005 691 3117 728 non
3145 673 3424 729 labiorum

1833 766 2087 825 5535811
2096 751 2336 830 perﬁcie,
2354 762 2448 815 sed
2468 761 2650 814 cordis
2665 762 2992 832 integritate
3007 781 3018 830 ;
3033 779 3214 833 neque
3235 763 3294 816 in
3311 762 3426 817 ulla

1830 849 2232 920 compositione
2259 850 2344 902 vel
2364 849 2673 920 dejectione
2703 849 2942 910 habitus,
2975 851 3107 905 licet
3135 851 3268 906 etin
3299 868 3422 906 cor-

1829 953 1964 1007 pore
2001 945 2168 1008 atque
2195 937 2361 991 verbo
2393 939 2465 991 sit
2510 937 2818 992 exhibenda
2849 955 3039 998 coram
3084 939 3422 1010 hominibus,

1829 1025 1926 1078 sed
1956 1025 2016 1078 in
2043 1025 2196 1078 omni
2225 1025 2516 1078 devotione
2549 1031 2717 1096 atque
2740 1025 3051 1097 abjectione
3081 1029 3304 1082 mentis.
3339 1028 3422 1082 Ibi

1829 1129 2070 1184 namque
2109 1114 2354 1184 primum
2385 1113 2618 1168 ferenda
2645 1119 2748 1175 est.
2773 1120 2829 1168 et
2847 1115 3122 1180 habenda,
3154 1116 3250 1170 ubi
3274 1117 3424 1171 Deus

1825 1201 1992 1261 videt.
2023 1202 2222 1256 deinde
2272 1219 2337 1256 ex
2375 1203 2529 1256 fonte
2576 1203 2758 1257 cordis
2801 1205 3041 1258 exterius
3088 1205 3422 1274 exhibenda,

1825 1295 1889 1344 ut
1907 1291 2022 1344 Deo
2043 1291 2117 1344 sit
2143 1290 2349 1362 placita
2387 1296 2444 1344 et
2483 1297 2712 1362 accepta
2742 1291 3158 1346 hominibus.Et
3184 1293 3310 1348 ideo
3339 1293 3419 1348 ibi

1827 1379 2089 1434 discenda
2117 1384 2204 1434 est
2229 1397 2265 1434 a
2308 1379 2400 1450 pio
2442 1379 2690 1446 domino,
2723 1385 2779 1434 et
2818 1381 3084 1450 magistro
3110 1382 3424 1436 clementis-

1825 1469 1990 1532 simo,
2016 1468 2114 1522 ubi
2145 1485 2391 1530 manere,
2423 1475 2480 1522 et
2500 1469 2569 1523 de
2609 1485 2718 1540 quo
2749 1485 2978 1523 manare
3009 1471 3185 1540 possit
3207 1471 3277 1524 ad
3307 1486 3423 1526 om-

153 1557 302 1619 ooput
322 1568 536 1618 meum,
569 1560 616 1607 ct
643 1558 786 1608 sicut
803 1572 942 1609 onus
963 1572 1128 1624 graec
1151 1564 1552 1630 gravatesunt
1575 1579 1740 1630 super
1820 1572 1934 1609 DPS.
1961 1557 2183 1610 Interea
2206 1559 2334 1627 jure
2356 1557 2627 1628 quaeritur
2651 1558 2930 1628 quomodo
2945 1559 3146 1629 jugum
3177 1559 3423 1630 Evange-

151 1655 226 1692 τηε
259 1639 437 1711 (Psat.
471 1657 674 1709 xxxvii,
699 1643 776 1706 5).
823 1644 933 1698 Sed
983 1651 1040 1699 et
1081 1647 1166 1700 lex
1218 1663 1386 1717 grave
1428 1665 1569 1703 onus
1599 1656 1739 1718 erat,
1825 1643 1883 1700 lii
1912 1645 2030 1698 leve
2059 1645 2296 1711 dicatur,
2331 1653 2387 1700 et
2425 1652 2699 1717 praecepta
2746 1647 2942 1716 gratia:
2995 1647 3160 1710 levia.
3195 1663 3323 1700 cum
3359 1647 3419 1702 in

150 1727 282 1781 sicut
301 1729 517 1784 Pctms
544 1730 732 1805 docee:
759 1734 910 1800 Quod
930 1749 1026 1788 nec
1057 1751 1169 1800 ηας,
1204 1735 1405 1806 inquit,
1440 1754 1536 1792 nec
1557 1745 1744 1807 patres
1762 1755 1804 1813 Β
1825 1732 1950 1800 lege
1969 1734 2308 1788 adulterium
2334 1735 2464 1788 etin
2478 1735 2776 1804 Evangelia
2800 1736 3250 1807 concupiscentia
3267 1736 3424 1790 dam-

150 1820 315 1870 ncstri
341 1823 574 1885 poﬂarc
588 1823 871 1888 potuimus
893 1821 1009 1887 (Act
1029 1840 1114 1888 xv,
1133 1825 1329 1891 1.0).Et
1351 1826 1478 1880 ideo
1497 1828 1744 1896 graviter
1825 1828 2024 1888 natur;
2055 1823 2114 1876 in
2155 1840 2264 1894 quo
2294 1839 2396 1876 nec
2425 1823 2588 1877 irasci
2619 1823 2981 1894 permittitur,
3009 1841 3192 1895 neque
3217 1841 3420 1897 repen-

145 1903 426 1960 laboribus
463 1907 750 1978 fatigatos,
781 1914 974 1980 533
1018 1912 1104 1966 vel
1133 1913 1398 1968 oneribus
1447 1915 1741 1986 depressos
1825 1910 1956 1964 dere
1994 1911 2202 1964 malum
2233 1929 2334 1982 pro
2366 1911 2528 1966 malis
2561 1931 2573 1979 ;
2617 1912 2869 1982 quinimo
2923 1913 3094 1967 etiam
3126 1913 3273 1968 bona
3313 1929 3418 1985 pro

147 1991 580 2065 benignissimus
605 1997 864 2052 Salvator
892 1999 963 2053 ad
982 2016 1043 2054 se
1071 2007 1248 2066 vocat,
1281 2019 1348 2056 ea
1372 2005 1563 2058 omnia
1593 2004 1742 2058 abla-

147 2086 312 2150 turus,
337 2089 568 2139 tantum
590 2091 655 2139 ut
668 2087 868 2156 jugum
893 2089 1016 2158 ejus
1038 2106 1224 2155 suave,
1259 2097 1316 2146 et
1343 2108 1483 2146 onus
1504 2093 1622 2146 leve
1643 2111 1739 2148 su-

147 2171 401 2242 scipiant,
426 2174 743 2243 juxtaillud
763 2175 923 2230 Isaiae
953 2177 1048 2230 ubi
1073 2179 1153 2232 ait
1180 2193 1191 2226 :
1223 2181 1480 2247 Cognovit
1512 2184 1599 2235 bos
1624 2201 1741 2252 pos-

147 2276 393 2314 sessorem
421 2269 670 2322 suamet
697 2267 888 2318 asinus
914 2281 1146 2335 prascpc
1175 2269 1393 2323 domini
1419 2273 1512 2323 sui
1544 2272 1669 2335 (lsa.
1695 2287 1736 2339 ι,

149 2346 212 2411 3).
241 2350 391 2413 Quia
415 2367 522 2422 per
545 2349 741 2406 bovem
765 2353 1138 2422 designantur
1163 2357 1360 2423 Judaei,
1396 2359 1491 2429 qui
1521 2361 1738 2430 gravis-

148 2438 336 2492 simum
367 2444 666 2495 traxerunt
678 2441 878 2512 jugum
905 2443 1063 2512 legis,
1084 2451 1140 2498 et
1171 2462 1272 2516 per
1299 2447 1539 2513 asinum,
1560 2449 1740 2518 genti-

149 2526 263 2580 litas
281 2533 346 2582 et
363 2527 786 2596 irrationabilis,
811 2530 998 2585 nimiis
1015 2540 1243 2588 onerata
1269 2535 1612 2590 criminibus.
1633 2537 1740 2592 Vo-

148 2622 335 2670 cantur
364 2616 615 2688 primum
659 2623 726 2672 ut
752 2619 976 2673 veniant
1013 2621 1083 2674 ad
1121 2623 1310 2688 ﬁdem,
1349 2630 1406 2696 et
1433 2625 1742 2696 suscipiant

149 2706 366 2776 utrique
380 2706 644 2777 speciale,
667 2707 842 2762 Judmi
864 2709 1072 2763 scilicet
1101 2711 1308 2766 laboris
1329 2714 1476 2782 quod
1507 2714 1586 2768 eis
1616 2730 1740 2786 pro-

145 2794 311 2862 prium
333 2800 448 2860 est,
482 2801 541 2849 et
569 2801 766 2865 gentes
795 2813 963 2850 onere
995 2801 1336 2854 camelorum
1364 2802 1637 2873 deposito,
1655 2805 1737 2858 le-

145 2882 360 2937 vitatem
392 2884 850 2939 mansuetudinis
887 2886 1115 2940 Christi.
1159 2888 1276 2943 Hoc
1305 2890 1510 2964 quippe
1533 2893 1735 2964 jugum

1823 1999 1985 2053 malis
2013 2000 2357 2070 impendere,
2382 2005 2440 2054 et
2455 2016 2620 2054 orare
2639 2017 2739 2076 pro
2767 2001 3012 2056 inimicis
3035 2001 3214 2072 jubet.
3241 2002 3415 2056 Porro

1821 2087 1878 2142 in
1909 2089 2030 2158 lege
2059 2105 2229 2160 opera
2256 2088 2641 2160 requiruntur,
2672 2106 2795 2160 quae
2809 2090 3108 2161 Apostolus
3135 2090 3270 2144 dicit
3290 2105 3418 2161 por-

1822 2183 1944 2230 tare
1969 2194 2082 2231 non
2101 2178 2348 2248 potuisse
2371 2178 2591 2232 Iudaeos
2625 2195 2636 2230 :
2671 2177 2731 2232 in
2755 2179 3053 2249 Evangelio
3083 2195 3211 2234 vero
3241 2179 3415 2233 etiam

1823 2265 1924 2318 etsi
1953 2266 2210 2320 effectum
2241 2283 2354 2320 non
2385 2266 2664 2336 habuerit,
2688 2266 2812 2338 ipsa
2832 2267 3088 2322 voluntas
3105 2267 3417 2339 requiritur

1821 2353 1880 2406 in
1908 2353 2073 2420 bono,
2104 2372 2227 2426 qua:
2257 2355 2572 2426 periclitata
2601 2360 2658 2409 et
2681 2355 2739 2410 in
2774 2355 2923 2410 malo
2953 2357 3274 2412 damnatur.
3303 2356 3414 2412 Sed

1825 2444 1956 2512 quia
1986 2443 2090 2497 sub
2115 2445 2316 2498 timore
2345 2451 2621 2516 praecepta
2660 2446 2800 2516 legis
2827 2451 3140 2508 servantur,
3171 2451 3238 2500 ut
3265 2445 3417 2501 vivat

1821 2533 1988 2586 homo
2006 2538 2224 2587 tantum
2243 2533 2301 2587 in
2327 2535 2426 2593 eis,
2444 2540 2738 2604 propterea
2756 2535 2949 2604 gravia
2967 2535 3416 2607 etimportabilia

1820 2621 2102 2685 dicuntur,
2120 2621 2480 2691 Evangelium
2499 2639 2627 2676 vero
2643 2624 2762 2690 jam
2789 2623 2920 2676 Illiis
2945 2623 3074 2676 data
3092 2623 3413 2694 gratiaque:

1821 2715 1908 2762 est
1937 2709 1991 2762 in
2013 2709 2234 2762 Christo
2253 2711 2281 2763 ,Ι
2287 2726 2404 2776 esu,
2424 2710 2582 2762 valde
2603 2710 2744 2763 levia
2763 2709 3042 2764 videntur.
3060 2710 3222 2780 Legis
3241 2710 3416 2764 timor

1820 2814 2042 2868 pmnam
2071 2799 2258 2865 infert,
2306 2799 2588 2868 Evangelii
2620 2815 2746 2853 vero
2785 2799 3030 2853 Charitas
3051 2799 3409 2865 suavitatem,

1820 2887 1950 2957 quia
1979 2887 2206 2940 omnino
2237 2887 2507 2958 quidquid
2537 2887 2689 2953 libet,
2715 2888 2894 2958 magis
2923 2889 3122 2958 placet.
3151 2887 3296 2942 Nam
3325 2889 3414 2942 lex

145 2975 220 3024 est
239 2971 306 3026 de
319 2988 442 3042 quo
467 2973 728 3048 superius
753 2973 852 3037 ait,
877 2979 940 3028 ut
959 2977 1120 3030 tollat
1142 2978 1522 3050 unusquisque
1542 2997 1732 3035 eorum
1817 2981 2043 3033 terrena
2070 2975 2412 3048 repromittit
2439 2981 2496 3030 et
2528 2977 2881 3046 temporalia,
2909 2977 3272 3047 Evangelium
3300 2993 3414 3031 coe-

145 3061 534 3116 mandatorum
565 3061 665 3116 Dei
703 3070 1000 3137 praecepta,
1049 3081 1165 3119 una
1220 3083 1349 3120 cum
1380 3077 1731 3124 sacramento
1749 3067 1796 3130 ο
1819 3064 1979 3118 lestia
2007 3069 2064 3118 et
2090 3076 2318 3118 aeterna.
2343 3063 2428 3118 Ibi
2449 3065 2569 3119 sine
2594 3065 2711 3118 ulla
2730 3066 3087 3120 miseratione
3111 3067 3415 3121 damnatur

147 3147 340 3212 Cumis,
371 3155 449 3204 ut
475 3156 747 3221 sequatur
773 3151 1078 3210 Christum.
1110 3154 1374 3224 quoniam
1410 3157 1639 3212 hnmilis
1669 3175 1732 3213 ac

1821 3168 1962 3211 reus,
2012 3153 2104 3206 hic
2153 3159 2211 3207 et
2259 3169 2545 3220 converso,
2598 3171 2710 3208 non
2767 3154 2948 3208 solum
2997 3153 3174 3220 venia,
3217 3171 3414 3209 verum

145 3236 282 3291 mitis
309 3243 420 3293 est.
455 3238 852 3294 Blandimenta
890 3241 1168 3312 siquidem
1211 3244 1473 3314 proponit
1498 3246 1732 3300 creden-

145 3324 297 3390 tibus,
328 3332 399 3382 ut
433 3327 658 3382 discant
691 3327 971 3384 abstinere
995 3348 1030 3384 ε.
1059 3331 1221 3386 malis
1249 3338 1308 3386 et
1348 3333 1530 3388 facere
1560 3333 1726 3389 bona.

145 3413 409 3477 Quoniam
442 3415 588 3470 nihil
615 3417 842 3472 suavius
871 3424 957 3473 est
1001 3435 1169 3491 quam
1217 3420 1358 3475 velle
1386 3421 1616 3486 bonum,
1652 3423 1734 3478 ni-

147 3501 318 3574 hilque
345 3504 535 3560 levius
565 3522 732 3576 quam
764 3505 884 3561 sine
913 3505 1148 3563 crimine
1175 3510 1378 3570 vivere.
1409 3527 1600 3565 amare
1621 3529 1736 3566 om-

149 3607 251 3656 nes,
290 3593 484 3648 odisse
517 3595 758 3660 nullum,
805 3605 1014 3651 aeterna
1041 3599 1326 3669 consequi,
1365 3601 1734 3671 praesentibus

148 3695 246 3734 non
279 3681 488 3745 teneri,
523 3683 674 3736 nolle
719 3683 926 3738 inferre
970 3685 1133 3739 alteri
1165 3687 1314 3756 quod
1361 3686 1467 3741 sibi
1499 3687 1736 3759 quisque

149 3785 244 3823 non
269 3772 394 3825 vult
417 3771 565 3825 ﬁeri.

209 3859 270 3912 Et
295 3862 620 3920 invenietis,
655 3861 856 3932 inquit,
889 3866 1134 3931 requiem
1187 3866 1483 3919 animabus
1519 3869 1732 3922 castris.

147 3945 718 4020 Animabusequidem
730 3949 886 4016 dixit,
900 3956 958 4004 ct
979 3967 1093 4005 non
1112 3952 1453 4025 corporibus,
1469 3955 1735 4024 quoniam

148 4034 647 4106 impmsentiarum
695 4055 930 4110 corpora
979 4041 1320 4106 cruciantur,
1353 4047 1418 4096 ut
1453 4043 1658 4096 anima:
1701 4061 1734 4098 a

149 4123 280 4179 vitiis
321 4126 684 4198 requiescant
710 4134 768 4181 ct
822 4127 1107 4183 laboribus
1151 4130 1320 4204 huius
1366 4131 1572 4186 saeculi.
1607 4133 1732 4186 Non

147 4214 279 4281 quod
317 4216 381 4270 in
415 4215 614 4270 futuro
642 4217 811 4271 etiam
835 4223 891 4272 et
919 4234 1048 4272 caro
1076 4235 1190 4273 non
1217 4219 1293 4290 sit
1321 4221 1635 4290 reparanda
1659 4221 1732 4276 ad

147 4303 408 4372 requiem,
427 4305 528 4358 sed
549 4310 614 4359 ut
643 4305 829 4360 anima
847 4307 965 4377 jam
987 4305 1078 4361 hic
1105 4307 1162 4362 in
1185 4307 1364 4362 Deum
1395 4309 1728 4380 requiescat,

1813 3242 1982 3296 etiam
2009 3242 2195 3312 gratia
2222 3248 2524 3314 praestatur
2551 3248 2607 3296 et
2651 3242 2898 3314 adoptio.
2933 3243 3093 3297 Unde
3121 3243 3256 3314 quia
3279 3243 3414 3298 duo-

1813 3329 1918 3384 bus
1932 3332 2226 3402 praeceptis
2250 3337 2369 3386 tota
2391 3332 2474 3386 lex
2495 3338 2551 3386 et
2571 3333 2856 3403 prophetae
2874 3331 3272 3403 adimplentur,
3289 3348 3414 3402 per-

1816 3419 1934 3472 ficit
1959 3421 2144 3488 gratia
2172 3424 2238 3474 ut
2263 3421 2606 3480 charitasﬁn
2635 3437 2747 3490 qua
2765 3420 2955 3474 omnia
2973 3421 3238 3492 pendent)
3263 3421 3414 3476 inte-

1813 3524 1918 3576 gra
1942 3515 2317 3574 conservetur,
2351 3525 2464 3580 qua
2489 3509 2626 3562 nihil
2661 3517 2746 3563 est
2773 3510 3008 3573 dulcius,
3045 3509 3186 3564 nihil
3214 3509 3410 3577 levius,

1817 3597 1956 3650 nihil
1985 3597 2228 3659 suavius,
2253 3615 2318 3651 eo
2346 3598 2495 3668 quod
2525 3597 2799 3651 charitate
2833 3599 2928 3652 Dei
2953 3606 3010 3651 et
3037 3597 3276 3668 proximi
3298 3613 3412 3653 non

1815 3683 1998 3737 solum
2046 3685 2358 3760 premimur
2383 3690 2482 3738 aut
2525 3700 2846 3754 gravamur,
2880 3701 3074 3738 verum
3113 3685 3284 3739 etiam
3323 3685 3414 3740 his

1817 3773 2036 3826 duobus
2071 3772 2385 3846 praeceptis,
2415 3777 2478 3826 ut
2526 3778 2814 3827 consortes
2841 3773 3020 3827 simus
3071 3772 3308 3844 angelis,
3339 3772 3412 3827 ad

1817 3861 2017 3916 coelum
2042 3877 2220 3931 usque
2248 3860 2520 3915 levamur.

1887 3951 2048 4019 (Car.
2071 3950 2216 4015 ΧΠ.)
2243 3952 2307 4004 In
2341 3953 2440 4004 illo
2467 3955 2701 4018 tempore
2727 3951 2866 4004 obiit
2887 3951 3040 4004 Jesus
3068 3951 3288 4004 sabbato
3314 3964 3412 4020 per

1817 4044 1956 4092 sata.
1977 4039 2138 4102 Quod
2156 4039 2375 4092 Hamis
2393 4043 2452 4092 et
2479 4039 2656 4092 Lucas
2671 4037 2914 4109 idipsum
2938 4043 3192 4107 narrant,
3208 4039 3306 4093 sed
3327 4038 3411 4092 illi

1815 4127 1920 4181 hoc
1949 4126 2173 4198 speciali
2203 4142 2314 4181 non
2344 4124 2636 4197 assignant
2676 4127 2940 4204 tempori.
2987 4127 3148 4182 Unde
3176 4132 3412 4198 apparet

1816 4215 1964 4286 quod
2009 4215 2305 4270 Mattheus
2365 4215 2456 4269 hic
2510 4216 2766 4270 ordinem
2817 4215 3092 4288 temporis
3143 4215 3408 4282 servavit,

1815 4303 2038 4374 quando
2091 4304 2382 4376 respondit
2429 4305 2637 4359 .lesus:
2694 4304 2962 4372 Conﬁteor
3009 4306 3130 4373 tibi,
3179 4306 3414 4360 Domine

143 4387 194 4442 in
232 4406 340 4461 quo
381 4409 520 4447 vera
572 4399 660 4448 est
685 4394 924 4464 requies,
961 4401 1020 4448 et
1065 4395 1352 4450 reﬁciatur
1385 4395 1546 4451 bonis
1574 4385 1794 4452 cmle-D
1813 4395 1992 4456 Pater,
2019 4397 2077 4446 et
2095 4393 2376 4464 deinceps,
2393 4410 2458 4447 ex
2479 4409 2589 4464 quo
2609 4393 2878 4448 narrandi
2905 4393 3161 4448 ordinem
3187 4399 3414 4448 secutus

147 4479 311 4534 stibus
340 4481 617 4552 quotidie,
649 4499 718 4537 ne
741 4482 1027 4538 laboribus
1055 4484 1290 4554 fatigata
1321 4484 1379 4538 in
1398 4485 1486 4538 via
1508 4491 1565 4540 et
1583 4502 1734 4557 pres-

147 4568 280 4622 saris
307 4569 553 4625 deﬁciat.
587 4571 696 4625 Sed
719 4571 897 4626 Judaei
927 4577 985 4626 et
1009 4579 1207 4642 gentes
1246 4573 1412 4628 simul
1439 4590 1612 4630 unum
1635 4576 1734 4646 ju-

144 4671 267 4724 gum
304 4658 451 4714 ferre
475 4658 770 4730 jubentur,
810 4661 1103 4729 oonvincti,
1135 4666 1194 4716 et
1231 4662 1482 4729 connexi,
1516 4662 1630 4718 bini
1669 4679 1734 4718 ac

145 4741 270 4810 bini,
301 4749 424 4802 loco
457 4749 770 4814 charitatis,
803 4756 1081 4820 quatenus
1119 4752 1339 4805 semina
1364 4750 1518 4806 verbi
1547 4753 1730 4808 elabo-

148 4839 323 4889 rantes
372 4836 431 4890 in
459 4837 762 4908 Evangelio
791 4837 1019 4894 uberius
1056 4845 1328 4908 crescant,
1360 4846 1418 4894 et
1454 4849 1731 4912 augeatur

143 4924 328 4977 messis
374 4923 681 4991 Dominica,
715 4943 842 4981 cum
885 4927 1231 4983 incremento
1271 4929 1516 5000 frugum.
1567 4931 1726 4995 Quod

144 5009 396 5066 nimirum
419 5015 716 5069 suavitatis
737 5016 960 5086 jugum,
981 5032 1115 5072 crux
1142 5023 1247 5084 est,
1280 5024 1344 5072 ut
1380 5018 1515 5084 dixi,
1544 5019 1726 5090 ipsius

145 5096 642 5167 Salvatoris.Quam
663 5108 729 5158 ut
753 5107 898 5159 terre
918 5106 1198 5177 possimus
1215 5122 1343 5161 mox
1372 5107 1542 5162 infert
1562 5108 1724 5162 disci-

142 5185 336 5254 plinam
367 5190 540 5262 ipsius
569 5193 786 5248 Crucis.

199 5277 413 5343 Discite,
445 5281 650 5352 inquit,
683 5298 718 5334 a
763 5299 848 5337 me
884 5287 1020 5352 quia
1049 5288 1203 5338 mitis
1233 5301 1359 5339 sum
1391 5289 1441 5339 ct
1492 5286 1727 5340 humilis

142 5367 300 5420 corde.
334 5369 600 5440 Alioquin
618 5385 785 5425 nemo
801 5372 912 5426 nisi
939 5373 1170 5427 humilis
1196 5373 1343 5428 ferre
1372 5378 1558 5444 potest
1576 5374 1724 5445 quod

137 5451 300 5520 jubet,
331 5455 440 5512 nisi
469 5459 623 5514 mitis
650 5460 768 5514 hac
797 5460 986 5515 omnia
1016 5477 1139 5533 quae
1183 5462 1362 5517 crucis
1389 5468 1523 5517 sunt
1561 5463 1726 5517 susti-

143 5555 281 5598 nere.
311 5545 523 5604 Idcirco
551 5547 766 5605 discere
785 5549 1018 5605 mandat
1035 5567 1073 5604 a
1100 5567 1181 5620 se,
1216 5567 1330 5606 non
1351 5552 1627 5607 mundum
1645 5551 1726 5606 fa-

1814 4486 1918 4547 est,
1951 4486 2011 4535 et
2029 4481 2153 4536 ideo
2182 4483 2474 4554 signanter
2501 4483 2608 4540 ait:
2641 4485 2709 4537 In
2727 4484 2824 4538 illo
2845 4487 3079 4553 tempore
3100 4485 3412 4537 abiz'tlcsm

1807 4586 1910 4638 per
1940 4576 2081 4624 sata.

1880 4660 2154 4727 Discipuli
2197 4663 2382 4712 autem
2422 4662 2538 4727 eius
2567 4661 2866 4713 esurientes
2904 4664 3178 4728 coeperunt
3215 4663 3413 4716 uouere

1809 4750 1984 4816 spicas
1995 4751 2044 4800 ct
2065 4748 2425 4801 nmnduoarc.
2446 4747 2552 4802 Ubi
2575 4747 2720 4801 mira
2736 4753 2923 4814 533
2943 4747 3046 4802 Dei
3063 4748 3412 4820 dispensatio

1809 4835 2214 4890 consideranda
2229 4840 2334 4902 est,
2353 4841 2409 4890 et
2418 4842 2578 4906 gesto
2584 4851 2709 4890 rum
2721 4837 2857 4890 ordo
2866 4852 2971 4890 con
2977 4837 3220 4891 tuendus
3231 4853 3406 4908 quam

1809 4925 2107 4996 doquidcm
2139 4924 2208 4979 ab
2235 4941 2300 4979 eo
2330 4927 2449 4980 loco
2469 4923 2566 4980 ubi
2593 4925 2674 4980 ait
2702 4945 2714 4980 :
2751 4927 2936 4980 Messis
2955 4928 3176 4994 quidem
3199 4931 3400 4993 multa,

1807 5017 2053 5084 operarii
2069 5019 2256 5068 autem
2273 5017 2442 5084 pauci
2466 5016 2675 5083 (Matth.
2699 5014 2885 5082 Ix,37;
2907 5015 3032 5069 Luc.
3055 5031 3108 5082 x,
3124 5015 3202 5084 ‘2),
3226 5031 3406 5086 usque

1807 5103 1877 5156 ad
1905 5103 2054 5156 hunc
2075 5103 2272 5168 locum,
2298 5103 2590 5174 multiplex
2614 5102 2870 5158 doctrina
2889 5103 3160 5158 exuberat
3180 5109 3402 5158 sentcn-

1806 5192 2037 5247 tiarum.
2069 5192 2220 5256 Quas
2257 5209 2392 5246 sane
2422 5193 2751 5256 sententias,
2785 5197 2954 5264 prout
2979 5193 3155 5264 potui,
3185 5190 3407 5247 brevius

1809 5297 1977 5352 quam
2005 5286 2331 5351 oportuerat
2359 5281 2631 5356 percurri.
2655 5282 2762 5336 Sed
2792 5281 2922 5352 quia
2941 5283 3294 5353 sptendorem
3315 5282 3407 5337 di-

1806 5370 1919 5424 vini
1951 5369 2157 5440 eloquii
2187 5369 2414 5435 habent,
2449 5371 2588 5443 quia,
2614 5371 2910 5444 magnifica
2947 5377 3006 5426 ct
3031 5371 3222 5426 divina
3249 5377 3401 5439 sunt,

1806 5459 2020 5514 nullam
2044 5458 2382 5528 elegantiam
2411 5460 2706 5515 verborum
2737 5460 2988 5525 adhibui,
3009 5477 3111 5516 nec
3141 5467 3408 5517 ornatum

1807 5545 2162 5619 eloquentiae,
2175 5552 2240 5604 ut
2251 5550 2487 5621 pulchra
2503 5554 2652 5605 esset
2663 5554 2723 5604 et
2737 5549 3035 5605 laudabﬂis
3053 5551 3236 5606 oratio
3259 5565 3385 5622 qua
