3918 6176
497 247 606 304 455

1257 242 1316 299 S.
1358 241 1735 298 PASCHASII
1774 226 2136 309 RADBERTI
2171 244 2477 302 ABBATIS
2514 244 3019 304 CORBEIENSIS.

3601 254 3686 313 456

494 367 616 433 sivi,
650 367 748 421 sed
775 370 1019 433 tantum,
1050 370 1117 420 ut
1142 365 1328 421 minus
1352 366 1645 438 capacibus
1678 384 1903 422 sensum
1947 384 2083 441 ape-
2101 375 2145 431 Α
2171 371 2436 436 defensio,
2471 388 2593 442 qua:
2621 372 2800 442 jubet,
2836 389 2907 427 ne
2935 375 3155 426 tantum
3183 372 3370 428 exinde
3396 374 3525 430 foras
3556 379 3688 434 effer-

497 457 700 524 rirem;
723 462 781 510 et
810 456 1012 527 quibus
1036 455 1372 510 informatur
1393 458 1671 526 perfectus
1695 457 1897 510 Christi
1930 458 2091 511 disci-

497 546 664 618 pulus
717 545 1043 616 disciplinis,
1095 545 1285 616 paucis
1332 546 1572 599 ostendi.
1607 547 1769 599 Nunc
1808 564 1936 599 vero
1968 554 2094 616 post

495 640 715 689 tantam
745 633 1180 690 immensitatem
1212 633 1408 687 divina:
1432 635 1740 704 sapientiae,
1776 643 1833 688 et
1862 635 2090 705 profun-

499 723 735 777 ditatem
764 722 1145 793 intelligentia‘.
1166 740 1178 787 ;
1202 722 1460 776 attendat
1486 723 1724 792 diligens
1751 724 1991 785 auditor,
2021 723 2087 776 ad

501 813 649 884 quod
672 829 811 882 Opus
838 818 1124 881 gestorum
1152 810 1280 880 pius
1305 810 1572 880 Magister
1600 811 1925 874 eosinvitat,
1956 828 2095 881 quos

501 900 721 955 edocuit
742 900 860 969 jam
884 900 1115 969 jamque
1146 898 1474 953 esurientes.
1500 899 1565 953 In
1590 901 1707 963 ilto,
1740 898 1940 968 inquit,
1969 903 2098 952 tem-

497 1006 647 1059 pore,
684 1004 748 1041 ac
794 987 839 1040 si
869 988 1098 1052 diceret,
1145 1004 1270 1040 cum
1320 987 1408 1040 his
1454 986 1698 1040 instituti
1736 994 1868 1041 sunt
1912 987 2091 1050 dictis,

499 1080 649 1134 Abiit
676 1080 827 1131 Jesus
853 1092 953 1145 per
1001 1082 1140 1142 sata,
1177 1083 1242 1129 ut
1289 1076 1719 1129 recordarentur
1749 1092 1942 1129 eorum
1972 1092 2094 1145 quae

500 1167 735 1230 dixerat,
768 1165 914 1235 quod
949 1168 1133 1218 messis
1158 1166 1377 1232 quidem
1408 1170 1608 1227 multa,
1638 1171 1696 1218 et
1720 1167 1967 1233 operarii
2003 1181 2095 1217 cs-

499 1262 626 1310 sent
651 1257 836 1324 pauci.
863 1254 949 1307 Ad
979 1254 1081 1306 hoc
1106 1270 1243 1321 ergo
1270 1270 1365 1306 eos
1395 1253 1697 1317 erudierat,
1731 1258 1794 1306 ut
1823 1268 2095 1306 messores

501 1350 691 1399 essent
740 1343 1093 1407 animarum;
1153 1347 1210 1395 et
1245 1342 1391 1411 quod
1436 1342 1531 1395 alii
1579 1341 1733 1413 prius
1784 1340 2098 1395 elaborave-

502 1438 651 1498 rant,
702 1432 810 1503 ipsi
859 1432 977 1500 jam
1025 1436 1318 1484 nieterent.
1364 1431 1520 1484 Unde
1551 1438 1609 1485 et
1659 1430 1766 1501 ipsi
1810 1434 2101 1500 coeperunt

504 1521 737 1585 esurire,
767 1526 815 1573 et
843 1524 1033 1573 vcllcrc
1064 1522 1238 1588 spicas
1284 1520 1679 1591 primitiarum.
1702 1519 1965 1589 Nunquid
1991 1534 2103 1571 non

505 1615 673 1664 antea
697 1625 806 1662 non
831 1608 1167 1673 csurierunt,
1194 1608 1323 1678 quia
1343 1615 1457 1662 tam
1486 1608 1995 1678 signanterdictum
2020 1614 2106 1660 est

2173 465 2315 514 rent.
2351 460 2456 514 Sed
2489 460 2621 531 quia
2647 459 2892 514 sabbatis
2924 464 3079 523 eunt,
3105 466 3162 513 et
3196 461 3424 516 evellant
3453 469 3504 517 et
3532 466 3691 521 confri-

2173 552 2320 607 cant,
2353 545 2423 599 ab
2449 544 2871 598 annulatoribus
2902 545 3039 614 legis
3068 545 3263 599 littene
3291 548 3686 605 condemnamur.

2177 636 2243 688 Et
2260 636 2566 687 notandum
2589 634 2736 703 quod
2759 634 2817 686 in
2842 633 3089 687 sabbatis
3105 634 3203 696 ait,
3222 640 3276 687 et
3296 651 3398 688 non
3420 635 3472 689 in
3489 636 3691 701 sabbato,

2180 722 2310 792 quia
2340 739 2449 775 non
2481 722 2655 775 semel
2687 722 2890 785 solum,
2922 730 2975 774 et
3005 722 3266 781 secundo,
3317 724 3411 775 hoc
3436 740 3519 777 eos
3542 723 3696 778 fecisse

2178 810 2443 875 declarat,
2468 826 2659 864 verum
2681 810 2852 864 etiam
2874 816 2932 864 et
2955 810 3215 881 amplius,
3237 816 3492 880 quatenus
3517 828 3573 865 ex
3598 813 3693 878 hoc,

2179 905 2301 969 post
2332 915 2553 952 omnem
2606 898 3030 952 instructionem
3078 915 3229 952 novae
3268 898 3417 968 legis,
3447 906 3699 969 putesceret

2179 988 2326 1057 quod
2358 987 2634 1041 abolenda
2663 993 2809 1040 esset
2837 988 2923 1040 lex
2950 987 3173 1051 littera},
3199 993 3255 1041 et
3280 988 3526 1041 cessanda
3549 988 3698 1042 obser-

2177 1077 2325 1129 vatio
2357 1076 2593 1137 sabbati.
2627 1076 2897 1139 Quzenam
2944 1075 3254 1130 observatio
3299 1076 3580 1130 communis
3608 1084 3703 1130 erat

2176 1165 2389 1219 homini
2409 1181 2534 1218 cum
2558 1164 2960 1236 peccatoribus,
2977 1170 3033 1218 et
3052 1164 3177 1218 ideo
3193 1165 3488 1219 destruitur
3505 1165 3703 1235 primum

2177 1256 2247 1309 ab
2274 1254 2563 1325 apostolis,
2584 1254 2849 1324 quoniam
2871 1270 3115 1325 praesens
3134 1260 3256 1309 erat
3279 1254 3528 1325 spiritalis
3547 1261 3595 1309 et
3610 1272 3709 1309 vera

2181 1344 2403 1414 requies
2459 1343 2734 1409 Christus,
2770 1360 3041 1414 verusque
3082 1342 3298 1397 sabbati
3340 1343 3603 1398 Dominus.
3632 1344 3710 1396 Cui

2183 1433 2445 1487 dixerunt
2475 1450 2491 1483 :

2249 1525 2428 1591 Quare
2463 1524 2725 1591 discipuli
2755 1524 2841 1574 tui
2871 1523 3090 1589 faciunt
3113 1523 3256 1590 quod
3298 1538 3403 1575 non
3431 1524 3537 1575 licet
3570 1524 3631 1573 eis
3650 1521 3713 1587 fa-

2186 1628 2300 1666 cere
2328 1613 2604 1665 sabbatis?
2634 1611 2695 1665 Id
2724 1617 2811 1665 est
2849 1626 2970 1680 quae
3010 1626 3182 1680 supra
3214 1609 3345 1673 dixi,
3377 1610 3455 1663 ire
3482 1609 3650 1663 vellere
3674 1616 3715 1661 et

509 1699 656 1770 quod
685 1704 819 1751 tunc
875 1697 1119 1768 primum
1172 1698 1445 1767 cmperint
1473 1697 1686 1750 esurire
1710 1698 1733 1749 Ἰ
1776 1684 2169 1749 EsurieruntB
2187 1700 2512 1764 confricare,
2540 1700 2625 1753 vel
2666 1699 2951 1771 quidpiam
2998 1699 3199 1753 facere.
3233 1699 3392 1764 Quod
3418 1699 3539 1769 quia
3557 1698 3715 1768 plurali

508 1787 674 1859 plane
725 1785 818 1839 sed
852 1785 931 1838 sic
957 1785 1145 1838 omnia
1172 1785 1338 1854 gerit,
1359 1791 1421 1838 ut
1452 1786 1617 1855 plena
1636 1786 1750 1839 sint
1773 1785 1994 1854 singula
2021 1801 2107 1836 sa-

506 1874 811 1929 cramentis
870 1873 1143 1943 Loquitur
1187 1874 1334 1927 enim
1383 1873 1590 1945 ubique
1642 1874 1875 1945 mystice
1904 1872 2103 1939 verbis,

508 1964 759 2034 loquitur
778 1962 911 2015 locis
940 1969 997 2015 et
1023 1962 1388 2033 temporibus,
1423 1963 1671 2033 loquitur
1703 1962 1868 2016 rebus
1894 1968 1952 2015 et
1976 1978 2105 2031 ges-

508 2053 581 2106 tis
608 2050 848 2122 provida:
879 2051 1240 2121 operationis.
1280 2052 1581 2122 Propterea
1612 2057 1667 2105 et
1696 2050 1949 2121 discipuli
1981 2056 2109 2120 post

507 2146 724 2194 tantam
756 2140 1177 2195 exuberantiam
1199 2140 1376 2193 divini
1410 2140 1579 2203 verbi,
1600 2147 1724 2211 post
1748 2147 1863 2193 tam
1882 2138 2107 2209 egregia

510 2239 570 2288 ct
599 2232 835 2286 mirifica
854 2231 1234 2285 doctrinarum
1262 2232 1502 2302 eloquia,
1527 2232 1792 2286 dicuntur
1812 2247 1875 2283 ac
1892 2230 1938 2283 si
1964 2246 2105 2282 mes-

508 2339 681 2387 sores,
717 2338 818 2393 per
866 2326 1007 2380 sata,
1040 2320 1097 2374 in
1153 2321 1247 2373 illo
1291 2326 1561 2391 tempore,
1598 2320 1743 2391 quod
1791 2321 1912 2389 jam
1951 2317 2103 2371 Patri

509 2412 625 2466 Deo
653 2409 865 2481 gratias
897 2425 995 2479 pro
1021 2408 1202 2462 salute
1231 2407 1360 2462 data
1382 2408 1663 2478 gentibus,
1687 2407 1972 2461 confessus
1999 2411 2102 2471 cst,

511 2505 577 2553 ut
604 2499 751 2552 idem
783 2514 980 2551 sensus
1001 2497 1293 2567 superiora
1322 2506 1378 2551 et
1401 2498 1694 2567 sequentia
1716 2497 2102 2565 conjungeret.

511 2594 577 2643 ut
608 2587 756 2658 quod
806 2586 1073 2639 docuerat
1123 2586 1381 2657 discipuli
1425 2603 1592 2657 Opere
1630 2586 1992 2655 complerent.
2042 2584 2109 2635 Et

511 2678 638 2732 ideo
657 2693 825 2747 quam
850 2675 1222 2746 dispensative
1243 2676 1452 2730 dictum
1468 2681 1570 2737 est,
1587 2679 1878 2745 coeperunt
1897 2671 2111 2726 esurire

513 2773 570 2820 et
597 2766 801 2819 vellere
830 2764 1027 2835 spicas.
1057 2764 1364 2834 Perpende,
1401 2764 1534 2834 quia
1564 2769 1698 2816 tunc
1723 2762 1966 2833 primum
2001 2758 2112 2811 fer-

511 2872 611 2909 vor
640 2853 931 2908 charitatis
976 2852 1033 2906 in
1061 2852 1141 2905 eis
1185 2852 1351 2922 cmpit
1389 2851 1767 2905 abundantius
1795 2849 2112 2903 animarum

2187 1806 2421 1843 numero
2450 1789 2662 1842 dictum
2715 1794 2800 1842 est
2847 1787 2903 1841 in
2933 1787 3200 1853 sabbatis,
3233 1788 3446 1843 videtur
3475 1786 3603 1857 quod
3627 1785 3717 1839 sine

2188 1878 2543 1933 observantia
2572 1877 2732 1947 legis.
2765 1876 3024 1946 discipuli
3073 1877 3181 1930 ista
3210 1876 3457 1931 fecerunt
3481 1881 3533 1929 et
3555 1876 3605 1929 in
3624 1874 3719 1927 aliis

2188 1968 2453 2022 sabbatis.
2475 1967 2584 2022 Sed
2613 1966 2883 2021 Dominus
2908 1982 3009 2036 pro
3030 1965 3319 2036 discipulis
3339 1965 3533 2020 Iudaeis
3555 1964 3719 2018 calamo

2187 2056 2475 2111 niantibus
2504 2055 2793 2126 respondit
2822 2079 2833 2112 :

2259 2148 2295 2200 A
2310 2162 2346 2198 η
2368 2162 2478 2199 ηοη
2504 2148 2707 2211 legistis
2729 2145 2866 2213 quid
2884 2145 3060 2198 David
3078 2144 3290 2211 fecerit,
3314 2144 3522 2213 quando
3548 2143 3721 2203 csuriit,

2187 2240 2233 2288 et
2254 2238 2353 2303 qui
2370 2251 2493 2287 cum
2517 2250 2573 2286 eo
2595 2238 2783 2295 crant;
2806 2234 3071 2301 quomodo
3088 2235 3327 2286 intravit
3342 2235 3401 2285 in
3421 2233 3620 2285 domum
3633 2230 3721 2289 Dei,

2187 2329 2233 2376 et
2259 2339 2427 2392 panes
2442 2324 2831 2390 propositionis
2854 2323 3082 2375 comedit
3098 2326 3294 2387 540
3312 2337 3439 2389 quos
3456 2334 3556 2373 non
3579 2317 3729 2371 licebat

2190 2416 2240 2466 ei
2259 2414 2429 2469 edere.
2452 2426 2621 2478 neque
2650 2411 2735 2463 his
2765 2413 2864 2479 qui
2888 2426 3015 2463 cum
3044 2427 3100 2464 eo
3128 2415 3314 2473 erant,
3336 2411 3445 2463 nisi
3466 2411 3581 2462 solis
3597 2421 3732 2460 sacer-

2193 2503 2442 2554 dotibus?
2470 2499 2689 2553 Veteris
2725 2498 2987 2568 objicitur
3016 2498 3146 2551 facti
3191 2497 3514 2560 auctoritas,
3550 2493 3730 2565 quando

2192 2589 2366 2644 David
2395 2588 2612 2659 fugiens
2644 2588 2888 2651 Saulem,
2922 2590 3067 2640 rcnit
3099 2589 3160 2640 in
3188 2588 3334 2640 Nobc
3365 2587 3532 2653 (Ich.
3563 2581 3733 2649 avni).

2195 2678 2289 2732 ubi
2318 2683 2606 2748 susceptus
2635 2675 2705 2729 ab
2725 2675 3045 2730 Abimelech
3070 2675 3365 2729 sacerdote
3396 2671 3663 2745 postulavit
3684 2669 3738 2722 ci-

2195 2767 2351 2831 bum,
2385 2767 2480 2837 qui
2518 2782 2644 2820 cum
2676 2782 2788 2819 non
2835 2764 3069 2818 haberet
3117 2781 3295 2835 panes
3324 2762 3508 2827 laicos,
3535 2759 3670 2816 dedit
3700 2757 3741 2811 ei

2196 2860 2564 2918 consecratos,
2601 2871 2741 2926 quos
2769 2870 2882 2908 non
2918 2852 3124 2907 licebat
3166 2853 3337 2907 edere
3389 2851 3491 2906 nisi
3528 2849 3646 2911 solis
3669 2863 3740 2901 sa-

514 2945 753 2998 salutem
779 2949 1062 3013 appetere,
1082 2958 1145 2995 ac
1176 2942 1411 2995 evellere
1437 2940 1694 2994 homines
1717 2940 1785 2992 de
1809 2936 2039 2999 mundo,
2056 2940 2115 2988 et
2195 2943 2516 2999 cerdotibus
2537 2950 2593 2997 et
2617 2942 2837 2998 Levitis,
2855 2942 2945 2997 Sic
2970 2942 3177 3013 quippe
3190 2942 3248 2995 in
3274 2943 3484 3012 Regum
3508 2935 3743 2993 volumine

515 3033 818 3087 confricare
876 3048 969 3085 eos
1023 3030 1289 3083 doctrinis
1341 3029 1511 3093 verbi,
1543 3035 1610 3083 ut
1644 3028 2107 3082 concalescerent.
2128 3036 2172 3097 δ
2194 3033 2463 3103 scriptum
2490 3031 2747 3102 legimus,
2779 3030 2923 3102 quod
2958 3047 3129 3101 panes
3155 3029 3551 3101 propositionis
3579 3027 3648 3081 eis
3668 3024 3746 3078 de-

517 3126 574 3175 ct
596 3122 856 3191 trajicere
878 3120 934 3173 in
946 3137 1148 3191 corpus
1170 3135 1351 3172 suum.
1369 3124 1433 3171 ut
1456 3117 1622 3172 simul
1645 3116 1895 3170 membra
1907 3112 2115 3169 Christi
2197 3122 2361 3186 derit,
2386 3121 2586 3175 melius
2600 3120 2862 3191 judicans
2891 3118 3146 3173 homines
3174 3119 3397 3190 eripere
3424 3119 3491 3173 de
3516 3115 3659 3171 famis
3677 3129 3748 3184 pe-

516 3212 734 3265 fierent.
782 3211 924 3264 Nam
954 3208 1151 3262 messis
1179 3208 1237 3261 in
1287 3224 1446 3277 agro,
1474 3222 1652 3276 genus
1692 3206 2002 3260 humanum
2032 3206 2118 3255 est
2198 3210 2393 3273 riculo,
2430 3226 2598 3280 quam
2637 3225 2809 3279 panes
2838 3207 3052 3261 oblatus
3084 3208 3197 3262 Deo
3225 3208 3336 3261 sibi
3368 3208 3601 3277 suisque,
3644 3202 3750 3273 quia

517 3300 575 3352 in
604 3298 832 3353 mundo.
862 3297 1104 3352 Sabbato
1136 3313 1264 3350 vero
1287 3296 1381 3366 qui
1412 3296 1612 3348 viando
1636 3295 1894 3349 esuriunt
1921 3298 1979 3348 et
2005 3295 2116 3348 vcl-

518 3388 644 3442 lunt
670 3387 872 3459 spicas.
892 3387 1069 3440 otium
1100 3390 1256 3439 estet
1287 3384 1506 3454 requies
1526 3384 1595 3437 ab
1624 3383 1775 3438 omni
1805 3401 1972 3455 opere
1986 3403 2121 3456 prm-

518 3485 693 3534 sentls
705 3476 886 3532 saeculi
898 3516 909 3529 .
923 3476 1235 3541 :1‘39Non
1246 3478 1533 3544 torpentes
1548 3473 1803 3543 ignaviaJ
1813 3474 2117 3536 uda-eorum.

517 3568 615 3623 sed
647 3568 859 3621 viantes
885 3565 952 3618 ad
985 3562 1244 3634 patriam,
1278 3562 1702 3632 esurientesque
1728 3564 1967 3616 salutem
1994 3564 2119 3617 ani-

518 3672 760 3717 marum,
788 3661 845 3708 et
873 3653 1170 3707 evellentes
1193 3669 1287 3706 eas
1314 3669 1348 3705 a
1369 3651 1608 3705 terrenis
1633 3652 1847 3704 actibus
1878 3669 2119 3722 quarum

519 3763 579 3801 se
608 3746 790 3799 salute
817 3742 1074 3813 discipuli
1095 3741 1364 3795 festinant
1382 3740 1882 3810 satiare.Alioquin
1906 3741 2118 3795 homini

518 3852 630 3889 non
663 3834 803 3888 satis
845 3831 1107 3902 congruit
1131 3831 1285 3885 cibus
1314 3831 1615 3901 spicarum,
1650 3846 1831 3899 neque
1855 3830 2116 3899 decepta-

519 3945 644 3983 rum
675 3945 803 3982 esus
833 3926 987 3980 utilis
1011 3930 1097 3978 est
1125 3923 1447 3978 aristarum.
1475 3922 1571 3976 sed
1597 3923 1762 3975 ﬁdem
1792 3921 1965 3976 futuri
1987 3921 2119 3975 facti

511 4018 632 4087 jam
663 4016 875 4086 species
928 4013 1283 4083 exsequitur;
1319 4018 1374 4065 et
1401 4011 1577 4064 virtus
1608 4010 1901 4081 interjecta
1927 4010 2119 4064 verbo-

520 4120 646 4157 rum
678 4108 1091 4156 sacramentum
1128 4098 1451 4153 esuritionis
1480 4105 1538 4153 et
1565 4099 1842 4152 satietatis
1862 4098 2115 4152 absolvit.

519 4192 636 4245 Nec
671 4189 924 4252 dubium,
957 4188 1091 4257 quin
1121 4188 1167 4240 si
1188 4188 1385 4257 ipsam,
1409 4204 1533 4256 qum
1561 4187 1701 4239 latet
1719 4187 1775 4240 in
1799 4188 1973 4257 gestis
2004 4187 2122 4242 Sal-

519 4277 749 4337 vatoris.
774 4276 869 4331 ubi
896 4277 978 4328 vel
1009 4275 1121 4337 ubi,
1142 4276 1477 4329 sententiam
1503 4274 1827 4343 diligentius
1849 4276 2121 4345 inspicere

2201 3297 2497 3353 sacrificati
2526 3298 2767 3361 fuerant,
2796 3297 3423 3350 conservare.Decrevit
3438 3296 3575 3350 enim
3599 3290 3749 3365 potius

2202 3387 2341 3441 illud
2372 3387 2604 3458 implere
2630 3385 3015 3458 propheticum
3043 3404 3053 3438 :
3089 3387 3528 3439 Misericordiam
3544 3387 3647 3437 volo
3662 3396 3753 3432 ma-

2202 3480 2286 3544 gis
2307 3493 2471 3545 quam
2498 3478 2833 3542 sacrificium
2858 3475 3068 3529 (Matth.
3094 3488 3186 3537 xu,
3219 3475 3295 3537 7).
3325 3476 3395 3528 Et
3425 3474 3527 3527 hoc
3546 3469 3683 3542 quasi
3709 3468 3752 3520 in

2203 3571 2534 3635 argumento
2592 3580 2802 3629 rerum,
2852 3563 3032 3617 utitur
3089 3562 3282 3617 divina
3339 3562 3623 3634 sapientia,
3649 3557 3754 3612 olim

2204 3654 2353 3724 quod
2377 3658 2596 3723 gestum
2627 3652 2811 3706 fuerat
2839 3651 2897 3705 in
2931 3652 3246 3722 prophetia,
3279 3657 3338 3706 et
3364 3668 3429 3706 ex
3468 3650 3628 3721 ipsius
3657 3660 3753 3717 pro-

2203 3742 2403 3812 phetiae
2458 3741 2676 3794 ratione
2718 3741 2881 3793 docet
2912 3740 3267 3810 apertissime
3298 3739 3437 3795 illud
3467 3740 3624 3809 hujus
3654 3731 3758 3789 facti

2200 3830 2512 3900 exemplum
2563 3829 2752 3884 fuisse.
2812 3830 2938 3883 Non
2969 3828 3140 3891 enim,
3182 3828 3228 3882 si
3262 3847 3377 3883 non
3426 3828 3616 3882 licebat
3640 3821 3753 3884 fieri,

2200 3918 2375 3973 David
2406 3923 2630 3973 sanctus
2653 3918 2902 3972 creditur
2929 3917 3121 3971 fecisse
3138 3917 3259 3971 sine
3281 3914 3637 3971 crimine.Sed
3651 3909 3754 3982 quia

2200 4007 2345 4062 fecit.
2376 4014 2433 4061 et
2458 4007 2579 4061 sine
2607 4006 2857 4061 criminis
2887 4006 3106 4078 piaculo
3134 4008 3376 4077 posteris
3406 4024 3495 4060 res
3535 4009 3676 4075 gesta
3697 3997 3753 4051 ad

2202 4096 2533 4150 memoriam
2589 4096 2851 4165 traditur,
2884 4112 2987 4149 nec
3012 4094 3246 4149 dubium
3276 4095 3417 4165 quin
3447 4089 3754 4166 prophetiam

2202 4185 2381 4255 magis
2410 4184 2601 4247 fuisse,
2626 4190 2691 4238 ut
2718 4185 2836 4255 ipse
2865 4183 3035 4238 David
3060 4200 3186 4237 cum
3207 4184 3326 4238 suis
3353 4183 3585 4254 panibus
3607 4177 3757 4247 exple-

2204 4280 2360 4327 retur
2387 4272 2806 4344 propositionis.
2846 4272 3160 4327 Ostendens
3189 4272 3479 4326 Christum
3511 4284 3629 4324 cum
3663 4262 3757 4318 suis

518 4365 782 4426 volueris,
816 4364 1246 4433 examinareque
1273 4379 1395 4433 quae
1437 4361 1512 4415 sit
1562 4362 1864 4431 singularis
1906 4363 2114 4417 intelli-
2137 4352 2183 4409 D
2200 4363 2466 4433 apostolis
2492 4362 2729 4415 salutem
2754 4361 3007 4431 gentium
3034 4360 3296 4427 esurisse,
3312 4360 3383 4415 de
3405 4359 3601 4431 quibus
3616 4366 3757 4424 supra

517 4455 729 4527 gentia,
764 4453 1011 4509 invenies
1066 4470 1176 4506 non
1207 4458 1423 4506 tantam
1478 4468 1599 4505 esse
1629 4468 1743 4505 rem
1777 4469 1898 4523 quae
1943 4459 2031 4507 est
2058 4453 2115 4507 in

519 4561 658 4599 sono
683 4544 829 4598 vocis
859 4542 1301 4611 uniuscuiusque
1330 4539 1573 4610 generis,
1606 4548 1816 4610 quanta
1843 4547 1976 4594 sunt
2002 4558 2118 4613 my-

520 4634 693 4688 steria
736 4651 858 4704 qua:
888 4634 1041 4687 intus
1088 4632 1284 4695 latent,
1323 4630 1368 4684 si
1401 4634 1618 4683 remota
1661 4629 1829 4683 vestis
1886 4630 2056 4684 fuerit
2082 4647 2117 4684 a

518 4727 847 4793 tegumento
904 4721 1124 4783 litterae,
1155 4726 1219 4773 ut
1242 4719 1394 4773 nuda
1432 4718 1603 4771 videri
1638 4724 1693 4771 et
1720 4719 2116 4788 comprehendi

519 4811 696 4882 possit
719 4810 988 4864 veritatis.
1008 4810 1186 4864 Tanta
1209 4808 1413 4879 quippe
1429 4814 1514 4861 est
1533 4807 1760 4861 solertia
1790 4806 1961 4860 divini
1990 4824 2118 4877 ope-

518 4900 617 4963 ris,
650 4905 708 4953 et
757 4898 1032 4969 sapientia
1086 4897 1410 4957 Salvatoris,
1443 4902 1508 4949 ut
1536 4895 1797 4949 omnibus
1825 4893 1992 4948 rebus
2032 4895 2116 4947 lo-

518 4994 727 5059 quatur
748 4993 805 5041 et
832 4987 1011 5049 factis,
1032 4986 1119 5039 his
1141 4985 1234 5055 qui
1265 4984 1371 5038 sibi
1397 4985 1635 5039 salutem
1668 4982 2001 5052 investigare
2026 4999 2118 5036 cu-

515 5078 696 5147 piunt,
729 5082 786 5130 et
811 5076 1063 5146 accipere
1102 5075 1500 5128 Verumtamen
1530 5074 1662 5144 quia
1684 5078 1982 5126 vescuntur
1995 5071 2112 5142 spi-

514 5183 707 5221 caium
753 5164 1025 5219 defricata
1074 5162 1352 5226 manibus,
1413 5162 1719 5233 turgentia,
1775 5161 1886 5214 vita
1927 5166 2113 5214 auste-

515 5255 652 5309 ritas
673 5253 1019 5325 designatur,
1044 5258 1101 5306 et
1122 5251 1387 5305 indicium
1407 5257 1493 5305 est
1511 5251 1733 5305 virtutis
1754 5249 2111 5322 parcimonim

513 5342 612 5396 ubi
633 5359 745 5397 non
778 5341 1113 5413 praeparatio
1137 5340 1522 5403 escarum,sed
1553 5339 1833 5410 simplices
1857 5356 2107 5410 quaerun-

511 5436 609 5486 tur
631 5430 757 5484 cibi.
788 5430 949 5495 Quod
995 5437 1184 5484 autem
1213 5428 1282 5482 de
1326 5428 1509 5482 alieno
1543 5429 1732 5483 labore
1766 5429 1948 5501 spicas
1978 5445 2110 5499 apo-

511 5518 641 5576 stoli
659 5518 886 5585 tollunt,
900 5522 957 5572 et
974 5532 1330 5587 nequaquam
1350 5516 2004 5587 reprehenduntur,legis
2023 5520 2111 5569 est

2196 4451 2414 4505 dixerat
2442 4468 2459 4502 :
2490 4453 2671 4505 .llcssis
2700 4453 2919 4518 quidem
2953 4454 3153 4515 multa,
3177 4457 3234 4504 et
3253 4450 3479 4503 easdem
3508 4463 3603 4518 per
3634 4444 3756 4514 ipsos

2197 4540 2254 4594 in
2276 4557 2478 4610 corpus
2491 4538 2745 4594 Ecclesia:
2763 4538 3065 4608 trajecisse.
3082 4540 3157 4593 Ex
3179 4555 3288 4609 quo
3314 4538 3530 4609 liquido
3548 4535 3753 4591 constat»

2198 4629 2336 4683 nihil
2393 4630 2451 4682 in
2509 4628 2675 4683 rebus
2702 4646 2737 4682 a
2784 4628 3070 4682 Salvatore
3097 4628 3271 4697 gestis
3300 4627 3589 4681 inventum
3634 4616 3758 4692 quod

2197 4734 2309 4771 non
2338 4717 2509 4771 fuerit
2534 4723 2700 4771 antea
2729 4716 3077 4788 praedictum.
3122 4718 3190 4770 Et
3218 4715 3337 4786 ipse
3370 4716 3440 4769 de
3469 4731 3527 4769 se
3568 4707 3760 4779 singula

2197 4807 2276 4859 sic
2294 4805 2552 4868 assumit,
2566 4822 2632 4858 ac
2646 4805 2692 4858 si
2707 4805 2931 4877 prOpria
2950 4821 3064 4859 sua:
3085 4804 3430 4877 operationis
3447 4796 3756 4857 testimonia,

2198 4910 2307 4965 quo
2323 4894 2508 4947 hostia
2531 4893 2817 4965 placabilis
2838 4892 3127 4947 hominum
3149 4893 3301 4945 salus
3320 4899 3427 4947 est.
3456 4891 3523 4943 Et
3542 4889 3655 4942 ideo
3676 4885 3761 4936 hoc

2199 4983 2390 5037 inloco
2411 4983 2673 5054 prOponit
2702 4989 2760 5036 et
2786 4981 3142 5036 dicitJudaeis
3167 4977 3632 5035 calumniantibus
3645 4969 3761 5027 illud

2195 5088 2258 5125 ex
2302 5073 2441 5143 lege,
2474 5089 2538 5126 ac
2566 5073 2614 5126 si
2639 5077 3039 5140 argumentum
3069 5087 3178 5141 quo
3230 5070 3308 5124 rei
3355 5075 3530 5139 gesta:
3585 5063 3762 5117 veritas

2193 5162 2635 5216 commendatur.
2671 5161 2840 5224 Quasi
2864 5161 3094 5226 diceret,
3127 5159 3272 5230 quod
3293 5157 3341 5211 si
3373 5156 3547 5211 David
3562 5154 3763 5207 sanctus

2194 5256 2298 5313 est,
2332 5256 2390 5304 et
2417 5249 2739 5304 Abimelech
2769 5250 3015 5320 pontifex
3040 5266 3072 5302 a
3113 5247 3264 5302 vobis
3286 5249 3418 5317 jure
3450 5260 3557 5299 non
3602 5254 3765 5310 repre-

2192 5336 2488 5401 henditur;
2521 5334 2776 5406 quinimo
2803 5335 2942 5404 legis
2973 5340 3208 5405 uterque
3238 5331 3567 5386 mandatum
3590 5322 3765 5399 proba-

2194 5425 2289 5479 bili
2315 5424 2668 5479 excusatione
2708 5439 2820 5478 non
2850 5423 3087 5478 violasse
3114 5423 3363 5485 docetur,
3396 5435 3501 5474 cur
3530 5412 3764 5473 eamdem

2190 5514 2396 5568 famem
2416 5529 2525 5567 non
2540 5511 2932 5585 approbatisin
2954 5510 3243 5582 discipulis
3266 5505 3448 5563 meis?
3474 5500 3766 5578 praesertim
