3918 6176
203 245 306 302 4Ξῦ

968 241 1347 298 EXPOSITIO
1386 243 1463 298 IN
1502 239 1945 298 MATTHIEUM.
1994 269 2053 281 -
2096 240 2232 296 LIB.
2272 240 2368 307 VI,
2411 241 2570 297 CAP.
2612 242 2736 297 XII.

3364 244 3468 303 458

202 384 328 423 cum
360 368 612 422 maxima
639 367 714 422 sit
738 366 1003 423 distantia
1039 366 1187 421 inter
1213 372 1517 438 utrumque
1546 368 1626 421 rei
1657 384 1797 440 opus
1814 370 2151 433 Acessante,
2182 366 2303 420 sola
2322 364 2572 421 bonitate
2599 368 2702 423 Dei
2731 367 3029 435 salvamur,
3060 371 3220 440 cujus
3248 372 3331 426 rei
3374 371 3470 426 do-

200 458 445 524 gestum.
484 452 586 506 llle
609 452 897 523 Siquidem
928 467 1101 523 panes
1133 451 1403 506 Leviticos
1432 451 1691 517 comedit,
1711 452 1803 506 isti

201 542 386 613 spicas
416 540 729 595 confricant
756 540 1047 607 manibus;
1083 540 1176 593 ille
1206 541 1262 594 in
1292 540 1675 606 tabernaculo,
1712 541 1803 595 isti

203 630 260 683 in
290 646 433 699 agro
454 649 467 696 ;
503 630 667 683 illein
687 629 776 683 die
797 628 1253 685 Neomeniarum.
1270 629 1493 699 quando
1515 630 1667 683 locus
1683 630 1805 699 ejus

204 718 472 789 apparuit
504 734 709 772 vacuus
731 718 802 772 ad
835 734 1088 771 mensam
1135 717 1304 786 regis,
1337 717 1430 771 isti
1463 718 1520 771 in
1553 717 1805 783 sabbato,

206 808 275 861 ad
308 807 673 877 praesagium,
701 806 930 870 feriato;
964 806 1057 859 ille
1080 806 1246 859 homo
1268 807 1679 871 tantummodo,
1707 824 1809 877 ego

206 896 360 950 Deus
389 901 448 949 et
477 896 643 949 homo
670 914 682 961 ;
716 895 809 949 ille
837 911 964 949 cum
993 894 1110 949 suis
1155 894 1424 949 militibus
1455 896 1696 949 terrenis
1722 896 1810 950 di-

208 985 427 1038 micans
457 984 659 1037 armis:
696 984 787 1037 isti
811 983 967 1037 missi
998 1000 1031 1037 a
1062 984 1175 1037 Deo
1198 984 1381 1050 Patre,
1406 990 1463 1038 et
1489 1001 1523 1038 a
1542 1001 1649 1050 me,
1674 1001 1811 1056 prae-

209 1073 511 1136 dicatores,
542 1076 606 1126 ut
636 1077 954 1143 expugnent
999 1074 1220 1125 tantum
1260 1071 1553 1126 duodecim
1588 1073 1811 1126 univer-

209 1177 335 1215 sum
361 1160 578 1214 orbem.
597 1160 732 1224 Quae
760 1160 1025 1214 nimirum
1060 1166 1232 1228 54]
1292 1162 1472 1230 figura
1510 1162 1729 1231 prolata
1754 1161 1811 1216 in

215 1249 535 1318 exemplum
582 1249 753 1302 vincit
799 1249 989 1302 omnia
1035 1248 1491 1319 phiIOSOphorum
1528 1250 1814 1320 epicliere-

216 1345 391 1403 mata,
436 1336 636 1407 quibus
666 1342 1041 1392 contexuntur
1068 1337 1394 1391 verisimilia
1432 1354 1620 1391 rerum
1651 1355 1813 1407 argu-

219 1434 435 1479 menta.
455 1425 732 1488 Quoniam
762 1424 821 1478 in
845 1425 970 1491 hoc,
985 1430 1050 1479 ut
1077 1425 1209 1487 dixi,
1235 1426 1479 1479 exterius
1499 1427 1813 1497 exemplum

217 1514 539 1569 ostenditur
564 1513 1002 1585 apertissimum,
1025 1513 1330 1568 etinterius
1350 1514 1472 1584 ipsa
1496 1515 1699 1568 veritas
1720 1516 1817 1569 diu

214 1603 579 1673 prophetata,
612 1601 811 1665 latens,
841 1601 1127 1671 aperitur;
1156 1601 1291 1655 dum
1321 1608 1380 1655 et
1407 1602 1698 1656 duodecim
1727 1620 1820 1674 pa-

1884 470 2018 509 num
2049 455 2096 509 si
2124 454 2542 519 intellexissent,
2570 472 2860 528 nunquam
2886 456 3352 513 condemnassent
3377 459 3469 514 in-

1885 550 2168 610 nocentes,
2201 543 2258 597 id
2287 549 2374 597 est
2408 544 2708 615 apostolos,
2740 545 2961 601 invidiae
2993 561 3182 600 causa.
3231 546 3472 602 Maxime

1887 649 2035 694 cum,
2065 637 2318 686 cessante
2355 632 2493 702 lege,
2527 632 2802 687 universis
2831 650 2935 704 per
2955 650 3052 688 eos
3079 634 3473 691 misericordia

1889 720 2108 775 novitas
2135 719 2477 774 subveniret.
2504 720 2663 774 Unde
2692 721 2813 775 luce
2841 721 3048 777 clarius
3073 728 3231 794 patet
3253 739 3471 791 sensus,

1892 810 2024 880 quia
2048 809 2250 864 melius
2279 815 2365 863 est
2408 809 2717 863 esurientes
2746 809 3184 865 misericorditer
3224 811 3348 866 cibo
3385 828 3476 866 re-

1892 914 2100 961 creare,
2138 914 2305 968 quam
2336 898 2514 951 otium
2544 896 2771 951 Sabbati
2801 898 3101 952 custodire.

1967 986 2107 1052 Quia
2116 987 2249 1040 Dom
2258 985 2691 1055 inus,inquit,cst
2710 987 2884 1040 Filius
2901 988 3145 1040 hominis
3165 989 3332 1041 etiam
3349 986 3480 1042 Sab-

1896 1076 2028 1139 bati,
2059 1073 2272 1127 scilicet
2300 1072 2555 1127 Christus
2600 1073 2705 1129 Dei
2757 1079 2815 1127 et
2844 1073 3087 1128 hominis
3117 1073 3284 1141 ﬁlius,
3316 1092 3481 1131 verus

1896 1168 1981 1217 est
2021 1161 2297 1216 Dominus
2345 1160 2591 1227 Sabbati,
2625 1161 2721 1232 qui
2762 1179 2874 1215 non
2921 1163 3207 1217 hominem
3256 1168 3485 1235 prapter

1898 1250 2225 1316 Sabbatum,
2249 1250 2346 1303 sed
2376 1248 2680 1303 Sabbatum
2707 1256 2937 1319 propter
2968 1250 3252 1305 hominem
3282 1252 3486 1307 consti-

1898 1339 2007 1392 tuit
2034 1344 2091 1392 et
2117 1337 2343 1391 creavit.
2377 1338 2519 1390 Nam
2549 1341 2608 1390 et
2635 1335 2817 1389 omnis
2845 1337 3010 1390 homo
3034 1338 3164 1407 jure
3183 1338 3308 1393 ideo
3330 1339 3489 1394 vide-

1898 1432 1993 1481 tur
2003 1442 2124 1479 esse
2146 1424 2376 1479 Sabbati
2397 1424 2675 1489 dominus,
2697 1425 2831 1495 quia
2848 1431 3076 1495 propter
3099 1443 3264 1496 quem
3280 1428 3489 1483 factum

1900 1522 1986 1568 est
2013 1513 2338 1578 Sabbatum,
2373 1519 2559 1583 potest
2596 1512 2666 1567 ob
2701 1513 3141 1568 misericordiam
3172 1516 3384 1571 solvere
3406 1518 3491 1572 le-

1903 1603 2100 1673 gitime
2122 1603 2254 1672 jura
2283 1601 2531 1657 Sabbati.
2560 1602 2668 1656 Sed
2691 1602 2856 1673 longe
2874 1602 3041 1656 aliter
3068 1602 3324 1659 Christus
3340 1605 3494 1661 ﬁlius

217 1707 321 1745 nes
355 1689 756 1761 propositionis
799 1689 1091 1743 duodecim
1123 1690 1489 1759 priefigurant
1515 1692 1816 1761 apostolos,
1838 1689 1881 1747 Β
1902 1691 2144 1746 hominis
2168 1692 2296 1761 jure
2328 1689 2653 1744 dominatur
2681 1696 2739 1744 et
2767 1691 3038 1745 Dominus
3065 1696 3154 1745 est
3179 1692 3349 1747 etiam
3364 1694 3499 1749 Sab-

220 1786 280 1833 et
326 1780 533 1832 messis
560 1778 631 1831 de
660 1794 772 1848 qua
810 1794 989 1847 grana
1030 1778 1339 1848 decerpunt
1377 1779 1714 1833 universitas
1740 1786 1822 1834 est

218 1867 502 1939 gentium.
529 1867 700 1920 Porro
715 1866 919 1921 Scribie
934 1872 992 1919 et
1006 1866 1295 1931 Pharisaei,
1319 1883 1384 1920 ac
1403 1867 1448 1921 si
1471 1868 1603 1922 Saul
1628 1868 1821 1932 David,

221 1956 515 2012 Christum
537 1960 956 2025 prosequuntur
971 1955 1199 2024 Regem,
1230 1971 1396 2025 quem
1418 1956 1478 2009 in
1503 1956 1825 2010 Abimelech

225 2045 485 2101 occidere
512 2044 766 2114 gestiunt
784 2044 1122 2115 pontiﬁcem,
1148 2045 1228 2097 ita
1250 2050 1313 2098 ut
1342 2045 1529 2098 Dohec
1550 2046 1609 2099 Id
1619 2062 1830 2100 umaeus

223 2134 434 2189 Judam
464 2138 831 2203 repraesentet
858 2133 914 2186 in
948 2133 1121 2189 facto.

297 2225 426 2277 Non
459 2226 610 2290 legis,
640 2222 844 2291 inquit,
867 2224 927 2275 in
954 2225 1080 2288 lege,
1100 2224 1233 2290 quia
1256 2223 1509 2277 Sabbatis
1538 2225 1833 2277 sacerdotes

228 2316 289 2366 in
324 2312 527 2379 templo
559 2311 857 2366 Sabbatum
894 2312 1108 2363 violant
1141 2312 1506 2378 profanantcs
1540 2328 1666 2365 eum
1715 2315 1835 2365 sine

228 2404 493 2461 crimine;
517 2401 638 2452 dico
664 2404 849 2453 autem
863 2401 1008 2452 vobis
1033 2402 1167 2468 quia
1199 2403 1395 2467 templo
1417 2404 1595 2468 major
1624 2405 1699 2452 est
1725 2401 1831 2453 hic.

227 2488 602 2560 Apertissime
615 2504 710 2541 eos
731 2487 964 2541 revincit
985 2504 1082 2557 per
1104 2487 1326 2557 singula
1345 2488 1563 2541 dierum
1587 2487 1833 2542 Sabbata

232 2577 557 2631 sacerdotes
584 2576 643 2630 in
671 2575 903 2646 Templo
931 2576 1124 2646 pejora
1154 2576 1355 2641 facere,
1378 2582 1436 2630 et
1456 2576 1700 2630 Sabbata
1716 2577 1831 2631 vio-

234 2666 375 2731 lare,
404 2665 764 2718 immolantes
796 2664 1067 2729 victimas,
1103 2664 1378 2718 caedentes
1426 2670 1634 2730 tauros,
1680 2666 1833 2719 holo-

232 2760 589 2809 caustomata
613 2769 784 2823 super
804 2753 1082 2823 lignorum
1114 2759 1327 2807 struem
1358 2759 1645 2823 ponentes,
1671 2754 1833 2807 etin-

235 2843 436 2898 cendio
452 2847 873 2897 concremantes
894 2840 1105 2911 absque
1125 2842 1475 2896 necessitatis
1484 2848 1829 2913 contemptu.

236 2934 313 2985 Ac
343 2931 391 2985 si
421 2931 634 2985 diceret
660 2949 671 2984 :
704 2931 848 2984 Dum
877 2930 1047 2984 aliam
1074 2931 1256 3000 legem
1294 2931 1588 2985 observare
1609 2931 1830 3002 cupitis,

1905 1780 2041 1846 bati,
2058 1780 2323 1850 quoniam
2355 1796 2455 1849 per
2480 1779 2666 1849 ipsum
2686 1778 2877 1833 omnia
2898 1784 3087 1834 creata
3111 1786 3246 1835 sunt
3271 1788 3329 1836 et
3364 1782 3498 1837 sub.

1907 1870 2115 1922 sistunt
2143 1867 2420 1921 universa.
2448 1868 2715 1937 Sequitur
2746 1885 2757 1919 :

1986 1958 2051 2011 Et
2085 1974 2209 2011 cum
2232 1958 2359 2010 inde
2377 1958 2833 2020 transisset,venit
2849 1960 2912 2010 in
2926 1973 3263 2026 synagogam
3287 1976 3498 2015 eorum.

1916 2046 2088 2099 Porro
2110 2045 2288 2098 Lucas
2318 2060 2430 2097 non
2460 2044 2518 2097 in
2550 2044 2744 2097 eodem
2779 2044 3044 2111 Sabbato,
3078 2047 3253 2100 sedin
3284 2048 3396 2102 alio
3415 2065 3503 2103 ve-

1915 2133 2065 2187 nisse
2087 2133 2245 2186 illum
2278 2132 2335 2186 in
2358 2132 2712 2203 Synagogam
2742 2132 2895 2187 dicit.
2935 2132 3040 2188 Ubi
3070 2134 3385 2190 ostenditur
3408 2136 3507 2192 ali-

1917 2238 2056 2293 quos
2084 2220 2404 2275 interfuisse
2434 2220 2574 2286 dies,
2616 2220 2675 2274 in
2716 2220 2921 2291 quibus
2947 2238 3015 2276 ea
3044 2222 3355 2294 disputavit
3382 2242 3505 2296 qua:

1916 2327 2088 2381 supra
2116 2309 2265 2363 dicta
2294 2315 2445 2375 sunt,
2486 2308 2686 2363 deinde
2734 2326 2768 2363 a
2796 2314 2985 2379 segete
3013 2311 3301 2377 transisse,
3345 2318 3405 2368 et
3447 2313 3508 2370 in

1919 2398 2029 2453 alio
2057 2397 2298 2453 Sabbato
2327 2399 2395 2452 de
2421 2414 2557 2468 agro
2584 2414 2929 2469 synagogam
2959 2394 3223 2455 intrasse.

1981 2487 2049 2540 Et
2071 2504 2180 2540 cccc
2194 2488 2351 2539 homo
2373 2503 2609 2540 manum
2637 2487 2839 2541 habens
2858 2489 3107 2542 aridam.
3126 2488 3348 2544 Tertius
3358 2489 3511 2547 deci-

1918 2591 2042 2629 mus
2063 2574 2238 2643 igitur
2259 2575 2365 2628 iste
2390 2579 2476 2628 est
2503 2574 2602 2644 qui
2632 2580 2864 2629 curatur
2891 2575 2950 2629 in
2979 2592 3267 2647 synagoga
3281 2594 3497 2633 eorum.

1918 2664 1986 2717 Et
2002 2663 2311 2717 notandum
2331 2662 2479 2732 quod
2496 2679 2605 2716 non
2626 2664 2683 2717 in
2701 2662 2918 2726 itinere,
2944 2680 3126 2734 neque
3145 2665 3300 2732 foris,
3330 2666 3426 2720 sed
3451 2666 3511 2721 in

1916 2750 2282 2806 conciliabulo
2296 2751 2614 2805 Judzeorum
2638 2750 2733 2805 ubi
2756 2767 2957 2806 manus
2977 2758 3224 2819 aruerat,
3251 2759 3306 2808 et
3327 2759 3512 2825 torpe-

1916 2840 2014 2894 bat
2030 2857 2144 2910 prae
2166 2839 2428 2893 ariditate
2442 2838 2573 2893 boni
2596 2839 2795 2910 operis.
2808 2840 2981 2894 Porro
3002 2839 3061 2895 in
3083 2842 3382 2913 Evangelio
3401 2859 3511 2914 quo

1917 2934 2154 2985 utuntur
2176 2928 2447 2983 Nazareni
2468 2928 2673 2997 legitur
2686 2928 2832 2999 quod
2862 2928 2953 2982 hic
2980 2931 3369 2986 czementarius
3387 2931 3506 2986 fue-

240 3020 553 3075 Sabbatum
572 3020 767 3090 utique
787 3020 1005 3072 violatis
1022 3024 1080 3073 et
1097 3019 1619 3074 destruitis.Verum
1643 3020 1830 3086 etiam,
1854 3004 1898 3062 Ο
1920 3017 2617 3083 rit,istiusmodiauxilium
2631 3023 2854 3088 petens:
2879 3019 3511 3091 Csementariusdnquit,

241 3110 390 3163 sicut
414 3109 471 3161 in
499 3108 611 3162 alio
635 3109 842 3178 legitur
862 3108 1179 3177 Evangelio,
1198 3108 1668 3162 circumcidebant
1700 3126 1837 3180 pue-

242 3215 334 3252 ros
350 3198 409 3251 in
426 3196 691 3261 Sabbato,
712 3202 777 3249 ut
795 3201 985 3249 octava
1008 3196 1098 3249 die
1120 3196 1469 3251 circumcisio
1485 3204 1827 3254 servaretur.

242 3289 387 3342 Nam
429 3286 570 3340 talia
603 3286 660 3339 in
706 3286 826 3355 lege
855 3286 1192 3356 quamplura
1220 3287 1599 3353 inveniuntur,
1634 3305 1699 3341 ex
1729 3305 1839 3358 quo

245 3392 360 3430 non
388 3380 527 3446 puto
557 3374 703 3445 quod
738 3374 887 3444 leges
915 3374 1015 3428 Dei
1055 3374 1162 3428 sibi
1204 3376 1497 3429 contrariae
1548 3376 1678 3429 sint.
1706 3377 1843 3429 Pru-

244 3465 449 3519 denter
478 3472 670 3517 tamen
710 3463 984 3525 Christus,
1022 3463 1116 3533 qui
1155 3469 1241 3517 est
1271 3464 1557 3534 Sapientia
1600 3465 1701 3517 Dei
1744 3466 1845 3519 Pa-

246 3553 494 3618 tris,hoc
514 3552 829 3623 exemplum
853 3552 908 3605 in
940 3553 1161 3605 eosdem
1188 3552 1356 3606 refert
1380 3553 1475 3623 qui
1506 3553 1842 3607 calumniam

247 3644 364 3696 suis
399 3641 717 3695 intulerant
743 3640 1047 3711 discipulis,
1090 3646 1147 3694 et
1162 3640 1421 3711 graviora
1448 3641 1586 3726 legis
1614 3643 1847 3712 opponit

250 3729 564 3802 dispendia,
592 3730 725 3783 licet
744 3728 1040 3783 videantur
1064 3746 1185 3783 esse
1213 3729 1336 3783 sine
1365 3730 1615 3785 crimine.
1640 3730 1847 3801 Propo-

250 3820 401 3874 nitur
428 3819 522 3872 hic
552 3824 755 3883 totum,
788 3823 853 3871 ut
879 3835 1012 3871 suos
1052 3818 1377 3873 innocentes
1406 3818 1751 3890 comprobet,
1781 3824 1845 3873 ut

251 3925 343 3962 eos
364 3908 466 3979 qui
494 3906 983 3961 calumniabantur
1000 3907 1298 3978 apostolos,
1323 3924 1447 3962 reos
1470 3914 1526 3962 et
1552 3909 1746 3979 plenos
1762 3908 1845 3962 in-

253 3998 397 4052 vidia
425 3996 740 4051 convincat.
773 3996 947 4050 Porro
970 3996 1115 4067 quod
1145 3997 1241 4062 ait,
1277 3996 1409 4067 quia
1437 4000 1634 4065 templo
1664 4001 1846 4066 major

253 4092 322 4139 est
369 4089 482 4151 hic,
524 4102 637 4139 non
682 4101 1011 4156 pronomen,
1058 4086 1155 4139 sed
1212 4085 1534 4139 adverbium
1581 4086 1685 4139 loci
1727 4103 1847 4140 esse

1921 3123 2096 3173 eram,
2123 3106 2383 3160 manibus
2400 3105 2603 3160 victum
2625 3106 2945 3176 quaeritans,
2970 3124 3167 3178 precor
3185 3110 3426 3175 te,Jesu,
3450 3115 3516 3165 ut

1923 3196 2060 3250 mihi
2088 3196 2353 3249 restituas
2381 3195 2702 3259 sanitatem,
2736 3211 2807 3249 ne
2834 3196 3079 3266 turpiter
3102 3196 3413 3252 mendicem
3434 3198 3515 3252 ci-

1924 3285 2038 3340 bos.
2067 3285 2201 3349 Quee
2223 3284 2489 3338 nimirum
2510 3299 2709 3338 manus
2726 3300 2903 3355 usque
2933 3284 2992 3338 in
3012 3285 3312 3341 adventum
3330 3287 3520 3343 Salva-

1924 3374 2063 3429 toris
2092 3373 2252 3427 arida
2281 3373 2590 3443 permansit
2616 3373 2673 3427 in
2702 3389 2991 3444 synagoga
3017 3375 3358 3430 Judaaorum.
3404 3375 3515 3433 Sed

1925 3468 2225 3533 postquam
2258 3461 2350 3515 ille
2380 3462 2547 3527 venit,
2577 3462 2793 3529 reddita
2822 3468 2908 3516 est
2934 3462 2992 3516 in
3012 3464 3277 3534 apostolis
3290 3465 3518 3520 creden-

1926 3550 2093 3617 tibus,
2119 3558 2176 3604 et
2201 3551 2427 3604 dextera
2459 3549 2720 3603 restituta
2748 3555 2835 3604 est
2861 3550 3123 3621 operibus
3146 3552 3322 3619 bonis,
3348 3558 3406 3608 et
3420 3552 3518 3609 do-

1927 3645 2062 3695 nata
2089 3644 2174 3694 est
2194 3638 2441 3693 sanitati.

2000 3730 2106 3795 Qui
2120 3745 2185 3782 cu
2195 3744 2246 3780 »η
2259 3730 2483 3781 venisset
2508 3730 2569 3781 in
2580 3743 2859 3795 synagoga
2879 3742 3065 3782 eorum
3076 3768 3089 3793 ,
3098 3731 3380 3798 interroga
3386 3732 3518 3785 bant

1926 3834 2052 3872 eum.
2077 3817 2331 3881 dicentes,
2361 3818 2412 3869 si
2441 3818 2561 3869 licet
2593 3815 2843 3870 Sabbatis
2864 3831 3083 3878 curare,
3112 3821 3173 3869 ut
3193 3824 3518 3873 accusarent

1925 3924 2068 3961 cum.
2094 3905 2314 3959 Marcus
2337 3921 2465 3957 vero
2483 3910 2540 3958 et
2562 3904 2740 3957 Lucas
2760 3909 2995 3957 narrant
3006 3904 3034 3958 J
3040 3921 3197 3959 esum
3216 3922 3312 3959 eos
3328 3906 3516 3962 inter-

1926 4011 2173 4065 rogasse,
2206 3995 2251 4047 si
2273 3993 2403 4047 licet
2421 3991 2677 4047 Sabbatis
2705 3990 2847 4045 bene
2875 3992 3057 4047 facere
3077 3998 3177 4047 aut
3198 3995 3374 4049 male?
3393 3996 3518 4052 ani-

1931 4100 2080 4138 mam
2103 4083 2316 4137 salvam
2334 4082 2515 4135 facere
2535 4086 2634 4135 aut
2644 4081 2903 4151 perdere?
2922 4082 2986 4136 In
3007 4098 3117 4152 quo
3135 4082 3355 4137 videtur
3371 4085 3520 4155 quod

255 4175 482 4229 Graecus
511 4173 758 4227 ostendit
785 4189 990 4238 sermo,
1007 4190 1073 4227 eo
1086 4173 1234 4244 quod
1253 4175 1432 4243 major
1446 4174 1519 4227 sit
1533 4175 1743 4245 templo
1767 4176 1849 4229 lo-
1932 4173 2011 4226 illi
2030 4172 2182 4243 prius
2202 4168 2669 4240 interrogaverint
2689 4169 3005 4236 Dominum,
3030 4176 3220 4236 5.“;
3238 4176 3523 4228 tentantes

255 4280 370 4329 cus,
398 4264 499 4334 qui
528 4261 832 4316 Dominum
861 4262 1053 4333 templi
1087 4268 1278 4316 teneat
1306 4281 1317 4316 :
1352 4268 1409 4316 et
1435 4262 1555 4333 ipse
1582 4263 1851 4317 Dominus
1870 4328 1908 4334 __
1935 4278 2082 4327 eum,
2116 4266 2179 4313 ut
2209 4265 2435 4331 possent
2468 4274 2732 4312 accusare
2759 4264 2992 4330 propter
3020 4258 3347 4315 Sabbatum.
3372 4260 3524 4325 Quo-

257 4328 503 4406 sanctior
522 4356 693 4422 atque
722 4352 905 4421 major
934 4328 1073 4412 erat,
1106 4351 1237 4405 licet
1256 4352 1313 4405 in
1342 4328 1472 4405 loco
1489 4369 1734 4423 prazsens
1764 4369 1852 4405 se-
1870 4328 1917 4386 ι)
1936 4366 2061 4404 rum
2088 4328 2406 4419 intelligens
2443 4348 2605 4402 Jesus
2640 4328 2969 4418 nequitiam,
3015 4348 3214 4402 statuit
3250 4349 3308 4403 in
3340 4350 3525 4405 medio

258 4442 501 4495 cundum
521 4456 768 4504 carnem,
795 4456 963 4511 quam
980 4440 1117 4494 illud
1136 4440 1536 4512 Hierosolymis
1557 4441 1849 4511 templum.
1937 4438 2031 4510 qui
2061 4444 2183 4492 erat
2211 4437 2513 4501 sanandus,
2538 4442 2595 4490 et
2621 4435 2984 4506 interrogavit
3015 4437 3132 4508 ipse
3162 4438 3307 4492 sicut
3331 4438 3391 4492 hi
3415 4440 3526 4494 duo

260 4531 457 4586 Adhuc
484 4535 675 4585 autem
705 4530 854 4601 quod
885 4530 964 4583 eis
987 4529 1271 4600 objecerat
1289 4546 1355 4584 ex
1388 4531 1689 4601 Scripturis
1711 4547 1857 4584 com-
1936 4532 2324 4599 protestantur
2352 4525 2726 4595 evangelista}.
2750 4524 2963 4589 Quibus
2982 4526 3299 4580 tacentibus
3324 4528 3527 4582 simili-

260 4620 462 4689 probat
492 4619 712 4674 divinis.
745 4619 804 4673 Si
832 4619 1070 4685 sciretis,
1108 4618 1311 4689 inquit,
1342 4619 1475 4690 quid
1506 4625 1609 4684 est,
1645 4621 1856 4674 Miseri-
1938 4617 2190 4672 tudinem
2210 4614 2572 4669 rursusvalde
2594 4613 2874 4683 egregiam
2895 4614 3159 4685 proponit
3177 4615 3247 4669 de
3265 4631 3381 4682 ove,
3406 4633 3529 4687 qua:

265 4712 513 4762 cordiam
536 4712 672 4774 volo,
708 4713 756 4761 ct
788 4724 899 4761 non
925 4710 1265 4774 sacriﬁcium
1290 4709 1508 4775 (Matth.
1543 4723 1638 4771 κη,
1659 4707 1729 4774 7),
1763 4708 1857 4779 qui
1942 4705 2177 4777 qumstio
2199 4710 2264 4758 ut
2291 4702 2595 4774 putabatur
2622 4701 2956 4755 inevitabilis
2984 4703 3143 4773 quasi
3176 4704 3289 4757 tela
3311 4721 3531 4760 aranea:

264 4813 372 4850 non
400 4798 583 4851 solum
610 4797 824 4867 seipsos
847 4797 1323 4862 contaminabant,
1347 4813 1537 4851 verum
1563 4804 1620 4852 et
1646 4788 1858 4851 Sabba-
1942 4796 2267 4849 solveretur.
2301 4790 2563 4862 Alioquin
2593 4791 2638 4843 si
2668 4790 2879 4844 diceret
2921 4791 3067 4862 quod
3110 4792 3323 4860 liceret,
3373 4795 3533 4864 quasi

267 4890 384 4939 tum
416 4903 481 4939 ac
507 4886 785 4955 templum
807 4885 1107 4948 violabant,
1132 4901 1417 4955 nunquam
1440 4886 1860 4941 condemnasse-
1940 4890 2325 4953 transgressor
2354 4881 2494 4950 legis
2534 4884 2825 4933 teneretur
2858 4898 2869 4932 :
2922 4880 3070 4951 quod
3106 4882 3151 4935 si
3183 4882 3394 4937 diceret
3422 4900 3535 4938 non

267 4972 448 5027 tis.Et
466 4979 761 5027 estsensus
789 4993 801 5026 :
832 4973 876 5026 si
908 4974 1344 5028 misericordiam
1377 4974 1627 5045 accipitis
1640 4974 1860 5028 Abime-
1942 4974 2128 5038 licere,
2162 4972 2484 5042 culparetur
2512 4969 2908 5023 immisericors
2925 4976 3025 5024 aut
3054 4970 3334 5042 impotens
3364 4972 3419 5025 in
3450 4972 3537 5025 in-

270 5061 411 5126 lecli,
430 5068 487 5115 et
504 5061 900 5133 comprobatis,
920 5063 1054 5133 quia
1068 5063 1215 5116 fame
1237 5062 1866 5134 periclitantespanibus
1948 5060 2214 5116 ﬁrmitate
2237 5060 2471 5131 prolata,
2504 5058 2599 5128 qui
2622 5075 2732 5111 non
2761 5057 3082 5113 subveniret
3110 5060 3343 5130 petenti.

271 5152 544 5205 recreavit
570 5151 808 5206 Domino
839 5152 1213 5218 consecratis;
1240 5169 1413 5223 quare
1432 5169 1584 5207 meos
1602 5152 1866 5207 condem-
2023 5152 2155 5218 Quis
2175 5151 2355 5213 homo,
2377 5147 2578 5218 inquit,
2600 5164 2667 5201 ea:
2687 5149 2832 5201 vobis
2855 5150 2955 5217 qui
2974 5148 3318 5203 habeatorcm
3340 5165 3537 5218 unam,

272 5239 419 5293 natis
467 5240 787 5311 discipulos,
840 5241 935 5311 qui
986 5258 1097 5295 non
1153 5241 1369 5296 oblatos
1411 5242 1526 5296 Deo
1550 5257 1741 5314 panes,
1772 5240 1866 5294 sed

271 5344 449 5396 grana
480 5334 700 5382 tantum
724 5334 913 5395 54';
932 5330 1098 5384 modo
1121 5347 1231 5402 prae
1249 5330 1393 5384 fame
1404 5330 1667 5385 sumunt?
1686 5330 1753 5384 Et
1768 5346 1869 5383 no-

272 5417 509 5471 tandum
539 5418 644 5472 hoc
675 5418 1095 5489 exemplo,quia
1124 5436 1264 5489 opus
1286 5419 1484 5474 salutis
1514 5428 1736 5485 nostrae,
1760 5434 1870 5473 non

279 5503 333 5559 in
360 5506 636 5560 sacriﬁcio
667 5506 848 5570 docet,
881 5507 976 5559 sed
1027 5507 1084 5561 in
1128 5508 1530 5563 misericordia.
1576 5509 1717 5563 Nam
1748 5508 1870 5579 lege

569 5604 830 5697 PA'l‘RQL:
862 5602 1037 5669 CXX.

1951 5244 1998 5292 et
2021 5241 2070 5291 si
2089 5234 2715 5291 cecideritlwcSabbatis
2736 5236 2799 5289 in
2817 5236 3048 5303 foveam,
3066 5251 3246 5290 nonne
3266 5238 3461 5291 tenebit
3495 5244 3542 5293 ct

1953 5327 2150 5382 levabit
2170 5341 2287 5378 eam
2305 5330 2328 5377 ?
2347 5327 2553 5394 quanto
2578 5324 2751 5391 magis
2782 5326 2977 5377 melior
2996 5330 3070 5378 est
3090 5325 3249 5379 homo
3274 5334 3390 5382 ovs?
3413 5329 3546 5385 [διὀ-

1951 5422 2079 5486 pter
2099 5430 2265 5486 quem
2290 5412 2436 5467 facta
2462 5416 2550 5466 est
2577 5411 2713 5477 ovis,
2743 5416 2801 5466 et
2831 5428 2943 5469 non
2967 5413 3148 5468 solum
3167 5416 3302 5482 ovis,
3326 5434 3547 5472 verum-

1953 5504 2123 5560 ctiam
2145 5508 2201 5558 et
2218 5501 2523 5558 Sabbatum
2551 5499 2609 5556 in
2640 5516 2749 5575 quo
2775 5500 2973 5558 cecidit
3003 5502 3141 5575 ovis,
3175 5509 3231 5560 et
3260 5506 3386 5560 ideo
3417 5508 3552 5577 quia

3238 5599 3335 5666 ιδ’
