3918 6176
434 209 543 270 459
1185 212 1240 266 S.
1286 211 1666 268 PASCHASII
1702 209 2061 268 RADBERTI
2100 207 2403 263 ABBATIS
2441 208 2928 272 CORBEIENSIS.
3600 223 3699 283 460

433 347 493 388 et
520 332 829 388 Sabbatum
866 334 1083 389 violatis
1112 340 1341 405 propter
1367 351 1547 398 ovem,
1581 340 1638 388 et
1664 351 1777 390 non
1806 336 1940 389 estis
1964 335 2022 388 in
2042 336 2085 392 A
2107 331 2447 386 calumniam
2475 342 2727 399 sumunt,
2744 339 2872 407 quia
2906 341 3079 398 homo
3093 344 3151 399 in
3183 346 3427 403 Sabbato
3448 356 3695 418 sanatur,

431 421 685 487 crimine,
717 423 896 477 multo
923 423 1103 493 magis
1123 440 1224 494 ego
1237 439 1349 478 non
1376 423 1550 477 debeo
1573 424 1807 477 crimine
1822 424 2019 488 teneri,
2108 420 2267 509 quasi
2290 420 2478 475 nullus
2508 438 2701 478 eorum
2731 430 3061 486 extenderet
3107 450 3336 491 manum
3374 442 3477 493 aut
3504 440 3698 509 pedem

370 510 375 515 .
432 510 531 582 qui
548 511 752 581 reliqui
783 512 1090 582 nonaginta
1108 517 1171 565 et
1192 528 1389 565 novem
1411 511 1469 564 in
1491 511 1792 577 montibus,
1818 529 1882 566 ac
1898 513 2023 566 veni
2106 525 2171 562 eo
2200 508 2256 562 in
2285 508 2627 609 dignm-Item
2750 531 2810 569 os
2841 526 3073 587 portans
3101 522 3269 588 cibos,
3294 527 3378 580 vel
3408 529 3695 599 porrigens

429 615 604 655 unam
630 616 899 671 quaerere,
934 616 1058 669 qua:
1086 604 1386 663 erraverat,
1419 605 1477 654 et
1503 600 1781 655 ceciderat
1801 600 1859 654 in
1878 618 2025 656 mor-
2105 597 2352 688 calicem.
2388 597 2456 652 Et
2485 599 2544 653 in
2588 600 2831 657 Sabbato
2873 613 3043 679 atque
3071 610 3129 664 in
3175 597 3501 685 templo,ut
3529 597 3696 688 supra

429 688 505 745 tis
530 687 767 744 foveam.
785 688 922 753 Quae
948 688 1217 743 nimirum
1243 689 1426 759 ﬁgura
1447 694 1506 743 et
1521 689 1744 745 Judaeos
1768 689 2016 757 revincit,
2104 684 2313 740 dictum
2343 693 2448 751 est,
2479 690 2696 759 majora
2724 694 3119 763 operabantur,
3135 684 3449 771 praesertim
3478 684 3691 760 curali-

430 782 490 833 et
520 776 728 833 factum
756 776 932 848 ipsius
967 776 1272 831 Salvatoris
1309 777 1573 838 ostendit.
1602 778 1698 848 qui
1724 779 1876 832 venit
1908 780 2021 834 sal-
2101 780 2253 865 ceret
2279 792 2344 829 ex
2387 776 2509 846 lege
2562 794 2740 849 usque
2786 783 2858 836 ad
2910 785 3064 840 mille
3104 805 3303 859 passus
3342 792 3452 846 iter
3504 810 3686 865 agere.

427 882 561 922 vare
586 865 735 938 quod
765 865 1027 937 perierat.
1042 866 1151 921 Sed
1172 865 1364 920 miseri
1395 865 1682 930 Pharisaei,
1698 867 1914 921 malitia
1928 867 2020 921 ob-
2101 862 2259 917 Unde
2279 870 2435 935 patet
2450 865 2582 935 quia
2600 867 2717 921 zelo
2732 872 3127 929 amaritudinis
3146 882 3202 931 et
3231 878 3441 935 invidia
3468 862 3689 938 labora-

428 955 635 1021 caacati,
654 971 766 1009 non
783 959 1045 1025 poterant
1061 954 1398 1025 sapientiam
1417 954 1518 1009 Dei
1540 954 1873 1025 intelligere,
1892 956 2018 1011 ideo
2100 950 2254 1041 bent,
2288 969 2400 1007 non
2437 956 2585 1024 quod
2614 966 2879 1014 curarent
2922 961 2991 1016 de
3022 964 3284 1034 Sabbato,
3318 969 3417 1023 sed
3446 972 3577 1041 quia
3603 973 3689 1027 in-

425 1044 686 1101 resistere
701 1042 1072 1099 conabuntur.
1091 1042 1670 1097 Revincunturautem
1685 1044 1754 1098 de
1765 1044 1883 1098 suis
1894 1062 2017 1116 pro-
2099 1040 2270 1096 sidias
2298 1042 2678 1099 moliebantur
2706 1063 2771 1100 ex
2798 1049 2944 1104 odio.

420 1133 561 1205 priis
581 1132 743 1188 factis
767 1137 826 1187 et
850 1132 968 1187 suis
995 1131 1297 1201 alligantur
1323 1131 1577 1186 vinculis.
1593 1132 1850 1186 Christus
1864 1150 2008 1199 vero,
2149 1130 2352 1185 Euntes
2368 1134 2825 1191 autemPhariszi
2834 1144 3131 1197 consilium
3141 1146 3418 1212 faciebant
3432 1150 3687 1207 adversus

422 1222 519 1295 qui
533 1222 888 1285 verbocurat,
918 1225 1197 1291 potestate
1216 1219 1575 1274 inﬁrmitates
1604 1220 1852 1321 depellit,
1883 1222 2013 1277 insi—
2093 1233 2238 1325 illi".
2265 1221 2528 1325 ᾳξιςτηοάο
2549 1238 2672 1325 αυξτ]
2694 1227 3004 1325 Ρθνςξίενέξηξ·
3029 1229 3098 1283 Et
3114 1230 3259 1286 δίουί
3278 1234 3425 1289 alius
3448 1252 3683 1325 βετωεε-

420 1317 562 1367 ηυδε
571 1311 630 1366 in
647 1310 829 1382 specie
851 1308 1000 1380 quod
1009 1308 1262 1362 facturus
1275 1313 1398 1362 erat
1416 1308 1475 1362 in
1489 1326 1718 1379 genere.
1734 1310 1846 1380 Ipsi
1857 1328 2011 1365 nam-
2093 1304 2223 1398 lista
2237 1306 2336 1398 ait,
2348 1307 2453 1361 hoc
2465 1325 2590 1363 cum
2611 1312 2945 1369 Herodianis
2966 1316 3163 1373 ineunt
3181 1322 3479 1379 consilium
3495 1304 3681 1398 (Marc.

419 1415 530 1472 que
542 1400 572 1453 Ι
576 1398 721 1453 udzei
731 1403 1003 1453 curantur
1013 1396 1072 1451 in
1088 1396 1444 1467 manco,quia
1456 1396 1654 1452 dandas
1673 1399 1868 1454 salutis
1884 1399 2010 1453 sub-
2092 1394 2253 1460 111,6),
2273 1395 2327 1449 id
2347 1403 2435 1450 est
2443 1414 2571 1451 cum
2587 1398 2856 1455 militibus
2875 1404 3130 1473 Herodis,
3156 1414 3219 1463 ut
3235 1410 3341 1481 ipsi
3362 1394 3686 1470 viderentur

415 1486 686 1541 stantiam
702 1501 813 1540 non
834 1483 1133 1549 habebant,
1153 1489 1210 1539 et
1229 1500 1430 1538 manus
1458 1484 1704 1540 ofﬁcium
1734 1487 2004 1541 cessabat.
2028 1566 2068 1574 _
2090 1482 2567 1574 inaccentesmum
2582 1487 2661 1542 illi
2675 1489 3033 1559 perimerent,
3041 1495 3185 1550 sicut
3198 1497 3255 1552 in
3266 1501 3528 1570 passione
3541 1510 3688 1574 post-

414 1574 791 1630 Ministerium
814 1589 1036 1645 quoque
1050 1572 1318 1643 corporis,
1339 1588 1448 1643 quo
1462 1572 1673 1644 aliquid
1691 1575 1881 1645 agitur
1908 1581 2009 1630 aut
2028 1566 2072 1624 B
2090 1586 2159 1625 ea
2186 1571 2383 1664 fecisse
2412 1574 2669 1644 legimus.
2703 1578 2941 1635 Gravius
2972 1588 3056 1637 est
3081 1585 3231 1640 enim
3252 1604 3418 1643 omne
3448 1592 3685 1664 malum,

411 1663 755 1734 impartitur,
788 1668 1034 1717 aruerat.
1060 1661 1163 1717 Cui
1182 1661 1454 1716 Dominus
1475 1678 1702 1717 manum
1719 1664 1892 1733 jussit
1920 1680 2008 1718 ex-
2091 1660 2356 1750 quodrdiu
2376 1664 2818 1733 praemeditatur.
2833 1674 2888 1722 et
2908 1674 3356 1740 praemeditatum
3374 1680 3537 1750 quasi
3557 1660 3689 1735 cum

408 1750 2006 1823 tendere,acmoxrestitutaestsanitatisicutaltera;cujus
2085 1748 2316 1803 consilio
2346 1752 2652 1821 peragitur.
2713 1754 2822 1809 Sed
2852 1772 2964 1812 non
3003 1767 3089 1815 est
3144 1748 3438 1821 consiliuin
3490 1776 3690 1824 contra

408 1840 627 1896 curatio
642 1841 701 1895 in
718 1838 883 1895 verbo
906 1839 1030 1905 fuit,
1054 1843 1111 1893 et
1122 1854 1324 1894 manus
1342 1839 1489 1893 sicut
1502 1840 1681 1895 altera
1708 1858 1846 1895 sana
1874 1842 2003 1895 red-

404 1930 578 1996 ditur,
608 1931 783 2001 iitque
811 1929 1088 2000 stupende
1111 1932 1169 1982 et
1195 1926 1514 1982 admirabili
1538 1930 1791 2001 exemplo
1829 1931 2003 1985 virtus

403 2018 629 2086 salutis;
661 2034 774 2073 non
802 2016 1152 2079 humanitus,
1170 2032 1353 2088 neque
1379 2032 1533 2084 casu,
1551 2018 1650 2072 sed
1673 2018 1860 2073 divina
1878 2036 2003 2090 pro-

402 2108 713 2172 curatione,
746 2111 805 2161 et
828 2105 1140 2178 prophetia,
1192 2111 1258 2160 ut
1284 2105 1368 2159 ita
1393 2105 1595 2173 dicam,
1631 2106 1731 2160 Dei
1768 2124 2000 2162 summae

401 2196 762 2270 operationis.
795 2194 1169 2249 Ministerium
1196 2193 1475 2264 siquidem
1515 2195 1897 2265 apostolorum
1935 2197 1993 2251 in

398 2286 647 2341 ofﬁcium
668 2283 870 2339 danda:
900 2282 1115 2348 salutis,
1132 2282 1459 2353 priusquam
1477 2284 1683 2337 vellere
1707 2291 1997 2355 ceperunt

398 2374 603 2446 spicas,
625 2373 885 2428 efﬁcitur.
899 2372 1145 2427 Aruerat
1155 2371 1305 2425 enim
1328 2387 1526 2425 manus
1550 2372 1793 2427 hominis
1815 2375 1994 2445 magis

399 2469 630 2536 stupore
651 2463 782 2517 ﬁdei
795 2477 965 2533 quam
995 2460 1244 2515 siccitate
1273 2476 1590 2527 nervorum,
1609 2467 1667 2515 et
1685 2462 1809 2532 plus
1830 2464 1993 2535 culpa

397 2552 751 2610 conscientiae
780 2567 950 2623 quam
993 2549 1283 2604 debilitate
1320 2550 1549 2604 carnali.
1593 2551 1840 2622 Antiqua
1871 2569 1992 2607 ma-

397 2659 506 2700 nus
533 2643 642 2698 ista
665 2648 804 2705 erat.
841 2657 965 2712 quas
1001 2640 1059 2693 in
1088 2639 1209 2711 ipso
1240 2639 1436 2694 mundi
1467 2639 1742 2711 principio
1771 2648 1990 2697 contra-

397 2738 559 2789 xerat
579 2731 990 2803 aegritudinem,
1022 2744 1126 2783 nec
1154 2735 1276 2783 arte
1304 2728 1547 2782 hominis
1576 2745 1680 2782 nec
1719 2728 1987 2787 beneﬁcio

393 2828 619 2897 poterat
643 2820 848 2886 curari,
881 2836 1003 2890 qua;
1041 2819 1196 2887 justa
1227 2816 1331 2872 Dei
1360 2816 1751 2886 indignatione
1800 2818 1985 2874 fuerat

394 2912 658 2975 arefacta,
676 2910 806 2981 quia
823 2907 1136 2977 contigerat
1164 2905 1351 2970 vetita,
1380 2904 1704 2960 inconcessa
1720 2923 1988 2977 praesum-

2084 1836 2283 1891 Deum.
2318 1839 2387 1893 Et
2412 1840 2537 1894 ideo
2558 1841 2672 1895 ait:
2698 1845 2853 1898 .Iesus
2873 1850 3045 1903 sciens
3056 1857 3261 1907 secessit
3283 1857 3430 1911 inde.
3460 1857 3690 1915 Sciebat

2084 1940 2218 1994 ergo
2241 1926 2298 1979 in
2330 1930 2543 1983 occulto
2575 1930 2709 2001 quid
2729 1941 2982 2003 agerent,
3002 1938 3097 2008 qui
3118 1946 3310 2007 545
3327 1944 3485 1999 novit
3512 1947 3687 2003 corda

2082 2015 2353 2081 omnium,
2380 2023 2435 2070 et
2456 2018 2621 2088 quale
2639 2018 2851 2076 inirent
2877 2026 3194 2083 consilium.
3222 2029 3434 2087 Idcirco
3450 2036 3690 2090 secessit

2081 2101 2231 2168 inde,
2255 2111 2320 2158 ut
2344 2106 2691 2162 occasionem
2711 2109 3019 2181 impietatis
3048 2115 3118 2169 ab
3146 2118 3228 2172 eis
3254 2120 3521 2177 auferret.
3554 2124 3687 2180 Sive

2079 2190 2211 2261 quia
2237 2197 2461 2264 tempus
2490 2196 2765 2266 passionis
2803 2201 3053 2257 nondum
3104 2206 3435 2271 advenerat;
3471 2212 3592 2267 sive
3622 2219 3688 2269 ut

2078 2281 2391 2352 exemplum
2421 2283 2537 2337 suis
2565 2285 2775 2340 vitandi
2805 2289 3053 2359 pericula
3104 2295 3175 2348 ad
3224 2301 3448 2369 tempus
3494 2300 3684 2359 daret.

2150 2370 2407 2425 Elseculi
2428 2379 2559 2427 sunt
2586 2390 2713 2428 eum
2741 2381 2930 2438 multi,
2963 2386 3014 2434 et
3041 2388 3260 2437 curavit
3277 2402 3362 2440 eos
3385 2404 3603 2456 omnes,
3637 2397 3688 2445 et

2070 2463 2324 2527 pracepit
2353 2463 2428 2513 eis
2452 2478 2519 2515 ne
2548 2466 2912 2532 manifestum
2941 2484 3067 2524 eum
3112 2473 3379 2539 facerent.
3417 2476 3684 2535 Festinat

2075 2544 2265 2615 igitur,
2294 2565 2424 2603 suos
2452 2566 2590 2620 quos
2624 2568 2824 2607 sanare
2853 2555 3117 2627 disponit.
3139 2561 3375 2618 educere
3391 2582 3679 2638 seorsum,

2075 2640 2131 2688 et
2158 2652 2459 2708 segregare
2487 2638 2558 2692 ab
2585 2639 2922 2698 inﬁdelibus.
2956 2646 3063 2709 Qui
3093 2665 3222 2704 vero
3253 2653 3500 2708 salutem
3529 2656 3687 2713 desi-

2069 2723 2288 2790 derant,
2323 2726 2586 2782 indefessi
2618 2738 2950 2800 sequuntur,
2996 2741 3053 2790 et
3095 2739 3191 2808 qui
3237 2742 3413 2796 secuti
3460 2743 3688 2803 fuerint

2069 2819 2232 2866 sanat
2254 2830 2349 2869 eos
2376 2831 2589 2871 omnes.
2624 2818 2827 2874 Nullus
2855 2822 3031 2892 igitur
3073 2828 3350 2899 excipitur
3383 2848 3417 2885 a
3466 2834 3681 2904 salute,

2070 2900 2163 2971 qui
2190 2918 2318 2957 eum
2348 2905 2506 2975 sequi
2534 2907 2771 2963 voluerit
2803 2910 2873 2964 ad
2896 2911 3292 2971 imitationem.
3314 2920 3536 2983 Quibus
3569 2900 3687 2981 im;

390 3006 598 3074 pserat,
623 3014 753 3053 cum
776 3013 836 3051 se
864 2996 935 3050 ad
964 2994 1221 3049 arborem
1241 2992 1454 3047 sciendi
1479 2993 1685 3048 bonum
1706 2996 1984 3051 malumve
2000 2991 2043 3050 C
2066 2997 2247 3060 perat,
2278 3008 2349 3046 ne
2374 3010 2502 3048 eum
2532 2997 2890 3053 manifestum
2911 3000 3158 3058 facerent
3175 3020 3288 3061 non
3306 3009 3527 3066 timoris
3550 3031 3690 3071 can-

391 3094 579 3154 544
609 3089 953 3159 porrexerat,
978 3088 1037 3137 et
1055 3081 1181 3136 ideo
1201 3086 1429 3136 auctore
1447 3081 1738 3152 indigebat
1764 3085 1980 3153 salutis,

386 3194 501 3234 non
530 3176 628 3247 qui
657 3173 939 3244 malagma
957 3172 1290 3242 imponeret,
1324 3170 1421 3224 sed
1451 3170 1546 3240 qui
1571 3172 1747 3241 possit
1766 3173 1982 3229 illatam

386 3267 640 3322 relaxare
669 3261 1023 3324 sententiam,
1056 3266 1115 3315 et
1150 3259 1487 3330 ignoscendo
1515 3261 1792 3316 rosolvere
1833 3264 1980 3333 quod

386 3358 540 3429 juste
567 3354 839 3425 ligaverat
866 3349 1231 3420 indignando.
1257 3349 1576 3420 Propterea,
1597 3354 1662 3403 ut
1690 3350 1824 3411 dixi,
1846 3369 1984 3423 prae-

385 3451 624 3518 paratur
651 3441 917 3497 divinitus
944 3440 1112 3493 homo
1142 3454 1372 3499 manum
1414 3437 1624 3492 habens
1649 3440 1887 3507 aridam,
1918 3447 1983 3497 ut

382 3534 445 3591 in
468 3551 535 3590 eo
564 3535 724 3589 ﬁeret
750 3536 1146 3601 argumentum
1175 3532 1380 3582 nostrae
1400 3527 1616 3592 salutis,
1644 3528 1775 3599 quia
1804 3530 1980 3600 perfe-

386 3630 478 3680 cta
502 3623 655 3679 salus
674 3620 836 3676 nobis
858 3622 1150 3690 reparatur
1181 3616 1242 3670 in
1268 3615 1508 3671 Christo.
1540 3617 1686 3671 Nam
1708 3623 1844 3672 tunc
1858 3620 1981 3673 ari-

385 3713 532 3769 ditas
582 3717 787 3766 nostraa
830 3723 1033 3764 manus
1082 3704 1405 3761 miseranda
1468 3704 1808 3771 dissolvitur,
1850 3724 1979 3762 cum

385 3818 583 3860 cruore
602 3798 960 3873 perfunditur
979 3794 1280 3851 Dominicae
1310 3792 1607 3864 passionis,
1635 3810 1765 3848 cum
1790 3795 1847 3849 in
1879 3796 1975 3850 illo

382 3892 539 3948 vitali
566 3892 721 3961 ligno
740 3888 918 3944 crucis
933 3884 1269 3949 extenditur,
1290 3899 1417 3937 cum
1437 3882 1617 3953 carpit
1630 3882 1977 3939 fructuosam

384 3983 454 4038 de
482 3982 674 4035 dolore
695 3975 969 4050 passionis
995 3974 1283 4030 virtutem.
1299 3987 1426 4026 cum
1446 3971 1806 4042 amplectitur
1817 3972 1977 4028 arbo-

380 4086 502 4125 rem
521 4066 736 4132 salutis,
750 4081 877 4120 cum
889 4062 1057 4118 clavis
1066 4060 1241 4116 divini
1255 4059 1463 4115 amoris
1477 4076 1677 4133 corpus
1704 4059 1971 4132 alﬁgitur,

383 4173 457 4212 ne
467 4171 716 4226 unquam
744 4153 814 4207 ad
837 4151 1095 4206 arborem
1114 4149 1574 4219 concupiscentiae
1588 4150 1757 4206 aridae
1780 4151 1974 4206 redeat

383 4243 704 4301 voluntatis.
729 4241 839 4297 Sed
858 4238 1049 4294 miseri
1067 4238 1243 4293 Judaei
1264 4238 1360 4307 qui
1384 4238 1668 4293 Christum
1682 4240 1753 4293 ad
1782 4257 1842 4294 se
1858 4257 1971 4297 non

2067 3095 2148 3145 sa,
2181 3081 2278 3134 sed
2308 3098 2379 3135 ne
2406 3084 2683 3153 gloriandi
2707 3087 2776 3141 de
2807 3105 2867 3143 se
2898 3092 3246 3149 occasionem
3278 3097 3461 3154 daret.
3497 3101 3689 3166 Quin-

2064 3168 2177 3221 imo
2184 3170 2517 3238 jactantiam
2536 3173 2732 3245 fugere
2754 3177 3021 3243 insinuat,
3049 3182 3183 3237 dum
3212 3201 3291 3250 se,
3315 3187 3688 3265 virtutesque

2063 3274 2099 3311 a
2124 3274 2183 3311 se
2203 3258 2397 3325 factas,
2423 3262 2604 3317 celare
2628 3264 2808 3335 jubet.
2838 3268 2981 3323 Num
3013 3271 3164 3327 salus
3193 3276 3500 3349 unicuique
3532 3284 3679 3339 red-

2064 3344 2182 3399 dita
2209 3347 2315 3402 sibi
2345 3349 2469 3421 ipsa
2495 3352 2655 3407 testis
2688 3361 2828 3440 erat.
2864 3355 2974 3411 Sed
2996 3359 3248 3428 jubendo
3276 3365 3345 3420 de
3374 3344 3436 3422 se
3450 3374 3683 3440 tacere,

2062 3436 2243 3507 magis
2288 3440 2662 3509 cognitionem
2693 3423 3091 3518 sufpraestat;
3135 3452 3268 3523 quia
3305 3454 3686 3519 observantia

2061 3525 2269 3580 silentii
2297 3544 2363 3581 ex
2392 3545 2453 3582 re
2478 3547 2600 3600 quae
2647 3532 2722 3586 sit
2748 3534 2965 3590 silenda
2987 3540 3389 3613 proﬁciscitur;
3417 3563 3553 3617 quae
3585 3568 3683 3607 res

2062 3621 2224 3683 gesta
2247 3616 2306 3669 in
2337 3619 2630 3700 propatulo
2661 3638 2723 3677 se
2757 3626 3023 3688 ostendit.
3070 3629 3202 3685 licet
3243 3616 3469 3690 tacendi
3501 3638 3583 3694 de
3615 3659 3680 3697 se

2060 3702 2353 3759 veritatem
2374 3706 2643 3763 insinuet.
2676 3710 2752 3765 Ex
2778 3728 2890 3783 quo
2920 3715 3116 3787 utique
3145 3718 3289 3775 sicut
3312 3739 3415 3793 per
3446 3725 3674 3786 Isaiam

2059 3794 2496 3862 praenuntiatum
2526 3802 2666 3863 erat,
2708 3800 3013 3859 clarissime
3057 3808 3203 3878 quod
3249 3810 3369 3882 ipse
3391 3813 3471 3868 sit
3499 3816 3679 3875 Chri-

2057 3885 2179 3934 stus
2209 3882 2461 3938 Salvator
2491 3888 2687 3941 mundi
2731 3889 3097 3963 demonstrat,
3129 3913 3255 3952 cum
3300 3903 3569 3975 praecipit
3600 3926 3677 3964 ne

2057 3969 2417 4026 manifestum
2447 3990 2576 4028 eum
2606 3977 2873 4047 facerent,
2919 3984 3183 4053 quoniam
3222 3987 3440 4060 indigni
3494 4004 3677 4054 erant

2056 4064 2121 4113 ut
2144 4060 2226 4114 eis
2239 4063 2672 4121 annuntiaretur
2688 4067 2742 4121 in
2758 4069 2998 4140 publico.
3033 4074 3194 4138 Quod
3204 4082 3268 4132 ut
3282 4081 3670 4144 conﬁrmaret

2055 4146 2428 4221 Evangelista,
2461 4153 2847 4213 testimonium
2877 4162 3135 4220 assumit.

2124 4238 2278 4293 Sicut
2300 4243 2512 4296 dictum
2536 4249 2631 4305 est.
2672 4244 2877 4317 inquit,
2924 4267 3024 4319 per
3076 4254 3284 4310 Isaiam
3317 4261 3668 4329 prophetam

2750 4308 2770 4317 -
2866 4308 2875 4313 .
2924 4308 2940 4319 .
3198 4308 3217 4309 η
3250 4308 3277 4310 η
3317 4308 3668 4329 rarae--."

378 4333 658 4406 recipiunt
680 4330 1005 4394 intrantem,
1034 4343 1137 4381 nec
1164 4330 1474 4395 agnoscunt
1491 4333 1842 4396 prmsentem,
1868 4308 2336 4396 nechicentem,
2366 4347 2475 4385 ecce
2492 4348 2632 4400 puer
2662 4350 2814 4390 meus
2843 4354 3001 4407 quem
3044 4344 3196 4411 elegi,
3229 4345 3465 4402 dilectus
3496 4368 3668 4413 meus

378 4423 647 4482 divinitus
677 4424 1004 4493 operantem
1046 4414 1372 4484 intelligunt
1396 4415 1407 4467 !
1442 4414 1596 4506 Hinc
1613 4417 1967 4506 considerare
2051 4419 2113 4469 in
2130 4433 2236 4486 quo
2250 4423 2578 4488 complacuit
2600 4424 2727 4478 bene
2741 4428 2946 4481 anime
2962 4445 3108 4485 mea.
3132 4433 3340 4489 Ponam
3355 4436 3664 4506 Spiritum

376 4517 600 4589 oportet
611 4526 780 4583 quam
792 4507 933 4563 nihil
943 4505 1013 4560 sit
1023 4503 1320 4576 praesentia
1330 4504 1651 4575 corporalis,
1684 4504 1781 4560 ubi
1796 4505 1967 4563 fuerit
2046 4520 2232 4559 meum
2259 4524 2425 4576 super
2437 4525 2582 4576 eum,
2602 4515 2652 4564 et
2662 4514 2945 4581 judicium
2972 4522 3224 4586 gentibus
3241 4503 3656 4588 annsunliabit.

374 4623 408 4661 a
438 4606 554 4663 Deo
573 4598 779 4656 mentis
807 4593 1143 4652 miserabilis
1162 4592 1444 4664 separatio
1469 4612 1483 4647 z
1512 4593 1654 4649 sicut
1680 4611 1710 4649 e
1738 4602 1963 4652 contra-
2044 4594 2177 4691 {Vae
2197 4598 2477 4691 cantanda
2498 4615 2668 4669 neque
2695 4604 2977 4673 clamabit,
3012 4623 3180 4677 neque
3205 4613 3395 4667 audiet
3427 4620 3488 4671 al
3497 4622 3661 4691 iqui:

374 4694 461 4751 rio
488 4708 593 4748 nec
610 4687 783 4745 ofﬁcit
793 4684 1047 4741 absentia
1059 4683 1381 4754 corporalis,
1401 4680 1497 4737 ubi
1519 4683 1688 4737 corda
1710 4684 1961 4741 ﬁdelium
2042 4685 2106 4736 in
2116 4686 2314 4751 plateis
2332 4702 2508 4740 vocem
2518 4691 2654 4757 ejus.
2672 4692 3030 4749 Arundinem
3043 4704 3361 4766 quassatam
3382 4720 3506 4762 non
3524 4726 3664 4767 con-

2039 4773 2268 4840 fringel.
2291 4778 2340 4827 et
2371 4778 2555 4830 linum
2574 4779 2861 4847 fumigans
2880 4798 2993 4839 non
3010 4790 3336 4857 exstinguet,
3352 4793 3537 4853 donec
3557 4804 3666 4870 eji-

2039 4862 2147 4913 ciat
2173 4863 2249 4914 ad
2277 4865 2565 4920 victoriam
2574 4869 2882 4936 judicium,
2902 4877 2954 4925 et
2980 4876 3045 4929 in
3074 4880 3296 4932 nomine
3315 4883 3437 4948 ejus
3455 4862 3663 4952 genie:

2036 4951 2350 5017 sperabunt.
2372 4953 2489 5006 Hoc
2510 4959 2690 5010 totum
2711 4956 2836 5012 ideo
2851 4959 3018 5015 simul
3034 4965 3211 5033 posui,
3237 4972 3301 5021 ut
3319 4951 3660 5043 perpendat

2035 5039 2280 5109 prudens
2309 5041 2483 5095 lector
2496 5059 2609 5098 non
2630 5046 2818 5100 omnia
2841 5048 2958 5104 haec
2982 5052 3051 5105 ad
3069 5053 3216 5108 hunc
3236 5055 3422 5113 locum
3456 5069 3658 5132 perti-

2034 5147 2168 5187 nere
2198 5133 2541 5188 testimonia.
2574 5136 2719 5196 Quia
2746 5155 2859 5193 uno
2877 5146 3269 5202 tantummodo
3298 5149 3472 5207 verbo
3499 5174 3659 5228 prae.
3722 5158 3732 5168 ⁶

354 5238 452 5290 tur
478 5231 534 5285 in
559 5224 914 5283 accusatione
942 5221 1235 5282 virtutum,
1268 5218 1424 5289 quasi
1455 5226 1651 5273 contra
1681 5222 1939 5289 salutem,
2033 5222 2236 5277 dictam
2266 5224 2563 5278 conﬁrmat
2583 5229 2921 5283 sententiam
2953 5249 3063 5303 quo
3092 5233 3197 5288 ait:
3227 5237 3414 5306 Neque
3439 5249 3653 5303 audiet

353 5339 468 5380 non
496 5335 598 5392 pro
619 5316 798 5371 salute
827 5310 1133 5366 Sabbatum
1162 5308 1333 5362 fuerit
1358 5309 1744 5363 constitutum.
1771 5311 1941 5366 Jube-
2026 5316 2233 5381 aliquis
2245 5315 2307 5366 in
2326 5316 2520 5380 plateis
2540 5330 2715 5370 vocem
2741 5322 2790 5387 ej
2796 5336 2857 5372 us
2903 5321 3117 5376 Caetera
3137 5340 3264 5378 vero
3285 5325 3401 5382 alia
3423 5347 3649 5393 nam-

349 5418 447 5469 tur
468 5423 601 5481 ergo
625 5411 690 5462 ut
717 5400 981 5460 extendat
1004 5414 1255 5492 manum,
1298 5402 1575 5492 quatenus
1620 5398 1939 5492 largitatem
2021 5401 2192 5456 tionis
2211 5418 2326 5457 suae
2345 5402 2468 5458 loca
2485 5404 2711 5461 ﬁrmare
2738 5406 3028 5479 videntur;
3056 5418 3117 5467 ut
3137 5420 3301 5484 puta:
3326 5417 3467 5474 Ecce
3487 5440 3648 5492 puer

344 5498 479 5559 boni
507 5496 691 5570 operis
720 5490 1024 5551 exhiberet.
1048 5487 1157 5547 Sed
1176 5486 1246 5547 de
1272 5485 1515 5547 sanitate
1531 5486 1778 5545 hominis
1806 5502 1938 5545 mox
2022 5507 2170 5547 meus
2199 5506 2359 5565 quem
2377 5494 2533 5563 elegi,
2565 5495 2794 5553 dilectus
2822 5512 2977 5557 meus
3005 5503 3070 5558 in
3096 5518 3202 5574 quo
3220 5504 3352 5562 bene
3379 5485 3641 5586 compla-

369 4782 581 4841 fuerint
611 4777 821 4834 sociata
846 4775 963 4830 Deo
992 4788 1092 4845 per
1119 4771 1306 4837 ﬁdem,
1343 4776 1399 4826 et
1446 4770 1827 4842 integritatem
1856 4775 1959 4829 ha-

367 4870 598 4931 buerint
619 4868 778 4922 bona:
805 4862 1125 4919 voluntatis.
1155 4861 1417 4932 Alioquin
1431 4877 1655 4931 semper
1668 4863 1959 4919 olfendunt

366 4964 517 5019 bona
546 4958 742 5022 malos,
783 4954 877 5027 pia
913 4952 1137 5023 impios,
1170 4956 1363 5005 sancta
1401 4950 1681 5021 profanos.
1723 4952 1791 5006 Et
1830 4953 1954 5008 ideo

364 5050 595 5128 pessimi
611 5044 929 5103 sacerdotes
958 5039 1325 5096 observabant
1343 5038 1602 5095 Sabbatis
1626 5057 1738 5094 non
1758 5041 1805 5095 si
1823 5058 1951 5113 pec-

361 5147 532 5205 caret,
568 5137 665 5194 sed
695 5136 742 5191 si
775 5136 1020 5195 sanaret,
1048 5135 1113 5184 ut
1139 5135 1467 5185 accusarent
1490 5146 1638 5186 eum.
1672 5130 1949 5187 Insidian-
