3918 6176
225 236 314 293 461

988 240 1370 299 EXPOSITIO
1407 243 1485 301 IN
1516 234 1965 301 AMA'I'I‘I-IEUM.
2000 270 2063 286 —
2094 241 2231 298 LIB.
2271 240 2366 311 VI,
2400 242 2539 299 CAP
2576 244 2702 304 XII.

3321 257 3484 320 .462

223 365 332 417 cuit
343 367 555 420 anim:
566 382 709 422 mea
735 366 824 423 Illi
840 367 1618 436 attestaturloco,ubiait:llic
1635 374 1710 425 est
1725 369 1874 431 Fi-A
1892 382 2006 423 non
2034 366 2292 435 audiunt,
2322 367 2455 439 quia
2480 369 2538 424 in
2565 370 2814 441 spatiosa
2839 375 2897 429 et
2938 373 3055 433 lata
3091 379 3485 450 perambulant

223 453 329 505 lius
352 469 508 507 meus
527 456 845 521 dilectus,in
865 473 969 527 quo
989 459 1134 511 mihi
1144 459 1270 512 bene
1286 460 1811 531 complacui(Matth.
1894 457 2001 523 via,
2021 456 2080 512 in
2109 472 2222 529 qua
2249 471 2539 529 nunquam
2567 458 2823 517 Christus
2836 463 3084 535 auditur,
3109 469 3363 539 quamvis
3391 489 3483 529 sa-

220 555 353 607 xvn,
388 543 463 609 5).
488 542 580 598 Sic
603 550 661 598 et
685 544 903 617 reliqua
930 546 1047 601 suis
1075 545 1387 617 quibusque
1412 546 1707 611 locis.Qum
1725 552 1817 602 ta-

221 644 346 683 men
367 631 563 686 omnia
581 632 867 687 Christum
884 635 1216 706 depingunt,
1240 640 1297 689 et
1307 635 1423 689 suis
1438 635 1736 707 designant
1755 636 1814 690 li-

217 719 555 787 neamentis;
589 737 713 792 quae
739 722 921 793 ﬁgura
949 722 1412 778 characterismos
1431 724 1813 790 dicitur,Lati-

217 821 281 861 ne
312 806 642 879 descriptio.
675 811 808 875 Quae
826 812 903 866 ita
923 812 1184 868 describit
1212 813 1335 883 ejus
1347 812 1814 880 innocentiam,ut

218 895 355 949 nulli
388 897 557 951 alteri
569 900 1190 969 congruereselﬁhacc
1206 902 1374 973 longa
1399 902 1567 973 hujus
1582 902 1812 975 capituli

214 985 488 1049 narratio,
521 986 630 1041 nisi
661 988 779 1041 solo
808 989 1050 1055 Christo,
1091 990 1372 1058 videatur;
1399 991 1495 1062 qui
1524 1006 1812 1063 nunquam

215 1073 364 1127 visus
390 1080 482 1129 est
498 1074 858 1132 turbulentus
879 1082 936 1131 et
961 1078 1339 1149 anxius,juxta
1358 1081 1506 1151 quod
1536 1081 1814 1152 Hierony-

214 1177 337 1216 mus
364 1163 776 1235 interpretatus
805 1180 906 1232 est,
955 1183 1020 1221 eo
1047 1168 1194 1238 quod
1224 1169 1600 1239 aequalitatem
1627 1169 1815 1226 vultus

213 1251 365 1305 omni
406 1258 662 1325 tempore
691 1256 1034 1326 praetulerit;
1070 1257 1219 1327 quod
1246 1256 1383 1311 falso
1414 1258 1730 1329 philosophi
1745 1260 1814 1313 de

211 1339 542 1411 Pythagora
567 1343 900 1413 gloriantur,
953 1344 1113 1416 quasi
1162 1360 1451 1417 nunquam
1494 1346 1620 1417 plus
1648 1347 1813 1401 solito

210 1430 395 1484 tristis
424 1430 599 1486 fuerit
624 1432 708 1486 vel
739 1434 916 1489 laetus.
951 1434 1060 1489 Sed
1088 1438 1154 1488 ut
1191 1435 1358 1505 hujus
1388 1436 1696 1490 testimonii
1726 1451 1815 1491 ex-

208 1519 466 1589 planatio
494 1520 565 1574 de
594 1521 816 1575 Christo
846 1522 1196 1577 manifestior
1222 1529 1814 1594 appareat,curramus

1895 545 2111 617 pientia
2131 545 2265 601 toris
2284 546 2615 613 clamitet,et
2636 548 2696 603 in
2726 550 2927 622 plateis
2950 553 3047 610 det
3077 571 3268 614 vocem
3297 555 3480 630 suam,

1897 633 1957 687 in
1982 634 2164 705 capite
2211 634 2464 689 omnium
2491 635 2730 692 viarum.
2763 640 2908 704 Quia
2934 642 3044 698 nisi
3103 647 3230 718 quis
3266 657 3333 703 ex
3378 650 3484 706 hac

1895 723 2084 793 platea
2109 722 2397 778 transierit
2424 724 2495 778 ad
2535 733 2830 796 angustam
2857 744 2981 801 quae
3005 732 3162 789 ducit
3187 736 3259 792 ad
3290 737 3480 808 vitam,

1896 810 2180 866 Christum
2200 811 2395 867 audire
2423 813 2576 868 intus
2599 822 2711 869 non
2739 822 2942 887 potest.
2982 820 3084 875 Vel
3112 821 3319 881 idcirCo
3347 818 3487 884 dici-

1894 904 1989 954 tur
2017 900 2165 971 quod
2198 915 2311 955 non
2338 900 2619 969 clamabit,
2637 904 2771 975 quia
2790 906 2944 963 mitis
2962 908 3071 963 fuit
3089 916 3147 965 et
3160 906 3489 973 mansuetus

1896 988 2017 1043 sine
2047 1004 2202 1054 voce,
2233 1004 2346 1043 non
2385 990 2643 1059 aperiens
2671 1008 2733 1047 os
2779 990 2964 1061 suum,
3005 1002 3064 1052 et
3110 1014 3225 1056 non
3253 1002 3489 1075 accipiet

1894 1093 2193 1149 personam
2210 1077 2268 1131 in
2274 1078 2625 1148 judicio,siVe
2659 1097 2771 1136 non
2800 1083 3093 1152 levabit,ut
3118 1088 3490 1150 subaudiatur

1896 1165 1954 1220 in
1983 1166 2161 1220 altum
2196 1180 2381 1221 vocem
2405 1169 2686 1232 suam,vel
2724 1171 2887 1240 juxta
2925 1174 3343 1245 Symmachum,
3374 1196 3487 1239 non

1895 1253 2243 1325 decipiatur;
2276 1255 2409 1326 quia
2442 1268 2637 1311 omnes
2666 1256 2897 1314 insidias
2941 1262 3146 1319 diaboli
3188 1258 3484 1341 intelliget.

1896 1341 2070 1397 Porro
2094 1344 2463 1415 Septuaginta
2493 1345 2598 1399 hoc
2636 1346 2774 1414 loco,
2805 1364 2918 1403 non
2947 1353 3299 1422 relinquetur
3341 1349 3491 1415 dixe-

1894 1438 2055 1486 runt:
2081 1431 2139 1486 id
2166 1438 2269 1497 est,
2296 1448 2407 1487 non
2430 1433 2709 1505 relinquet
2729 1437 2997 1508 populum
3016 1439 3357 1511 Judmo‘rum,
3383 1447 3494 1506 nisi

1896 1525 2051 1574 vocet
2077 1536 2206 1575 eum
2235 1521 2306 1575 ad
2345 1521 2754 1592 paenitentiam.
2790 1525 2908 1581 Nec
2936 1528 3199 1585 audietur
3223 1532 3363 1589 foris
3392 1538 3494 1591 vox

209 1624 305 1678 per
333 1608 587 1679 singula,
613 1610 776 1680 juxta
802 1611 1130 1666 varietatem
1153 1612 1546 1684 interpretum.
1582 1614 1728 1668 Nam
1753 1614 1814 1668 in
1831 1678 1875 1687 _
1895 1608 2252 1679 ejus,scilicet
2277 1616 2437 1665 extra
2466 1611 2961 1687 Galilaeammeque
2990 1623 3146 1673 extra
3165 1621 3415 1678 Iudaeam
3440 1624 3499 1681 in

207 1678 493 1769 principio
521 1678 690 1770 hujus
722 1699 846 1765 loci,
878 1700 1184 1755 secundum
1229 1678 1613 1773 Septuaginta,
1645 1678 2657 1770 IacobBaliisgentibusEvangelium
2671 1678 3493 1782 praedieabit.Quod'silegimus

209 1803 351 1858 puer
380 1803 567 1854 meus,
620 1786 807 1853 habet,
859 1804 1145 1843 assumam
1192 1805 1341 1856 eum,
1373 1790 1548 1845 Israel
1605 1791 1816 1845 electus
1896 1802 2026 1841 eum
2048 1786 2221 1841 fuisse
2240 1786 2299 1841 in
2324 1786 2583 1843 terminis
2600 1791 2734 1862 Tyri
2753 1798 2811 1846 et
2826 1793 3160 1862 Sidonis,vel
3176 1797 3234 1852 in
3255 1801 3495 1856 confinio

209 1892 397 1940 meus,
430 1876 651 1948 suscepi
676 1892 825 1932 eum.
855 1876 965 1932 Sed
996 1876 1294 1933 Matthaeus
1322 1878 1456 1950 quia
1483 1878 1817 1934 Hebraicam
1897 1875 2163 1930 Caesareae
2177 1886 2301 1946 quae
2319 1887 2468 1931 nunc
2488 1877 2704 1933 Paneas
2723 1886 2971 1944 vocatur,
2985 1887 3177 1939 tamen
3204 1877 3491 1944 sciendum

211 1970 450 2019 secutus
479 1971 566 2019 est
590 1965 905 2030 veritatem,
938 1982 1041 2021 nec
1070 1967 1242 2022 Jacob
1262 1967 1468 2038 posuit,
1488 1984 1592 2022 nec
1618 1968 1813 2028 Israel,
1897 1978 2009 2017 non
2032 1976 2153 2017 esse
2179 1963 2452 2048 scriptum
2473 1966 2784 2038 quodipsas
2802 1968 3089 2040 ingressus
3102 1972 3194 2039 sit,
3225 1981 3324 2030 aut
3351 1964 3498 2048 prai-

209 2054 301 2108 sed
331 2054 891 2118 tantummodo,Ecce
916 2072 1057 2125 puer
1084 2072 1255 2110 meus.
1278 2056 1556 2120 Quoniam
1582 2056 1818 2111 ubicun-
1900 2050 2170 2105 dicaverit
2206 2042 2485 2121 civitates.
2531 2054 2693 2118 QUOd
2756 2070 2870 2112 non
2927 2061 3281 2117 contenderit
3325 2042 3495 2120 etiam

212 2160 317 2214 que
353 2143 427 2197 de
451 2143 757 2214 apostolico
785 2144 953 2198 choro
972 2144 1267 2215 prophetia
1284 2150 1387 2210 est,
1401 2161 1625 2217 semper
1650 2144 1820 2200 Iacob
1901 2139 2221 2206 damnatus,
2252 2140 2610 2197 manifestum
2642 2149 2749 2211 est,
2766 2152 2949 2218 neque
2968 2147 3279 2206 defenderit
3304 2142 3498 2210 multis

212 2238 305 2287 aut
342 2232 653 2298 Israel,aut
672 2248 864 2287 semen
895 2233 1251 2304 appellantur
1266 2233 1581 2300 Abraham;
1615 2232 1818 2304 quibus
1900 2227 2203 2298 injuriatus
2218 2229 2541 2301 opprobriis
2571 2231 2821 2304 colaphis
2853 2228 2910 2289 et
2936 2232 3258 2295 verberibus
3283 2244 3496 2312 caesus;

213 2320 381 2393 quasi
412 2319 738 2375 hominibus
766 2337 831 2376 ac
853 2321 1025 2376 servis
1045 2327 1452 2394 consequenter
1477 2322 1702 2378 dicitur:
1717 2323 1821 2376 No-
1899 2330 2083 2388 neque
2105 2317 2367 2373 clamavit
2410 2319 2634 2390 quando
2670 2319 2882 2377 dictum
2921 2330 3008 2380 est
3032 2325 3122 2380 ei:
3168 2328 3294 2384 Non
3333 2330 3503 2387 audi:

214 2413 255 2464 li
283 2413 515 2475 timere,
539 2412 741 2463 vermis
762 2410 943 2475 Jacob,
966 2415 1014 2464 et
1028 2426 1235 2479 parvus
1256 2426 1494 2465 numero
1516 2412 1818 2477 IsraelUsa.
1903 2411 2114 2474 quanta
2139 2408 2400 2461 adversus
2423 2413 2471 2461 te
2506 2410 2702 2464 dicunt
2734 2415 3087 2469 testimonia?
3104 2410 3501 2488 (Matthxxvti,

211 2513 317 2565 xu,
370 2497 481 2563 14).
510 2497 615 2552 Ubi
642 2513 771 2552 vero
792 2498 1113 2553 vaticinium
1143 2504 1231 2553 est
1255 2499 1325 2553 de
1346 2499 1588 2562 Christo,
1617 2497 1813 2570 perfec-

1909 2491 2019 2562 13).
2070 2494 2361 2549 Calamam
2392 2496 2596 2567 inquit,
2652 2504 2992 2569 quassatum,
3038 2503 3155 2559 sive
3190 2505 3506 2580 effractum,

210 2591 265 2641 to
312 2592 388 2643 ut
436 2586 970 2658 impraesentiarum,
1012 2604 1234 2658 semper
1284 2587 1496 2659 absque
1546 2587 1716 2642 Jacob
1769 2592 1827 2641 et
1908 2596 2021 2636 non
2049 2588 2287 2637 conteret
2319 2585 2446 2665 (Isti.
2480 2598 2612 2650 XLII,
2663 2585 2737 2656 3),
2791 2588 2924 2659 quia
2970 2588 3185 2647 cunctis
3213 2594 3503 2665 placabilis

216 2676 402 2731 Israel
422 2674 650 2746 legitur.
682 2676 796 2729 Nec
825 2676 1034 2730 mirum
1058 2675 1236 2746 igitur
1264 2676 1520 2731 Christus
1550 2675 1599 2730 si
1631 2692 1826 2731 servus
1906 2671 2096 2736 fuit,et
2120 2671 2340 2726 veniam
2369 2672 2631 2744 praestitit
2654 2676 3257 2746 peccatoribus,dicens
3277 2683 3348 2737 ad
3374 2700 3503 2740 mu-

208 2768 474 2830 vocetur,
506 2780 607 2835 pro
637 2780 748 2835 quo
787 2763 1167 2834 Evangelista,
1212 2765 1342 2818 Ecce
1387 2780 1525 2833 puer
1567 2781 1721 2819 naeus
1749 2765 1829 2819 di-
1910 2760 2123 2826 lierem,
2167 2754 2401 2828 conﬁde,
2434 2764 2575 2829 ﬁlia,
2607 2764 2981 2819 dimittuntur
3004 2769 3109 2821 tibi
3149 2774 3369 2839 peccata
3402 2778 3503 2831 tua

205 2854 280 2909 xit
305 2874 320 2922 ;
403 2853 680 2925 quoniam
709 2852 889 2907 factus
920 2858 1007 2907 est
1034 2869 1100 2907 ex
1138 2852 1393 2919 muliere,
1424 2859 1481 2907 et
1519 2852 1699 2908 factus
1726 2852 1830 2908 sub
1913 2848 2128 2919 (Matth.
2160 2847 2323 2917 κθ).
2343 2849 2412 2903 Et
2427 2852 2614 2904 tinum
2640 2852 2947 2920 fumigans',
2966 2853 3100 2923 sive,
3128 2861 3192 2911 ut
3206 2858 3505 2917 animus.

206 2938 327 3015 lege
353 2963 367 2998 :
398 2944 517 3010 Qui
542 2958 670 2995 cum
695 2944 757 2995 in
776 2943 961 3009 forma
981 2942 1080 2996 Dei
1106 2947 1253 3007 esset,
1277 2942 1605 2996 humiliavit
1625 2947 1817 2997 semet—
1912 2937 2183 3003 tulerunt,
2210 2936 2507 2992 Obscurum
2535 2944 2706 3011 atque
2736 2940 3115 3011 tenebrosum.
3159 2952 3273 3002 ηοη
3303 2944 3506 3025 ἐπεῖπε

222 3036 413 3101 ipsum
448 3033 697 3099 formam
712 3034 858 3084 servi
875 3033 1163 3100 accipiens,
1182 3036 1230 3084 et
1258 3031 1451 3084 habitu
1482 3033 1740 3085 inventus
1768 3035 1832 3085 ut
1851 3027 1896 3088 C
1911 3026 2396 3115 guewllalthqﬂl,
2416 3025 2526 3096 20)-
2540 3026 2734 3082 Abfuit
2751 3038 2994 3102 namque
3013 3031 3086 3087 ab
3104 3051 3171 3115 eo
3191 3036 3376 3091 omnis
3391 3037 3508 3092 cla-

213 3122 374 3177 homo
391 3121 699 3192 (PhitipJI,
728 3119 862 3186 7),in
882 3135 993 3190 quo
1013 3119 1353 3190 complacuit
1369 3118 1474 3172 sibi
1500 3119 1690 3174 anima
1721 3120 1813 3175 Dei

1906 3129 2047 3180 mor,
2081 3119 2140 3168 et
2167 3114 2271 3181 ira,
2296 3120 2355 3169 et
2384 3115 2718 3186 indignatio,
2754 3123 2812 3173 et
2837 3120 3021 3175 omnis
3049 3114 3387 3193 amaritudo,
3422 3124 3505 3183 id-

205 3208 561 3265 Patris.Non
582 3207 730 3279 quod
756 3207 904 3262 Deus
925 3208 1110 3272 Pater,
1132 3224 1198 3261 ex
1227 3207 1386 3276 cujus
1414 3223 1654 3277 persona
1683 3207 1822 3262 Pro-
1906 3202 2052 3257 circo
2075 3203 2295 3257 nullum
2323 3202 2468 3259 lesit
2494 3222 2507 3258 ε
2541 3206 2806 3277 quoniam
2836 3208 2934 3279 qui
2961 3212 3237 3281 peccatori
3267 3216 3503 3272 manum

203 3299 381 3369 pheta
408 3297 691 3368 loquitur.
721 3296 967 3350 animam
999 3295 1222 3360 habeat,
1257 3295 1356 3349 sed
1382 3295 1595 3366 tropice
1612 3295 1813 3350 dictum

1905 3307 2018 3346 non
2044 3292 2297 3363 porrigit,
2321 3308 2424 3347 nec
2441 3299 2630 3365 portat
2644 3310 2786 3350 onus
2803 3296 3012 3365 fratris,
3034 3299 3141 3355 iste
3171 3305 3505 3373 quassatum

203 3394 289 3442 est
324 3403 495 3442 more
524 3386 793 3451 humano,
825 3385 971 3439 sicut
1000 3389 1058 3438 et
1108 3383 1165 3437 in
1197 3383 1627 3454 quamplurimis
1662 3384 1820 3452 locis,
1905 3381 2186 3435 calamum
2212 3380 2299 3434 vel
2327 3381 2661 3437 arundinem
2689 3385 3073 3457 confringit,et
3099 3390 3195 3467 qui
3224 3388 3503 3450 modicam

200 3476 297 3531 ubi
328 3484 392 3531 et
415 3473 679 3530 membra
706 3479 992 3544 ponuntur
1010 3491 1023 3527 :
1040 3472 1098 3527 in
1128 3488 1239 3543 quo
1266 3471 1533 3526 nimirum
1550 3471 1655 3526 sibi
1677 3489 1825 3527 com-
1904 3468 2202 3522 scintillam
2224 3468 2473 3533 ﬁdeiﬂel
2509 3471 2865 3541 ἱιιεῖίῑίωνεθιι
2887 3473 3018 3531 boni
3054 3480 3240 3549 operis
3259 3487 3505 3538 οοηίθῐη·

201 3565 497 3638 placuisse
515 3562 915 3632 testatur,quia
938 3577 1135 3615 omnes
1156 3561 1214 3614 in
1235 3576 1301 3615 eo
1320 3561 1555 3615 virtutes
1570 3560 1818 3628 fuerunt,
1905 3556 2115 3610 nuntin
2138 3555 2485 3627 parvulo,hic
2503 3557 2681 3613 linum
2700 3559 2983 3632 fumigans
3004 3567 3330 3637 exstinguit,
3350 3570 3499 3640 quod

200 3655 556 3724 nullumque
584 3658 891 3723 peccatum.
924 3649 1185 3715 Quinimo
1223 3649 1344 3720 ipse
1372 3654 1459 3703 est
1494 3649 1595 3704 Dei
1623 3649 1818 3716 virtus,
1905 3638 2162 3698 Christus
2185 3661 2299 3699 non
2329 3644 2526 3700 fecisse
2554 3647 2843 3717 probatur,
2877 3653 3144 3721 quoniam
3191 3655 3297 3726 qui
3332 3638 3500 3714 vicini

201 3743 424 3815 Deique
451 3739 751 3812 sapientia.
778 3739 938 3805 Dedi,
967 3739 1171 3810 inquit,
1215 3737 1476 3809 spiritum
1509 3752 1698 3793 meum
1731 3754 1823 3793 su-
1904 3739 2066 3787 erant
2093 3733 2262 3789 morti
2293 3740 2351 3788 et
2373 3733 2655 3790 obscurati
2691 3743 3045 3807 peccatorum
3075 3741 3341 3809 tenebris,
3373 3746 3498 3818 ejus

203 3848 307 3903 per
340 3847 483 3886 eum
538 3846 653 3883 non
700 3828 996 3901 partiliter,
1023 3827 1122 3881 sed
1151 3832 1354 3882 totum.
1397 3826 1506 3891 Qui
1533 3827 1823 3883 descendit
1900 3821 2201 3877 clementia
2224 3820 2421 3877 salvati
2442 3828 2594 3884 sunt,
2627 3830 2685 3878 et
2708 3826 2927 3880 accensi
2952 3827 3182 3883 flamma
3207 3830 3498 3888 charitatis

200 3937 382 3993 super
401 3936 540 3975 eum
555 3918 612 3973 in
634 3917 816 3990 specie
840 3916 1129 3984 columbae,
1154 3923 1212 3971 et
1237 3916 1447 3970 mansit
1470 3920 1623 3971 totus
1640 3916 1698 3972 in
1729 3933 1816 3972 eo.
1902 3911 1999 3982 qui
2028 3911 2181 3965 venit
2202 3910 2522 3966 illuminare
2549 3911 2921 3969 tenebricatos
2949 3922 3194 3987 peccato,
3229 3923 3288 3975 et
3312 3920 3495 3977 salva-

200 4010 313 4075 Qui
345 4026 498 4082 puer
531 4013 779 4071 vocatur,
812 4007 945 4077 quia
986 4006 1117 4060 licet
1149 4005 1333 4059 minor
1359 4005 1419 4059 in
1444 4005 1624 4059 forma
1652 4006 1816 4073 servi,
1902 4015 1963 4054 re
1998 3999 2147 4070 quod
2187 4000 2449 4072 Periel‘at-
2496 4001 2680 4057 Aliter
2706 4012 2942 4073 regnum
2971 4004 3495 4080 Judaeorum'qua»

197 4116 355 4155 unus
374 4106 579 4153 tamen
589 4097 851 4167 idemque
866 4094 1121 4150 Christus
1142 4094 1439 4165 cozequalis
1465 4100 1550 4148 est
1566 4094 1627 4148 in
1646 4111 1819 4166 regno
1901 4093 2084 4143 satum
2105 4094 2163 4143 et
2178 4088 2543 4155 confractum,
2577 4090 2711 4162 quia
2746 4091 2804 4145 in
2828 4092 3074 4165 lapidem
3099 4086 3294 4162 δίας·
3319 4097 3496 4155 offen-

196 4189 383 4251 Patri,
420 4193 485 4241 et
526 4186 585 4240 in
614 4186 794 4240 forma
836 4185 957 4239 Dei.
990 4185 1055 4239 In
1097 4200 1207 4255 quo
1229 4184 1361 4255 quia
1389 4184 1618 4254 aequalis
1647 4188 1731 4238 est
1760 4184 1813 4237 in

1900 4176 2079 4231 sionis’
2102 4175 2353 4247 impegit,
2385 4190 2499 4232 non
2527 4177 2666 4248 ipse,
2697 4179 2796 4233 sed
2822 4185 3121 4251 peccatum
3136 4199 3332 4240 eorum
3361 4185 3496 4258 quia

192 4278 529 4343 divinitate,
562 4275 729 4329 unius
759 4279 847 4328 est
875 4290 1000 4328 cum
1030 4274 1199 4328 Patre
1228 4272 1736 4334 voluntatis,totum
1756 4272 1813 4326 in
1836 4281 2017 4359 Ότιοη
2064 4272 2396 4359 reeepel‘unt
2435 4269 2872 4359 eumAeOnti'int.
2905 4276 2967 4355 et.
2997 4272 3175 4328 linum
3212 4268 3493 4347 fumigans

191 4382 259 4419 eo
281 4367 473 4420 Pater
498 4362 767 4435 placitum
794 4378 956 4416 suum
982 4361 1170 4433 posuit
1188 4361 1283 4432 qui
1302 4366 1468 4415 natus
1499 4366 1585 4415 est
1616 4377 1683 4415 ex
1710 4363 1817 4417 Ma-
1839 4354 1876 4359 ⁷
1903 4369 2015 4426 quo
2041 4354 2361 4423 utebantur,
2395 4356 2712 4412 sacerdotes
2740 4358 3000 4414 Videlicet
3036 4360 3205 4443 ipseS,
3237 4368 3350 4418 non
3374 4363 3494 4437 ipse

189 4454 300 4510 ria,
313 4455 394 4510 Ut
427 4452 528 4525 qui
579 4451 801 4523 placere
830 4451 944 4505 Deo
984 4450 1322 4512 desiderant,
1356 4449 1414 4504 in
1443 4466 1509 4504 eo
1556 4442 1639 4505 illi
1667 4466 1816 4504 cum-
1897 4444 1994 4499 sed
2022 4444 2324 4500 inﬁdelitas
2359 4461 2554 4500 eorum
2588 4447 2871 4515 exstinxit,
2893 4448 3025 4519 quia
3047 4451 3283 4507 ictorem
3313 4453 3494 4524 magis

186 4544 491 4614 placeant,
524 4546 682 4596 extra
710 4556 876 4612 quem
903 4539 1043 4593 nihil
1070 4539 1131 4593 ei‘
1172 4539 1391 4610 placere
1415 4542 1616 4611 potest.
1640 4539 1706 4593 Et
1718 4542 1813 4609 ju-
1895 4538 1953 4587 et
1980 4531 2290 4589 caecitatum
2326 4546 2493 4606 quam
2523 4535 2809 4589 ﬂammam
2840 4536 3132 4594 charitatis
3158 4541 3490 4598 attulerunt.
3537 4596 3547 4602 .

188 4634 425 4686 dic-ium
469 4630 672 4701 inquit,
718 4630 970 4696 gentibus
994 4630 1281 4683 nuntiabit
1307 4629 1526 4695 (Matth.
1562 4641 1661 4694 xn,
1702 4625 1805 4696 18),
1894 4621 2102 4677 Verum
2125 4623 2296 4677 etiam
2319 4632 2420 4678 nec
2436 4628 2634 4703 gentes
2652 4641 2755 4679 nec
2775 4625 2997 4681 Judacos
3024 4644 3060 4682 a
3088 4628 3198 4684 ﬁde
3233 4631 3493 4703 repudia-

181 4723 275 4775 γει
333 4720 597 4792 proferet
641 4717 791 4789 quod
839 4722 1005 4772 antea
1031 4714 1374 4772 nesciebant.
1408 4715 1566 4771 Unde
1594 4715 1715 4788 ipse
1742 4715 1813 4769 de
1894 4710 1991 4777 vit,
2033 4711 2131 4765 sed
2161 4710 2409 4783 alligavit
2428 4713 2576 4784 quod
2604 4713 2949 4770 confractum
2977 4721 3117 4785 erat,
3151 4722 3209 4774 et
3231 4721 3490 4792 quiesivit

180 4826 264 4875 se,
288 4810 369 4865 In
418 4809 722 4877 judicium,
767 4807 966 4879 inquit,
1001 4822 1092 4874 ego
1121 4808 1247 4860 veni
1275 4808 1339 4859 in
1376 4806 1587 4860 mundo
1631 4806 1808 4874 (Joan.
1894 4800 2044 4872 quod
2076 4801 2355 4872 perierat:
2382 4800 2611 4873 insuper
2637 4804 2954 4859 reaccendit
2984 4806 3259 4863 modicam
3279 4809 3490 4867 scintilo

178 4914 255 4963 ιχ,
283 4897 420 4964 39),
445 4900 713 4966 quoniam
731 4900 789 4951 et
810 4896 977 4949 Pater
998 4910 1157 4949 omne
1176 4896 1463 4963 judicium
1481 4896 1628 4948 dedit
1648 4896 1806 4961 Filio,
1892 4888 2004 4947 lam
2032 4889 2372 4955 Judzeorum,
2405 4889 2607 4962 quibus
2626 4896 2751 4945 erat
2774 4896 3167 4952 tantummodo
3193 4902 3379 4967 natus,
3407 4899 3491 4956 ita

176 4991 325 5056 quia
380 4988 542 5054 ﬁlius
595 4987 839 5040 hominis
877 4988 950 5039 est
996 4985 1179 5054 ilbid.,
1211 4981 1324 5048 ⁶22).
1358 4984 1483 5037 Νοη
1511 4982 1812 5037 contendet
1892 4983 1958 5033 ut
2003 4979 2073 5032 de
2102 4994 2272 5050 parvo
2301 4976 2513 5033 lumine
2558 4977 2889 5049 cognitionis
2919 4982 3041 5051 Dei,
3073 4988 3129 5040 ct
3158 5003 3335 5057 poenas
3360 5002 3484 5043 mo-

174 5092 385 5149 neque
418 5073 710 5140 clamabit,
755 5087 938 5145 neque
966 5072 1159 5127 audiet
1187 5071 1391 5144 aliquis
1408 5070 1467 5127 in
1496 5070 1697 5143 plateis
1718 5087 1812 5126 νο·
1896 5066 2076 5122 riente
2112 5067 2373 5133 scintilla,
2415 5066 2659 5123 maxima
2686 5068 2744 5124 in
2777 5071 2988 5127 mundo
3012 5073 3270 5131 suscitari
3298 5074 3485 5133 incen-

176 5180 309 5219 cem
333 5178 513 5217 suam
538 5182 552 5228 ;
586 5166 703 5217 tata
730 5161 881 5219 enim
910 5165 1094 5228 541
1128 5164 1177 5215 et
1200 5161 1440 5229 spatiosa
1469 5162 1560 5214 via
1591 5164 1666 5213 est
1695 5175 1814 5229 quae
1895 5156 2005 5222 dia,
2040 5161 2106 5210 ut
2133 5161 2287 5211 totus
2324 5154 2475 5211 orbis
2499 5156 2724 5215 arderet
2749 5158 2880 5229 igne
2906 5160 3129 5217 Domini
3155 5164 3482 5234 Salvatoris,

174 5254 347 5309 ducit
368 5252 459 5305 ad
483 5252 855 5321 perditionem
880 5251 1111 5316 (Jerem.
1140 5260 1233 5315 vn,
1272 5247 1376 5317 1‘2).
1409 5248 1473 5302 In
1506 5263 1618 5319 qua
1644 5262 1811 5302 nemo
1893 5261 2060 5316 quem
2087 5244 2241 5300 venit
2267 5244 2491 5299 mittere
2516 5245 2575 5300 in
2603 5250 2814 5303 terram
2846 5254 2904 5303 et
2933 5250 3119 5306 adhuc
3155 5254 3337 5326 magis
3365 5257 3485 5313 vult

176 5342 357 5396 audit
394 5354 589 5394 vocem
642 5338 804 5409 ejus;
841 5338 1104 5410 quoniam
1156 5338 1274 5410 ipse
1318 5342 1405 5393 est
1433 5336 1531 5391 illa
1569 5343 1727 5390 arcta
1753 5340 1812 5391 et
1892 5338 1955 5388 ut
1979 5333 2199 5390 ardeat.
2240 5333 2536 5406 Sequitur:
2559 5334 2627 5390 Et
2653 5336 2718 5390 in
2743 5339 2969 5392 veritate
2996 5338 3183 5396 educet
3197 5344 3487 5413 judicium

173 5429 574 5503 angustavia,
597 5443 701 5500 per
725 5443 895 5499 quam
921 5426 1084 5499 pauci
1112 5426 1324 5482 intrare
1351 5425 1715 5491 contendunt,
1745 5429 1812 5479 ut
1892 5424 2022 5491 (lsa.
2057 5434 2186 5488 xm,
2237 5420 2313 5492 3).
2364 5421 2452 5478 Ac
2506 5422 2709 5478 deinde
2758 5430 2823 5480 ut
2848 5425 2923 5482 in”
2946 5426 3200 5497 Hebraeo,
3232 5446 3347 5488 non
3374 5434 3486 5490 erit

176 5535 289 5595 per
321 5519 530 5595 ipsum
558 5516 891 5593 perveniant
918 5515 991 5573 ad
1016 5516 1241 5592 ipsum;
1296 5530 1467 5588 quem
1490 5514 1617 5571 ideo
1647 5510 1810 5570 multi
1892 5510 2072 5568 tristis
2090 5526 2273 5585 neque
2316 5510 2695 5581 turbulentus,
2723 5512 2901 5571 donec
2930 5522 3107 5593 ponat
3127 5517 3186 5577 in
3215 5523 3370 5576 terra
3390 5521 3495 5595 δαί
