  <div class='ocr_page' id='page_1' title='image "/cluster/home/n/w/nwhite01/storage/ocr_20150623/120/hvd.32044054759824/237.png"; bbox 0 0 3918 6176; ppageno 0'>
   <div class='ocr_carea' id='block_1_1' title="bbox 548 290 3753 361">
    <p class='ocr_par' dir='ltr' id='par_1_1' title="bbox 548 290 3753 361">
     <span class='ocr_line' id='line_1_1' title="bbox 548 290 3753 361; baseline -0.005 -8"><span class='ocrx_word' id='word_1_1' title='bbox 548 296 655 353; x_wconf 77' lang='grc'><strong>463</strong></span> <span class='ocrx_word' id='word_1_2' title='bbox 686 356 693 361; x_wconf 66' lang='grc'>,</span> <span class='ocrx_word' id='word_1_3' title='bbox 1322 293 1397 351; x_wconf 90' lang='lat' dir='ltr'><strong>,S.</strong></span> <span class='ocrx_word' id='word_1_4' title='bbox 1438 292 1817 349; x_wconf 79' lang='lat' dir='ltr'><strong>PASCHASII</strong></span> <span class='ocrx_word' id='word_1_5' title='bbox 1848 292 2208 349; x_wconf 86' lang='lat' dir='ltr'><strong>RADBERTI</strong></span> <span class='ocrx_word' id='word_1_6' title='bbox 2242 294 2546 349; x_wconf 81' lang='lat' dir='ltr'><strong>ABBATIS</strong></span> <span class='ocrx_word' id='word_1_7' title='bbox 2583 290 3076 347; x_wconf 81' lang='lat' dir='ltr'><strong>CORBEIENSIS.</strong></span> <span class='ocrx_word' id='word_1_8' title='bbox 3670 292 3753 348; x_wconf 73' lang='grc'><strong>464</strong></span> 
     </span>
    </p>
   </div>
   <div class='ocr_carea' id='block_1_2' title="bbox 549 412 3751 490">
    <p class='ocr_par' dir='ltr' id='par_1_2' title="bbox 549 412 3751 490">
     <span class='ocr_line' id='line_1_2' title="bbox 549 412 3751 490; baseline -0.002 -13"><span class='ocrx_word' id='word_1_9' title='bbox 549 421 778 477; x_wconf 86' lang='lat' dir='ltr'><strong>dicium.</strong></span> <span class='ocrx_word' id='word_1_10' title='bbox 813 418 1181 490; x_wconf 76' lang='lat' dir='ltr'><strong>Septuaginta</strong></span> <span class='ocrx_word' id='word_1_11' title='bbox 1203 434 1302 488; x_wconf 90' lang='lat' dir='ltr'><strong>pro</strong></span> <span class='ocrx_word' id='word_1_12' title='bbox 1329 416 1496 482; x_wconf 80' lang='lat' dir='ltr'><strong>tristi,</strong></span> <span class='ocrx_word' id='word_1_13' title='bbox 1528 423 1586 471; x_wconf 91' lang='lat' dir='ltr'><strong>et</strong></span> <span class='ocrx_word' id='word_1_14' title='bbox 1603 416 1946 481; x_wconf 88' lang='lat' dir='ltr'><strong>turbulento,</strong></span> <span class='ocrx_word' id='word_1_15' title='bbox 1968 423 2149 487; x_wconf 84' lang='lat' dir='ltr'><strong>sptcn-</strong></span> <span class='ocrx_word' id='word_1_16' title='bbox 2169 425 2210 478; x_wconf 84' lang='lat' dir='ltr'><strong>A</strong></span> <span class='ocrx_word' id='word_1_17' title='bbox 2230 425 2287 473; x_wconf 89' lang='lat' dir='ltr'><strong>et</strong></span> <span class='ocrx_word' id='word_1_18' title='bbox 2304 418 2538 490; x_wconf 85' lang='lat' dir='ltr'><strong>apostoli</strong></span> <span class='ocrx_word' id='word_1_19' title='bbox 2560 416 2884 471; x_wconf 87' lang='lat' dir='ltr'><strong>testimonia</strong></span> <span class='ocrx_word' id='word_1_20' title='bbox 2905 413 3418 485; x_wconf 49' lang='lat' dir='ltr'><strong>protulerunnteste</strong></span> <span class='ocrx_word' id='word_1_21' title='bbox 3440 412 3751 485; x_wconf 83' lang='lat' dir='ltr'><strong>Hieronymo,</strong></span> 
     </span>
    </p>
   </div>
   <div class='ocr_carea' id='block_1_3' title="bbox 549 501 3753 577">
    <p class='ocr_par' dir='ltr' id='par_1_3' title="bbox 549 501 3753 577">
     <span class='ocr_line' id='line_1_3' title="bbox 549 501 3753 577; baseline -0.002 -13"><span class='ocrx_word' id='word_1_22' title='bbox 549 511 695 564; x_wconf 83' lang='lat' dir='ltr'><strong>debit</strong></span> <span class='ocrx_word' id='word_1_23' title='bbox 730 514 779 562; x_wconf 86' lang='lat' dir='ltr'><strong>et</strong></span> <span class='ocrx_word' id='word_1_24' title='bbox 823 525 933 562; x_wconf 80' lang='lat' dir='ltr'><strong>non</strong></span> <span class='ocrx_word' id='word_1_25' title='bbox 970 512 1283 561; x_wconf 85' lang='lat' dir='ltr'><strong>conteretur</strong></span> <span class='ocrx_word' id='word_1_26' title='bbox 1308 511 1652 577; x_wconf 89' lang='lat' dir='ltr'><strong>posuerunt;</strong></span> <span class='ocrx_word' id='word_1_27' title='bbox 1687 506 1831 576; x_wconf 91' lang='lat' dir='ltr'><strong>quod</strong></span> <span class='ocrx_word' id='word_1_28' title='bbox 1859 507 1948 560; x_wconf 92' lang='lat' dir='ltr'><strong>hic</strong></span> <span class='ocrx_word' id='word_1_29' title='bbox 1979 508 2153 562; x_wconf 89' lang='lat' dir='ltr'><strong>Evan-</strong></span> <span class='ocrx_word' id='word_1_30' title='bbox 2234 524 2344 561; x_wconf 93' lang='lat' dir='ltr'><strong>non</strong></span> <span class='ocrx_word' id='word_1_31' title='bbox 2374 514 2509 562; x_wconf 91' lang='lat' dir='ltr'><strong>sunt</strong></span> <span class='ocrx_word' id='word_1_32' title='bbox 2531 512 2750 560; x_wconf 88' lang='lat' dir='ltr'><strong>tantum</strong></span> <span class='ocrx_word' id='word_1_33' title='bbox 2783 503 2950 558; x_wconf 87' lang='lat' dir='ltr'><strong>verba</strong></span> <span class='ocrx_word' id='word_1_34' title='bbox 2982 502 3178 567; x_wconf 80' lang='lat' dir='ltr'><strong>secuti,</strong></span> <span class='ocrx_word' id='word_1_35' title='bbox 3211 502 3308 554; x_wconf 89' lang='lat' dir='ltr'><strong>sed</strong></span> <span class='ocrx_word' id='word_1_36' title='bbox 3337 518 3563 556; x_wconf 84' lang='lat' dir='ltr'><strong>sensum.</strong></span> <span class='ocrx_word' id='word_1_37' title='bbox 3593 501 3656 557; x_wconf 89' lang='lat' dir='ltr'><strong>Et</strong></span> <span class='ocrx_word' id='word_1_38' title='bbox 3678 502 3753 557; x_wconf 89' lang='lat' dir='ltr'><strong>ubi</strong></span> 
     </span>
    </p>
   </div>
   <div class='ocr_carea' id='block_1_4' title="bbox 547 590 3755 667">
    <p class='ocr_par' dir='ltr' id='par_1_4' title="bbox 547 590 3755 667">
     <span class='ocr_line' id='line_1_4' title="bbox 547 590 3755 667; baseline -0.001 -18"><span class='ocrx_word' id='word_1_39' title='bbox 547 596 753 666; x_wconf 86' lang='lat' dir='ltr'><strong>gelista</strong></span> <span class='ocrx_word' id='word_1_40' title='bbox 779 600 1044 649; x_wconf 86' lang='lat' dir='ltr'><strong>neutrum</strong></span> <span class='ocrx_word' id='word_1_41' title='bbox 1084 594 1289 666; x_wconf 85' lang='lat' dir='ltr'><strong>posuit.</strong></span> <span class='ocrx_word' id='word_1_42' title='bbox 1323 593 1584 657; x_wconf 87' lang='lat' dir='ltr'><strong>Quinimo</strong></span> <span class='ocrx_word' id='word_1_43' title='bbox 1628 600 1693 648; x_wconf 89' lang='lat' dir='ltr'><strong>ut</strong></span> <span class='ocrx_word' id='word_1_44' title='bbox 1720 595 1939 649; x_wconf 90' lang='lat' dir='ltr'><strong>videtur</strong></span> <span class='ocrx_word' id='word_1_45' title='bbox 1979 596 2154 667; x_wconf 76' lang='lat' dir='ltr'><strong>scrip-</strong></span> <span class='ocrx_word' id='word_1_46' title='bbox 2234 597 2601 667; x_wconf 79' lang='lat' dir='ltr'><strong>Septuaginta</strong></span> <span class='ocrx_word' id='word_1_47' title='bbox 2626 594 2695 649; x_wconf 90' lang='lat' dir='ltr'><strong>ab</strong></span> <span class='ocrx_word' id='word_1_48' title='bbox 2726 592 2998 648; x_wconf 81' lang='lat' dir='ltr'><strong>Hebraico</strong></span> <span class='ocrx_word' id='word_1_49' title='bbox 3030 590 3635 661; x_wconf 77' lang='lat' dir='ltr'><strong>discrepant,ilebraum</strong></span> <span class='ocrx_word' id='word_1_50' title='bbox 3658 607 3755 645; x_wconf 88' lang='lat' dir='ltr'><strong>sen-</strong></span> 
     </span>
    </p>
   </div>
   <div class='ocr_carea' id='block_1_5' title="bbox 548 678 3753 755">
    <p class='ocr_par' dir='ltr' id='par_1_5' title="bbox 548 678 3753 755">
     <span class='ocr_line' id='line_1_5' title="bbox 548 678 3753 755; baseline -0.001 -17"><span class='ocrx_word' id='word_1_51' title='bbox 548 683 685 738; x_wconf 89' lang='lat' dir='ltr'><strong>toris</strong></span> <span class='ocrx_word' id='word_1_52' title='bbox 713 684 848 738; x_wconf 91' lang='lat' dir='ltr'><strong>vitio</strong></span> <span class='ocrx_word' id='word_1_53' title='bbox 872 684 1080 738; x_wconf 86' lang='lat' dir='ltr'><strong>factum</strong></span> <span class='ocrx_word' id='word_1_54' title='bbox 1108 689 1212 745; x_wconf 88' lang='lat' dir='ltr'><strong>est,</strong></span> <span class='ocrx_word' id='word_1_55' title='bbox 1244 682 1377 753; x_wconf 87' lang='lat' dir='ltr'><strong>quia</strong></span> <span class='ocrx_word' id='word_1_56' title='bbox 1400 698 1565 752; x_wconf 87' lang='lat' dir='ltr'><strong>supra</strong></span> <span class='ocrx_word' id='word_1_57' title='bbox 1596 682 1807 736; x_wconf 90' lang='lat' dir='ltr'><strong>dictum</strong></span> <span class='ocrx_word' id='word_1_58' title='bbox 1834 689 1937 747; x_wconf 90' lang='lat' dir='ltr'><strong>est,</strong></span> <span class='ocrx_word' id='word_1_59' title='bbox 1972 684 2031 739; x_wconf 92' lang='lat' dir='ltr'><strong>in</strong></span> <span class='ocrx_word' id='word_1_60' title='bbox 2059 702 2149 740; x_wconf 85' lang='lat' dir='ltr'><strong>ve-</strong></span> <span class='ocrx_word' id='word_1_61' title='bbox 2232 701 2359 739; x_wconf 90' lang='lat' dir='ltr'><strong>sum</strong></span> <span class='ocrx_word' id='word_1_62' title='bbox 2386 684 2503 739; x_wconf 88' lang='lat' dir='ltr'><strong>suis</strong></span> <span class='ocrx_word' id='word_1_63' title='bbox 2534 698 2856 755; x_wconf 84' lang='lat' dir='ltr'><strong>expressere</strong></span> <span class='ocrx_word' id='word_1_64' title='bbox 2895 679 3263 735; x_wconf 87' lang='lat' dir='ltr'><strong>sermonibus.</strong></span> <span class='ocrx_word' id='word_1_65' title='bbox 3304 679 3455 742; x_wconf 86' lang='lat' dir='ltr'><strong>Quod</strong></span> <span class='ocrx_word' id='word_1_66' title='bbox 3492 679 3545 732; x_wconf 91' lang='lat' dir='ltr'><strong>in</strong></span> <span class='ocrx_word' id='word_1_67' title='bbox 3569 678 3753 734; x_wconf 85' lang='lat' dir='ltr'><strong>nomine</strong></span> 
     </span>
    </p>
   </div>
   <div class='ocr_carea' id='block_1_6' title="bbox 547 766 3752 843">
    <p class='ocr_par' dir='ltr' id='par_1_6' title="bbox 547 766 3752 843">
     <span class='ocr_line' id='line_1_6' title="bbox 547 766 3752 843; baseline -0.002 -17"><span class='ocrx_word' id='word_1_68' title='bbox 547 772 718 827; x_wconf 80' lang='lat' dir='ltr'><strong>ritate</strong></span> <span class='ocrx_word' id='word_1_69' title='bbox 747 773 946 827; x_wconf 88' lang='lat' dir='ltr'><strong>educet</strong></span> <span class='ocrx_word' id='word_1_70' title='bbox 986 772 1303 842; x_wconf 87' lang='lat' dir='ltr'><strong>judicium;</strong></span> <span class='ocrx_word' id='word_1_71' title='bbox 1354 775 1413 824; x_wconf 90' lang='lat' dir='ltr'><strong>et</strong></span> <span class='ocrx_word' id='word_1_72' title='bbox 1448 771 1732 835; x_wconf 87' lang='lat' dir='ltr'><strong>deorsum,</strong></span> <span class='ocrx_word' id='word_1_73' title='bbox 1763 772 1939 826; x_wconf 90' lang='lat' dir='ltr'><strong>donec</strong></span> <span class='ocrx_word' id='word_1_74' title='bbox 1973 778 2146 843; x_wconf 90' lang='lat' dir='ltr'><strong>ponat</strong></span> <span class='ocrx_word' id='word_1_75' title='bbox 2228 773 2437 828; x_wconf 80' lang='lat' dir='ltr'><strong>Christi</strong></span> <span class='ocrx_word' id='word_1_76' title='bbox 2463 778 2661 843; x_wconf 84' lang='lat' dir='ltr'><strong>gentes</strong></span> <span class='ocrx_word' id='word_1_77' title='bbox 2695 771 3060 842; x_wconf 88' lang='lat' dir='ltr'><strong>sperent,jam</strong></span> <span class='ocrx_word' id='word_1_78' title='bbox 3089 768 3251 823; x_wconf 88' lang='lat' dir='ltr'><strong>testis</strong></span> <span class='ocrx_word' id='word_1_79' title='bbox 3290 773 3373 821; x_wconf 88' lang='lat' dir='ltr'><strong>est</strong></span> <span class='ocrx_word' id='word_1_80' title='bbox 3401 766 3658 821; x_wconf 89' lang='lat' dir='ltr'><strong>universus</strong></span> <span class='ocrx_word' id='word_1_81' title='bbox 3680 784 3752 821; x_wconf 86' lang='lat' dir='ltr'><strong>or-</strong></span> 
     </span>
    </p>
   </div>
   <div class='ocr_carea' id='block_1_7' title="bbox 538 855 3753 931">
    <p class='ocr_par' dir='ltr' id='par_1_7' title="bbox 538 855 3753 931">
     <span class='ocr_line' id='line_1_7' title="bbox 538 855 3753 931; baseline -0.001 -16"><span class='ocrx_word' id='word_1_82' title='bbox 538 860 1015 930; x_wconf 88' lang='lat' dir='ltr'><strong>judicium.Quod</strong></span> <span class='ocrx_word' id='word_1_83' title='bbox 1042 859 1289 914; x_wconf 88' lang='lat' dir='ltr'><strong>medium</strong></span> <span class='ocrx_word' id='word_1_84' title='bbox 1318 865 1437 913; x_wconf 90' lang='lat' dir='ltr'><strong>erat</strong></span> <span class='ocrx_word' id='word_1_85' title='bbox 1467 859 1774 914; x_wconf 89' lang='lat' dir='ltr'><strong>secundum</strong></span> <span class='ocrx_word' id='word_1_86' title='bbox 1804 859 2139 916; x_wconf 83' lang='lat' dir='ltr'><strong>Hebraicum</strong></span> <span class='ocrx_word' id='word_1_87' title='bbox 2224 860 2328 927; x_wconf 87' lang='lat' dir='ltr'><strong>bis,</strong></span> <span class='ocrx_word' id='word_1_88' title='bbox 2369 868 2426 915; x_wconf 88' lang='lat' dir='ltr'><strong>et</strong></span> <span class='ocrx_word' id='word_1_89' title='bbox 2449 862 2635 931; x_wconf 84' lang='lat' dir='ltr'><strong>legem</strong></span> <span class='ocrx_word' id='word_1_90' title='bbox 2667 861 2807 930; x_wconf 90' lang='lat' dir='ltr'><strong>ejus,</strong></span> <span class='ocrx_word' id='word_1_91' title='bbox 2851 858 3064 912; x_wconf 88' lang='lat' dir='ltr'><strong>scilicet</strong></span> <span class='ocrx_word' id='word_1_92' title='bbox 3111 855 3480 926; x_wconf 89' lang='lat' dir='ltr'><strong>Evangelium.</strong></span> <span class='ocrx_word' id='word_1_93' title='bbox 3510 856 3691 918; x_wconf 84' lang='lat' dir='ltr'><strong>insula,</strong></span> <span class='ocrx_word' id='word_1_94' title='bbox 3709 856 3753 911; x_wconf 89' lang='lat' dir='ltr'><strong>id</strong></span> 
     </span>
    </p>
   </div>
   <div class='ocr_carea' id='block_1_8' title="bbox 541 943 3748 1019">
    <p class='ocr_par' dir='ltr' id='par_1_8' title="bbox 541 943 3748 1019">
     <span class='ocr_line' id='line_1_8' title="bbox 541 943 3748 1019; baseline -0.002 -16"><span class='ocrx_word' id='word_1_95' title='bbox 541 950 630 1004; x_wconf 92' lang='lat' dir='ltr'><strong>vel</strong></span> <span class='ocrx_word' id='word_1_96' title='bbox 658 948 964 1004; x_wconf 89' lang='lat' dir='ltr'><strong>secundum</strong></span> <span class='ocrx_word' id='word_1_97' title='bbox 989 948 1621 1019; x_wconf 88' lang='lat' dir='ltr'><strong>Septuaginta,scriptor</strong></span> <span class='ocrx_word' id='word_1_98' title='bbox 1648 949 2140 1019; x_wconf 87' lang='lat' dir='ltr'><strong>pratermisit.Sed</strong></span> <span class='ocrx_word' id='word_1_99' title='bbox 2222 956 2310 1004; x_wconf 90' lang='lat' dir='ltr'><strong>est</strong></span> <span class='ocrx_word' id='word_1_100' title='bbox 2339 950 2603 1004; x_wconf 84' lang='lat' dir='ltr'><strong>Ecclesia</strong></span> <span class='ocrx_word' id='word_1_101' title='bbox 2629 952 3011 1019; x_wconf 88' lang='lat' dir='ltr'><strong>susceperunt.</strong></span> <span class='ocrx_word' id='word_1_102' title='bbox 3037 947 3170 1010; x_wconf 85' lang='lat' dir='ltr'><strong>Qua</strong></span> <span class='ocrx_word' id='word_1_103' title='bbox 3200 944 3331 999; x_wconf 88' lang='lat' dir='ltr'><strong>licet</strong></span> <span class='ocrx_word' id='word_1_104' title='bbox 3361 943 3574 999; x_wconf 86' lang='lat' dir='ltr'><strong>diversis</strong></span> <span class='ocrx_word' id='word_1_105' title='bbox 3601 945 3748 999; x_wconf 87' lang='lat' dir='ltr'><strong>ﬁucti-</strong></span> 
     </span>
    </p>
   </div>
   <div class='ocr_carea' id='block_1_9' title="bbox 546 1033 3753 1110">
    <p class='ocr_par' dir='ltr' id='par_1_9' title="bbox 546 1033 3753 1110">
     <span class='ocr_line' id='line_1_9' title="bbox 546 1033 3753 1110; baseline -0.002 -18"><span class='ocrx_word' id='word_1_106' title='bbox 546 1038 680 1110; x_wconf 91' lang='lat' dir='ltr'><strong>quia</strong></span> <span class='ocrx_word' id='word_1_107' title='bbox 708 1038 780 1092; x_wconf 91' lang='lat' dir='ltr'><strong>de</strong></span> <span class='ocrx_word' id='word_1_108' title='bbox 806 1054 918 1092; x_wconf 88' lang='lat' dir='ltr'><strong>uno</strong></span> <span class='ocrx_word' id='word_1_109' title='bbox 948 1053 1142 1092; x_wconf 89' lang='lat' dir='ltr'><strong>eorum</strong></span> <span class='ocrx_word' id='word_1_110' title='bbox 1168 1038 1288 1106; x_wconf 92' lang='lat' dir='ltr'><strong>jam</strong></span> <span class='ocrx_word' id='word_1_111' title='bbox 1328 1052 1500 1106; x_wconf 83' lang='lat' dir='ltr'><strong>supra</strong></span> <span class='ocrx_word' id='word_1_112' title='bbox 1527 1036 1790 1102; x_wconf 81' lang='lat' dir='ltr'><strong>diximus,</strong></span> <span class='ocrx_word' id='word_1_113' title='bbox 1826 1037 1959 1107; x_wconf 91' lang='lat' dir='ltr'><strong>quid</strong></span> <span class='ocrx_word' id='word_1_114' title='bbox 2000 1039 2137 1110; x_wconf 89' lang='lat' dir='ltr'><strong>Sep-</strong></span> <span class='ocrx_word' id='word_1_115' title='bbox 2220 1038 2325 1093; x_wconf 87' lang='lat' dir='ltr'><strong>bus</strong></span> <span class='ocrx_word' id='word_1_116' title='bbox 2364 1038 2710 1110; x_wconf 86' lang='lat' dir='ltr'><strong>quatiantur,</strong></span> <span class='ocrx_word' id='word_1_117' title='bbox 2730 1037 3157 1091; x_wconf 83' lang='lat' dir='ltr'><strong>fundamentum</strong></span> <span class='ocrx_word' id='word_1_118' title='bbox 3180 1041 3372 1097; x_wconf 84' lang='lat' dir='ltr'><strong>tamen</strong></span> <span class='ocrx_word' id='word_1_119' title='bbox 3397 1033 3753 1104; x_wconf 88' lang='lat' dir='ltr'><strong>immobileper-</strong></span> 
     </span>
    </p>
   </div>
   <div class='ocr_carea' id='block_1_10' title="bbox 541 1123 3654 1198">
    <p class='ocr_par' dir='ltr' id='par_1_10' title="bbox 541 1123 3654 1198">
     <span class='ocr_line' id='line_1_10' title="bbox 541 1123 3654 1198; baseline -0.002 -17"><span class='ocrx_word' id='word_1_120' title='bbox 541 1127 804 1198; x_wconf 84' lang='lat' dir='ltr'><strong>tuaginta</strong></span> <span class='ocrx_word' id='word_1_121' title='bbox 823 1125 1068 1180; x_wconf 80' lang='lat' dir='ltr'><strong>dixerint</strong></span> <span class='ocrx_word' id='word_1_122' title='bbox 1093 1123 2048 1196; x_wconf 89' lang='lat' dir='ltr'><strong>videamus.Splendebit,inquiunt,</strong></span> <span class='ocrx_word' id='word_1_123' title='bbox 2082 1132 2140 1180; x_wconf 91' lang='lat' dir='ltr'><strong>et</strong></span> <span class='ocrx_word' id='word_1_124' title='bbox 2219 1135 2428 1193; x_wconf 86' lang='lat' dir='ltr'><strong>manet,</strong></span> <span class='ocrx_word' id='word_1_125' title='bbox 2465 1128 2597 1198; x_wconf 89' lang='lat' dir='ltr'><strong>quia</strong></span> <span class='ocrx_word' id='word_1_126' title='bbox 2627 1126 2862 1180; x_wconf 80' lang='lat' dir='ltr'><strong>fundata.</strong></span> <span class='ocrx_word' id='word_1_127' title='bbox 2890 1129 2977 1178; x_wconf 92' lang='lat' dir='ltr'><strong>est</strong></span> <span class='ocrx_word' id='word_1_128' title='bbox 3002 1140 3171 1195; x_wconf 87' lang='lat' dir='ltr'><strong>super</strong></span> <span class='ocrx_word' id='word_1_129' title='bbox 3200 1125 3418 1178; x_wconf 91' lang='lat' dir='ltr'><strong>ﬁrmam</strong></span> <span class='ocrx_word' id='word_1_130' title='bbox 3447 1129 3654 1194; x_wconf 81' lang='lat' dir='ltr'><strong>petram.</strong></span> 
     </span>
    </p>
   </div>
   <div class='ocr_carea' id='block_1_11' title="bbox 539 1212 3752 1285">
    <p class='ocr_par' dir='ltr' id='par_1_11' title="bbox 539 1212 3752 1285">
     <span class='ocr_line' id='line_1_11' title="bbox 539 1212 3752 1285; baseline -0.002 -15"><span class='ocrx_word' id='word_1_131' title='bbox 539 1231 655 1270; x_wconf 85' lang='lat' dir='ltr'><strong>non</strong></span> <span class='ocrx_word' id='word_1_132' title='bbox 682 1212 1358 1285; x_wconf 88' lang='lat' dir='ltr'><strong>conteretur.Splendebit</strong></span> <span class='ocrx_word' id='word_1_133' title='bbox 1383 1218 1574 1267; x_wconf 87' lang='lat' dir='ltr'><strong>autem</strong></span> <span class='ocrx_word' id='word_1_134' title='bbox 1601 1229 1901 1285; x_wconf 81' lang='lat' dir='ltr'><strong>resurgens</strong></span> <span class='ocrx_word' id='word_1_135' title='bbox 1930 1231 1965 1268; x_wconf 90' lang='lat' dir='ltr'><strong>a</strong></span> <span class='ocrx_word' id='word_1_136' title='bbox 1983 1232 2135 1269; x_wconf 88' lang='lat' dir='ltr'><strong>mor-</strong></span> <span class='ocrx_word' id='word_1_137' title='bbox 2294 1218 2444 1271; x_wconf 86' lang='lat' dir='ltr'><strong>Tunc</strong></span> <span class='ocrx_word' id='word_1_138' title='bbox 2466 1218 2677 1270; x_wconf 80' lang='lat' dir='ltr'><strong>oblatus</strong></span> <span class='ocrx_word' id='word_1_139' title='bbox 2702 1220 2777 1269; x_wconf 86' lang='lat' dir='ltr'><strong>est</strong></span> <span class='ocrx_word' id='word_1_140' title='bbox 2797 1219 2845 1267; x_wconf 86' lang='lat' dir='ltr'><strong>ei</strong></span> <span class='ocrx_word' id='word_1_141' title='bbox 2860 1215 3195 1267; x_wconf 70' lang='lat' dir='ltr'><strong>damonium</strong></span> <span class='ocrx_word' id='word_1_142' title='bbox 3210 1214 3425 1278; x_wconf 86' lang='lat' dir='ltr'><strong>habens,</strong></span> <span class='ocrx_word' id='word_1_143' title='bbox 3448 1228 3594 1266; x_wconf 63' lang='lat' dir='ltr'><strong>cacus</strong></span> <span class='ocrx_word' id='word_1_144' title='bbox 3607 1217 3752 1264; x_wconf 71' lang='lat' dir='ltr'><strong>stmu-</strong></span> 
     </span>
    </p>
   </div>
   <div class='ocr_carea' id='block_1_12' title="bbox 536 1302 3750 1374">
    <p class='ocr_par' dir='ltr' id='par_1_12' title="bbox 536 1302 3750 1374">
     <span class='ocr_line' id='line_1_12' title="bbox 536 1302 3750 1374; baseline -0.002 -15"><span class='ocrx_word' id='word_1_145' title='bbox 536 1304 671 1369; x_wconf 85' lang='lat' dir='ltr'><strong>tuis,</strong></span> <span class='ocrx_word' id='word_1_146' title='bbox 702 1304 799 1374; x_wconf 88' lang='lat' dir='ltr'><strong>qui</strong></span> <span class='ocrx_word' id='word_1_147' title='bbox 836 1304 906 1357; x_wconf 90' lang='lat' dir='ltr'><strong>de</strong></span> <span class='ocrx_word' id='word_1_148' title='bbox 943 1308 1125 1356; x_wconf 91' lang='lat' dir='ltr'><strong>morte</strong></span> <span class='ocrx_word' id='word_1_149' title='bbox 1170 1302 1347 1356; x_wconf 90' lang='lat' dir='ltr'><strong>victor</strong></span> <span class='ocrx_word' id='word_1_150' title='bbox 1393 1302 1718 1362; x_wconf 87' lang='lat' dir='ltr'><strong>ascendens.</strong></span> <span class='ocrx_word' id='word_1_151' title='bbox 1750 1309 1978 1357; x_wconf 83' lang='lat' dir='ltr'><strong>cunctos</strong></span> <span class='ocrx_word' id='word_1_152' title='bbox 2008 1303 2137 1358; x_wconf 88' lang='lat' dir='ltr'><strong>illu-</strong></span> <span class='ocrx_word' id='word_1_153' title='bbox 2221 1311 2329 1371; x_wconf 87' lang='lat' dir='ltr'><strong>tus,</strong></span> <span class='ocrx_word' id='word_1_154' title='bbox 2360 1310 2407 1359; x_wconf 83' lang='lat' dir='ltr'><strong>et</strong></span> <span class='ocrx_word' id='word_1_155' title='bbox 2437 1308 2655 1359; x_wconf 77' lang='lat' dir='ltr'><strong>curavit</strong></span> <span class='ocrx_word' id='word_1_156' title='bbox 2685 1320 2832 1366; x_wconf 89' lang='lat' dir='ltr'><strong>eum,</strong></span> <span class='ocrx_word' id='word_1_157' title='bbox 2864 1305 2945 1356; x_wconf 87' lang='lat' dir='ltr'><strong>ita</strong></span> <span class='ocrx_word' id='word_1_158' title='bbox 2973 1307 3036 1356; x_wconf 89' lang='lat' dir='ltr'><strong>ut</strong></span> <span class='ocrx_word' id='word_1_159' title='bbox 3073 1318 3239 1356; x_wconf 60' lang='lat' dir='ltr'><strong>cacus</strong></span> <span class='ocrx_word' id='word_1_160' title='bbox 3269 1309 3316 1355; x_wconf 90' lang='lat' dir='ltr'><strong>et</strong></span> <span class='ocrx_word' id='word_1_161' title='bbox 3345 1306 3525 1355; x_wconf 85' lang='lat' dir='ltr'><strong>mutus</strong></span> <span class='ocrx_word' id='word_1_162' title='bbox 3558 1304 3750 1368; x_wconf 82' lang='lat' dir='ltr'><strong>loquere-</strong></span> 
     </span>
    </p>
   </div>
   <div class='ocr_carea' id='block_1_13' title="bbox 535 1384 3748 1461">
    <p class='ocr_par' dir='ltr' id='par_1_13' title="bbox 535 1384 3748 1461">
     <span class='ocr_line' id='line_1_13' title="bbox 535 1384 3748 1461; baseline -0.002 -14"><span class='ocrx_word' id='word_1_163' title='bbox 535 1392 792 1447; x_wconf 86' lang='lat' dir='ltr'><strong>minavit.</strong></span> <span class='ocrx_word' id='word_1_164' title='bbox 823 1391 925 1446; x_wconf 86' lang='lat' dir='ltr'><strong>Vel</strong></span> <span class='ocrx_word' id='word_1_165' title='bbox 950 1384 1265 1461; x_wconf 88' lang='lat' dir='ltr'><strong>splendebit</strong></span> <span class='ocrx_word' id='word_1_166' title='bbox 1294 1391 1457 1460; x_wconf 82' lang='lat' dir='ltr'><strong>juxta</strong></span> <span class='ocrx_word' id='word_1_167' title='bbox 1495 1391 1644 1461; x_wconf 90' lang='lat' dir='ltr'><strong>quod</strong></span> <span class='ocrx_word' id='word_1_168' title='bbox 1671 1392 1927 1446; x_wconf 89' lang='lat' dir='ltr'><strong>nonnulli</strong></span> <span class='ocrx_word' id='word_1_169' title='bbox 1956 1392 2133 1458; x_wconf 88' lang='lat' dir='ltr'><strong>aiunt,</strong></span> <span class='ocrx_word' id='word_1_170' title='bbox 2220 1399 2316 1447; x_wconf 79' lang='lat' dir='ltr'><strong>tur</strong></span> <span class='ocrx_word' id='word_1_171' title='bbox 2339 1399 2386 1447; x_wconf 83' lang='lat' dir='ltr'><strong>et</strong></span> <span class='ocrx_word' id='word_1_172' title='bbox 2417 1395 2641 1447; x_wconf 77' lang='lat' dir='ltr'><strong>videret.</strong></span> <span class='ocrx_word' id='word_1_173' title='bbox 2693 1391 2854 1455; x_wconf 86' lang='lat' dir='ltr'><strong>Quod</strong></span> <span class='ocrx_word' id='word_1_174' title='bbox 2879 1390 3016 1445; x_wconf 88' lang='lat' dir='ltr'><strong>dicit</strong></span> <span class='ocrx_word' id='word_1_175' title='bbox 3040 1395 3176 1444; x_wconf 90' lang='lat' dir='ltr'><strong>tunc</strong></span> <span class='ocrx_word' id='word_1_176' title='bbox 3206 1390 3422 1443; x_wconf 88' lang='lat' dir='ltr'><strong>oblatus</strong></span> <span class='ocrx_word' id='word_1_177' title='bbox 3448 1394 3543 1454; x_wconf 91' lang='lat' dir='ltr'><strong>est,</strong></span> <span class='ocrx_word' id='word_1_178' title='bbox 3570 1392 3748 1458; x_wconf 84' lang='lat' dir='ltr'><strong>tempus</strong></span> 
     </span>
    </p>
   </div>
   <div class='ocr_carea' id='block_1_14' title="bbox 539 1476 3749 1552">
    <p class='ocr_par' dir='ltr' id='par_1_14' title="bbox 539 1476 3749 1552">
     <span class='ocr_line' id='line_1_14' title="bbox 539 1476 3749 1552; baseline -0.002 -17"><span class='ocrx_word' id='word_1_179' title='bbox 539 1480 764 1552; x_wconf 86' lang='lat' dir='ltr'><strong>quando</strong></span> <span class='ocrx_word' id='word_1_180' title='bbox 789 1480 847 1534; x_wconf 88' lang='lat' dir='ltr'><strong>in</strong></span> <span class='ocrx_word' id='word_1_181' title='bbox 887 1480 1027 1534; x_wconf 82' lang='lat' dir='ltr'><strong>facie</strong></span> <span class='ocrx_word' id='word_1_182' title='bbox 1065 1481 1189 1549; x_wconf 88' lang='lat' dir='ltr'><strong>ejus</strong></span> <span class='ocrx_word' id='word_1_183' title='bbox 1218 1479 1449 1549; x_wconf 89' lang='lat' dir='ltr'><strong>quidam</strong></span> <span class='ocrx_word' id='word_1_184' title='bbox 1473 1479 1737 1550; x_wconf 86' lang='lat' dir='ltr'><strong>splendor</strong></span> <span class='ocrx_word' id='word_1_185' title='bbox 1770 1481 2015 1535; x_wconf 86' lang='lat' dir='ltr'><strong>emicans</strong></span> <span class='ocrx_word' id='word_1_186' title='bbox 2054 1499 2139 1536; x_wconf 85' lang='lat' dir='ltr'><strong>re-</strong></span> <span class='ocrx_word' id='word_1_187' title='bbox 2220 1482 2470 1537; x_wconf 88' lang='lat' dir='ltr'><strong>ostendit</strong></span> <span class='ocrx_word' id='word_1_188' title='bbox 2498 1480 2722 1551; x_wconf 91' lang='lat' dir='ltr'><strong>quando</strong></span> <span class='ocrx_word' id='word_1_189' title='bbox 2757 1480 2931 1534; x_wconf 86' lang='lat' dir='ltr'><strong>secuti</strong></span> <span class='ocrx_word' id='word_1_190' title='bbox 2960 1485 3096 1533; x_wconf 89' lang='lat' dir='ltr'><strong>sunt</strong></span> <span class='ocrx_word' id='word_1_191' title='bbox 3127 1495 3257 1532; x_wconf 89' lang='lat' dir='ltr'><strong>eum</strong></span> <span class='ocrx_word' id='word_1_192' title='bbox 3293 1478 3467 1544; x_wconf 89' lang='lat' dir='ltr'><strong>multi,</strong></span> <span class='ocrx_word' id='word_1_193' title='bbox 3499 1482 3553 1530; x_wconf 90' lang='lat' dir='ltr'><strong>et</strong></span> <span class='ocrx_word' id='word_1_194' title='bbox 3576 1476 3749 1530; x_wconf 78' lang='lat' dir='ltr'><strong>curavit</strong></span> 
     </span>
    </p>
   </div>
   <div class='ocr_carea' id='block_1_15' title="bbox 534 1565 3747 1640">
    <p class='ocr_par' dir='ltr' id='par_1_15' title="bbox 534 1565 3747 1640">
     <span class='ocr_line' id='line_1_15' title="bbox 534 1565 3747 1640; baseline -0.002 -17"><span class='ocrx_word' id='word_1_195' title='bbox 534 1567 886 1640; x_wconf 87' lang='lat' dir='ltr'><strong>percutiebat</strong></span> <span class='ocrx_word' id='word_1_196' title='bbox 924 1569 1284 1622; x_wconf 82' lang='lat' dir='ltr'><strong>adversantes</strong></span> <span class='ocrx_word' id='word_1_197' title='bbox 1311 1566 1436 1632; x_wconf 87' lang='lat' dir='ltr'><strong>sibi,</strong></span> <span class='ocrx_word' id='word_1_198' title='bbox 1471 1568 1551 1621; x_wconf 87' lang='lat' dir='ltr'><strong>ita</strong></span> <span class='ocrx_word' id='word_1_199' title='bbox 1580 1573 1645 1622; x_wconf 87' lang='lat' dir='ltr'><strong>ut</strong></span> <span class='ocrx_word' id='word_1_200' title='bbox 1668 1568 1813 1622; x_wconf 86' lang='lat' dir='ltr'><strong>ferre</strong></span> <span class='ocrx_word' id='word_1_201' title='bbox 1840 1585 1952 1623; x_wconf 92' lang='lat' dir='ltr'><strong>non</strong></span> <span class='ocrx_word' id='word_1_202' title='bbox 1998 1586 2127 1640; x_wconf 87' lang='lat' dir='ltr'><strong>pos-</strong></span> <span class='ocrx_word' id='word_1_203' title='bbox 2222 1587 2316 1624; x_wconf 91' lang='lat' dir='ltr'><strong>eos</strong></span> <span class='ocrx_word' id='word_1_204' title='bbox 2347 1586 2563 1623; x_wconf 90' lang='lat' dir='ltr'><strong>omnes.</strong></span> <span class='ocrx_word' id='word_1_205' title='bbox 2580 1570 2661 1624; x_wconf 91' lang='lat' dir='ltr'><strong>De</strong></span> <span class='ocrx_word' id='word_1_206' title='bbox 2689 1569 2795 1622; x_wconf 92' lang='lat' dir='ltr'><strong>hoc</strong></span> <span class='ocrx_word' id='word_1_207' title='bbox 2812 1567 3091 1638; x_wconf 88' lang='lat' dir='ltr'><strong>siquidem</strong></span> <span class='ocrx_word' id='word_1_208' title='bbox 3119 1568 3299 1621; x_wconf 86' lang='lat' dir='ltr'><strong>Lucas</strong></span> <span class='ocrx_word' id='word_1_209' title='bbox 3322 1565 3640 1625; x_wconf 73' lang='lat' dir='ltr'><strong>narratJicet</strong></span> <span class='ocrx_word' id='word_1_210' title='bbox 3659 1580 3747 1618; x_wconf 89' lang='lat' dir='ltr'><strong>non</strong></span> 
     </span>
    </p>
   </div>
   <div class='ocr_carea' id='block_1_16' title="bbox 539 1653 3746 1729">
    <p class='ocr_par' dir='ltr' id='par_1_16' title="bbox 539 1653 3746 1729">
     <span class='ocr_line' id='line_1_16' title="bbox 539 1653 3746 1729; baseline -0.002 -17"><span class='ocrx_word' id='word_1_211' title='bbox 539 1663 668 1712; x_wconf 88' lang='lat' dir='ltr'><strong>sent</strong></span> <span class='ocrx_word' id='word_1_212' title='bbox 694 1663 984 1729; x_wconf 87' lang='lat' dir='ltr'><strong>aspectum</strong></span> <span class='ocrx_word' id='word_1_213' title='bbox 1013 1657 1200 1711; x_wconf 83' lang='lat' dir='ltr'><strong>vultus</strong></span> <span class='ocrx_word' id='word_1_214' title='bbox 1246 1657 1389 1727; x_wconf 85' lang='lat' dir='ltr'><strong>ejus,</strong></span> <span class='ocrx_word' id='word_1_215' title='bbox 1421 1656 1567 1711; x_wconf 87' lang='lat' dir='ltr'><strong>sicut</strong></span> <span class='ocrx_word' id='word_1_216' title='bbox 1586 1657 1795 1711; x_wconf 87' lang='lat' dir='ltr'><strong>factum</strong></span> <span class='ocrx_word' id='word_1_217' title='bbox 1826 1664 1910 1711; x_wconf 89' lang='lat' dir='ltr'><strong>est</strong></span> <span class='ocrx_word' id='word_1_218' title='bbox 1944 1661 2122 1722; x_wconf 86' lang='lat' dir='ltr'><strong>(Joan.</strong></span> <span class='ocrx_word' id='word_1_219' title='bbox 2145 1726 2177 1729; x_wconf 94' lang='lat'><em>_</em></span> <span class='ocrx_word' id='word_1_220' title='bbox 2209 1674 2274 1712; x_wconf 90' lang='lat' dir='ltr'><strong>eo</strong></span> <span class='ocrx_word' id='word_1_221' title='bbox 2306 1658 2521 1723; x_wconf 87' lang='lat' dir='ltr'><strong>ordine,</strong></span> <span class='ocrx_word' id='word_1_222' title='bbox 2561 1657 2657 1711; x_wconf 91' lang='lat' dir='ltr'><strong>sed</strong></span> <span class='ocrx_word' id='word_1_223' title='bbox 2689 1672 2895 1711; x_wconf 87' lang='lat' dir='ltr'><strong>cacum</strong></span> <span class='ocrx_word' id='word_1_224' title='bbox 2928 1661 3094 1710; x_wconf 90' lang='lat' dir='ltr'><strong>tacet.</strong></span> <span class='ocrx_word' id='word_1_225' title='bbox 3129 1656 3195 1710; x_wconf 91' lang='lat' dir='ltr'><strong>In</strong></span> <span class='ocrx_word' id='word_1_226' title='bbox 3229 1672 3341 1727; x_wconf 89' lang='lat' dir='ltr'><strong>quo</strong></span> <span class='ocrx_word' id='word_1_227' title='bbox 3370 1654 3634 1718; x_wconf 88' lang='lat' dir='ltr'><strong>nimirum,</strong></span> <span class='ocrx_word' id='word_1_228' title='bbox 3662 1653 3746 1707; x_wconf 86' lang='lat' dir='ltr'><strong>tria</strong></span> 
     </span>
    </p>
   </div>
   <div class='ocr_carea' id='block_1_17' title="bbox 532 1726 3739 1816">
    <p class='ocr_par' dir='ltr' id='par_1_17' title="bbox 532 1726 3739 1816">
     <span class='ocr_line' id='line_1_17' title="bbox 532 1726 3739 1816; baseline -0.001 -17"><span class='ocrx_word' id='word_1_229' title='bbox 532 1758 596 1813; x_wconf 81' lang='lat' dir='ltr'><strong>II,</strong></span> <span class='ocrx_word' id='word_1_230' title='bbox 630 1745 713 1813; x_wconf 84' lang='grc'><strong>15)</strong></span> <span class='ocrx_word' id='word_1_231' title='bbox 744 1726 967 1816; x_wconf 77' lang='lat' dir='ltr'><strong>quando</strong></span> <span class='ocrx_word' id='word_1_232' title='bbox 998 1726 1310 1799; x_wconf 82' lang='lat' dir='ltr'><strong>funiculum</strong></span> <span class='ocrx_word' id='word_1_233' title='bbox 1354 1744 1487 1799; x_wconf 86' lang='lat' dir='ltr'><strong>fecit</strong></span> <span class='ocrx_word' id='word_1_234' title='bbox 1530 1745 1600 1799; x_wconf 90' lang='lat' dir='ltr'><strong>de</strong></span> <span class='ocrx_word' id='word_1_235' title='bbox 1639 1745 1934 1805; x_wconf 87' lang='lat' dir='ltr'><strong>resticulis.</strong></span> <span class='ocrx_word' id='word_1_236' title='bbox 1988 1753 2046 1801; x_wconf 91' lang='lat' dir='ltr'><strong>et</strong></span> <span class='ocrx_word' id='word_1_237' title='bbox 2094 1726 2189 1801; x_wconf 83' lang='lat' dir='ltr'><strong>aB</strong></span> <span class='ocrx_word' id='word_1_238' title='bbox 2208 1746 2566 1801; x_wconf 84' lang='lat' dir='ltr'><strong>manifestum</strong></span> <span class='ocrx_word' id='word_1_239' title='bbox 2583 1752 2669 1800; x_wconf 89' lang='lat' dir='ltr'><strong>est</strong></span> <span class='ocrx_word' id='word_1_240' title='bbox 2689 1746 2852 1816; x_wconf 91' lang='lat' dir='ltr'><strong>signa</strong></span> <span class='ocrx_word' id='word_1_241' title='bbox 2871 1744 3039 1800; x_wconf 90' lang='lat' dir='ltr'><strong>simul</strong></span> <span class='ocrx_word' id='word_1_242' title='bbox 3059 1744 3208 1798; x_wconf 87' lang='lat' dir='ltr'><strong>facta</strong></span> <span class='ocrx_word' id='word_1_243' title='bbox 3228 1744 3415 1809; x_wconf 82' lang='lat' dir='ltr'><strong>tuisse,</strong></span> <span class='ocrx_word' id='word_1_244' title='bbox 3432 1759 3591 1797; x_wconf 82' lang='lat' dir='ltr'><strong>cacus</strong></span> <span class='ocrx_word' id='word_1_245' title='bbox 3606 1741 3739 1806; x_wconf 80' lang='lat' dir='ltr'><strong>videt,</strong></span> 
     </span>
    </p>
   </div>
   <div class='ocr_carea' id='block_1_18' title="bbox 529 1829 3745 1906">
    <p class='ocr_par' dir='ltr' id='par_1_18' title="bbox 529 1829 3745 1906">
     <span class='ocr_line' id='line_1_18' title="bbox 529 1829 3745 1906; baseline -0.002 -18"><span class='ocrx_word' id='word_1_246' title='bbox 529 1834 743 1905; x_wconf 84' lang='lat' dir='ltr'><strong>templo</strong></span> <span class='ocrx_word' id='word_1_247' title='bbox 768 1834 929 1903; x_wconf 90' lang='lat' dir='ltr'><strong>ejecit</strong></span> <span class='ocrx_word' id='word_1_248' title='bbox 957 1849 1153 1889; x_wconf 91' lang='lat' dir='ltr'><strong>omnes</strong></span> <span class='ocrx_word' id='word_1_249' title='bbox 1179 1852 1191 1899; x_wconf 92' lang='lat'><strong>;</strong></span> <span class='ocrx_word' id='word_1_250' title='bbox 1240 1849 1456 1887; x_wconf 88' lang='lat' dir='ltr'><strong>necnon</strong></span> <span class='ocrx_word' id='word_1_251' title='bbox 1481 1838 1539 1887; x_wconf 91' lang='lat' dir='ltr'><strong>et</strong></span> <span class='ocrx_word' id='word_1_252' title='bbox 1568 1834 1627 1888; x_wconf 93' lang='lat' dir='ltr'><strong>in</strong></span> <span class='ocrx_word' id='word_1_253' title='bbox 1659 1833 1782 1888; x_wconf 86' lang='lat' dir='ltr'><strong>aliis</strong></span> <span class='ocrx_word' id='word_1_254' title='bbox 1812 1834 2126 1906; x_wconf 91' lang='lat' dir='ltr'><strong>quibusque</strong></span> <span class='ocrx_word' id='word_1_255' title='bbox 2207 1842 2397 1889; x_wconf 89' lang='lat' dir='ltr'><strong>mutus</strong></span> <span class='ocrx_word' id='word_1_256' title='bbox 2429 1834 2691 1905; x_wconf 89' lang='lat' dir='ltr'><strong>loquitur,</strong></span> <span class='ocrx_word' id='word_1_257' title='bbox 2717 1850 3051 1905; x_wconf 88' lang='lat' dir='ltr'><strong>possessusa</strong></span> <span class='ocrx_word' id='word_1_258' title='bbox 3072 1833 3325 1887; x_wconf 86' lang='lat' dir='ltr'><strong>damone</strong></span> <span class='ocrx_word' id='word_1_259' title='bbox 3349 1829 3745 1893; x_wconf 82' lang='lat' dir='ltr'><strong>liberatur.Quod</strong></span> 
     </span>
    </p>
   </div>
   <div class='ocr_carea' id='block_1_19' title="bbox 526 1918 3743 1993">
    <p class='ocr_par' dir='ltr' id='par_1_19' title="bbox 526 1918 3743 1993">
     <span class='ocr_line' id='line_1_19' title="bbox 526 1918 3743 1993; baseline -0.002 -16"><span class='ocrx_word' id='word_1_260' title='bbox 526 1921 683 1977; x_wconf 90' lang='lat' dir='ltr'><strong>locis.</strong></span> <span class='ocrx_word' id='word_1_261' title='bbox 708 1922 779 1976; x_wconf 91' lang='lat' dir='ltr'><strong>Et</strong></span> <span class='ocrx_word' id='word_1_262' title='bbox 796 1922 922 1976; x_wconf 90' lang='lat' dir='ltr'><strong>ideo</strong></span> <span class='ocrx_word' id='word_1_263' title='bbox 954 1921 1220 1986; x_wconf 89' lang='lat' dir='ltr'><strong>ﬁebat,ne</strong></span> <span class='ocrx_word' id='word_1_264' title='bbox 1243 1927 1629 1977; x_wconf 86' lang='lat' dir='ltr'><strong>contereretur</strong></span> <span class='ocrx_word' id='word_1_265' title='bbox 1660 1922 1730 1976; x_wconf 91' lang='lat' dir='ltr'><strong>ab</strong></span> <span class='ocrx_word' id='word_1_266' title='bbox 1760 1922 2125 1988; x_wconf 90' lang='lat' dir='ltr'><strong>inimicis,sed</strong></span> <span class='ocrx_word' id='word_1_267' title='bbox 2207 1924 2255 1978; x_wconf 90' lang='lat' dir='ltr'><strong>si</strong></span> <span class='ocrx_word' id='word_1_268' title='bbox 2284 1925 2461 1978; x_wconf 89' lang='lat' dir='ltr'><strong>Lucas</strong></span> <span class='ocrx_word' id='word_1_269' title='bbox 2480 1940 2547 1977; x_wconf 85' lang='lat' dir='ltr'><strong>ex</strong></span> <span class='ocrx_word' id='word_1_270' title='bbox 2574 1923 2661 1976; x_wconf 92' lang='lat' dir='ltr'><strong>his</strong></span> <span class='ocrx_word' id='word_1_271' title='bbox 2682 1922 2893 1993; x_wconf 86' lang='lat' dir='ltr'><strong>aliquid</strong></span> <span class='ocrx_word' id='word_1_272' title='bbox 2919 1927 3086 1987; x_wconf 90' lang='lat' dir='ltr'><strong>tacet,</strong></span> <span class='ocrx_word' id='word_1_273' title='bbox 3113 1938 3227 1976; x_wconf 88' lang='lat' dir='ltr'><strong>non</strong></span> <span class='ocrx_word' id='word_1_274' title='bbox 3245 1921 3370 1975; x_wconf 89' lang='lat' dir='ltr'><strong>ideo</strong></span> <span class='ocrx_word' id='word_1_275' title='bbox 3387 1920 3454 1975; x_wconf 91' lang='lat' dir='ltr'><strong>de</strong></span> <span class='ocrx_word' id='word_1_276' title='bbox 3473 1920 3572 1974; x_wconf 88' lang='lat' dir='ltr'><strong>alio</strong></span> <span class='ocrx_word' id='word_1_277' title='bbox 3597 1918 3743 1972; x_wconf 87' lang='lat' dir='ltr'><strong>dicere</strong></span> 
     </span>
    </p>
   </div>
   <div class='ocr_carea' id='block_1_20' title="bbox 522 2007 3741 2083">
    <p class='ocr_par' dir='ltr' id='par_1_20' title="bbox 522 2007 3741 2083">
     <span class='ocr_line' id='line_1_20' title="bbox 522 2007 3741 2083; baseline -0.002 -17"><span class='ocrx_word' id='word_1_278' title='bbox 522 2009 677 2066; x_wconf 87' lang='lat' dir='ltr'><strong>inter</strong></span> <span class='ocrx_word' id='word_1_279' title='bbox 703 2026 817 2077; x_wconf 89' lang='lat' dir='ltr'><strong>eos,</strong></span> <span class='ocrx_word' id='word_1_280' title='bbox 849 2010 1072 2081; x_wconf 86' lang='lat' dir='ltr'><strong>quando</strong></span> <span class='ocrx_word' id='word_1_281' title='bbox 1099 2010 1339 2076; x_wconf 89' lang='lat' dir='ltr'><strong>volebat,</strong></span> <span class='ocrx_word' id='word_1_282' title='bbox 1365 2027 1466 2081; x_wconf 91' lang='lat' dir='ltr'><strong>per</strong></span> <span class='ocrx_word' id='word_1_283' title='bbox 1493 2011 1736 2065; x_wconf 90' lang='lat' dir='ltr'><strong>medium</strong></span> <span class='ocrx_word' id='word_1_284' title='bbox 1769 2028 1962 2066; x_wconf 90' lang='lat' dir='ltr'><strong>eorum</strong></span> <span class='ocrx_word' id='word_1_285' title='bbox 1987 2012 2127 2066; x_wconf 91' lang='lat' dir='ltr'><strong>liber</strong></span> <span class='ocrx_word' id='word_1_286' title='bbox 2206 2012 2489 2083; x_wconf 87' lang='lat' dir='ltr'><strong>putandus</strong></span> <span class='ocrx_word' id='word_1_287' title='bbox 2508 2018 2613 2077; x_wconf 90' lang='lat' dir='ltr'><strong>est,</strong></span> <span class='ocrx_word' id='word_1_288' title='bbox 2637 2016 2828 2078; x_wconf 60' lang='grc' dir='ltr'><strong>ὅθι)</strong></span> <span class='ocrx_word' id='word_1_289' title='bbox 2839 2028 3006 2081; x_wconf 89' lang='lat' dir='ltr'><strong>quam</strong></span> <span class='ocrx_word' id='word_1_290' title='bbox 3026 2010 3095 2064; x_wconf 90' lang='lat' dir='ltr'><strong>de</strong></span> <span class='ocrx_word' id='word_1_291' title='bbox 3111 2026 3208 2076; x_wconf 89' lang='lat' dir='ltr'><strong>eo;</strong></span> <span class='ocrx_word' id='word_1_292' title='bbox 3234 2027 3334 2080; x_wconf 89' lang='lat' dir='ltr'><strong>per</strong></span> <span class='ocrx_word' id='word_1_293' title='bbox 3357 2026 3513 2080; x_wconf 90' lang='lat' dir='ltr'><strong>quem</strong></span> <span class='ocrx_word' id='word_1_294' title='bbox 3532 2024 3648 2062; x_wconf 86' lang='lat' dir='ltr'><strong>sane</strong></span> <span class='ocrx_word' id='word_1_295' title='bbox 3664 2007 3741 2059; x_wconf 88' lang='lat' dir='ltr'><strong>ho-</strong></span> 
     </span>
    </p>
   </div>
   <div class='ocr_carea' id='block_1_21' title="bbox 522 2096 3739 2170">
    <p class='ocr_par' dir='ltr' id='par_1_21' title="bbox 522 2096 3739 2170">
     <span class='ocr_line' id='line_1_21' title="bbox 522 2096 3739 2170; baseline -0.001 -18"><span class='ocrx_word' id='word_1_296' title='bbox 522 2096 661 2153; x_wconf 86' lang='lat' dir='ltr'><strong>ibat.</strong></span> <span class='ocrx_word' id='word_1_297' title='bbox 696 2100 869 2154; x_wconf 90' lang='lat' dir='ltr'><strong>Porro</strong></span> <span class='ocrx_word' id='word_1_298' title='bbox 890 2098 1039 2170; x_wconf 90' lang='lat' dir='ltr'><strong>quod</strong></span> <span class='ocrx_word' id='word_1_299' title='bbox 1065 2098 1125 2152; x_wconf 94' lang='lat' dir='ltr'><strong>in</strong></span> <span class='ocrx_word' id='word_1_300' title='bbox 1155 2098 1387 2152; x_wconf 91' lang='lat' dir='ltr'><strong>veritate</strong></span> <span class='ocrx_word' id='word_1_301' title='bbox 1415 2098 1612 2152; x_wconf 90' lang='lat' dir='ltr'><strong>educet</strong></span> <span class='ocrx_word' id='word_1_302' title='bbox 1636 2098 2123 2170; x_wconf 77' lang='lat' dir='ltr'><strong>ju&#39;dicium,splen-</strong></span> <span class='ocrx_word' id='word_1_303' title='bbox 2206 2101 2435 2166; x_wconf 85' lang='lat' dir='ltr'><strong>minem,</strong></span> <span class='ocrx_word' id='word_1_304' title='bbox 2462 2117 2527 2154; x_wconf 88' lang='lat' dir='ltr'><strong>ac</strong></span> <span class='ocrx_word' id='word_1_305' title='bbox 2552 2101 2599 2154; x_wconf 90' lang='lat' dir='ltr'><strong>si</strong></span> <span class='ocrx_word' id='word_1_306' title='bbox 2631 2100 2688 2154; x_wconf 92' lang='lat' dir='ltr'><strong>in</strong></span> <span class='ocrx_word' id='word_1_307' title='bbox 2706 2100 2910 2170; x_wconf 89' lang='lat' dir='ltr'><strong>specie,</strong></span> <span class='ocrx_word' id='word_1_308' title='bbox 2936 2099 3260 2153; x_wconf 87' lang='lat' dir='ltr'><strong>universum</strong></span> <span class='ocrx_word' id='word_1_309' title='bbox 3279 2114 3453 2169; x_wconf 88' lang='lat' dir='ltr'><strong>genus</strong></span> <span class='ocrx_word' id='word_1_310' title='bbox 3481 2099 3739 2152; x_wconf 87' lang='lat' dir='ltr'><strong>humanum</strong></span> 
     </span>
    </p>
   </div>
   <div class='ocr_carea' id='block_1_22' title="bbox 520 2182 3741 2259">
    <p class='ocr_par' dir='ltr' id='par_1_22' title="bbox 520 2182 3741 2259">
     <span class='ocr_line' id='line_1_22' title="bbox 520 2182 3741 2259; baseline -0.002 -17"><span class='ocrx_word' id='word_1_311' title='bbox 520 2188 695 2254; x_wconf 81' lang='lat' dir='ltr'><strong>dabit,</strong></span> <span class='ocrx_word' id='word_1_312' title='bbox 726 2194 784 2242; x_wconf 89' lang='lat' dir='ltr'><strong>et</strong></span> <span class='ocrx_word' id='word_1_313' title='bbox 811 2204 923 2242; x_wconf 91' lang='lat' dir='ltr'><strong>non</strong></span> <span class='ocrx_word' id='word_1_314' title='bbox 953 2192 1274 2241; x_wconf 88' lang='lat' dir='ltr'><strong>conteretur</strong></span> <span class='ocrx_word' id='word_1_315' title='bbox 1291 2187 1468 2240; x_wconf 86' lang='lat' dir='ltr'><strong>donec</strong></span> <span class='ocrx_word' id='word_1_316' title='bbox 1486 2186 1668 2256; x_wconf 87' lang='lat' dir='ltr'><strong>ipsum</strong></span> <span class='ocrx_word' id='word_1_317' title='bbox 1693 2195 1866 2257; x_wconf 84' lang='lat' dir='ltr'><strong>ponat</strong></span> <span class='ocrx_word' id='word_1_318' title='bbox 1885 2188 1943 2241; x_wconf 89' lang='lat' dir='ltr'><strong>in</strong></span> <span class='ocrx_word' id='word_1_319' title='bbox 1971 2194 2122 2243; x_wconf 90' lang='lat' dir='ltr'><strong>terra</strong></span> <span class='ocrx_word' id='word_1_320' title='bbox 2204 2189 2551 2259; x_wconf 83' lang='lat' dir='ltr'><strong>designatur.</strong></span> <span class='ocrx_word' id='word_1_321' title='bbox 2587 2190 2720 2253; x_wconf 85' lang='lat' dir='ltr'><strong>Qua</strong></span> <span class='ocrx_word' id='word_1_322' title='bbox 2754 2188 3021 2242; x_wconf 88' lang='lat' dir='ltr'><strong>nimirum</strong></span> <span class='ocrx_word' id='word_1_323' title='bbox 3052 2187 3519 2259; x_wconf 91' lang='lat' dir='ltr'><strong>opportunissima</strong></span> <span class='ocrx_word' id='word_1_324' title='bbox 3546 2182 3741 2240; x_wconf 84' lang='lat' dir='ltr'><strong>occurrit</strong></span> 
     </span>
    </p>
   </div>
   <div class='ocr_carea' id='block_1_23' title="bbox 515 2274 3738 2348">
    <p class='ocr_par' dir='ltr' id='par_1_23' title="bbox 515 2274 3738 2348">
     <span class='ocr_line' id='line_1_23' title="bbox 515 2274 3738 2348; baseline -0.001 -18"><span class='ocrx_word' id='word_1_325' title='bbox 515 2275 834 2345; x_wconf 87' lang='lat' dir='ltr'><strong>judicium:</strong></span> <span class='ocrx_word' id='word_1_326' title='bbox 884 2275 1025 2330; x_wconf 91' lang='lat' dir='ltr'><strong>nulli</strong></span> <span class='ocrx_word' id='word_1_327' title='bbox 1048 2332 1051 2335; x_wconf 54' lang='grc'><strong>,</strong></span> <span class='ocrx_word' id='word_1_328' title='bbox 1074 2274 1307 2328; x_wconf 90' lang='lat' dir='ltr'><strong>dubium</strong></span> <span class='ocrx_word' id='word_1_329' title='bbox 1338 2274 1489 2345; x_wconf 91' lang='lat' dir='ltr'><strong>quod</strong></span> <span class='ocrx_word' id='word_1_330' title='bbox 1514 2291 1678 2329; x_wconf 87' lang='lat' dir='ltr'><strong>omne</strong></span> <span class='ocrx_word' id='word_1_331' title='bbox 1702 2275 1977 2344; x_wconf 89' lang='lat' dir='ltr'><strong>judicium</strong></span> <span class='ocrx_word' id='word_1_332' title='bbox 2006 2277 2123 2331; x_wconf 89' lang='lat' dir='ltr'><strong>Sal-</strong></span> <span class='ocrx_word' id='word_1_333' title='bbox 2203 2278 2437 2344; x_wconf 87' lang='lat' dir='ltr'><strong>curatio,</strong></span> <span class='ocrx_word' id='word_1_334' title='bbox 2471 2278 2566 2348; x_wconf 92' lang='lat' dir='ltr'><strong>qui</strong></span> <span class='ocrx_word' id='word_1_335' title='bbox 2594 2294 2722 2332; x_wconf 90' lang='lat' dir='ltr'><strong>eum</strong></span> <span class='ocrx_word' id='word_1_336' title='bbox 2752 2282 2879 2348; x_wconf 91' lang='lat' dir='ltr'><strong>post</strong></span> <span class='ocrx_word' id='word_1_337' title='bbox 2930 2293 3125 2330; x_wconf 89' lang='lat' dir='ltr'><strong>omnes</strong></span> <span class='ocrx_word' id='word_1_338' title='bbox 3158 2276 3355 2330; x_wconf 87' lang='lat' dir='ltr'><strong>turbas</strong></span> <span class='ocrx_word' id='word_1_339' title='bbox 3393 2276 3451 2330; x_wconf 87' lang='lat' dir='ltr'><strong>in</strong></span> <span class='ocrx_word' id='word_1_340' title='bbox 3493 2288 3738 2329; x_wconf 88' lang='lat' dir='ltr'><strong>commune</strong></span> 
     </span>
    </p>
   </div>
   <div class='ocr_carea' id='block_1_24' title="bbox 517 2362 3738 2432">
    <p class='ocr_par' dir='ltr' id='par_1_24' title="bbox 517 2362 3738 2432">
     <span class='ocr_line' id='line_1_24' title="bbox 517 2362 3738 2432; baseline -0.001 -16"><span class='ocrx_word' id='word_1_341' title='bbox 517 2368 679 2425; x_wconf 83' lang='lat' dir='ltr'><strong>vator</strong></span> <span class='ocrx_word' id='word_1_342' title='bbox 704 2364 1012 2417; x_wconf 89' lang='lat' dir='ltr'><strong>secundum</strong></span> <span class='ocrx_word' id='word_1_343' title='bbox 1042 2363 1331 2418; x_wconf 83' lang='lat' dir='ltr'><strong>veritatem</strong></span> <span class='ocrx_word' id='word_1_344' title='bbox 1356 2362 1591 2432; x_wconf 89' lang='lat' dir='ltr'><strong>judicat,</strong></span> <span class='ocrx_word' id='word_1_345' title='bbox 1634 2363 1724 2416; x_wconf 91' lang='lat' dir='ltr'><strong>cui</strong></span> <span class='ocrx_word' id='word_1_346' title='bbox 1756 2363 1963 2418; x_wconf 90' lang='lat' dir='ltr'><strong>dictum</strong></span> <span class='ocrx_word' id='word_1_347' title='bbox 1987 2370 2073 2419; x_wconf 88' lang='lat' dir='ltr'><strong>est</strong></span> <span class='ocrx_word' id='word_1_348' title='bbox 2098 2384 2109 2418; x_wconf 88' lang='lat'>:</span> <span class='ocrx_word' id='word_1_349' title='bbox 2202 2367 2449 2420; x_wconf 81' lang='lat' dir='ltr'><strong>charitas</strong></span> <span class='ocrx_word' id='word_1_350' title='bbox 2472 2382 2620 2420; x_wconf 90' lang='lat' dir='ltr'><strong>nunc</strong></span> <span class='ocrx_word' id='word_1_351' title='bbox 2641 2365 2987 2419; x_wconf 84' lang='lat' dir='ltr'><strong>extrinsecus</strong></span> <span class='ocrx_word' id='word_1_352' title='bbox 3014 2365 3356 2419; x_wconf 84' lang='lat' dir='ltr'><strong>damonium</strong></span> <span class='ocrx_word' id='word_1_353' title='bbox 3387 2363 3581 2418; x_wconf 86' lang='lat' dir='ltr'><strong>habens</strong></span> <span class='ocrx_word' id='word_1_354' title='bbox 3599 2376 3738 2416; x_wconf 79' lang='lat' dir='ltr'><strong>cacus</strong></span> 
     </span>
    </p>
   </div>
   <div class='ocr_carea' id='block_1_25' title="bbox 515 2451 3734 2524">
    <p class='ocr_par' dir='ltr' id='par_1_25' title="bbox 515 2451 3734 2524">
     <span class='ocr_line' id='line_1_25' title="bbox 515 2451 3734 2524; baseline -0.001 -17"><span class='ocrx_word' id='word_1_355' title='bbox 515 2452 677 2517; x_wconf 83' lang='lat' dir='ltr'><strong>Deus,</strong></span> <span class='ocrx_word' id='word_1_356' title='bbox 696 2453 981 2520; x_wconf 76' lang='lat' dir='ltr'><strong>judicium</strong></span> <span class='ocrx_word' id='word_1_357' title='bbox 1010 2456 1174 2505; x_wconf 87' lang='lat' dir='ltr'><strong>tuum</strong></span> <span class='ocrx_word' id='word_1_358' title='bbox 1197 2453 1327 2519; x_wconf 88' lang='lat' dir='ltr'><strong>Regi</strong></span> <span class='ocrx_word' id='word_1_359' title='bbox 1370 2452 1462 2517; x_wconf 85' lang='lat' dir='ltr'><strong>da,</strong></span> <span class='ocrx_word' id='word_1_360' title='bbox 1503 2456 1551 2505; x_wconf 84' lang='lat' dir='ltr'><strong>et</strong></span> <span class='ocrx_word' id='word_1_361' title='bbox 1567 2455 1853 2519; x_wconf 75' lang='lat' dir='ltr'><strong>justitiam</strong></span> <span class='ocrx_word' id='word_1_362' title='bbox 1880 2458 2036 2507; x_wconf 88' lang='lat' dir='ltr'><strong>tuam</strong></span> <span class='ocrx_word' id='word_1_363' title='bbox 2053 2456 2115 2522; x_wconf 75' lang='lat' dir='ltr'><strong>fi-</strong></span> <span class='ocrx_word' id='word_1_364' title='bbox 2194 2460 2253 2509; x_wconf 90' lang='lat' dir='ltr'><strong>et</strong></span> <span class='ocrx_word' id='word_1_365' title='bbox 2282 2461 2471 2509; x_wconf 84' lang='lat' dir='ltr'><strong>mutus</strong></span> <span class='ocrx_word' id='word_1_366' title='bbox 2490 2455 2737 2509; x_wconf 81' lang='lat' dir='ltr'><strong>oﬁ&#39;ertur.</strong></span> <span class='ocrx_word' id='word_1_367' title='bbox 2764 2455 2839 2509; x_wconf 93' lang='lat' dir='ltr'><strong>Ut</strong></span> <span class='ocrx_word' id='word_1_368' title='bbox 2867 2454 2986 2508; x_wconf 89' lang='lat' dir='ltr'><strong>sine</strong></span> <span class='ocrx_word' id='word_1_369' title='bbox 3011 2453 3382 2524; x_wconf 79' lang='lat' dir='ltr'><strong>ambiguitate</strong></span> <span class='ocrx_word' id='word_1_370' title='bbox 3404 2453 3581 2523; x_wconf 89' lang='lat' dir='ltr'><strong>aliqua</strong></span> <span class='ocrx_word' id='word_1_371' title='bbox 3598 2451 3734 2514; x_wconf 89' lang='lat' dir='ltr'><strong>idem,</strong></span> 
     </span>
    </p>
   </div>
   <div class='ocr_carea' id='block_1_26' title="bbox 513 2539 3735 2614">
    <p class='ocr_par' dir='ltr' id='par_1_26' title="bbox 513 2539 3735 2614">
     <span class='ocr_line' id='line_1_26' title="bbox 513 2539 3735 2614; baseline -0.001 -20"><span class='ocrx_word' id='word_1_372' title='bbox 513 2541 588 2594; x_wconf 88' lang='lat' dir='ltr'><strong>lio</strong></span> <span class='ocrx_word' id='word_1_373' title='bbox 610 2539 777 2608; x_wconf 82' lang='lat' dir='ltr'><strong>Regis</strong></span> <span class='ocrx_word' id='word_1_374' title='bbox 798 2540 977 2611; x_wconf 57' lang='lat' dir='ltr'><strong>(Psat,</strong></span> <span class='ocrx_word' id='word_1_375' title='bbox 1012 2553 1160 2605; x_wconf 73' lang='lat' dir='ltr'><strong>Lxxx,</strong></span> <span class='ocrx_word' id='word_1_376' title='bbox 1194 2540 1269 2607; x_wconf 72' lang='grc'><strong>4),</strong></span> <span class='ocrx_word' id='word_1_377' title='bbox 1302 2539 1398 2610; x_wconf 89' lang='lat' dir='ltr'><strong>qui</strong></span> <span class='ocrx_word' id='word_1_378' title='bbox 1427 2539 1625 2594; x_wconf 89' lang='lat' dir='ltr'><strong>reddet</strong></span> <span class='ocrx_word' id='word_1_379' title='bbox 1639 2540 1939 2611; x_wconf 89' lang='lat' dir='ltr'><strong>unicuique</strong></span> <span class='ocrx_word' id='word_1_380' title='bbox 1951 2542 2114 2611; x_wconf 87' lang='lat' dir='ltr'><strong>juxta</strong></span> <span class='ocrx_word' id='word_1_381' title='bbox 2195 2544 2582 2614; x_wconf 77' lang='lat' dir='ltr'><strong>intelligentiae</strong></span> <span class='ocrx_word' id='word_1_382' title='bbox 2615 2543 2751 2597; x_wconf 86' lang='lat' dir='ltr'><strong>ordo</strong></span> <span class='ocrx_word' id='word_1_383' title='bbox 2789 2542 3024 2614; x_wconf 88' lang='lat' dir='ltr'><strong>mystice</strong></span> <span class='ocrx_word' id='word_1_384' title='bbox 3053 2552 3311 2597; x_wconf 87' lang='lat' dir='ltr'><strong>servatus</strong></span> <span class='ocrx_word' id='word_1_385' title='bbox 3338 2541 3597 2596; x_wconf 82' lang='lat' dir='ltr'><strong>videatur.</strong></span> <span class='ocrx_word' id='word_1_386' title='bbox 3622 2539 3735 2593; x_wconf 83' lang='lat' dir='ltr'><strong>Nam</strong></span> 
     </span>
    </p>
   </div>
   <div class='ocr_carea' id='block_1_27' title="bbox 512 2628 3732 2704">
    <p class='ocr_par' dir='ltr' id='par_1_27' title="bbox 512 2628 3732 2704">
     <span class='ocr_line' id='line_1_27' title="bbox 512 2628 3732 2704; baseline 0.002 -22"><span class='ocrx_word' id='word_1_387' title='bbox 512 2643 687 2699; x_wconf 88' lang='lat' dir='ltr'><strong>opera</strong></span> <span class='ocrx_word' id='word_1_388' title='bbox 715 2643 839 2684; x_wconf 89' lang='lat' dir='ltr'><strong>sua.</strong></span> <span class='ocrx_word' id='word_1_389' title='bbox 866 2628 1077 2683; x_wconf 90' lang='lat' dir='ltr'><strong>Tamen</strong></span> <span class='ocrx_word' id='word_1_390' title='bbox 1109 2628 1615 2699; x_wconf 79' lang='lat' dir='ltr'><strong>imprasentiamm</strong></span> <span class='ocrx_word' id='word_1_391' title='bbox 1640 2645 1993 2700; x_wconf 89' lang='lat' dir='ltr'><strong>nequaquam</strong></span> <span class='ocrx_word' id='word_1_392' title='bbox 2022 2648 2113 2686; x_wconf 86' lang='lat' dir='ltr'><strong>re-</strong></span> <span class='ocrx_word' id='word_1_393' title='bbox 2196 2633 2375 2704; x_wconf 90' lang='lat' dir='ltr'><strong>spicas</strong></span> <span class='ocrx_word' id='word_1_394' title='bbox 2404 2634 2625 2696; x_wconf 75' lang='lat' dir='ltr'><strong>vellere,</strong></span> <span class='ocrx_word' id='word_1_395' title='bbox 2658 2632 2713 2686; x_wconf 87' lang='lat' dir='ltr'><strong>id</strong></span> <span class='ocrx_word' id='word_1_396' title='bbox 2743 2640 2829 2687; x_wconf 92' lang='lat' dir='ltr'><strong>est</strong></span> <span class='ocrx_word' id='word_1_397' title='bbox 2854 2632 3109 2686; x_wconf 88' lang='lat' dir='ltr'><strong>homines</strong></span> <span class='ocrx_word' id='word_1_398' title='bbox 3128 2648 3163 2685; x_wconf 90' lang='lat' dir='ltr'><strong>a</strong></span> <span class='ocrx_word' id='word_1_399' title='bbox 3193 2632 3393 2688; x_wconf 85' lang='lat' dir='ltr'><strong>saeculo</strong></span> <span class='ocrx_word' id='word_1_400' title='bbox 3424 2643 3732 2702; x_wconf 75' lang='lat' dir='ltr'><strong>praecerpere,</strong></span> 
     </span>
    </p>
   </div>
   <div class='ocr_carea' id='block_1_28' title="bbox 512 2713 3737 2792">
    <p class='ocr_par' dir='ltr' id='par_1_28' title="bbox 512 2713 3737 2792">
     <span class='ocr_line' id='line_1_28' title="bbox 512 2713 3737 2792; baseline -0 -22"><span class='ocrx_word' id='word_1_401' title='bbox 512 2715 727 2771; x_wconf 83' lang='lat' dir='ltr'><strong>veritus</strong></span> <span class='ocrx_word' id='word_1_402' title='bbox 756 2721 844 2771; x_wconf 90' lang='lat' dir='ltr'><strong>est</strong></span> <span class='ocrx_word' id='word_1_403' title='bbox 867 2715 1086 2771; x_wconf 89' lang='lat' dir='ltr'><strong>Scribas</strong></span> <span class='ocrx_word' id='word_1_404' title='bbox 1116 2717 1443 2783; x_wconf 84' lang='lat' dir='ltr'><strong>Pharisaos,</strong></span> <span class='ocrx_word' id='word_1_405' title='bbox 1475 2734 1616 2788; x_wconf 90' lang='lat' dir='ltr'><strong>quos</strong></span> <span class='ocrx_word' id='word_1_406' title='bbox 1635 2718 1984 2773; x_wconf 89' lang='lat' dir='ltr'><strong>conﬁdenter</strong></span> <span class='ocrx_word' id='word_1_407' title='bbox 2011 2736 2109 2790; x_wconf 91' lang='lat' dir='ltr'><strong>pu-</strong></span> <span class='ocrx_word' id='word_1_408' title='bbox 2195 2723 2476 2792; x_wconf 91' lang='lat' dir='ltr'><strong>apostolos</strong></span> <span class='ocrx_word' id='word_1_409' title='bbox 2492 2721 2755 2777; x_wconf 71' lang='lat' dir='ltr'><strong>Pharisaei</strong></span> <span class='ocrx_word' id='word_1_410' title='bbox 2780 2720 3109 2792; x_wconf 88' lang='lat' dir='ltr'><strong>arguebant.</strong></span> <span class='ocrx_word' id='word_1_411' title='bbox 3142 2721 3255 2775; x_wconf 93' lang='lat' dir='ltr'><strong>Pro</strong></span> <span class='ocrx_word' id='word_1_412' title='bbox 3286 2737 3394 2792; x_wconf 92' lang='lat' dir='ltr'><strong>quo</strong></span> <span class='ocrx_word' id='word_1_413' title='bbox 3405 2720 3539 2774; x_wconf 84' lang='lat' dir='ltr'><strong>facto</strong></span> <span class='ocrx_word' id='word_1_414' title='bbox 3566 2713 3737 2771; x_wconf 88' lang='lat' dir='ltr'><strong>miseri-</strong></span> 
     </span>
    </p>
   </div>
   <div class='ocr_carea' id='block_1_29' title="bbox 509 2802 3736 2881">
    <p class='ocr_par' dir='ltr' id='par_1_29' title="bbox 509 2802 3736 2881">
     <span class='ocr_line' id='line_1_29' title="bbox 509 2802 3736 2881; baseline 0 -24"><span class='ocrx_word' id='word_1_415' title='bbox 509 2802 655 2859; x_wconf 88' lang='lat' dir='ltr'><strong>blice</strong></span> <span class='ocrx_word' id='word_1_416' title='bbox 682 2804 1075 2875; x_wconf 86' lang='lat' dir='ltr'><strong>redarguebat,</strong></span> <span class='ocrx_word' id='word_1_417' title='bbox 1105 2811 1163 2859; x_wconf 92' lang='lat' dir='ltr'><strong>et</strong></span> <span class='ocrx_word' id='word_1_418' title='bbox 1190 2804 1528 2873; x_wconf 85' lang='lat' dir='ltr'><strong>revineebat,</strong></span> <span class='ocrx_word' id='word_1_419' title='bbox 1560 2806 1978 2877; x_wconf 84' lang='lat' dir='ltr'><strong>hypocritarum</strong></span> <span class='ocrx_word' id='word_1_420' title='bbox 2015 2824 2112 2862; x_wconf 89' lang='lat' dir='ltr'><strong>no-</strong></span> <span class='ocrx_word' id='word_1_421' title='bbox 2193 2810 2386 2864; x_wconf 90' lang='lat' dir='ltr'><strong>cordia</strong></span> <span class='ocrx_word' id='word_1_422' title='bbox 2414 2826 2583 2880; x_wconf 87' lang='lat' dir='ltr'><strong>super</strong></span> <span class='ocrx_word' id='word_1_423' title='bbox 2612 2810 2946 2864; x_wconf 74' lang='lat' dir='ltr'><strong>sacrificium</strong></span> <span class='ocrx_word' id='word_1_424' title='bbox 2968 2810 3326 2881; x_wconf 82' lang='lat' dir='ltr'><strong>pradicatur.</strong></span> <span class='ocrx_word' id='word_1_425' title='bbox 3352 2808 3548 2863; x_wconf 89' lang='lat' dir='ltr'><strong>Deinde</strong></span> <span class='ocrx_word' id='word_1_426' title='bbox 3574 2821 3736 2861; x_wconf 83' lang='lat' dir='ltr'><strong>manus</strong></span> 
     </span>
    </p>
   </div>
   <div class='ocr_carea' id='block_1_30' title="bbox 511 2892 3736 2970">
    <p class='ocr_par' dir='ltr' id='par_1_30' title="bbox 511 2892 3736 2970">
     <span class='ocr_line' id='line_1_30' title="bbox 511 2892 3736 2970; baseline 0 -24"><span class='ocrx_word' id='word_1_427' title='bbox 511 2892 666 2947; x_wconf 89' lang='lat' dir='ltr'><strong>mine</strong></span> <span class='ocrx_word' id='word_1_428' title='bbox 682 2899 885 2947; x_wconf 92' lang='lat' dir='ltr'><strong>notans</strong></span> <span class='ocrx_word' id='word_1_429' title='bbox 914 2910 1029 2949; x_wconf 89' lang='lat' dir='ltr'><strong>eos.</strong></span> <span class='ocrx_word' id='word_1_430' title='bbox 1065 2893 1390 2963; x_wconf 89' lang='lat' dir='ltr'><strong>Splendebit</strong></span> <span class='ocrx_word' id='word_1_431' title='bbox 1410 2900 1600 2947; x_wconf 89' lang='lat' dir='ltr'><strong>autem</strong></span> <span class='ocrx_word' id='word_1_432' title='bbox 1638 2894 1697 2948; x_wconf 92' lang='lat' dir='ltr'><strong>in</strong></span> <span class='ocrx_word' id='word_1_433' title='bbox 1742 2895 1986 2949; x_wconf 87' lang='lat' dir='ltr'><strong>Ecclesia</strong></span> <span class='ocrx_word' id='word_1_434' title='bbox 2008 2911 2108 2949; x_wconf 90' lang='lat' dir='ltr'><strong>sua</strong></span> <span class='ocrx_word' id='word_1_435' title='bbox 2191 2897 2363 2952; x_wconf 86' lang='lat' dir='ltr'><strong>arida</strong></span> <span class='ocrx_word' id='word_1_436' title='bbox 2396 2898 2583 2963; x_wconf 89' lang='lat' dir='ltr'><strong>homo,</strong></span> <span class='ocrx_word' id='word_1_437' title='bbox 2607 2899 2665 2952; x_wconf 90' lang='lat' dir='ltr'><strong>in</strong></span> <span class='ocrx_word' id='word_1_438' title='bbox 2684 2915 2973 2970; x_wconf 86' lang='lat' dir='ltr'><strong>synagoga</strong></span> <span class='ocrx_word' id='word_1_439' title='bbox 2990 2898 3231 2964; x_wconf 90' lang='lat' dir='ltr'><strong>oblatus,</strong></span> <span class='ocrx_word' id='word_1_440' title='bbox 3264 2903 3506 2952; x_wconf 86' lang='lat' dir='ltr'><strong>curatur.</strong></span> <span class='ocrx_word' id='word_1_441' title='bbox 3527 2896 3643 2960; x_wconf 78' lang='lat' dir='ltr'><strong>Qua</strong></span> <span class='ocrx_word' id='word_1_442' title='bbox 3654 2894 3736 2947; x_wconf 85' lang='lat' dir='ltr'><strong>vir-</strong></span> 
     </span>
    </p>
   </div>
   <div class='ocr_carea' id='block_1_31' title="bbox 512 2980 3735 3055">
    <p class='ocr_par' dir='ltr' id='par_1_31' title="bbox 512 2980 3735 3055">
     <span class='ocr_line' id='line_1_31' title="bbox 512 2980 3735 3055; baseline 0.001 -21"><span class='ocrx_word' id='word_1_443' title='bbox 512 2985 571 3035; x_wconf 90' lang='lat' dir='ltr'><strong>et</strong></span> <span class='ocrx_word' id='word_1_444' title='bbox 597 2980 653 3034; x_wconf 91' lang='lat' dir='ltr'><strong>in</strong></span> <span class='ocrx_word' id='word_1_445' title='bbox 689 2980 955 3035; x_wconf 90' lang='lat' dir='ltr'><strong>membris</strong></span> <span class='ocrx_word' id='word_1_446' title='bbox 985 2980 1122 3045; x_wconf 89' lang='lat' dir='ltr'><strong>suis,</strong></span> <span class='ocrx_word' id='word_1_447' title='bbox 1156 2986 1213 3033; x_wconf 91' lang='lat' dir='ltr'><strong>et</strong></span> <span class='ocrx_word' id='word_1_448' title='bbox 1259 2996 1372 3035; x_wconf 92' lang='lat' dir='ltr'><strong>non</strong></span> <span class='ocrx_word' id='word_1_449' title='bbox 1413 2986 1734 3035; x_wconf 90' lang='lat' dir='ltr'><strong>conteretur</strong></span> <span class='ocrx_word' id='word_1_450' title='bbox 1769 2982 1898 3035; x_wconf 90' lang='lat' dir='ltr'><strong>licet</strong></span> <span class='ocrx_word' id='word_1_451' title='bbox 1927 2999 2112 3053; x_wconf 89' lang='lat' dir='ltr'><strong>perse-</strong></span> <span class='ocrx_word' id='word_1_452' title='bbox 2195 2991 2346 3041; x_wconf 88' lang='lat' dir='ltr'><strong>tutes</strong></span> <span class='ocrx_word' id='word_1_453' title='bbox 2377 2987 2446 3041; x_wconf 92' lang='lat' dir='ltr'><strong>ad</strong></span> <span class='ocrx_word' id='word_1_454' title='bbox 2480 2988 2914 3042; x_wconf 88' lang='lat' dir='ltr'><strong>convertendum</strong></span> <span class='ocrx_word' id='word_1_455' title='bbox 2928 2988 3100 3042; x_wconf 88' lang='lat' dir='ltr'><strong>Israel</strong></span> <span class='ocrx_word' id='word_1_456' title='bbox 3122 3004 3237 3041; x_wconf 91' lang='lat' dir='ltr'><strong>non</strong></span> <span class='ocrx_word' id='word_1_457' title='bbox 3257 2988 3435 3041; x_wconf 90' lang='lat' dir='ltr'><strong>solum</strong></span> <span class='ocrx_word' id='word_1_458' title='bbox 3451 2985 3577 3040; x_wconf 89' lang='lat' dir='ltr'><strong>nihil</strong></span> <span class='ocrx_word' id='word_1_459' title='bbox 3602 2981 3735 3055; x_wconf 86' lang='lat' dir='ltr'><strong>proﬁ-</strong></span> 
     </span>
    </p>
   </div>
   <div class='ocr_carea' id='block_1_32' title="bbox 512 3067 3734 3143">
    <p class='ocr_par' dir='ltr' id='par_1_32' title="bbox 512 3067 3734 3143">
     <span class='ocr_line' id='line_1_32' title="bbox 512 3067 3734 3143; baseline 0 -21"><span class='ocrx_word' id='word_1_460' title='bbox 512 3067 767 3122; x_wconf 87' lang='lat' dir='ltr'><strong>cutiones</strong></span> <span class='ocrx_word' id='word_1_461' title='bbox 786 3085 970 3138; x_wconf 89' lang='lat' dir='ltr'><strong>passa,</strong></span> <span class='ocrx_word' id='word_1_462' title='bbox 1002 3068 1289 3122; x_wconf 86' lang='lat' dir='ltr'><strong>obscurari</strong></span> <span class='ocrx_word' id='word_1_463' title='bbox 1311 3073 1504 3134; x_wconf 69' lang='lat'><strong>549</strong></span> <span class='ocrx_word' id='word_1_464' title='bbox 1543 3086 1709 3139; x_wconf 84' lang='lat' dir='ltr'><strong>quam</strong></span> <span class='ocrx_word' id='word_1_465' title='bbox 1740 3086 1887 3141; x_wconf 89' lang='lat' dir='ltr'><strong>sape</strong></span> <span class='ocrx_word' id='word_1_466' title='bbox 1933 3071 2115 3125; x_wconf 84' lang='lat' dir='ltr'><strong>videa—</strong></span> <span class='ocrx_word' id='word_1_467' title='bbox 2134 3077 2178 3136; x_wconf 80' lang='grc' dir='ltr'>Ο</span> <span class='ocrx_word' id='word_1_468' title='bbox 2197 3075 2370 3142; x_wconf 91' lang='lat' dir='ltr'><strong>ciunt,</strong></span> <span class='ocrx_word' id='word_1_469' title='bbox 2403 3092 2595 3130; x_wconf 89' lang='lat' dir='ltr'><strong>verum</strong></span> <span class='ocrx_word' id='word_1_470' title='bbox 2624 3076 2796 3129; x_wconf 90' lang='lat' dir='ltr'><strong>etiam</strong></span> <span class='ocrx_word' id='word_1_471' title='bbox 2829 3076 3097 3131; x_wconf 88' lang='lat' dir='ltr'><strong>Pharisai</strong></span> <span class='ocrx_word' id='word_1_472' title='bbox 3124 3076 3420 3143; x_wconf 89' lang='lat' dir='ltr'><strong>consilium</strong></span> <span class='ocrx_word' id='word_1_473' title='bbox 3446 3072 3621 3128; x_wconf 90' lang='lat' dir='ltr'><strong>mortis</strong></span> <span class='ocrx_word' id='word_1_474' title='bbox 3638 3071 3734 3141; x_wconf 83' lang='lat' dir='ltr'><strong>ejus</strong></span> 
     </span>
    </p>
   </div>
   <div class='ocr_carea' id='block_1_33' title="bbox 512 3156 3732 3236">
    <p class='ocr_par' dir='ltr' id='par_1_33' title="bbox 512 3156 3732 3236">
     <span class='ocr_line' id='line_1_33' title="bbox 512 3156 3732 3236; baseline 0 -26"><span class='ocrx_word' id='word_1_475' title='bbox 512 3159 625 3222; x_wconf 84' lang='lat' dir='ltr'><strong>tur,</strong></span> <span class='ocrx_word' id='word_1_476' title='bbox 658 3171 836 3227; x_wconf 92' lang='lat' dir='ltr'><strong>usque</strong></span> <span class='ocrx_word' id='word_1_477' title='bbox 863 3157 921 3209; x_wconf 90' lang='lat' dir='ltr'><strong>in</strong></span> <span class='ocrx_word' id='word_1_478' title='bbox 979 3158 1151 3211; x_wconf 90' lang='lat' dir='ltr'><strong>ﬁnem</strong></span> <span class='ocrx_word' id='word_1_479' title='bbox 1184 3156 1391 3223; x_wconf 88' lang='lat' dir='ltr'><strong>saculi,</strong></span> <span class='ocrx_word' id='word_1_480' title='bbox 1432 3157 1608 3211; x_wconf 89' lang='lat' dir='ltr'><strong>donec</strong></span> <span class='ocrx_word' id='word_1_481' title='bbox 1655 3159 1925 3229; x_wconf 88' lang='lat' dir='ltr'><strong>perducat</strong></span> <span class='ocrx_word' id='word_1_482' title='bbox 1964 3160 2114 3229; x_wconf 91' lang='lat' dir='ltr'><strong>judi-</strong></span> <span class='ocrx_word' id='word_1_483' title='bbox 2191 3163 2408 3218; x_wconf 90' lang='lat' dir='ltr'><strong>ineunt.</strong></span> <span class='ocrx_word' id='word_1_484' title='bbox 2442 3164 2599 3219; x_wconf 92' lang='lat' dir='ltr'><strong>Unde</strong></span> <span class='ocrx_word' id='word_1_485' title='bbox 2631 3164 2924 3235; x_wconf 88' lang='lat' dir='ltr'><strong>oportebat</strong></span> <span class='ocrx_word' id='word_1_486' title='bbox 2954 3171 3018 3219; x_wconf 89' lang='lat' dir='ltr'><strong>ut</strong></span> <span class='ocrx_word' id='word_1_487' title='bbox 3041 3170 3167 3236; x_wconf 89' lang='lat' dir='ltr'><strong>post</strong></span> <span class='ocrx_word' id='word_1_488' title='bbox 3200 3165 3397 3219; x_wconf 84' lang='lat' dir='ltr'><strong>hacin</strong></span> <span class='ocrx_word' id='word_1_489' title='bbox 3417 3163 3571 3217; x_wconf 80' lang='lat' dir='ltr'><strong>unius</strong></span> <span class='ocrx_word' id='word_1_490' title='bbox 3587 3161 3732 3214; x_wconf 88' lang='lat' dir='ltr'><strong>forma</strong></span> 
     </span>
    </p>
   </div>
   <div class='ocr_carea' id='block_1_34' title="bbox 512 3242 3732 3324">
    <p class='ocr_par' dir='ltr' id='par_1_34' title="bbox 512 3242 3732 3324">
     <span class='ocr_line' id='line_1_34' title="bbox 512 3242 3732 3324; baseline 0.001 -26"><span class='ocrx_word' id='word_1_491' title='bbox 512 3242 663 3298; x_wconf 90' lang='lat' dir='ltr'><strong>cium</strong></span> <span class='ocrx_word' id='word_1_492' title='bbox 691 3261 857 3299; x_wconf 89' lang='lat' dir='ltr'><strong>suum</strong></span> <span class='ocrx_word' id='word_1_493' title='bbox 879 3245 952 3298; x_wconf 87' lang='lat' dir='ltr'><strong>ad</strong></span> <span class='ocrx_word' id='word_1_494' title='bbox 972 3244 1283 3308; x_wconf 85' lang='lat' dir='ltr'><strong>victoriam.</strong></span> <span class='ocrx_word' id='word_1_495' title='bbox 1322 3246 1403 3300; x_wconf 88' lang='lat' dir='ltr'><strong>ita</strong></span> <span class='ocrx_word' id='word_1_496' title='bbox 1429 3251 1494 3300; x_wconf 89' lang='lat' dir='ltr'><strong>ut</strong></span> <span class='ocrx_word' id='word_1_497' title='bbox 1523 3246 1674 3302; x_wconf 88' lang='lat' dir='ltr'><strong>dicat</strong></span> <span class='ocrx_word' id='word_1_498' title='bbox 1699 3248 1865 3302; x_wconf 90' lang='lat' dir='ltr'><strong>morti</strong></span> <span class='ocrx_word' id='word_1_499' title='bbox 1883 3249 2005 3319; x_wconf 90' lang='lat' dir='ltr'><strong>jam</strong></span> <span class='ocrx_word' id='word_1_500' title='bbox 2035 3250 2111 3303; x_wconf 89' lang='lat' dir='ltr'><strong>vi-</strong></span> <span class='ocrx_word' id='word_1_501' title='bbox 2191 3252 2435 3306; x_wconf 89' lang='lat' dir='ltr'><strong>hominis</strong></span> <span class='ocrx_word' id='word_1_502' title='bbox 2461 3253 2713 3307; x_wconf 90' lang='lat' dir='ltr'><strong>omnium</strong></span> <span class='ocrx_word' id='word_1_503' title='bbox 2738 3254 2890 3307; x_wconf 91' lang='lat' dir='ltr'><strong>salus</strong></span> <span class='ocrx_word' id='word_1_504' title='bbox 2919 3254 3177 3324; x_wconf 88' lang='lat' dir='ltr'><strong>gentium</strong></span> <span class='ocrx_word' id='word_1_505' title='bbox 3210 3254 3554 3324; x_wconf 89' lang='lat' dir='ltr'><strong>ﬁguraretur,</strong></span> <span class='ocrx_word' id='word_1_506' title='bbox 3575 3255 3630 3303; x_wconf 90' lang='lat' dir='ltr'><strong>ut</strong></span> <span class='ocrx_word' id='word_1_507' title='bbox 3652 3263 3732 3319; x_wconf 89' lang='lat' dir='ltr'><strong>po-</strong></span> 
     </span>
    </p>
   </div>
   <div class='ocr_carea' id='block_1_35' title="bbox 512 3334 3730 3415">
    <p class='ocr_par' dir='ltr' id='par_1_35' title="bbox 512 3334 3730 3415">
     <span class='ocr_line' id='line_1_35' title="bbox 512 3334 3730 3415; baseline 0.002 -29"><span class='ocrx_word' id='word_1_508' title='bbox 512 3337 635 3387; x_wconf 89' lang='lat' dir='ltr'><strong>ctor</strong></span> <span class='ocrx_word' id='word_1_509' title='bbox 660 3351 673 3386; x_wconf 88' lang='lat'>:</span> <span class='ocrx_word' id='word_1_510' title='bbox 698 3334 797 3387; x_wconf 85' lang='lat' dir='ltr'><strong>Ubi</strong></span> <span class='ocrx_word' id='word_1_511' title='bbox 823 3340 917 3399; x_wconf 88' lang='lat' dir='ltr'><strong>est,</strong></span> <span class='ocrx_word' id='word_1_512' title='bbox 942 3349 1109 3399; x_wconf 81' lang='lat' dir='ltr'><strong>mors,</strong></span> <span class='ocrx_word' id='word_1_513' title='bbox 1132 3338 1354 3389; x_wconf 76' lang='lat' dir='ltr'><strong>aculeus</strong></span> <span class='ocrx_word' id='word_1_514' title='bbox 1372 3338 1519 3399; x_wconf 86' lang='lat' dir='ltr'><strong>tuus;</strong></span> <span class='ocrx_word' id='word_1_515' title='bbox 1542 3337 1640 3388; x_wconf 88' lang='lat' dir='ltr'><strong>ubi</strong></span> <span class='ocrx_word' id='word_1_516' title='bbox 1657 3341 1752 3401; x_wconf 87' lang='lat' dir='ltr'><strong>est,</strong></span> <span class='ocrx_word' id='word_1_517' title='bbox 1780 3340 2111 3398; x_wconf 81' lang='lat' dir='ltr'><strong>mors,victo-</strong></span> <span class='ocrx_word' id='word_1_518' title='bbox 2190 3342 2375 3413; x_wconf 86' lang='lat' dir='ltr'><strong>pulus.</strong></span> <span class='ocrx_word' id='word_1_519' title='bbox 2398 3342 2493 3412; x_wconf 89' lang='lat' dir='ltr'><strong>qui</strong></span> <span class='ocrx_word' id='word_1_520' title='bbox 2525 3348 2649 3396; x_wconf 89' lang='lat' dir='ltr'><strong>erat</strong></span> <span class='ocrx_word' id='word_1_521' title='bbox 2666 3342 2937 3397; x_wconf 85' lang='lat' dir='ltr'><strong>habitatio</strong></span> <span class='ocrx_word' id='word_1_522' title='bbox 2964 3342 3257 3409; x_wconf 82' lang='lat' dir='ltr'><strong>daemonis,</strong></span> <span class='ocrx_word' id='word_1_523' title='bbox 3279 3360 3451 3398; x_wconf 85' lang='lat' dir='ltr'><strong>cacus</strong></span> <span class='ocrx_word' id='word_1_524' title='bbox 3479 3346 3531 3415; x_wconf 81' lang='lat' dir='ltr'><strong>et</strong></span> <span class='ocrx_word' id='word_1_525' title='bbox 3560 3343 3730 3399; x_wconf 85' lang='lat' dir='ltr'><strong>mutus,</strong></span> 
     </span>
    </p>
   </div>
   <div class='ocr_carea' id='block_1_36' title="bbox 511 3421 3731 3501">
    <p class='ocr_par' dir='ltr' id='par_1_36' title="bbox 511 3421 3731 3501">
     <span class='ocr_line' id='line_1_36' title="bbox 511 3421 3731 3501; baseline 0 -26"><span class='ocrx_word' id='word_1_526' title='bbox 511 3424 606 3475; x_wconf 73' lang='lat' dir='ltr'><strong>ria</strong></span> <span class='ocrx_word' id='word_1_527' title='bbox 626 3424 827 3489; x_wconf 72' lang='lat' dir='ltr'><strong>tua?(l</strong></span> <span class='ocrx_word' id='word_1_528' title='bbox 853 3423 1071 3487; x_wconf 80' lang='lat' dir='ltr'><strong>Gor.xv,</strong></span> <span class='ocrx_word' id='word_1_529' title='bbox 1095 3421 1203 3494; x_wconf 82' lang='lat'><strong>59),</strong></span> <span class='ocrx_word' id='word_1_530' title='bbox 1219 3423 1395 3494; x_wconf 90' lang='lat' dir='ltr'><strong>Cujus</strong></span> <span class='ocrx_word' id='word_1_531' title='bbox 1413 3423 1679 3478; x_wconf 89' lang='lat' dir='ltr'><strong>nimirum</strong></span> <span class='ocrx_word' id='word_1_532' title='bbox 1703 3425 1918 3495; x_wconf 90' lang='lat' dir='ltr'><strong>judicia</strong></span> <span class='ocrx_word' id='word_1_533' title='bbox 1943 3427 2111 3481; x_wconf 90' lang='lat' dir='ltr'><strong>veris-</strong></span> <span class='ocrx_word' id='word_1_534' title='bbox 2192 3430 2293 3485; x_wconf 89' lang='lat' dir='ltr'><strong>Dei</strong></span> <span class='ocrx_word' id='word_1_535' title='bbox 2307 3446 2482 3501; x_wconf 86' lang='lat' dir='ltr'><strong>capax</strong></span> <span class='ocrx_word' id='word_1_536' title='bbox 2504 3432 2684 3496; x_wconf 91' lang='lat' dir='ltr'><strong>ﬁeret,</strong></span> <span class='ocrx_word' id='word_1_537' title='bbox 2716 3437 2773 3485; x_wconf 90' lang='lat' dir='ltr'><strong>et</strong></span> <span class='ocrx_word' id='word_1_538' title='bbox 2803 3432 2983 3485; x_wconf 90' lang='lat' dir='ltr'><strong>Deum</strong></span> <span class='ocrx_word' id='word_1_539' title='bbox 3006 3430 3063 3485; x_wconf 92' lang='lat' dir='ltr'><strong>in</strong></span> <span class='ocrx_word' id='word_1_540' title='bbox 3098 3432 3324 3487; x_wconf 84' lang='lat' dir='ltr'><strong>Christo</strong></span> <span class='ocrx_word' id='word_1_541' title='bbox 3341 3422 3731 3495; x_wconf 79' lang='lat' dir='ltr'><strong>videret;t.hristi</strong></span> 
     </span>
    </p>
   </div>
   <div class='ocr_carea' id='block_1_37' title="bbox 514 3509 3729 3590">
    <p class='ocr_par' dir='ltr' id='par_1_37' title="bbox 514 3509 3729 3590">
     <span class='ocr_line' id='line_1_37' title="bbox 514 3509 3729 3590; baseline 0.001 -26"><span class='ocrx_word' id='word_1_542' title='bbox 514 3509 660 3564; x_wconf 90' lang='lat' dir='ltr'><strong>sima</strong></span> <span class='ocrx_word' id='word_1_543' title='bbox 685 3516 820 3565; x_wconf 89' lang='lat' dir='ltr'><strong>sunt</strong></span> <span class='ocrx_word' id='word_1_544' title='bbox 845 3509 905 3566; x_wconf 89' lang='lat' dir='ltr'><strong>in</strong></span> <span class='ocrx_word' id='word_1_545' title='bbox 935 3510 1194 3565; x_wconf 91' lang='lat' dir='ltr'><strong>omnibus</strong></span> <span class='ocrx_word' id='word_1_546' title='bbox 1217 3511 1525 3581; x_wconf 87' lang='lat' dir='ltr'><strong>justiﬁcata</strong></span> <span class='ocrx_word' id='word_1_547' title='bbox 1552 3512 1613 3567; x_wconf 90' lang='lat' dir='ltr'><strong>in</strong></span> <span class='ocrx_word' id='word_1_548' title='bbox 1634 3514 1966 3586; x_wconf 89' lang='lat' dir='ltr'><strong>semetipsis.</strong></span> <span class='ocrx_word' id='word_1_549' title='bbox 1990 3516 2107 3571; x_wconf 89' lang='lat' dir='ltr'><strong>Un-</strong></span> <span class='ocrx_word' id='word_1_550' title='bbox 2189 3534 2357 3590; x_wconf 81' lang='lat' dir='ltr'><strong>Opera</strong></span> <span class='ocrx_word' id='word_1_551' title='bbox 2389 3519 2448 3573; x_wconf 91' lang='lat' dir='ltr'><strong>in</strong></span> <span class='ocrx_word' id='word_1_552' title='bbox 2486 3518 2828 3574; x_wconf 88' lang='lat' dir='ltr'><strong>confessione</strong></span> <span class='ocrx_word' id='word_1_553' title='bbox 2852 3519 3025 3573; x_wconf 90' lang='lat' dir='ltr'><strong>totius</strong></span> <span class='ocrx_word' id='word_1_554' title='bbox 3055 3520 3349 3575; x_wconf 88' lang='lat' dir='ltr'><strong>Trinitatis</strong></span> <span class='ocrx_word' id='word_1_555' title='bbox 3371 3519 3622 3573; x_wconf 86' lang='lat' dir='ltr'><strong>laudaret.</strong></span> <span class='ocrx_word' id='word_1_556' title='bbox 3635 3513 3729 3577; x_wconf 89' lang='lat' dir='ltr'><strong>Quo</strong></span> 
     </span>
    </p>
   </div>
   <div class='ocr_carea' id='block_1_38' title="bbox 510 3598 3730 3679">
    <p class='ocr_par' dir='ltr' id='par_1_38' title="bbox 510 3598 3730 3679">
     <span class='ocr_line' id='line_1_38' title="bbox 510 3598 3730 3679; baseline 0.002 -25"><span class='ocrx_word' id='word_1_557' title='bbox 510 3598 581 3654; x_wconf 91' lang='lat' dir='ltr'><strong>de</strong></span> <span class='ocrx_word' id='word_1_558' title='bbox 612 3598 746 3654; x_wconf 88' lang='lat' dir='ltr'><strong>alibi</strong></span> <span class='ocrx_word' id='word_1_559' title='bbox 779 3599 955 3654; x_wconf 89' lang='lat' dir='ltr'><strong>David</strong></span> <span class='ocrx_word' id='word_1_560' title='bbox 981 3600 1053 3654; x_wconf 89' lang='lat' dir='ltr'><strong>ad</strong></span> <span class='ocrx_word' id='word_1_561' title='bbox 1081 3600 1299 3671; x_wconf 87' lang='lat' dir='ltr'><strong>ipsum:</strong></span> <span class='ocrx_word' id='word_1_562' title='bbox 1339 3602 1402 3656; x_wconf 83' lang='lat' dir='ltr'><strong>Ut</strong></span> <span class='ocrx_word' id='word_1_563' title='bbox 1410 3605 1728 3669; x_wconf 78' lang='lat' dir='ltr'><strong>iustiﬁceris</strong></span> <span class='ocrx_word' id='word_1_564' title='bbox 1747 3606 1810 3658; x_wconf 88' lang='lat' dir='ltr'><strong>in</strong></span> <span class='ocrx_word' id='word_1_565' title='bbox 1833 3608 2105 3659; x_wconf 85' lang='lat' dir='ltr'><strong>sermoni-</strong></span> <span class='ocrx_word' id='word_1_566' title='bbox 2188 3606 2680 3679; x_wconf 83' lang='lat' dir='ltr'><strong>factostupuerunt</strong></span> <span class='ocrx_word' id='word_1_567' title='bbox 2697 3607 2999 3675; x_wconf 85' lang='lat' dir='ltr'><strong>turba,sed</strong></span> <span class='ocrx_word' id='word_1_568' title='bbox 3019 3599 3730 3676; x_wconf 65' lang='lat' dir='ltr'><strong>Pharisaorumingravescit</strong></span> 
     </span>
    </p>
   </div>
   <div class='ocr_carea' id='block_1_39' title="bbox 511 3687 3728 3767">
    <p class='ocr_par' dir='ltr' id='par_1_39' title="bbox 511 3687 3728 3767">
     <span class='ocr_line' id='line_1_39' title="bbox 511 3687 3728 3767; baseline 0.001 -25"><span class='ocrx_word' id='word_1_569' title='bbox 511 3687 613 3743; x_wconf 88' lang='lat' dir='ltr'><strong>bus</strong></span> <span class='ocrx_word' id='word_1_570' title='bbox 643 3691 775 3757; x_wconf 80' lang='lat' dir='ltr'><strong>tuis,</strong></span> <span class='ocrx_word' id='word_1_571' title='bbox 798 3693 847 3743; x_wconf 87' lang='lat' dir='ltr'><strong>et</strong></span> <span class='ocrx_word' id='word_1_572' title='bbox 868 3692 1055 3743; x_wconf 83' lang='lat' dir='ltr'><strong>vincas</strong></span> <span class='ocrx_word' id='word_1_573' title='bbox 1086 3706 1213 3744; x_wconf 88' lang='lat' dir='ltr'><strong>cum</strong></span> <span class='ocrx_word' id='word_1_574' title='bbox 1223 3691 1506 3758; x_wconf 86' lang='lat' dir='ltr'><strong>judicaris</strong></span> <span class='ocrx_word' id='word_1_575' title='bbox 1554 3694 1718 3759; x_wconf 86' lang='lat' dir='ltr'><strong>(Psal.</strong></span> <span class='ocrx_word' id='word_1_576' title='bbox 1753 3709 1803 3758; x_wconf 67' lang='grc' dir='ltr'><strong>ιι,</strong></span> <span class='ocrx_word' id='word_1_577' title='bbox 1833 3692 1907 3755; x_wconf 88' lang='grc'><strong>6).</strong></span> <span class='ocrx_word' id='word_1_578' title='bbox 1947 3693 2107 3748; x_wconf 91' lang='lat' dir='ltr'><strong>Unde</strong></span> <span class='ocrx_word' id='word_1_579' title='bbox 2187 3695 2413 3750; x_wconf 88' lang='lat' dir='ltr'><strong>invidia.</strong></span> <span class='ocrx_word' id='word_1_580' title='bbox 2437 3697 2578 3767; x_wconf 89' lang='lat' dir='ltr'><strong>Ergo</strong></span> <span class='ocrx_word' id='word_1_581' title='bbox 2599 3697 2734 3767; x_wconf 89' lang='lat' dir='ltr'><strong>quia</strong></span> <span class='ocrx_word' id='word_1_582' title='bbox 2754 3697 3059 3751; x_wconf 89' lang='lat' dir='ltr'><strong>humanam</strong></span> <span class='ocrx_word' id='word_1_583' title='bbox 3082 3697 3468 3753; x_wconf 87' lang='lat' dir='ltr'><strong>inﬁrmitatem</strong></span> <span class='ocrx_word' id='word_1_584' title='bbox 3490 3694 3728 3749; x_wconf 73' lang='lat' dir='ltr'><strong>hactanta</strong></span> 
     </span>
    </p>
   </div>
   <div class='ocr_carea' id='block_1_40' title="bbox 507 3776 3727 3857">
    <p class='ocr_par' dir='ltr' id='par_1_40' title="bbox 507 3776 3727 3857">
     <span class='ocr_line' id='line_1_40' title="bbox 507 3776 3727 3857; baseline -0 -26"><span class='ocrx_word' id='word_1_585' title='bbox 507 3776 749 3833; x_wconf 88' lang='lat' dir='ltr'><strong>ﬁdenter</strong></span> <span class='ocrx_word' id='word_1_586' title='bbox 787 3783 919 3848; x_wconf 88' lang='lat' dir='ltr'><strong>agat</strong></span> <span class='ocrx_word' id='word_1_587' title='bbox 962 3778 1215 3849; x_wconf 87' lang='lat' dir='ltr'><strong>quisquis</strong></span> <span class='ocrx_word' id='word_1_588' title='bbox 1262 3778 1456 3834; x_wconf 86' lang='lat' dir='ltr'><strong>doctor</strong></span> <span class='ocrx_word' id='word_1_589' title='bbox 1509 3779 1781 3847; x_wconf 89' lang='lat' dir='ltr'><strong>Ecclesia,</strong></span> <span class='ocrx_word' id='word_1_590' title='bbox 1840 3782 2106 3852; x_wconf 87' lang='lat' dir='ltr'><strong>quoniam</strong></span> <span class='ocrx_word' id='word_1_591' title='bbox 2188 3785 2310 3854; x_wconf 90' lang='lat' dir='ltr'><strong>ejus</strong></span> <span class='ocrx_word' id='word_1_592' title='bbox 2338 3801 2509 3856; x_wconf 88' lang='lat' dir='ltr'><strong>opera</strong></span> <span class='ocrx_word' id='word_1_593' title='bbox 2536 3784 3091 3852; x_wconf 83' lang='lat' dir='ltr'><strong>excederevidebant,</strong></span> <span class='ocrx_word' id='word_1_594' title='bbox 3112 3787 3385 3857; x_wconf 87' lang='lat' dir='ltr'><strong>pudorem</strong></span> <span class='ocrx_word' id='word_1_595' title='bbox 3416 3777 3727 3841; x_wconf 84' lang='lat' dir='ltr'><strong>confessionis</strong></span> 
     </span>
    </p>
   </div>
   <div class='ocr_carea' id='block_1_41' title="bbox 509 3866 3727 3945">
    <p class='ocr_par' dir='ltr' id='par_1_41' title="bbox 509 3866 3727 3945">
     <span class='ocr_line' id='line_1_41' title="bbox 509 3866 3727 3945; baseline 0.002 -24"><span class='ocrx_word' id='word_1_596' title='bbox 509 3866 825 3938; x_wconf 86' lang='lat' dir='ltr'><strong>splendebit</strong></span> <span class='ocrx_word' id='word_1_597' title='bbox 838 3867 1093 3922; x_wconf 86' lang='lat' dir='ltr'><strong>doctrina</strong></span> <span class='ocrx_word' id='word_1_598' title='bbox 1129 3867 1335 3923; x_wconf 68' lang='lat' dir='ltr'><strong>Christi</strong></span> <span class='ocrx_word' id='word_1_599' title='bbox 1364 3875 1423 3923; x_wconf 91' lang='lat' dir='ltr'><strong>et</strong></span> <span class='ocrx_word' id='word_1_600' title='bbox 1440 3885 1553 3923; x_wconf 89' lang='lat' dir='ltr'><strong>non</strong></span> <span class='ocrx_word' id='word_1_601' title='bbox 1584 3871 2105 3936; x_wconf 87' lang='lat' dir='ltr'><strong>conteretur,etiam</strong></span> <span class='ocrx_word' id='word_1_602' title='bbox 2186 3889 2301 3928; x_wconf 85' lang='lat' dir='ltr'><strong>sua</strong></span> <span class='ocrx_word' id='word_1_603' title='bbox 2334 3873 2534 3944; x_wconf 89' lang='lat' dir='ltr'><strong>majori</strong></span> <span class='ocrx_word' id='word_1_604' title='bbox 2563 3874 2811 3945; x_wconf 86' lang='lat' dir='ltr'><strong>perﬁdia</strong></span> <span class='ocrx_word' id='word_1_605' title='bbox 2842 3875 3050 3929; x_wconf 88' lang='lat' dir='ltr'><strong>scelere</strong></span> <span class='ocrx_word' id='word_1_606' title='bbox 3070 3875 3372 3931; x_wconf 88' lang='lat' dir='ltr'><strong>declinant.</strong></span> <span class='ocrx_word' id='word_1_607' title='bbox 3399 3876 3469 3930; x_wconf 93' lang='lat' dir='ltr'><strong>Ut</strong></span> <span class='ocrx_word' id='word_1_608' title='bbox 3496 3871 3613 3944; x_wconf 82' lang='lat' dir='ltr'><strong>quia</strong></span> <span class='ocrx_word' id='word_1_609' title='bbox 3636 3868 3727 3921; x_wconf 53' lang='lat' dir='ltr'><strong>hac</strong></span> 
     </span>
    </p>
   </div>
   <div class='ocr_carea' id='block_1_42' title="bbox 506 3954 3724 4036">
    <p class='ocr_par' dir='ltr' id='par_1_42' title="bbox 506 3954 3724 4036">
     <span class='ocr_line' id='line_1_42' title="bbox 506 3954 3724 4036; baseline 0 -26"><span class='ocrx_word' id='word_1_610' title='bbox 506 3954 578 4010; x_wconf 89' lang='lat' dir='ltr'><strong>ab</strong></span> <span class='ocrx_word' id='word_1_611' title='bbox 605 3972 672 4011; x_wconf 91' lang='lat' dir='ltr'><strong>eo</strong></span> <span class='ocrx_word' id='word_1_612' title='bbox 698 3956 795 4027; x_wconf 87' lang='lat' dir='ltr'><strong>qui</strong></span> <span class='ocrx_word' id='word_1_613' title='bbox 840 3973 902 4012; x_wconf 84' lang='lat' dir='ltr'><strong>se</strong></span> <span class='ocrx_word' id='word_1_614' title='bbox 931 3957 1143 4012; x_wconf 83' lang='lat' dir='ltr'><strong>extollit</strong></span> <span class='ocrx_word' id='word_1_615' title='bbox 1185 3963 1239 4011; x_wconf 80' lang='lat' dir='ltr'><strong>et</strong></span> <span class='ocrx_word' id='word_1_616' title='bbox 1282 3957 1610 4013; x_wconf 87' lang='lat' dir='ltr'><strong>adversatur</strong></span> <span class='ocrx_word' id='word_1_617' title='bbox 1658 3964 1854 4013; x_wconf 88' lang='lat' dir='ltr'><strong>contra</strong></span> <span class='ocrx_word' id='word_1_618' title='bbox 1899 3960 2098 4027; x_wconf 91' lang='lat' dir='ltr'><strong>Deum,</strong></span> <span class='ocrx_word' id='word_1_619' title='bbox 2185 3977 2307 4016; x_wconf 90' lang='lat' dir='ltr'><strong>esse</strong></span> <span class='ocrx_word' id='word_1_620' title='bbox 2330 3978 2502 4033; x_wconf 91' lang='lat' dir='ltr'><strong>opera</strong></span> <span class='ocrx_word' id='word_1_621' title='bbox 2531 3963 2774 4017; x_wconf 89' lang='lat' dir='ltr'><strong>hominis</strong></span> <span class='ocrx_word' id='word_1_622' title='bbox 2804 3963 3128 4018; x_wconf 82' lang='lat' dir='ltr'><strong>existimare</strong></span> <span class='ocrx_word' id='word_1_623' title='bbox 3148 3981 3260 4020; x_wconf 89' lang='lat' dir='ltr'><strong>non</strong></span> <span class='ocrx_word' id='word_1_624' title='bbox 3294 3968 3559 4036; x_wconf 89' lang='lat' dir='ltr'><strong>poterant,</strong></span> <span class='ocrx_word' id='word_1_625' title='bbox 3582 3954 3724 4013; x_wconf 85' lang='lat' dir='ltr'><strong>conﬁ-</strong></span> 
     </span>
    </p>
   </div>
   <div class='ocr_carea' id='block_1_43' title="bbox 509 4042 3724 4123">
    <p class='ocr_par' dir='ltr' id='par_1_43' title="bbox 509 4042 3724 4123">
     <span class='ocr_line' id='line_1_43' title="bbox 509 4042 3724 4123; baseline 0 -25"><span class='ocrx_word' id='word_1_626' title='bbox 509 4042 688 4099; x_wconf 90' lang='lat' dir='ltr'><strong>donec</strong></span> <span class='ocrx_word' id='word_1_627' title='bbox 717 4044 906 4115; x_wconf 89' lang='lat' dir='ltr'><strong>ejiciat</strong></span> <span class='ocrx_word' id='word_1_628' title='bbox 933 4046 1004 4099; x_wconf 94' lang='lat' dir='ltr'><strong>ad</strong></span> <span class='ocrx_word' id='word_1_629' title='bbox 1027 4045 1317 4099; x_wconf 86' lang='lat' dir='ltr'><strong>victoriam</strong></span> <span class='ocrx_word' id='word_1_630' title='bbox 1331 4046 1609 4116; x_wconf 90' lang='lat' dir='ltr'><strong>judicium</strong></span> <span class='ocrx_word' id='word_1_631' title='bbox 1634 4063 1801 4102; x_wconf 89' lang='lat' dir='ltr'><strong>suum</strong></span> <span class='ocrx_word' id='word_1_632' title='bbox 1823 4048 2097 4116; x_wconf 73' lang='lat' dir='ltr'><strong>Christus,</strong></span> <span class='ocrx_word' id='word_1_633' title='bbox 2181 4050 2290 4104; x_wconf 91' lang='lat' dir='ltr'><strong>teri</strong></span> <span class='ocrx_word' id='word_1_634' title='bbox 2314 4067 2381 4105; x_wconf 90' lang='lat' dir='ltr'><strong>ea</strong></span> <span class='ocrx_word' id='word_1_635' title='bbox 2408 4051 2511 4105; x_wconf 91' lang='lat' dir='ltr'><strong>Dei</strong></span> <span class='ocrx_word' id='word_1_636' title='bbox 2537 4052 2771 4116; x_wconf 89' lang='lat' dir='ltr'><strong>nollent,</strong></span> <span class='ocrx_word' id='word_1_637' title='bbox 2825 4068 3050 4107; x_wconf 90' lang='lat' dir='ltr'><strong>omnem</strong></span> <span class='ocrx_word' id='word_1_638' title='bbox 3097 4053 3220 4123; x_wconf 91' lang='lat' dir='ltr'><strong>ejus</strong></span> <span class='ocrx_word' id='word_1_639' title='bbox 3252 4055 3397 4108; x_wconf 89' lang='lat' dir='ltr'><strong>hanc</strong></span> <span class='ocrx_word' id='word_1_640' title='bbox 3422 4052 3657 4106; x_wconf 90' lang='lat' dir='ltr'><strong>virtutem</strong></span> <span class='ocrx_word' id='word_1_641' title='bbox 3678 4043 3724 4096; x_wconf 89' lang='lat' dir='ltr'><strong>in</strong></span> 
     </span>
    </p>
   </div>
   <div class='ocr_carea' id='block_1_44' title="bbox 508 4130 3724 4211">
    <p class='ocr_par' dir='ltr' id='par_1_44' title="bbox 508 4130 3724 4211">
     <span class='ocr_line' id='line_1_44' title="bbox 508 4130 3724 4211; baseline 0.002 -26"><span class='ocrx_word' id='word_1_642' title='bbox 508 4135 575 4185; x_wconf 87' lang='lat' dir='ltr'><strong>ut</strong></span> <span class='ocrx_word' id='word_1_643' title='bbox 600 4130 821 4187; x_wconf 87' lang='lat' dir='ltr'><strong>sublata</strong></span> <span class='ocrx_word' id='word_1_644' title='bbox 849 4133 1048 4187; x_wconf 89' lang='lat' dir='ltr'><strong>mortis</strong></span> <span class='ocrx_word' id='word_1_645' title='bbox 1075 4138 1353 4203; x_wconf 87' lang='lat' dir='ltr'><strong>potestate</strong></span> <span class='ocrx_word' id='word_1_646' title='bbox 1378 4135 1653 4205; x_wconf 90' lang='lat' dir='ltr'><strong>judicium</strong></span> <span class='ocrx_word' id='word_1_647' title='bbox 1689 4137 1961 4191; x_wconf 89' lang='lat' dir='ltr'><strong>claritatis</strong></span> <span class='ocrx_word' id='word_1_648' title='bbox 1985 4153 2100 4194; x_wconf 80' lang='lat' dir='ltr'><strong>sua</strong></span> <span class='ocrx_word' id='word_1_649' title='bbox 2183 4138 2491 4194; x_wconf 87' lang='lat' dir='ltr'><strong>Beelzebub</strong></span> <span class='ocrx_word' id='word_1_650' title='bbox 2505 4140 2774 4211; x_wconf 88' lang='lat' dir='ltr'><strong>principis</strong></span> <span class='ocrx_word' id='word_1_651' title='bbox 2795 4141 3199 4197; x_wconf 64' lang='lat' dir='ltr'><strong>daemoniorum</strong></span> <span class='ocrx_word' id='word_1_652' title='bbox 3216 4159 3343 4198; x_wconf 90' lang='lat' dir='ltr'><strong>esse</strong></span> <span class='ocrx_word' id='word_1_653' title='bbox 3359 4135 3724 4199; x_wconf 55' lang='lat' dir='ltr'><strong>conﬁrmanbet</strong></span> 
     </span>
    </p>
   </div>
   <div class='ocr_carea' id='block_1_45' title="bbox 503 4218 3718 4304">
    <p class='ocr_par' dir='ltr' id='par_1_45' title="bbox 503 4218 3718 4304">
     <span class='ocr_line' id='line_1_45' title="bbox 503 4218 3718 4304; baseline 0.003 -32"><span class='ocrx_word' id='word_1_654' title='bbox 503 4218 722 4272; x_wconf 88' lang='lat' dir='ltr'><strong>cunctis</strong></span> <span class='ocrx_word' id='word_1_655' title='bbox 741 4219 1082 4283; x_wconf 89' lang='lat' dir='ltr'><strong>ostendat,et</strong></span> <span class='ocrx_word' id='word_1_656' title='bbox 1105 4219 1164 4273; x_wconf 91' lang='lat' dir='ltr'><strong>in</strong></span> <span class='ocrx_word' id='word_1_657' title='bbox 1187 4221 1445 4276; x_wconf 89' lang='lat' dir='ltr'><strong>omnibus</strong></span> <span class='ocrx_word' id='word_1_658' title='bbox 1464 4239 1524 4276; x_wconf 89' lang='lat' dir='ltr'><strong>se</strong></span> <span class='ocrx_word' id='word_1_659' title='bbox 1551 4224 1612 4277; x_wconf 90' lang='lat' dir='ltr'><strong>in</strong></span> <span class='ocrx_word' id='word_1_660' title='bbox 1638 4224 1872 4279; x_wconf 88' lang='lat' dir='ltr'><strong>veritate</strong></span> <span class='ocrx_word' id='word_1_661' title='bbox 1902 4226 2097 4281; x_wconf 88' lang='lat' dir='ltr'><strong>vicisse</strong></span> <span class='ocrx_word' id='word_1_662' title='bbox 2182 4227 2241 4282; x_wconf 92' lang='lat' dir='ltr'><strong>in</strong></span> <span class='ocrx_word' id='word_1_663' title='bbox 2255 4228 2524 4283; x_wconf 86' lang='lat' dir='ltr'><strong>damonis</strong></span> <span class='ocrx_word' id='word_1_664' title='bbox 2538 4234 2815 4300; x_wconf 88' lang='lat' dir='ltr'><strong>potestate</strong></span> <span class='ocrx_word' id='word_1_665' title='bbox 2836 4229 2978 4284; x_wconf 88' lang='lat' dir='ltr'><strong>hanc</strong></span> <span class='ocrx_word' id='word_1_666' title='bbox 2996 4229 3201 4286; x_wconf 89' lang='lat' dir='ltr'><strong>factam</strong></span> <span class='ocrx_word' id='word_1_667' title='bbox 3216 4231 3389 4287; x_wconf 88' lang='lat' dir='ltr'><strong>fuisse</strong></span> <span class='ocrx_word' id='word_1_668' title='bbox 3400 4225 3718 4304; x_wconf 77' lang='lat' dir='ltr'><strong>proclamant-</strong></span> 
     </span>
    </p>
   </div>
   <div class='ocr_carea' id='block_1_46' title="bbox 504 4304 3722 4413">
    <p class='ocr_par' dir='ltr' id='par_1_46' title="bbox 504 4304 3722 4413">
     <span class='ocr_line' id='line_1_46' title="bbox 504 4304 3722 4413; baseline 0.004 -54"><span class='ocrx_word' id='word_1_669' title='bbox 504 4304 879 4413; x_wconf 35' lang='lat' dir='ltr'><strong>dAemo‘nstret.</strong></span> <span class='ocrx_word' id='word_1_670' title='bbox 902 4306 1266 4413; x_wconf 47' lang='lat' dir='ltr'><strong>Hac‘qu‘ippe</strong></span> <span class='ocrx_word' id='word_1_671' title='bbox 1294 4310 1455 4413; x_wconf 74' lang='lat' dir='ltr'><strong>quasi</strong></span> <span class='ocrx_word' id='word_1_672' title='bbox 1482 4310 1634 4413; x_wconf 70' lang='lat' dir='ltr'><strong>intra</strong></span> <span class='ocrx_word' id='word_1_673' title='bbox 1661 4313 1798 4413; x_wconf 80' lang='lat' dir='ltr'><strong>certi</strong></span> <span class='ocrx_word' id='word_1_674' title='bbox 1810 4315 2095 4413; x_wconf 63' lang='lat' dir='ltr'><strong>temporis</strong></span> <span class='ocrx_word' id='word_1_675' title='bbox 2110 4354 2159 4413; x_wconf 70' lang='grc' dir='ltr'>Β</span> <span class='ocrx_word' id='word_1_676' title='bbox 2253 4319 2443 4373; x_wconf 74' lang='lat' dir='ltr'><strong>Turbae</strong></span> <span class='ocrx_word' id='word_1_677' title='bbox 2456 4334 2579 4372; x_wconf 85' lang='lat' dir='ltr'><strong>vero</strong></span> <span class='ocrx_word' id='word_1_678' title='bbox 2596 4320 2883 4387; x_wconf 80' lang='lat' dir='ltr'><strong>stupebant</strong></span> <span class='ocrx_word' id='word_1_679' title='bbox 2902 4335 3085 4374; x_wconf 85' lang='lat' dir='ltr'><strong>omnes</strong></span> <span class='ocrx_word' id='word_1_680' title='bbox 3105 4324 3155 4373; x_wconf 82' lang='lat' dir='ltr'><strong>et</strong></span> <span class='ocrx_word' id='word_1_681' title='bbox 3180 4322 3468 4376; x_wconf 83' lang='lat' dir='ltr'><strong>dicebant:</strong></span> <span class='ocrx_word' id='word_1_682' title='bbox 3495 4308 3722 4383; x_wconf 68' lang='lat' dir='ltr'><strong>Nunquid</strong></span> 
     </span>
    </p>
   </div>
   <div class='ocr_carea' id='block_1_47' title="bbox 501 4394 3720 4475">
    <p class='ocr_par' dir='ltr' id='par_1_47' title="bbox 501 4394 3720 4475">
     <span class='ocr_line' id='line_1_47' title="bbox 501 4394 3720 4475; baseline 0.003 -26"><span class='ocrx_word' id='word_1_683' title='bbox 501 4398 719 4450; x_wconf 87' lang='lat' dir='ltr'><strong>statuta</strong></span> <span class='ocrx_word' id='word_1_684' title='bbox 746 4394 1076 4467; x_wconf 70' lang='lat' dir='ltr'><strong>praescribit,</strong></span> <span class='ocrx_word' id='word_1_685' title='bbox 1116 4396 1293 4452; x_wconf 89' lang='lat' dir='ltr'><strong>donec</strong></span> <span class='ocrx_word' id='word_1_686' title='bbox 1344 4398 1446 4451; x_wconf 91' lang='lat' dir='ltr'><strong>ﬁat</strong></span> <span class='ocrx_word' id='word_1_687' title='bbox 1488 4399 1744 4453; x_wconf 87' lang='lat' dir='ltr'><strong>voluntas</strong></span> <span class='ocrx_word' id='word_1_688' title='bbox 1773 4401 1915 4470; x_wconf 78' lang='lat' dir='ltr'><strong>ejus,</strong></span> <span class='ocrx_word' id='word_1_689' title='bbox 1947 4402 2095 4457; x_wconf 89' lang='lat' dir='ltr'><strong>sicut</strong></span> <span class='ocrx_word' id='word_1_690' title='bbox 2110 4394 2157 4413; x_wconf 71' lang='lat'><strong><em>&quot;</em></strong></span> <span class='ocrx_word' id='word_1_691' title='bbox 2175 4408 2265 4461; x_wconf 84' lang='lat' dir='ltr'><strong>hic</strong></span> <span class='ocrx_word' id='word_1_692' title='bbox 2282 4412 2357 4460; x_wconf 83' lang='lat' dir='ltr'><strong>est</strong></span> <span class='ocrx_word' id='word_1_693' title='bbox 2374 4410 2524 4475; x_wconf 77' lang='lat' dir='ltr'><strong>ﬁlius</strong></span> <span class='ocrx_word' id='word_1_694' title='bbox 2547 4407 2955 4463; x_wconf 68' lang='lat' dir='ltr'><strong>Davidrlnfelix</strong></span> <span class='ocrx_word' id='word_1_695' title='bbox 2978 4408 3218 4464; x_wconf 90' lang='lat' dir='ltr'><strong>nimium</strong></span> <span class='ocrx_word' id='word_1_696' title='bbox 3239 4410 3627 4465; x_wconf 85' lang='lat' dir='ltr'><strong>Pharisaorum</strong></span> <span class='ocrx_word' id='word_1_697' title='bbox 3642 4414 3720 4455; x_wconf 62' lang='lat' dir='ltr'><strong>ce-</strong></span> 
     </span>
    </p>
   </div>
   <div class='ocr_carea' id='block_1_48' title="bbox 499 4481 3720 4569">
    <p class='ocr_par' dir='ltr' id='par_1_48' title="bbox 499 4481 3720 4569">
     <span class='ocr_line' id='line_1_48' title="bbox 499 4481 3720 4569; baseline 0.002 -31"><span class='ocrx_word' id='word_1_698' title='bbox 499 4481 561 4538; x_wconf 87' lang='lat' dir='ltr'><strong>in</strong></span> <span class='ocrx_word' id='word_1_699' title='bbox 591 4482 730 4538; x_wconf 76' lang='lat' dir='ltr'><strong>calo</strong></span> <span class='ocrx_word' id='word_1_700' title='bbox 755 4488 814 4538; x_wconf 91' lang='lat' dir='ltr'><strong>et</strong></span> <span class='ocrx_word' id='word_1_701' title='bbox 840 4483 902 4537; x_wconf 89' lang='lat' dir='ltr'><strong>in</strong></span> <span class='ocrx_word' id='word_1_702' title='bbox 928 4488 1099 4551; x_wconf 89' lang='lat' dir='ltr'><strong>terra,</strong></span> <span class='ocrx_word' id='word_1_703' title='bbox 1133 4490 1191 4539; x_wconf 91' lang='lat' dir='ltr'><strong>et</strong></span> <span class='ocrx_word' id='word_1_704' title='bbox 1207 4488 1461 4539; x_wconf 89' lang='lat' dir='ltr'><strong>transeat</strong></span> <span class='ocrx_word' id='word_1_705' title='bbox 1481 4485 1757 4557; x_wconf 91' lang='lat' dir='ltr'><strong>judicium</strong></span> <span class='ocrx_word' id='word_1_706' title='bbox 1784 4490 1907 4559; x_wconf 90' lang='lat' dir='ltr'><strong>ejus</strong></span> <span class='ocrx_word' id='word_1_707' title='bbox 1920 4490 1979 4544; x_wconf 89' lang='lat' dir='ltr'><strong>in</strong></span> <span class='ocrx_word' id='word_1_708' title='bbox 2008 4491 2090 4545; x_wconf 88' lang='lat' dir='ltr'><strong>vi-</strong></span> <span class='ocrx_word' id='word_1_709' title='bbox 2176 4495 2333 4551; x_wconf 90' lang='lat' dir='ltr'><strong>citas.</strong></span> <span class='ocrx_word' id='word_1_710' title='bbox 2363 4494 2562 4550; x_wconf 89' lang='lat' dir='ltr'><strong>Turba</strong></span> <span class='ocrx_word' id='word_1_711' title='bbox 2589 4496 2870 4552; x_wconf 89' lang='lat' dir='ltr'><strong>mirantur</strong></span> <span class='ocrx_word' id='word_1_712' title='bbox 2896 4503 2955 4552; x_wconf 90' lang='lat' dir='ltr'><strong>et</strong></span> <span class='ocrx_word' id='word_1_713' title='bbox 2977 4496 3380 4569; x_wconf 88' lang='lat' dir='ltr'><strong>obstupescunt</strong></span> <span class='ocrx_word' id='word_1_714' title='bbox 3394 4496 3628 4569; x_wconf 83' lang='lat' dir='ltr'><strong>signis,et</strong></span> <span class='ocrx_word' id='word_1_715' title='bbox 3647 4503 3720 4543; x_wconf 81' lang='lat' dir='ltr'><strong>re-</strong></span> 
     </span>
    </p>
   </div>
   <div class='ocr_carea' id='block_1_49' title="bbox 498 4572 3714 4660">
    <p class='ocr_par' dir='ltr' id='par_1_49' title="bbox 498 4572 3714 4660">
     <span class='ocr_line' id='line_1_49' title="bbox 498 4572 3714 4660; baseline 0.003 -33"><span class='ocrx_word' id='word_1_716' title='bbox 498 4572 849 4628; x_wconf 87' lang='lat' dir='ltr'><strong>ctoriam.Ex</strong></span> <span class='ocrx_word' id='word_1_717' title='bbox 887 4588 997 4644; x_wconf 91' lang='lat' dir='ltr'><strong>quo</strong></span> <span class='ocrx_word' id='word_1_718' title='bbox 1026 4572 1231 4644; x_wconf 84' lang='lat' dir='ltr'><strong>Aquila</strong></span> <span class='ocrx_word' id='word_1_719' title='bbox 1257 4579 1315 4629; x_wconf 92' lang='lat' dir='ltr'><strong>et</strong></span> <span class='ocrx_word' id='word_1_720' title='bbox 1350 4575 1658 4630; x_wconf 90' lang='lat' dir='ltr'><strong>Theodotio</strong></span> <span class='ocrx_word' id='word_1_721' title='bbox 1703 4577 1785 4632; x_wconf 91' lang='lat' dir='ltr'><strong>ita</strong></span> <span class='ocrx_word' id='word_1_722' title='bbox 1811 4578 2091 4651; x_wconf 88' lang='lat' dir='ltr'><strong>interpre-</strong></span> <span class='ocrx_word' id='word_1_723' title='bbox 2175 4584 2407 4655; x_wconf 88' lang='lat' dir='ltr'><strong>quirunt</strong></span> <span class='ocrx_word' id='word_1_724' title='bbox 2432 4603 2498 4641; x_wconf 89' lang='lat' dir='ltr'><strong>ac</strong></span> <span class='ocrx_word' id='word_1_725' title='bbox 2521 4586 2861 4641; x_wconf 90' lang='lat' dir='ltr'><strong>conﬁtentur</strong></span> <span class='ocrx_word' id='word_1_726' title='bbox 2886 4586 3064 4641; x_wconf 88' lang='lat' dir='ltr'><strong>ﬁlium</strong></span> <span class='ocrx_word' id='word_1_727' title='bbox 3099 4587 3294 4655; x_wconf 90' lang='lat' dir='ltr'><strong>David,</strong></span> <span class='ocrx_word' id='word_1_728' title='bbox 3330 4604 3491 4660; x_wconf 89' lang='lat' dir='ltr'><strong>quem</strong></span> <span class='ocrx_word' id='word_1_729' title='bbox 3518 4600 3577 4639; x_wconf 84' lang='lat' dir='ltr'><strong>ex</strong></span> <span class='ocrx_word' id='word_1_730' title='bbox 3599 4594 3714 4653; x_wconf 64' lang='lat' dir='ltr'><strong>pre-</strong></span> 
     </span>
    </p>
   </div>
   <div class='ocr_carea' id='block_1_50' title="bbox 496 4660 3713 4748">
    <p class='ocr_par' dir='ltr' id='par_1_50' title="bbox 496 4660 3713 4748">
     <span class='ocr_line' id='line_1_50' title="bbox 496 4660 3713 4748; baseline 0.001 -33"><span class='ocrx_word' id='word_1_731' title='bbox 496 4661 604 4715; x_wconf 86' lang='lat' dir='ltr'><strong>tati</strong></span> <span class='ocrx_word' id='word_1_732' title='bbox 632 4667 799 4717; x_wconf 88' lang='lat' dir='ltr'><strong>sunt:</strong></span> <span class='ocrx_word' id='word_1_733' title='bbox 829 4677 943 4716; x_wconf 90' lang='lat' dir='ltr'><strong>non</strong></span> <span class='ocrx_word' id='word_1_734' title='bbox 963 4660 1304 4726; x_wconf 88' lang='lat' dir='ltr'><strong>obscurabit,</strong></span> <span class='ocrx_word' id='word_1_735' title='bbox 1333 4669 1392 4718; x_wconf 90' lang='lat' dir='ltr'><strong>et</strong></span> <span class='ocrx_word' id='word_1_736' title='bbox 1419 4681 1532 4719; x_wconf 91' lang='lat' dir='ltr'><strong>non</strong></span> <span class='ocrx_word' id='word_1_737' title='bbox 1560 4672 1765 4733; x_wconf 91' lang='lat' dir='ltr'><strong>curret,</strong></span> <span class='ocrx_word' id='word_1_738' title='bbox 1799 4668 1974 4724; x_wconf 91' lang='lat' dir='ltr'><strong>donec</strong></span> <span class='ocrx_word' id='word_1_739' title='bbox 1996 4686 2093 4742; x_wconf 85' lang='lat' dir='ltr'><strong>po-</strong></span> <span class='ocrx_word' id='word_1_740' title='bbox 2173 4673 2333 4743; x_wconf 84' lang='lat' dir='ltr'><strong>sagio</strong></span> <span class='ocrx_word' id='word_1_741' title='bbox 2362 4675 2761 4747; x_wconf 87' lang='lat' dir='ltr'><strong>prophetarum</strong></span> <span class='ocrx_word' id='word_1_742' title='bbox 2791 4681 3062 4731; x_wconf 90' lang='lat' dir='ltr'><strong>noverant</strong></span> <span class='ocrx_word' id='word_1_743' title='bbox 3084 4677 3509 4748; x_wconf 84' lang='lat' dir='ltr'><strong>repromissum;</strong></span> <span class='ocrx_word' id='word_1_744' title='bbox 3541 4671 3592 4726; x_wconf 90' lang='lat' dir='ltr'><strong>hi</strong></span> <span class='ocrx_word' id='word_1_745' title='bbox 3612 4680 3713 4722; x_wconf 90' lang='lat' dir='ltr'><strong>vero</strong></span> 
     </span>
    </p>
   </div>
   <div class='ocr_carea' id='block_1_51' title="bbox 495 4749 3711 4837">
    <p class='ocr_par' dir='ltr' id='par_1_51' title="bbox 495 4749 3711 4837">
     <span class='ocr_line' id='line_1_51' title="bbox 495 4749 3711 4837; baseline 0.003 -32"><span class='ocrx_word' id='word_1_746' title='bbox 495 4754 597 4805; x_wconf 86' lang='lat' dir='ltr'><strong>nat</strong></span> <span class='ocrx_word' id='word_1_747' title='bbox 625 4749 684 4803; x_wconf 93' lang='lat' dir='ltr'><strong>in</strong></span> <span class='ocrx_word' id='word_1_748' title='bbox 710 4756 863 4805; x_wconf 88' lang='lat' dir='ltr'><strong>terra</strong></span> <span class='ocrx_word' id='word_1_749' title='bbox 880 4750 1179 4821; x_wconf 91' lang='lat' dir='ltr'><strong>judicium.</strong></span> <span class='ocrx_word' id='word_1_750' title='bbox 1213 4753 1285 4806; x_wconf 89' lang='lat' dir='ltr'><strong>Et</strong></span> <span class='ocrx_word' id='word_1_751' title='bbox 1306 4759 1393 4807; x_wconf 90' lang='lat' dir='ltr'><strong>est</strong></span> <span class='ocrx_word' id='word_1_752' title='bbox 1415 4769 1631 4821; x_wconf 90' lang='lat' dir='ltr'><strong>sensus,</strong></span> <span class='ocrx_word' id='word_1_753' title='bbox 1665 4757 1882 4812; x_wconf 88' lang='lat' dir='ltr'><strong>nullum</strong></span> <span class='ocrx_word' id='word_1_754' title='bbox 1905 4759 2091 4814; x_wconf 90' lang='lat' dir='ltr'><strong>vultus</strong></span> <span class='ocrx_word' id='word_1_755' title='bbox 2173 4762 2591 4819; x_wconf 86' lang='lat' dir='ltr'><strong>calumniantur</strong></span> <span class='ocrx_word' id='word_1_756' title='bbox 2618 4770 2676 4819; x_wconf 91' lang='lat' dir='ltr'><strong>et</strong></span> <span class='ocrx_word' id='word_1_757' title='bbox 2697 4765 2769 4820; x_wconf 89' lang='lat' dir='ltr'><strong>ad</strong></span> <span class='ocrx_word' id='word_1_758' title='bbox 2800 4764 3206 4837; x_wconf 89' lang='lat' dir='ltr'><strong>blasphemiam</strong></span> <span class='ocrx_word' id='word_1_759' title='bbox 3234 4766 3496 4822; x_wconf 90' lang='lat' dir='ltr'><strong>insidiose</strong></span> <span class='ocrx_word' id='word_1_760' title='bbox 3519 4771 3711 4817; x_wconf 72' lang='lat' dir='ltr'><strong>conver-</strong></span> 
     </span>
    </p>
   </div>
   <div class='ocr_carea' id='block_1_52' title="bbox 493 4837 2318 4917">
    <p class='ocr_par' dir='ltr' id='par_1_52' title="bbox 493 4837 2318 4917">
     <span class='ocr_line' id='line_1_52' title="bbox 493 4837 2318 4917; baseline 0.007 -24"><span class='ocrx_word' id='word_1_761' title='bbox 493 4837 727 4903; x_wconf 83' lang='lat' dir='ltr'><strong>tristitia</strong></span> <span class='ocrx_word' id='word_1_762' title='bbox 753 4838 1075 4905; x_wconf 90' lang='lat' dir='ltr'><strong>deterrebit,</strong></span> <span class='ocrx_word' id='word_1_763' title='bbox 1098 4856 1199 4895; x_wconf 90' lang='lat' dir='ltr'><strong>nec</strong></span> <span class='ocrx_word' id='word_1_764' title='bbox 1222 4840 1505 4897; x_wconf 84' lang='lat' dir='ltr'><strong>festinabit</strong></span> <span class='ocrx_word' id='word_1_765' title='bbox 1535 4843 1606 4897; x_wconf 91' lang='lat' dir='ltr'><strong>ad</strong></span> <span class='ocrx_word' id='word_1_766' title='bbox 1633 4861 1852 4915; x_wconf 72' lang='lat' dir='ltr'><strong>poenam</strong></span> <span class='ocrx_word' id='word_1_767' title='bbox 1897 4846 2092 4917; x_wconf 86' lang='lat' dir='ltr'><strong>impio-</strong></span> <span class='ocrx_word' id='word_1_768' title='bbox 2172 4856 2318 4906; x_wconf 90' lang='lat' dir='ltr'><strong>tunt.</strong></span> 
     </span>
    </p>
   </div>
   <div class='ocr_carea' id='block_1_53' title="bbox 491 4928 3710 5014">
    <p class='ocr_par' dir='ltr' id='par_1_53' title="bbox 491 4928 3710 5014">
     <span class='ocr_line' id='line_1_53' title="bbox 491 4928 3710 5014; baseline 0.003 -34"><span class='ocrx_word' id='word_1_769' title='bbox 491 4941 639 4993; x_wconf 88' lang='lat' dir='ltr'><strong>rum,</strong></span> <span class='ocrx_word' id='word_1_770' title='bbox 665 4943 859 4982; x_wconf 89' lang='lat' dir='ltr'><strong>verum</strong></span> <span class='ocrx_word' id='word_1_771' title='bbox 888 4929 956 4982; x_wconf 93' lang='lat' dir='ltr'><strong>ad</strong></span> <span class='ocrx_word' id='word_1_772' title='bbox 991 4928 1265 4999; x_wconf 90' lang='lat' dir='ltr'><strong>judicium</strong></span> <span class='ocrx_word' id='word_1_773' title='bbox 1296 4930 1480 4985; x_wconf 88' lang='lat' dir='ltr'><strong>ultimi</strong></span> <span class='ocrx_word' id='word_1_774' title='bbox 1508 4933 1776 5004; x_wconf 89' lang='lat' dir='ltr'><strong>temporis</strong></span> <span class='ocrx_word' id='word_1_775' title='bbox 1802 4935 1991 4989; x_wconf 85' lang='lat' dir='ltr'><strong>omnia</strong></span> <span class='ocrx_word' id='word_1_776' title='bbox 2003 4952 2090 4989; x_wconf 72' lang='lat' dir='ltr'><strong>re~</strong></span> <span class='ocrx_word' id='word_1_777' title='bbox 2239 4942 2391 4995; x_wconf 88' lang='lat' dir='ltr'><strong>.lesus</strong></span> <span class='ocrx_word' id='word_1_778' title='bbox 2410 4945 2596 4997; x_wconf 85' lang='lat' dir='ltr'><strong>autem</strong></span> <span class='ocrx_word' id='word_1_779' title='bbox 2611 4945 2782 4999; x_wconf 87' lang='lat' dir='ltr'><strong>sciens</strong></span> <span class='ocrx_word' id='word_1_780' title='bbox 2799 4946 3149 5014; x_wconf 83' lang='lat' dir='ltr'><strong>cogitationes</strong></span> <span class='ocrx_word' id='word_1_781' title='bbox 3164 4944 3518 5012; x_wconf 76' lang='lat' dir='ltr'><strong>comm,th</strong></span> <span class='ocrx_word' id='word_1_782' title='bbox 3542 4939 3710 4995; x_wconf 75' lang='lat' dir='ltr'><strong>:Omnc</strong></span> 
     </span>
    </p>
   </div>
   <div class='ocr_carea' id='block_1_54' title="bbox 487 5016 3712 5100">
    <p class='ocr_par' dir='ltr' id='par_1_54' title="bbox 487 5016 3712 5100">
     <span class='ocr_line' id='line_1_54' title="bbox 487 5016 3712 5100; baseline 0.004 -28"><span class='ocrx_word' id='word_1_783' title='bbox 487 5016 911 5081; x_wconf 77' lang='lat' dir='ltr'><strong>servabit._Qu0d</strong></span> <span class='ocrx_word' id='word_1_784' title='bbox 931 5018 1275 5088; x_wconf 78' lang='lat' dir='ltr'><strong>sequiturzEt</strong></span> <span class='ocrx_word' id='word_1_785' title='bbox 1304 5022 1369 5074; x_wconf 90' lang='lat' dir='ltr'><strong>in</strong></span> <span class='ocrx_word' id='word_1_786' title='bbox 1397 5024 1619 5075; x_wconf 84' lang='lat' dir='ltr'><strong>nomine</strong></span> <span class='ocrx_word' id='word_1_787' title='bbox 1646 5026 1765 5090; x_wconf 80' lang='lat' dir='ltr'><strong>ejus</strong></span> <span class='ocrx_word' id='word_1_788' title='bbox 1782 5028 1960 5091; x_wconf 83' lang='lat' dir='ltr'><strong>gentes</strong></span> <span class='ocrx_word' id='word_1_789' title='bbox 1977 5040 2089 5093; x_wconf 89' lang='lat' dir='ltr'><strong>spe-</strong></span> <span class='ocrx_word' id='word_1_790' title='bbox 2170 5044 2403 5097; x_wconf 83' lang='lat' dir='ltr'><strong>regnum</strong></span> <span class='ocrx_word' id='word_1_791' title='bbox 2436 5032 2676 5086; x_wconf 82' lang='lat' dir='ltr'><strong>divisum</strong></span> <span class='ocrx_word' id='word_1_792' title='bbox 2709 5039 2903 5088; x_wconf 87' lang='lat' dir='ltr'><strong>contra</strong></span> <span class='ocrx_word' id='word_1_793' title='bbox 2937 5051 2989 5088; x_wconf 85' lang='lat' dir='ltr'><strong>se</strong></span> <span class='ocrx_word' id='word_1_794' title='bbox 3012 5036 3367 5089; x_wconf 80' lang='lat' dir='ltr'><strong>desolabitur.</strong></span> <span class='ocrx_word' id='word_1_795' title='bbox 3398 5034 3479 5087; x_wconf 86' lang='lat' dir='ltr'><strong>Ad</strong></span> <span class='ocrx_word' id='word_1_796' title='bbox 3509 5028 3712 5100; x_wconf 64' lang='lat' dir='ltr'><strong>cogitata</strong></span> 
     </span>
    </p>
   </div>
   <div class='ocr_carea' id='block_1_55' title="bbox 488 5104 3706 5193">
    <p class='ocr_par' dir='ltr' id='par_1_55' title="bbox 488 5104 3706 5193">
     <span class='ocr_line' id='line_1_55' title="bbox 488 5104 3706 5193; baseline 0.002 -34"><span class='ocrx_word' id='word_1_797' title='bbox 488 5108 714 5173; x_wconf 80' lang='lat' dir='ltr'><strong>rabunt,</strong></span> <span class='ocrx_word' id='word_1_798' title='bbox 743 5105 802 5159; x_wconf 90' lang='lat' dir='ltr'><strong>in</strong></span> <span class='ocrx_word' id='word_1_799' title='bbox 826 5104 1056 5160; x_wconf 83' lang='lat' dir='ltr'><strong>Hebrao</strong></span> <span class='ocrx_word' id='word_1_800' title='bbox 1086 5107 1272 5175; x_wconf 87' lang='lat' dir='ltr'><strong>habet,</strong></span> <span class='ocrx_word' id='word_1_801' title='bbox 1302 5115 1359 5163; x_wconf 89' lang='lat' dir='ltr'><strong>et</strong></span> <span class='ocrx_word' id='word_1_802' title='bbox 1384 5110 1561 5179; x_wconf 90' lang='lat' dir='ltr'><strong>legem</strong></span> <span class='ocrx_word' id='word_1_803' title='bbox 1591 5111 1713 5181; x_wconf 89' lang='lat' dir='ltr'><strong>ejus</strong></span> <span class='ocrx_word' id='word_1_804' title='bbox 1736 5111 1934 5167; x_wconf 85' lang='lat' dir='ltr'><strong>insula</strong></span> <span class='ocrx_word' id='word_1_805' title='bbox 1954 5130 2084 5185; x_wconf 89' lang='lat' dir='ltr'><strong>spe-</strong></span> <span class='ocrx_word' id='word_1_806' title='bbox 2166 5117 2392 5187; x_wconf 89' lang='lat' dir='ltr'><strong>quidem</strong></span> <span class='ocrx_word' id='word_1_807' title='bbox 2410 5121 3540 5193; x_wconf 88' lang='lat' dir='ltr'><strong>respondit,utvelsiccogerenturcredere</strong></span> <span class='ocrx_word' id='word_1_808' title='bbox 3561 5119 3706 5193; x_wconf 81' lang='lat' dir='ltr'><strong>Deum</strong></span> 
     </span>
    </p>
   </div>
   <div class='ocr_carea' id='block_1_56' title="bbox 484 5191 3709 5281">
    <p class='ocr_par' dir='ltr' id='par_1_56' title="bbox 484 5191 3709 5281">
     <span class='ocr_line' id='line_1_56' title="bbox 484 5191 3709 5281; baseline 0.002 -33"><span class='ocrx_word' id='word_1_809' title='bbox 484 5194 711 5249; x_wconf 88' lang='lat' dir='ltr'><strong>rabunt.</strong></span> <span class='ocrx_word' id='word_1_810' title='bbox 748 5195 857 5248; x_wconf 92' lang='lat' dir='ltr'><strong>Sed</strong></span> <span class='ocrx_word' id='word_1_811' title='bbox 886 5195 1240 5265; x_wconf 86' lang='lat' dir='ltr'><strong>Evangelista</strong></span> <span class='ocrx_word' id='word_1_812' title='bbox 1267 5214 1506 5259; x_wconf 85' lang='lat' dir='ltr'><strong>sensum</strong></span> <span class='ocrx_word' id='word_1_813' title='bbox 1532 5200 1719 5272; x_wconf 89' lang='lat' dir='ltr'><strong>potius</strong></span> <span class='ocrx_word' id='word_1_814' title='bbox 1747 5218 1915 5272; x_wconf 87' lang='lat' dir='ltr'><strong>quam</strong></span> <span class='ocrx_word' id='word_1_815' title='bbox 1955 5220 2078 5257; x_wconf 84' lang='lat' dir='ltr'><strong>ver-</strong></span> <span class='ocrx_word' id='word_1_816' title='bbox 2162 5222 2302 5273; x_wconf 87' lang='lat' dir='ltr'><strong>esse,</strong></span> <span class='ocrx_word' id='word_1_817' title='bbox 2346 5208 2441 5279; x_wconf 91' lang='lat' dir='ltr'><strong>qui</strong></span> <span class='ocrx_word' id='word_1_818' title='bbox 2469 5209 2620 5264; x_wconf 89' lang='lat' dir='ltr'><strong>solus</strong></span> <span class='ocrx_word' id='word_1_819' title='bbox 2660 5210 2814 5264; x_wconf 90' lang='lat' dir='ltr'><strong>novit</strong></span> <span class='ocrx_word' id='word_1_820' title='bbox 2841 5191 3207 5281; x_wconf 79' lang='lat' dir='ltr'><strong>cogitationes</strong></span> <span class='ocrx_word' id='word_1_821' title='bbox 3236 5212 3534 5274; x_wconf 89' lang='lat' dir='ltr'><strong>hominum,</strong></span> <span class='ocrx_word' id='word_1_822' title='bbox 3561 5211 3610 5259; x_wconf 88' lang='lat' dir='ltr'><strong>et</strong></span> <span class='ocrx_word' id='word_1_823' title='bbox 3627 5191 3709 5255; x_wconf 62' lang='lat' dir='ltr'><strong>&#39;oc-</strong></span> 
     </span>
    </p>
   </div>
   <div class='ocr_carea' id='block_1_57' title="bbox 480 5283 3708 5370">
    <p class='ocr_par' dir='ltr' id='par_1_57' title="bbox 480 5283 3708 5370">
     <span class='ocr_line' id='line_1_57' title="bbox 480 5283 3708 5370; baseline 0.004 -33"><span class='ocrx_word' id='word_1_824' title='bbox 480 5283 554 5337; x_wconf 90' lang='lat' dir='ltr'><strong>ba</strong></span> <span class='ocrx_word' id='word_1_825' title='bbox 574 5286 977 5353; x_wconf 88' lang='lat' dir='ltr'><strong>interpretatus</strong></span> <span class='ocrx_word' id='word_1_826' title='bbox 999 5290 1115 5351; x_wconf 87' lang='lat' dir='ltr'><strong>est;</strong></span> <span class='ocrx_word' id='word_1_827' title='bbox 1140 5302 1240 5355; x_wconf 89' lang='lat' dir='ltr'><strong>pro</strong></span> <span class='ocrx_word' id='word_1_828' title='bbox 1260 5286 1382 5356; x_wconf 87' lang='lat' dir='ltr'><strong>lege</strong></span> <span class='ocrx_word' id='word_1_829' title='bbox 1404 5287 1552 5341; x_wconf 89' lang='lat' dir='ltr'><strong>enim</strong></span> <span class='ocrx_word' id='word_1_830' title='bbox 1582 5289 1857 5345; x_wconf 83' lang='lat' dir='ltr'><strong>etinsulis</strong></span> <span class='ocrx_word' id='word_1_831' title='bbox 1875 5309 2080 5348; x_wconf 89' lang='lat' dir='ltr'><strong>nomen</strong></span> <span class='ocrx_word' id='word_1_832' title='bbox 2163 5296 2315 5351; x_wconf 89' lang='lat' dir='ltr'><strong>culta</strong></span> <span class='ocrx_word' id='word_1_833' title='bbox 2340 5298 2590 5353; x_wconf 89' lang='lat' dir='ltr'><strong>cordium</strong></span> <span class='ocrx_word' id='word_1_834' title='bbox 2610 5315 2711 5352; x_wconf 90' lang='lat' dir='ltr'><strong>sua</strong></span> <span class='ocrx_word' id='word_1_835' title='bbox 2729 5299 2955 5370; x_wconf 90' lang='lat' dir='ltr'><strong>inspicit</strong></span> <span class='ocrx_word' id='word_1_836' title='bbox 2986 5300 3427 5356; x_wconf 90' lang='lat' dir='ltr'><strong>virtute.Deinde</strong></span> <span class='ocrx_word' id='word_1_837' title='bbox 3451 5297 3579 5352; x_wconf 89' lang='lat' dir='ltr'><strong>miro</strong></span> <span class='ocrx_word' id='word_1_838' title='bbox 3605 5304 3708 5345; x_wconf 73' lang='lat' dir='ltr'><strong>con-</strong></span> 
     </span>
    </p>
   </div>
   <div class='ocr_carea' id='block_1_58' title="bbox 477 5372 3703 5460">
    <p class='ocr_par' dir='ltr' id='par_1_58' title="bbox 477 5372 3703 5460">
     <span class='ocr_line' id='line_1_58' title="bbox 477 5372 3703 5460; baseline -0.001 -22"><span class='ocrx_word' id='word_1_839' title='bbox 477 5372 687 5443; x_wconf 69' lang='grc' dir='ltr'><strong>Ροειιίῐν</strong></span> <span class='ocrx_word' id='word_1_840' title='bbox 714 5378 771 5425; x_wconf 71' lang='lat' dir='ltr'><strong>et</strong></span> <span class='ocrx_word' id='word_1_841' title='bbox 795 5377 993 5460; x_wconf 58' lang='lat' dir='ltr'><strong>sentes</strong></span> <span class='ocrx_word' id='word_1_842' title='bbox 1016 5390 1029 5438; x_wconf 69' lang='grc' dir='ltr'><em>ἓ</em></span> <span class='ocrx_word' id='word_1_843' title='bbox 1062 5379 1123 5427; x_wconf 65' lang='lat' dir='ltr'><strong>ut</strong></span> <span class='ocrx_word' id='word_1_844' title='bbox 1154 5373 1391 5437; x_wconf 81' lang='lat' dir='ltr'><strong>diceret:</strong></span> <span class='ocrx_word' id='word_1_845' title='bbox 1426 5376 1492 5431; x_wconf 86' lang='grc' dir='ltr'><strong>1η</strong></span> <span class='ocrx_word' id='word_1_846' title='bbox 1519 5383 1741 5433; x_wconf 77' lang='lat' dir='ltr'><strong>nomine</strong></span> <span class='ocrx_word' id='word_1_847' title='bbox 1762 5384 1807 5447; x_wconf 82' lang='lat' dir='ltr'><strong>cj</strong></span> <span class='ocrx_word' id='word_1_848' title='bbox 1817 5397 1878 5433; x_wconf 83' lang='lat' dir='ltr'><strong>us</strong></span> <span class='ocrx_word' id='word_1_849' title='bbox 1895 5387 2076 5449; x_wconf 81' lang='lat' dir='ltr'><strong>gentes</strong></span> <span class='ocrx_word' id='word_1_850' title='bbox 2161 5389 2251 5438; x_wconf 89' lang='lat' dir='ltr'><strong>tra</strong></span> <span class='ocrx_word' id='word_1_851' title='bbox 2267 5402 2362 5439; x_wconf 89' lang='lat' dir='ltr'><strong>eos</strong></span> <span class='ocrx_word' id='word_1_852' title='bbox 2377 5387 2554 5440; x_wconf 91' lang='lat' dir='ltr'><strong>utitur</strong></span> <span class='ocrx_word' id='word_1_853' title='bbox 2574 5395 2924 5457; x_wconf 90' lang='lat' dir='ltr'><strong>argumento,</strong></span> <span class='ocrx_word' id='word_1_854' title='bbox 2952 5389 3101 5460; x_wconf 87' lang='lat' dir='ltr'><strong>quod</strong></span> <span class='ocrx_word' id='word_1_855' title='bbox 3121 5406 3285 5444; x_wconf 88' lang='lat' dir='ltr'><strong>omne</strong></span> <span class='ocrx_word' id='word_1_856' title='bbox 3296 5403 3525 5459; x_wconf 88' lang='lat' dir='ltr'><strong>regnum</strong></span> <span class='ocrx_word' id='word_1_857' title='bbox 3539 5386 3703 5437; x_wconf 78' lang='lat' dir='ltr'><strong>contra</strong></span> 
     </span>
    </p>
   </div>
   <div class='ocr_carea' id='block_1_59' title="bbox 475 5459 3710 5549">
    <p class='ocr_par' dir='ltr' id='par_1_59' title="bbox 475 5459 3710 5549">
     <span class='ocr_line' id='line_1_59' title="bbox 475 5459 3710 5549; baseline 0.004 -36"><span class='ocrx_word' id='word_1_858' title='bbox 475 5463 789 5549; x_wconf 80' lang='lat' dir='ltr'><strong>sperabunt.</strong></span> <span class='ocrx_word' id='word_1_859' title='bbox 826 5460 897 5514; x_wconf 91' lang='lat' dir='ltr'><strong>Et</strong></span> <span class='ocrx_word' id='word_1_860' title='bbox 922 5459 1029 5515; x_wconf 91' lang='lat' dir='ltr'><strong>hoc</strong></span> <span class='ocrx_word' id='word_1_861' title='bbox 1053 5476 1167 5517; x_wconf 90' lang='lat' dir='ltr'><strong>non</strong></span> <span class='ocrx_word' id='word_1_862' title='bbox 1197 5462 1378 5517; x_wconf 87' lang='lat' dir='ltr'><strong>solum</strong></span> <span class='ocrx_word' id='word_1_863' title='bbox 1417 5463 1945 5536; x_wconf 85' lang='lat' dir='ltr'><strong>imprasentiarum,</strong></span> <span class='ocrx_word' id='word_1_864' title='bbox 1978 5488 2069 5526; x_wconf 86' lang='lat' dir='ltr'><strong>ve-</strong></span> <span class='ocrx_word' id='word_1_865' title='bbox 2155 5473 2465 5528; x_wconf 89' lang='lat' dir='ltr'><strong>sedivisum</strong></span> <span class='ocrx_word' id='word_1_866' title='bbox 2485 5475 2846 5531; x_wconf 91' lang='lat' dir='ltr'><strong>desolabitur.</strong></span> <span class='ocrx_word' id='word_1_867' title='bbox 2870 5459 3177 5532; x_wconf 87' lang='lat' dir='ltr'><strong>Plurimam</strong></span> <span class='ocrx_word' id='word_1_868' title='bbox 3191 5467 3710 5549; x_wconf 58' lang='lat' dir='ltr'><strong>ergointelligentiﬂr.</strong></span> 
     </span>
    </p>
   </div>
   <div class='ocr_carea' id='block_1_60' title="bbox 474 5547 2021 5651">
    <p class='ocr_par' dir='ltr' id='par_1_60' title="bbox 474 5547 2021 5637">
     <span class='ocr_line' id='line_1_60' title="bbox 474 5547 2021 5637; baseline 0.016 -38"><span class='ocrx_word' id='word_1_869' title='bbox 474 5565 601 5609; x_wconf 76' lang='lat' dir='ltr'><strong>rum</strong></span> <span class='ocrx_word' id='word_1_870' title='bbox 638 5547 953 5622; x_wconf 74' lang='lat' dir='ltr'><strong>ubicunque</strong></span> <span class='ocrx_word' id='word_1_871' title='bbox 987 5550 1056 5637; x_wconf 79' lang='lat' dir='ltr'><strong>de</strong></span> <span class='ocrx_word' id='word_1_872' title='bbox 1085 5550 1258 5609; x_wconf 86' lang='lat' dir='ltr'><strong>veteri</strong></span> <span class='ocrx_word' id='word_1_873' title='bbox 1302 5550 1678 5617; x_wconf 81' lang='lat' dir='ltr'><strong>instrumento</strong></span> <span class='ocrx_word' id='word_1_874' title='bbox 1715 5560 2021 5636; x_wconf 74' lang='lat' dir='ltr'><strong>evangelist</strong></span> 
     </span>
    </p>
   </div>
   <div class='ocr_carea' id='block_1_61' title="bbox 2159 5547 3706 5651">
    <p class='ocr_par' dir='ltr' id='par_1_61' title="bbox 2159 5547 3706 5651">
     <span class='ocr_line' id='line_1_61' title="bbox 2159 5547 3706 5651; baseline -0.009 -28"><span class='ocrx_word' id='word_1_875' title='bbox 2159 5562 2221 5645; x_wconf 72' lang='lat' dir='ltr'><strong>de</strong></span> <span class='ocrx_word' id='word_1_876' title='bbox 2241 5579 2321 5641; x_wconf 69' lang='lat' dir='ltr'><strong>se,</strong></span> <span class='ocrx_word' id='word_1_877' title='bbox 2355 5568 2411 5645; x_wconf 86' lang='lat' dir='ltr'><strong>et</strong></span> <span class='ocrx_word' id='word_1_878' title='bbox 2439 5565 2818 5649; x_wconf 78' lang='lat' dir='ltr'><strong>exemplorum</strong></span> <span class='ocrx_word' id='word_1_879' title='bbox 2831 5565 3043 5651; x_wconf 78' lang='lat' dir='ltr'><strong>prabet</strong></span> <span class='ocrx_word' id='word_1_880' title='bbox 3060 5547 3387 5644; x_wconf 79' lang='lat' dir='ltr'><strong>copiam,vel</strong></span> <span class='ocrx_word' id='word_1_881' title='bbox 3403 5558 3706 5638; x_wconf 82' lang='lat' dir='ltr'><strong>simpliciter-</strong></span> 
     </span>
    </p>
   </div>
  </div>
