3918 6176
240 301 341 362 465

991 299 1371 356 EXPOSI'I‘IO
1412 298 1491 354 IN
1529 291 1972 357 MATTHEUM.
2016 323 2082 336 —
2120 293 2257 349 LIB.
2299 295 2393 364 vr,
2438 298 2595 355 CAP.
2638 262 2762 356 ἕω.

3407 252 3516 360 466

240 427 285 483 si
313 426 689 499 intelligatur,
711 426 800 481 vel
829 427 877 481 si
906 425 1073 480 altius
1088 424 1526 495 introspiciatur.
1542 425 1641 479 Est
1668 422 1841 493 igitur
1855 419 1908 479 Α
1926 434 2162 489 regnum
2182 419 2631 488 diaboli,ma1itia
2648 426 2883 483 nocendi
2904 431 3113 498 est,per
3129 441 3297 498 quam
3314 430 3517 497 regnat

239 516 687 587 locupletissima
715 521 910 570 contra
939 532 1034 569 eos
1063 512 1372 585 responsio,
1395 513 1489 584 qui
1515 514 1637 583 ejus
1668 528 1840 583 Opera

237 604 295 659 in
327 604 642 659 Beelzebub
673 603 899 658 nomine
929 603 1076 657 facta
1108 600 1632 667 calumniabantur;
1664 601 1747 654 ita
1774 604 1839 654 ut

235 691 459 747 duobus
482 692 662 747 modis
680 692 917 763 intelligi
938 692 1133 763 possit.
1160 691 1411 745 Primum
1436 695 1499 744 ut
1518 689 1836 761 responsio-

234 782 320 836 nis
339 781 522 853 ipsius
537 781 783 836 conditio
801 781 869 835 ad
889 787 1015 846 55
1031 787 1064 845 |
1097 780 1319 834 eosdem
1342 783 1736 850 retorqueatur
1753 794 1840 833 re-

231 886 412 942 gnum
444 869 890 937 eorum,scilicet
909 869 1252 933 Iudaeorum,
1277 868 1411 922 dum
1435 867 1581 922 male
1596 867 1838 921 divisum

235 964 339 1025 est,
384 965 541 1013 stare
578 975 691 1012 non
723 974 903 1030 posse.
936 958 1052 1012 Lex
1081 957 1229 1011 enim
1261 973 1296 1011 a
1322 957 1438 1011 Deo
1473 956 1606 1010 data
1635 960 1741 1015 est,
1781 959 1839 1009 et

233 1047 398 1118 regni
444 1047 619 1102 Israel
660 1046 990 1118 pollicitatio
1034 1047 1123 1100 vel
1161 1045 1443 1100 stabilitas
1471 1062 1538 1099 ex
1576 1046 1697 1115 lege
1728 1049 1830 1099 est.

234 1135 449 1190 Christi
480 1152 610 1189 vero
641 1140 797 1189 ortus
825 1135 909 1189 vel
929 1134 1217 1199 adventus,
1252 1134 1389 1205 legis
1410 1133 1697 1205 plenitudo
1727 1138 1829 1188 est.

235 1223 398 1288 Quod
429 1224 480 1278 si
509 1240 747 1295 regnum
776 1229 972 1278 contra
994 1240 1073 1290 se,
1098 1229 1163 1278 ut
1190 1222 1261 1277 ab
1291 1223 1373 1278 eis
1400 1222 1609 1277 factum
1630 1227 1733 1289 est,
1747 1222 1833 1275 di-

232 1313 486 1379 vidatur,
506 1329 734 1367 necesse
763 1313 1230 1376 estutdesoletur,
1258 1312 1406 1383 quod
1424 1316 1481 1366 et
1496 1311 1703 1366 factum
1728 1317 1830 1365 est.

229 1402 379 1457 Nam
401 1408 653 1473 potestas
665 1402 848 1457 omnis
868 1402 1138 1456 divisione
1158 1400 1460 1466 minuitur;
1484 1406 1541 1455 et
1561 1400 1718 1471 regni
1730 1401 1837 1454 vir-

228 1496 321 1546 tus
353 1492 659 1545 adversum
690 1508 749 1545 se
774 1496 1052 1563 separata,
1072 1491 1344 1545 dimicans
1373 1490 1738 1545 consumitur.
1753 1490 1833 1544 Ac

1920 506 1977 561 in
2009 508 2219 563 eisdem
2241 510 2444 580 quibus
2470 519 2669 581 nocet;
2698 514 3015 588 benignitas
3043 532 3173 570 vero
3203 520 3262 570 et
3286 514 3511 585 largitio

1919 596 2174 651 sanitatis
2198 598 2317 667 jam
2338 616 2449 655 non
2482 601 2551 667 de
2577 605 2698 673 ejus
2735 610 2793 659 et
2816 622 3008 676 regno,
3040 605 3138 660 sed
3167 603 3237 659 de
3267 602 3511 674 Spiritus

1920 687 2100 738 sancti
2127 687 2331 757 gratia,
2365 690 2803 764 mediatorisque
2831 693 2933 747 Dei
2969 698 3026 747 et
3064 692 3359 747 hominum
3381 707 3511 765 .ope-

1920 774 2085 830 ratio.

1991 865 2143 931 Quod
2156 868 2207 919 si
2234 882 2324 933 ego
2351 868 2413 921 in
2433 869 2719 923 Beelzebub
2739 872 2895 939 ejicio
2913 872 3197 937 damones,
3218 872 3329 938 ﬁlii
3345 870 3514 924 vestri

1920 954 1983 1005 in
2004 970 2109 1021 quo
2137 958 2406 1023 ejiciunt?
2432 957 2630 1013 Adhuc
2656 975 2755 1013 eos
2785 959 3187 1015 exorcistarum
3235 957 3513 1014 convincit

1918 1043 2173 1112 exemplo
2188 1043 2374 1113 gentis
2394 1044 2669 1117 illius,qui
2694 1064 2792 1118 per
2821 1048 3230 1103 invocationem
3263 1047 3507 1102 nominis

1917 1130 2039 1194 Dei,
2055 1121 2319 1186 dicuntur
2337 1121 2616 1190 daemonia
2634 1136 2864 1206 ejecisse
2885 1144 2942 1193 et
2956 1154 3179 1194 curasse
3199 1137 3318 1193 suis
3351 1136 3511 1191 invo-

1916 1219 2228 1276 cationibus
2244 1222 2392 1276 male
2410 1222 2665 1279 obsessos
2681 1225 2750 1279 ab
2770 1226 3058 1296 spiritibus
3074 1225 3509 1281 immundis.Vel

1917 1309 1986 1363 de
2016 1310 2280 1380 apostolis
2300 1311 2730 1383 intelligendum
2755 1314 2935 1385 magis
2960 1314 3387 1386 censeo,quibus
3408 1331 3512 1386 po-

1916 1403 2091 1453 testas
2102 1400 2234 1453 data
2254 1406 2338 1453 est
2347 1401 2637 1471 judicandi
2650 1403 2943 1458 duodecim
2958 1402 3139 1459 tribus
3153 1403 3507 1470 Israel.Ideo,

1913 1488 2115 1559 inquit,
2141 1492 2249 1558 ipsi
2259 1492 2475 1559 judices
2499 1497 2670 1546 vestri
2687 1500 2874 1547 erunt.
2893 1492 3000 1547 Sed
3022 1498 3078 1547 et
3090 1493 3196 1565 ipsi
3225 1492 3510 1548 exorcistaa

227 1597 329 1651 per
360 1581 491 1645 hoc,
522 1597 758 1651 regnum
804 1581 976 1635 Israel
1004 1580 1194 1635 amisit
1221 1595 1287 1632 ex
1315 1580 1460 1650 lege,
1508 1579 1731 1649 quando
1760 1579 1832 1633 ad
1913 1578 1941 1631 J
1948 1577 2233 1633 udazorum
2247 1595 2359 1633 non
2375 1584 2547 1635 tantae
2561 1581 2852 1652 potestatis
2861 1582 3208 1652 judicesesse
3220 1585 3505 1653 poterunt,

224 1669 298 1723 im
307 1669 622 1740 pletionem
650 1669 791 1739 legis
806 1670 1120 1740 principum
1140 1674 1197 1722 et
1224 1668 1631 1723 Pharisaeorum
1656 1666 1832 1722 fastus
1845 1727 1893 1741 _
1913 1667 2332 1737 comparatione
2353 1674 2544 1723 tamen
2565 1675 2622 1723 et
2641 1669 2750 1724 ﬁde
2763 1687 2873 1741 qua
2901 1670 3177 1727 invocatio
3208 1669 3402 1737 ﬁebat,
3416 1686 3511 1725 re-

223 1762 279 1813 et
301 1727 599 1829 superbia,
622 1727 894 1812 invidiose
923 1727 1079 1819 satis,
1114 1757 1448 1828 repugnavit
1483 1756 1542 1810 in
1572 1756 1821 1813 Christo.
1845 1727 1895 1788 B
1913 1761 1999 1809 cte
2012 1727 2231 1826 judices
2253 1757 2518 1812 dicuntur
2539 1758 2714 1813 futuri
2756 1727 2899 1823 Quia
2930 1760 3077 1831 quod
3107 1759 3166 1813 in
3195 1759 3319 1815 istis
3337 1727 3509 1813 ﬁebat

224 1845 389 1911 Quod
434 1852 800 1901 consecutum
828 1852 913 1901 est
943 1863 1043 1918 per
1075 1846 1221 1900 hanc
1267 1845 1617 1909 divisionem,
1652 1844 1732 1899 ita
1767 1850 1833 1900 ut
1913 1845 2008 1915 qui
2039 1845 2227 1899 minus
2258 1851 2421 1900 erant
2462 1863 2632 1918 quam
2656 1848 2929 1910 Christus,
2962 1849 3068 1903 hoc
3104 1848 3375 1904 Pharisaei
3395 1865 3511 1903 non

222 1935 475 2006 populus
492 1935 751 1989 etcivitas
768 1951 833 1989 ac
846 1951 1082 2006 regnum
1102 1934 1317 1988 veniret
1330 1933 1386 1987 in
1408 1932 1827 1987 exterminium.
1911 1933 2211 1988 credebant
2236 1935 2444 1990 factum
2472 1953 2573 2007 per
2604 1938 2859 2007 eum,qui
2880 1938 3027 1993 Deus
3047 1944 3169 1992 erat
3186 1937 3244 1992 in
3257 1938 3503 1992 Christo.

232 2024 344 2078 Sed
378 2029 442 2077 et
471 2040 709 2094 regnum
740 2023 948 2077 diaboli
977 2032 1126 2077 stare
1149 2038 1259 2077 non
1286 2038 1465 2094 posse,
1499 2022 1661 2076 dictis
1691 2022 1826 2086 suis,
1912 2024 2092 2077 Nimis
2122 2041 2254 2094 ergo
2282 2025 2544 2096 prudenti
2575 2024 3036 2097 interrogatione,
3055 2027 3200 2081 sicut
3227 2032 3286 2081 et
3304 2026 3363 2081 in
3384 2043 3508 2081 om-

222 2112 356 2167 licet
375 2129 494 2167 non
515 2113 894 2183 intelligentes
913 2112 1047 2183 quid
1067 2112 1532 2177 dixerint,contra
1545 2126 1604 2164 se
1625 2110 1830 2165 dixisse
1912 2111 2075 2167 nibus
2105 2119 2354 2169 coarctat
2396 2131 2492 2170 eos
2539 2119 2605 2169 ut
2647 2115 2853 2170 virtute
2882 2115 3125 2188 Spiritus
3155 2117 3335 2171 sancti
3365 2132 3508 2188 opus

224 2199 572 2272 approbant.
607 2200 689 2254 Eo
719 2201 895 2270 igitur
922 2200 1043 2271 ipso
1074 2217 1183 2272 quo
1229 2199 1401 2254 locuti
1441 2203 1574 2253 sunt
1600 2215 1829 2269 genere,
1912 2203 2316 2258 conﬁterentur
2341 2220 2485 2272 esse,
2510 2204 2659 2275 quod
2687 2210 2909 2275 gestum
2930 2206 3156 2260 erat.Ac
3173 2205 3221 2259 si
3249 2210 3510 2277 patenter

224 2306 315 2344 eos
351 2290 700 2344 condemnat
717 2290 856 2361 ipse,
890 2291 1022 2345 dum
1051 2289 1298 2344 ostendit
1319 2290 1482 2360 juxta
1510 2305 1705 2343 eorum
1735 2305 1828 2343 ca-
1911 2291 2205 2354 clamaret,
2232 2293 2380 2364 quod
2411 2293 2458 2347 si
2480 2293 2732 2365 expulsio
2764 2311 2800 2348 a
2831 2294 2963 2349 ﬁliis
2991 2294 3195 2349 vestris
3219 2295 3368 2349 facta
3388 2294 3503 2350 dae-

222 2380 526 2443 lumniam,
579 2378 703 2433 illos
744 2379 1024 2434 confessos
1048 2379 1223 2434 fuisse
1259 2395 1493 2448 regnum
1524 2376 1831 2433 Beelzebub
1913 2397 2165 2447 monum,
2201 2398 2313 2436 non
2342 2382 2710 2448 daemonibus,
2757 2383 2856 2438 sed
2894 2383 3132 2438 Domino
3182 2384 3506 2455 deputatur,

223 2474 428 2523 contra
456 2485 518 2523 se
549 2485 670 2523 esse
682 2468 945 2533 divisum,
966 2469 1069 2523 etsi
1100 2469 1171 2522 ad
1199 2467 1530 2522 divisionem
1552 2484 1711 2522 suam
1735 2483 1830 2523 co-
1915 2486 2088 2541 quare
2108 2471 2167 2525 in
2194 2488 2283 2524 me
2304 2471 2453 2525 idem
2466 2488 2606 2542 opus
2625 2488 2738 2526 non
2758 2471 3123 2545 approbatis?
3144 2479 3245 2528 aut
3261 2490 3437 2546 quare
3450 2473 3512 2529 in

221 2567 385 2612 actus
399 2563 509 2617 est.
539 2557 621 2612 ita
638 2562 702 2612 ut
716 2557 1341 2629 spurcissimusdzemon
1355 2556 1600 2627 reliquos
1613 2562 1831 2627 pertur—
1912 2576 2002 2614 me
2030 2576 2145 2621 non
2189 2560 2443 2614 eamdem
2492 2561 2799 2632 rependitis
2834 2562 3101 2617 causam?
3130 2562 3263 2617 Ideo
3287 2562 3508 2634 judices

219 2645 386 2702 baret
433 2647 739 2713 daemones,
781 2646 1046 2701 adversus
1070 2662 1130 2700 se
1167 2645 1363 2700 divisio
1392 2646 1516 2716 ipsa
1541 2645 1730 2709 ﬁebat,
1774 2649 1832 2700 et
1910 2648 2083 2703 vestri
2103 2653 2288 2714 erunt,
2322 2649 2454 2719 quia
2481 2665 2577 2704 eos
2599 2649 2825 2704 creditis
2852 2650 2912 2704 in
2943 2650 3156 2723 Spiritu
3185 2652 3288 2706 Dei
3317 2668 3506 2722 agere,

220 2735 351 2790 ideo
382 2752 632 2806 regnum
672 2737 794 2807 ejus
822 2736 1118 2790 manifesto
1142 2740 1293 2790 stare
1317 2752 1428 2790 non
1461 2752 1639 2806 posse.
1685 2735 1828 2789 Hinc
1913 2744 1970 2792 et
1990 2737 2205 2809 judicio
2238 2754 2428 2792 coram
2456 2738 2538 2793 eis
2567 2739 2902 2793 contendam
2932 2738 3238 2806 vobiscum,
3273 2741 3409 2795 dum
3425 2740 3507 2795 illi

222 2841 459 2896 quoque
488 2824 782 2881 fatendum
813 2826 939 2897 plus
965 2842 1086 2880 esse
1115 2825 1175 2879 in
1204 2841 1268 2879 eo
1290 2824 1585 2896 potestatis
1623 2824 1717 2895 qui
1739 2823 1826 2878 di-
1910 2825 2025 2880 Deo
2056 2830 2239 2881 totum
2256 2826 2720 2898 attribuantopus
2741 2827 2939 2882 salutis
2961 2828 3275 2894 hominum,
3292 2845 3389 2884 vos
3409 2845 3507 2885 au-

218 2914 440 2977 riserit,
478 2931 652 2986 quam
681 2916 740 2969 in
769 2915 856 2969 his
885 2915 978 2985 qui
1012 2914 1172 2969 divisi
1203 2919 1337 2968 sunt
1360 2919 1418 2968 et
1436 2913 1827 2985 expulsiErgo
1909 2919 2024 2969 tem
2054 2915 2363 2970 Beelzebub
2385 2915 2650 2987 operibus
2683 2916 2849 2988 (quod
2887 2922 3084 2971 contra
3111 2934 3242 2972 eum
3267 2922 3372 2987 est,
3404 2935 3508 2975 nec

212 3004 328 3072 jam
342 3003 569 3058 divisus
581 3009 686 3067 est,
709 3009 767 3059 et
784 3004 1078 3058 adversum
1100 3020 1159 3057 se
1178 3009 1421 3067 coactus,
1447 3019 1681 3073 regnum
1705 3003 1827 3072 ejus
1909 3006 2018 3077 ipsi
2039 3006 2321 3077 congruit)
2343 3005 2816 3077 assignatis.Quid
2836 3006 3010 3078 igitur
3020 3007 3245 3079 dignius
3261 3013 3509 3080 quamut

216 3093 332 3161 jam
360 3091 476 3147 sub
499 3092 603 3146 tali
628 3092 899 3147 divisione
918 3092 1251 3146 dissolutum
1267 3097 1371 3159 est,
1390 3097 1448 3146 et
1459 3092 1828 3146 destructum.
1845 3080 1889 3139 Ο
1910 3095 2017 3167 ipsi
2042 3095 2156 3149 sint
2174 3095 2394 3166 judices
2423 3112 2639 3159 eorum,
2663 3095 2865 3168 quibus
2894 3096 3147 3152 Christus
3175 3097 3399 3153 dedisse
3415 3098 3512 3152 ad-

218 3180 396 3235 Porro
429 3181 584 3252 quod
615 3181 696 3236 ait
726 3199 740 3235 :
1908 3201 2102 3239 versus
2148 3185 2428 3239 daemones
2472 3190 2809 3257 potestatem
2845 3202 2959 3240 non
2988 3186 3297 3252 dubitatur,
3334 3203 3509 3259 quam

289 3270 493 3325 Omnis
508 3272 705 3324 civitas
721 3274 770 3323 et
791 3272 910 3324 dom
920 3288 984 3324 us
1005 3275 1200 3325 contra
1223 3288 1275 3325 se
1295 3272 1475 3325 divisa
1494 3286 1606 3324 non
1636 3272 1820 3324 stabit.
1908 3274 2055 3345 quod
2085 3274 2204 3345 ipse
2230 3274 2509 3342 habuerit,
2542 3281 2783 3346 negatur
2797 3275 2822 3327 ?
2851 3276 2997 3347 Ergo
3018 3276 3065 3329 si
3093 3275 3351 3348 discipuli
3369 3292 3505 3347 ope-

218 3358 439 3413 Eadem
486 3358 635 3413 ratio
680 3359 765 3413 vel
810 3359 1119 3414 similitudo
1145 3364 1246 3420 est,
1282 3376 1406 3430 quae
1427 3363 1483 3413 et
1504 3358 1679 3429 regni.
1714 3358 1823 3413 Sed
1904 3368 2104 3417 rantur
2120 3363 2179 3418 in
2198 3364 2515 3432 Christo,et
2528 3364 2784 3419 Christus
2803 3364 2862 3419 in
2879 3365 3093 3436 Spiritu
3112 3365 3234 3429 Dei,
3258 3366 3504 3437 profecto

215 3447 417 3501 civitas
459 3446 555 3500 hic
589 3452 775 3517 potest
824 3447 1175 3502 Hieruralem
1208 3447 1467 3517 intelligi,
1501 3447 1557 3500 in
1580 3464 1691 3518 qua
1720 3447 1822 3501 Dei
1902 3443 3507 3526 regnum‘Deijamindiscipulos,mediatorisofﬁcio,trans-

215 3534 603 3589 venerabatur
632 3536 851 3606 religio,
876 3536 1120 3606 gloriosa
1143 3536 1409 3591 olim.Sed
1435 3541 1731 3606 postquam
1763 3535 1821 3588 in
1903 3541 2091 3595 fusum
2119 3547 2223 3596 est.
2249 3543 2460 3597 Idcirco
2473 3543 2554 3596 ait
2568 3541 2996 3611 (Matth.xu,28):
3015 3544 3079 3598 Si
3096 3560 3188 3612 ego
3206 3544 3500 3613 inSpiritu

215 3623 461 3678 Domino
482 3624 771 3695 εαονριθδε
792 3625 1019 3679 inimica
1037 3624 1363 3689 Deosfurore
1384 3623 1678 3689 exarsit.ut
1692 3639 1820 3677 eum
1905 3633 2002 3684 Dei
2021 3633 2180 3699 ejicio
2202 3632 2492 3697 dwmonia,
2528 3636 2585 3685 et
2612 3632 2719 3685 hoc
2746 3631 2993 3697 creditis,
3032 3634 3267 3700 profecto
3306 3635 3370 3687 in
3411 3648 3501 3687 vos

216 3711 573 3779 occiderent;
608 3717 665 3766 et
693 3714 974 3784 apostolos
998 3714 1121 3783 ejus
1150 3730 1260 3767 non
1293 3710 1647 3766 credentibus
1659 3711 1820 3765 exfu-
1903 3724 2095 3785 553
2121 3721 2371 3787 pervenit
2400 3736 2633 3787 regnum
2662 3720 2847 3774 Dei.ln
2876 3736 2986 3790 quo
3002 3719 3193 3791 itaque
3211 3719 3358 3774 facto
3377 3725 3499 3777 tota

212 3807 449 3870 garum,
482 3800 684 3855 divisio
713 3802 876 3868 facta,
909 3807 967 3856 et
1003 3818 1239 3872 regnum
1272 3801 1488 3866 cecidit,
1523 3807 1581 3854 et
1624 3800 1819 3857 civitas
1901 3807 2149 3862 Trinitas
2171 3807 2507 3872 declaratur,
2525 3807 2660 3861 dum
2678 3808 2935 3862 Christus
2963 3808 3023 3861 in
3052 3809 3255 3879 spiritu
3276 3808 3379 3863 Dei
3398 3809 3503 3863 Pa-

215 3892 508 3948 destructa
538 3901 642 3959 est,
657 3900 715 3949 et
741 3895 940 3949 domus
971 3912 1145 3967 usque
1173 3896 1242 3949 ad
1263 3896 1443 3949 solum
1458 3896 1645 3950 diruta
1656 3897 1819 3966 juxta
1901 3896 2023 3958 tris,
2049 3897 2313 3951 virtutem
2333 3903 2601 3968 operatur
2621 3897 2680 3951 in
2695 3913 2901 3968 genere
2916 3897 3182 3963 humano,
3210 3914 3311 3968 per
3323 3913 3493 3969 quam

214 3982 718 4038 comminationem
751 3984 1073 4039 Salvatoris.
1098 3984 1500 4039 Verumtamen
1528 3984 1816 4055 benignis-
1900 3985 1957 4039 in
1983 3986 2273 4041 credentes
2295 4002 2534 4056 regnum
2562 3985 2663 4041 Dei
2683 3986 3021 4057 pervenisse,
3045 3987 3102 4041 id
3131 3991 3217 4040 est
3236 3986 3490 4041 remissio

215 4071 393 4129 simus
417 4073 695 4127 Dominus
726 4079 921 4127 contra
950 4073 1215 4128 duritiam
1252 4073 1434 4129 cordis
1465 4091 1661 4128 eorum
1703 4091 1815 4128 non
1900 4077 2407 4146 peccatorum,jure
2422 4076 2800 4130 creditur.Sed
2824 4092 3060 4147 regnum
3075 4075 3176 4130 Dei
3201 4075 3497 4147 tripliciter

213 4168 396 4216 cessat
416 4161 606 4216 adhuc
637 4164 892 4234 exempla
921 4179 1203 4235 opponere
1233 4163 1598 4217 evidentiora.
1899 4164 2305 4236 accipiendum.
2331 4164 2475 4229 Quia
2498 4170 2595 4219 aut
2635 4165 2758 4237 ipse
2782 4169 2868 4219 est
2895 4181 3132 4235 regnum
3160 4165 3264 4219 Dei
3291 4164 3360 4220 de
3381 4181 3492 4236 quo

284 4251 445 4317 Quod
468 4254 521 4304 si
548 4251 808 4319 Satanas,
841 4252 1042 4323 inquit,
1068 4253 1336 4309 Satanam
1363 4256 1528 4323 ejicit,
1554 4258 1602 4306 et
1627 4255 1816 4307 adver—
1898 4254 2032 4308 alibi
2056 4254 2261 4309 dicitur
2290 4271 2303 4306 :
2340 4257 2587 4323 Regnum
2626 4257 2725 4309 Dei
2762 4258 2919 4309 intra
2944 4270 3033 4308 vos
3076 4260 3151 4309 est
3180 4256 3320 4323 (Luc.
3356 4268 3488 4322 vaI,

211 4356 336 4393 sum
366 4357 423 4393 se
450 4341 662 4393 divisus
706 4346 799 4405 est,
831 4344 1095 4410 quomodo
1139 4345 1303 4396 stabit
1334 4358 1566 4410 regnum
1595 4345 1769 4411 ipsius
1794 4344 2007 4413 2021).
2043 4344 2127 4398 vel
2157 4349 2308 4398 certe
2336 4344 2475 4398 illud
2501 4360 2740 4415 regnum
2781 4343 3038 4411 sublime,
3072 4344 3141 4398 de
3173 4360 3283 4415 quo
3319 4345 3492 4400 Joan-

212 4428 290 4482 Ac
309 4428 362 4483 ci
392 4428 636 4493 dicatur,
663 4429 811 4500 quod
841 4430 888 4484 si
919 4430 1036 4502 ipse
1066 4430 1171 4484 sibi
1193 4431 1456 4485 inimicus
1477 4431 1810 4497 estdaemon,
1894 4433 2196 4504 nesetipse
2219 4433 2693 4505 praedicaverunt:
2721 4435 3099 4488 Paenitentiam
3122 4436 3493 4503 agite,appro-

212 4533 454 4588 seseque
483 4517 932 4588 ipseimpugnat,
952 4519 1086 4573 dum
1101 4519 1305 4573 milites
1326 4536 1458 4574 suos
1479 4519 1548 4573 ab
1570 4519 1811 4573 obsessis
1890 4525 2184 4591 pinguavit
2215 4526 2366 4576 enim
2398 4539 2634 4590 regnum
2664 4526 2924 4576 caelorum
2942 4522 3151 4592 (Matth.
3172 4536 3245 4588 Iv,
3276 4508 3491 4590 17).Vel

213 4605 451 4676 depellit
476 4606 825 4678 corporibus,
860 4608 1137 4678 quomodo
1167 4607 1338 4661 stabit
1362 4625 1597 4679 regnum
1615 4608 1810 4679 ipsius,
1895 4611 2066 4665 tertio
2099 4612 2281 4678 modo,
2331 4611 2619 4682 Scriptura
2642 4616 2836 4666 sancta
2855 4611 2941 4665 vel
2976 4611 3079 4675 lex,
3115 4627 3353 4682 regnum
3383 4611 3487 4666 Dei

210 4710 351 4764 pace
401 4695 667 4749 restituta
713 4695 843 4758 illis,
885 4696 942 4750 in
974 4696 1175 4767 quibus
1204 4696 1680 4752 dominabantur?
1709 4713 1809 4750 nec
1897 4698 2276 4770 accipitur,de
2298 4716 2409 4770 qua
2425 4701 2635 4754 dictum
2652 4705 2737 4754 est
2762 4718 2772 4753 :
2806 4700 2994 4755 Donec
3021 4701 3322 4768 auferatur
3347 4717 3383 4755 a
3402 4716 3488 4756 υο-

209 4782 427 4837 habent
452 4783 509 4838 in
551 4800 618 4838 eo
657 4784 842 4838 locum
883 4785 1215 4839 adversariae
1253 4791 1575 4857 potestates,
1609 4785 1811 4857 quibus
1895 4791 1973 4842 bis
1998 4790 2363 4857 regnumDei,
2379 4790 2863 4857 ettradeturgenti
2879 4791 3112 4857 facienti
3128 4791 3349 4858 fructus
3369 4793 3487 4860 ejus

208 4867 319 4924 illis
333 4870 1011 4944 litigantibus,552pax
1028 4873 1366 4941 restituitur,
1388 4880 1443 4927 et
1464 4875 1653 4929 omnia
1672 4875 1810 4929 inte—
1895 4879 2106 4949 (Matth.
2132 4894 2240 4943 xxx,
2262 4876 2371 4947 43).
2401 4879 2533 4942 Quae
2561 4878 2727 4932 simul
2755 4877 2944 4932 omnia
2959 4878 3281 4934 Judaeitunc
3302 4878 3487 4951 perdi-

208 4959 332 5014 rius
353 4961 712 5032 exteriusque
730 4961 979 5016 membra
991 4968 1265 5016 sanantur
1278 4963 1543 5034 corporis,
1565 4968 1619 5017 et
1640 4964 1806 5017 homo

208 5053 367 5103 totus
381 5049 490 5103 ﬁde
509 5056 761 5104 curatur.
781 5050 939 5114 Quod
957 5051 1004 5104 si
1033 5051 1313 5105 daemones
1333 5052 1654 5107 hominibus
1667 5070 1809 5107 sem-

208 5153 311 5208 per
337 5138 594 5208 gestiunt
610 5155 829 5204 nocere,
849 5145 906 5193 et
934 5139 1029 5193 ille
1058 5140 1153 5211 qui
1183 5141 1362 5211 major
1388 5141 1500 5195 illis
1530 5147 1616 5196 est
1642 5141 1700 5195 in
1715 5158 1808 5196 ne-

208 5227 414 5295 quitia,
430 5243 542 5281 suae
565 5243 662 5281 eos
688 5232 848 5281 curat
869 5228 1234 5283 invocationis
1258 5229 1505 5294 nomine,
1529 5231 1807 5301 quomodo

208 5320 364 5369 stare
389 5316 842 5386 poteritregnum
872 5316 1050 5388 ipsius
1071 5317 1187 5372 ?Ac
1216 5318 1262 5371 si
1292 5318 1512 5372 dicatur
1539 5336 1553 5370 :
1586 5318 1696 5390 Ipsi
1714 5336 1805 5373 vos

205 5402 531 5474 dijudicate,
564 5410 621 5457 et
650 5404 960 5460 convincitc
993 5423 1088 5462 vos
1116 5408 1313 5461 vestris
1337 5408 1649 5471 calumniis,
1674 5409 1807 5479 quia

205 5508 320 5547 non
349 5499 533 5565 potest
555 5494 811 5549 voluntas
828 5512 1043 5563 eorum,
1066 5513 1288 5569 semper
1304 5514 1473 5569 prava
1492 5503 1549 5552 et
1567 5498 1804 5553 nocendi

206 5582 576 5654 cupida,meis
593 5583 1008 5655 benignissimis
1020 5587 1335 5659 comparari
1347 5586 1608 5658 operibus
1617 5628 1626 5640 .
1635 5589 1797 5655 Nam,

1891 4967 2113 5033 derunt,
2152 4967 2375 5037 quando
2406 4967 2690 5022 Christum
2716 4984 2828 5022 non
2857 4973 3207 5040 receperunt.
3252 4968 3361 5022 Sed
3390 4984 3488 5023 no-

1888 5056 2122 5110 tandum
2155 5056 2304 5128 quod
2326 5056 2622 5111 Matthacus
2653 5056 2710 5110 in
2736 5055 2938 5127 spiritu
2960 5056 3059 5111 Dei
3081 5056 3163 5110 ait
3187 5072 3198 5106 :
3229 5057 3407 5111 Lucas
3427 5057 3487 5113 in

1889 5145 2065 5215 digito
2097 5145 2196 5200 Dci
2226 5145 2431 5200 dixisse
2462 5145 2780 5213 invenitur;
2826 5145 2957 5218 quia
2987 5146 3136 5218 quod
3174 5146 3354 5201 Lucas
3382 5145 3483 5200 ob-

1889 5234 2106 5289 scurius
2146 5235 2415 5305 posuisse,
2449 5235 2745 5290 Matthaeus
2793 5235 3144 5290 manifestius
3190 5233 3481 5307 probatur.

1888 5324 1999 5378 Iste
2022 5329 2107 5377 est
2126 5341 2258 5395 ergo
2289 5324 2498 5395 digitus
2524 5325 2645 5391 Dei,
2663 5340 2830 5396 quem
2851 5326 3000 5397 magi
3025 5324 3335 5381 Pharaonis
3356 5342 3488 5381 con-

1890 5414 2139 5479 ﬁtentur,
2170 5413 2433 5469 docentes
2458 5432 2469 5468 :
2490 5416 2706 5484 Digitus
2720 5417 2816 5470 Dei
2826 5421 2900 5469 est
2918 5416 3009 5470 hic
3024 5416 3208 5481 (Exod.
3232 5429 3354 5483 vin,
3379 5413 3458 5483 19)
3471 5457 3483 5471 .

1888 5503 1957 5557 Et
1985 5503 2070 5557 lex
2096 5503 2272 5575 digito
2297 5503 2396 5558 Dei
2422 5503 2480 5558 in
2502 5509 2692 5560 monte
2724 5504 2880 5560 Sinai
2907 5503 3227 5576 conscripta
3250 5504 3478 5576 legitur.

1886 5594 2007 5659 Quo
2042 5594 2288 5666 profecto
2318 5594 2493 5665 digito
2526 5594 2941 5665 Scripturarum
2974 5598 3295 5648 sanctarum
3344 5608 3477 5662 pro-
