3918 6176
364 266 470 325 467
1142 278 1198 331 S.
1240 277 1619 333 PASCHASII
1660 278 2019 334 RADBERTI
2056 278 2361 332 ABBATIS
2401 276 2893 332 CORBEIENSIS.
3052 316 3055 319 -
3539 276 3642 332 458

365 393 614 460 {auditas
636 395 908 467 inspirata
937 404 1024 453 est
1041 398 1362 455 hominibus
1381 401 1611 468 δεηθείς,
1630 406 1687 457 et
1712 407 1960 457 reserata
1977 404 2023 463 Α
2044 409 2145 465 bus
2167 409 2310 464 nihil
2339 408 2682 463 contrarium
2704 407 3000 462 invenitur.
3018 408 3180 462 Unde
3211 413 3647 479 argumentatur

366 486 458 535 est
487 480 573 536 lex
598 482 869 561 veritatis.
2044 514 2158 553 non
2201 496 2383 551 solum
2431 496 2645 567 aliquid
2674 494 2744 549 ab
2771 512 2837 549 eo
2875 511 2987 549 non
3019 502 3326 561 mutuasse,
3372 512 3556 566 neque
3589 498 3649 550 in

442 568 594 637 Unde
620 573 673 627 si
700 570 792 642 ego
816 576 881 629 in
918 579 1123 646 spiritu
1152 579 1268 646 Dei,
1312 584 1410 633 aut
1449 580 1621 648 digito
1648 581 1765 646 Dei,
1807 582 1963 650 rjieio
2044 584 2271 641 nomine
2302 590 2359 640 et
2378 589 2654 657 potestate
2685 583 2809 653 ejus
2836 583 3037 653 egisse,
3069 601 3265 638 verum
3302 585 3363 638 in
3402 585 3563 638 nullo
3601 586 3655 641 ei

369 658 643 745 ἀιιηοηπά
672 663 729 732 (ει
759 662 1183 737 quibuscunque
1212 682 1306 721 θοε
1334 668 1571 739 θὶθεθτο)
1588 684 1663 738 1³⁷⁵
1665 670 1828 736 οΓεοιο
1843 685 1967 739 Ρϐν·
2046 674 2340 730 convenire
2366 690 2549 747 posse,
2578 672 2800 743 quando
2828 672 2923 743 qui
2972 689 3160 727 secum
3201 689 3313 727 non
3337 678 3425 726 est
3447 671 3655 725 adver-

370 750 519 803 venit
544 750 607 803 in
631 765 719 803 vos
742 766 977 819 regnum
998 755 1114 821 Dei,
1128 754 1965 829 ettotiusTiinitatis.Alioquin
2045 780 2173 818 sum
2202 767 2305 829 est,
2340 767 2397 817 et
2434 761 2531 833 qui
2559 778 2748 817 secum
2780 777 2891 815 non
2922 767 3229 832 congregat
3253 760 3549 832 dispergit,
3585 775 3655 813 ex

2046 868 2156 925 quo
2184 852 2382 922 ingens
2412 850 2661 922 corporis
2690 848 2899 904 Christi
2928 852 3136 917 unitas,
3171 856 3228 904 et
3255 849 3507 920 corporis
3540 849 3652 903 Sa-

370 924 505 980 tatis
528 925 587 980 in
602 924 764 981 nobis
787 930 1229 999 commendetur,
1257 948 1359 987 nec
1375 933 1656 989 daemonia
1673 935 1960 1006 fugantur,
2044 945 2192 996 tante
2212 940 2522 995 secernitur
2551 938 2844 993 alternitas
2868 956 2880 1005 ;
2915 940 3049 1010 quia
3070 955 3182 993 non
3213 938 3459 1010 idipsum
3498 937 3660 1008 quod

371 1029 475 1069 nec
501 1030 739 1085 regnum
763 1015 865 1071 Dei
892 1018 1014 1085 iure
1043 1021 1363 1091 pervenisse
1392 1022 1661 1079 creditur.
1701 1023 1809 1079 Sed
1836 1024 1964 1095 pius
2048 1033 2134 1085 est
2152 1029 2300 1085 Deus
2313 1028 2580 1093 Trinitas,
2594 1043 2775 1099 neque
2796 1027 2867 1081 ad
2892 1027 3076 1098 ipsum
3089 1027 3375 1097 colligitur
3388 1027 3486 1098 qui
3505 1043 3655 1081 con-

375 1101 831 1174 Magisteradhuc
845 1105 1017 1162 latius
1045 1106 1313 1164 duritiam
1339 1111 1523 1166 cordis
1537 1128 1730 1167 eorum
1760 1113 1962 1183 tangit,
2047 1122 2140 1172 tra
2159 1117 2448 1172 Christum
2461 1116 2782 1189 dispergere
2798 1115 3087 1187 probatur.
3108 1117 3175 1171 In
3198 1115 3460 1170 omnibus
3477 1115 3667 1186 igitur

374 1194 432 1246 et
451 1190 731 1247 convincit
759 1210 931 1266 Opera
957 1195 1193 1253 Deitatis
1231 1214 1351 1253 esse
1380 1198 1656 1255 daemonia
1676 1199 1969 1272 ejicere,et
2050 1206 2191 1278 agit,
2219 1211 2286 1261 ut
2313 1207 2432 1277 ipse
2454 1205 2807 1275 intelligatur
2833 1205 2985 1259 Deus
3011 1221 3045 1259 a
3070 1204 3187 1259 Deo
3218 1203 3385 1259 Patre
3417 1203 3662 1267 missus,

374 1281 595 1338 animas
621 1283 918 1340 hominum
946 1303 1164 1342 curare.
1187 1288 1346 1344 Unde
1373 1290 1545 1345 infert
1574 1309 1588 1347 :
2051 1295 2110 1350 in
2161 1294 2376 1367 Spiritu
2404 1299 2597 1349 sancto
2620 1293 2859 1365 operari,
2920 1292 2978 1347 in
3008 1309 3118 1364 quo
3145 1293 3334 1347 unitas
3364 1291 3561 1346 Patris
3606 1295 3669 1345 et

435 1372 711 1439 Quomodo
717 1379 915 1443 postest
930 1378 1225 1449 quisquam
1241 1380 1459 1433 intrare
1473 1381 1768 1434 indomum
1783 1382 1965 1449 fortis,
2049 1383 2175 1438 Filii
2203 1383 2653 1445 commendatur,
2678 1398 2919 1452 quorum
2934 1387 3021 1436 est
3048 1381 3299 1453 spiritus,
3320 1386 3378 1435 et
3408 1396 3669 1452 quorum

374 1464 425 1514 et
454 1476 585 1514 vasa
611 1463 728 1530 ejus
757 1463 1020 1532 diripere,
1034 1467 1148 1519 nisi
1168 1469 1659 1537 priusattigaverit
1678 1470 1898 1537 fortem,
1921 1475 1968 1524 et
2052 1471 2204 1527 idem
2235 1471 2664 1527 commendatur
2692 1470 2958 1537 charitas,
2987 1471 3057 1525 de
3078 1486 3187 1540 quo
3218 1469 3425 1523 dicitur
3459 1487 3471 1521 :
3514 1470 3669 1523 Deus

377 1552 512 1604 tunc
539 1549 765 1604 domum
793 1553 953 1606 illius
980 1554 1227 1623 diripiat.
1244 1555 1454 1611 Contra
1480 1556 1965 1624 immanissimam,
2052 1563 2299 1617 charilas
2330 1565 2404 1614 est
2434 1563 2482 1627 (Ι
2504 1555 2869 1625 Joan.1v,16).
2893 1564 3084 1626 555
3109 1559 3469 1630 Quapropter
3484 1574 3665 1612 nemo

376 1638 717 1708 Judaeorum,
736 1649 792 1698 et
807 1643 1171 1714 insensatam,
1188 1652 1253 1702 ut
1268 1648 1350 1703 ita
1377 1648 1573 1717 fatear,
1604 1649 1971 1721 pertinaciam
2052 1665 2179 1705 cum
2209 1649 2434 1704 Christo
2463 1653 2567 1716 est,
2590 1647 2720 1702 licet
2748 1647 3007 1702 videatur
3036 1646 3245 1701 habere
3270 1664 3481 1702 nomen
3529 1648 3585 1716 ej
3596 1664 3665 1701 us

377 1729 570 1786 multis
601 1729 1036 1803 benignissimus
1063 1735 1318 1791 Salvator
1336 1753 1401 1792 ac
1428 1738 1583 1793 novis
1599 1739 1779 1794 utitur
1797 1756 1969 1810 argu-
1991 1736 2118 1797 But
2166 1737 2518 1792 Christianus
2564 1742 2827 1803 vocetur;
2879 1736 2923 1790 si
2969 1752 3080 1790 non
3124 1735 3332 1790 habeat
3372 1735 3663 1807 Spiritum

378 1812 606 1875 mentis.
628 1820 788 1876 Unde
817 1838 966 1877 nunc
988 1822 1091 1879 viri
1116 1824 1408 1881 fortissimi
1434 1842 1629 1885 rursus
1666 1827 1973 1884 introducit
2052 1832 2327 1892 sanctum,
2360 1826 2420 1880 in
2464 1842 2574 1897 quo
2601 1825 2746 1880 dono
2776 1825 2963 1879 unitas
3015 1825 3475 1890 commendatur;
3511 1842 3667 1896 quo-

378 1905 825 1977 similitudinem,
859 1911 1005 1971 sicut
1022 1912 1091 1967 de
1114 1929 1288 1985 regno
1309 1920 1364 1969 et
1383 1915 1604 1970 civitate
1619 1917 1738 1987 jam
1768 1917 1971 1988 praedi-
2052 1915 2207 1970 niam
2259 1914 2378 1987 ipse
2425 1930 2538 1969 non
2575 1914 2755 1969 solum
2786 1913 3054 1968 adversus
3073 1930 3132 1968 se
3159 1913 3368 1968 divisus
3398 1930 3515 1968 non
3551 1919 3666 1980 est,

379 2002 557 2064 xerat,
589 2014 758 2070 quam
805 2016 971 2055 nemo
1000 2000 1214 2057 intrare
1239 2003 1325 2059 vel
1355 2002 1600 2075 diripere
1626 2010 1830 2076 potest,
1862 2004 1972 2059 nisi
2053 2020 2245 2059 verum
2276 2004 2448 2059 etiam
2487 2019 2849 2075 quoscunque
2877 2002 3092 2074 colligit
3119 2003 3291 2058 efﬁcit
3337 2003 3623 2058 indivisos
3654 2023 3668 2071 ;

384 2076 541 2159 prius
572 2082 768 2142 vicerit
794 2093 852 2142 et
865 2088 1178 2160 alligaverit
1194 2090 1434 2146 fortem?
1457 2092 1613 2157 Quod
1638 2092 1756 2164 ipse
1786 2093 1975 2148 Domi-
2054 2098 2284 2166 peccata
2311 2110 2434 2165 quae
2482 2092 2775 2147 adversum
2815 2109 2875 2147 se
2921 2092 3099 2146 divisa
3127 2098 3263 2147 sunt
3290 2091 3667 2159 dimittendo,

370 834 479 891 nisi
507 836 658 892 Deus
682 838 929 894 Trinitas
959 841 1239 909 credatur,
1284 848 1338 898 et
1372 860 1488 899 una
1512 846 1804 917 aequalitas
1831 846 1963 901 Dei-

380 2190 490 2228 nus
534 2191 661 2229 mox
702 2180 831 2248 post
853 2175 1196 2253 baptismum
1236 2178 1451 2243 fecisse,
1485 2179 1622 2235 satis
1652 2185 1845 2251 aperte
1882 2182 1975 2236 hic

377 2279 623 2335 praesens
653 2264 1007 2337 Evangelista
1044 2266 1311 2335 declarat,
1346 2268 1569 2340 quando
1596 2267 1656 2324 in
1686 2269 1974 2324 desertum

348 2342 581 2408 ‘ductus
602 2358 706 2422 est,
738 2359 795 2408 et
822 2371 1154 2426 congressus
1182 2373 1310 2412 cum
1338 2356 1595 2425 diabolo;
1620 2358 1816 2430 utique
1845 2375 1970 2413 cum

381 2457 446 2497 eo
474 2442 614 2515 ipso,
650 2460 818 2516 quem
863 2442 958 2499 isti
987 2444 1333 2501 insanissimi
1362 2445 1674 2519 principem
1703 2446 1977 2502 vocabant

379 2529 1159 2607 daemoniorumCongressus
1179 2552 1423 2607 namque
1439 2540 1525 2590 est
1545 2552 1672 2591 cum
1694 2552 1780 2603 eo,
1808 2553 1973 2607 quem

379 2620 548 2689 tertio
580 2627 714 2676 tunc
763 2621 896 2677 vicit
944 2622 1007 2678 ac
1044 2622 1245 2695 rejicit.
1296 2630 1487 2691 554
1533 2626 1676 2697 Hinc
1713 2631 1798 2681 est
1827 2626 1976 2698 quod

381 2725 530 2787 nunc
559 2710 662 2781 hoc
690 2710 749 2766 in
797 2711 917 2767 loco
948 2711 1152 2768 dicitur
1182 2712 1341 2785 quasi
1372 2713 1497 2770 aliis
1528 2714 1597 2769 de
1644 2732 1705 2770 se
1744 2714 1978 2769 inferret

382 2799 868 2872 verbis,quomodo
889 2818 1110 2877 possem
1131 2802 1412 2859 daemones
1435 2803 1655 2875 ejicere,
1682 2803 1790 2858 nisi
1819 2802 1975 2874 prin-

383 2887 563 2962 cipem
576 2905 772 2967 eorum
792 2888 872 2944 eis
888 2891 1329 2967 consentientem
1347 2891 1401 2946 in
1416 2891 1569 2946 omni
1585 2909 1753 2963 opere
1764 2890 1976 2945 nefario

382 2975 540 3050 prius
566 2962 819 3055 vicissem
833 2983 892 3034 et
917 2962 1277 3050 alligassem?
1298 2979 1457 3044 Quod
1475 2962 1665 3033 autem
1686 2979 1803 3050 ipse
1816 2978 1979 3033 fortis

2056 2199 2262 2256 eosque
2292 2182 2592 2238 mundatos
2613 2181 2980 2237 inbabitando
2996 2187 3062 2236 ut
3080 2181 3194 2236 sint
3222 2180 3481 2236 membra
3498 2182 3674 2236 Chri-

2057 2272 2129 2326 sti
2164 2276 2221 2325 et
2248 2287 2451 2343 corpus
2480 2270 2705 2337 Christi,
2756 2270 2816 2326 in
2849 2287 2959 2342 quo
3004 2286 3236 2341 corpore
3262 2269 3454 2324 unitas
3504 2286 3675 2325 com-

2058 2360 2359 2415 mendatur
2385 2373 2440 2414 et
2468 2359 2769 2430 colligitur.
2802 2360 2909 2424 Qui
2940 2364 3126 2414 autem
3150 2376 3214 2413 ex
3245 2359 3481 2413 adverso
3502 2365 3673 2427 sunt,

2060 2466 2162 2504 nec
2190 2466 2318 2503 cum
2350 2447 2470 2520 ipso
2513 2454 2665 2514 sunt,
2719 2464 2822 2502 nec
2868 2464 2995 2502 cum
3044 2448 3167 2520 ipso
3211 2447 3528 2518 colligunt:
3566 2450 3675 2503 sed

2059 2539 2408 2609 dispergunt,
2440 2537 2617 2591 donec
2647 2535 2716 2590 ab
2764 2537 2981 2591 unitate
3032 2536 3281 2607 corporis
3312 2537 3530 2592 Christi
3576 2538 3672 2592 di-

2058 2626 2345 2681 viduntur.
2376 2625 2533 2690 Quod
2564 2626 2610 2679 si
2640 2624 2718 2679 ita
2748 2630 2850 2687 est,
2885 2625 3018 2696 quid
3072 2630 3157 2679 est
3204 2626 3350 2697 quod
3392 2625 3679 2697 discipuli

2059 2714 2309 2775 videntes
2330 2713 2633 2785 quemdam
2658 2713 2715 2767 in
2737 2713 2945 2768 Christi
2974 2712 3202 2767 nomine
3231 2713 3513 2768 daemonia
3545 2715 3682 2785 pel-

2059 2803 2286 2868 lentem,
2316 2802 2567 2856 referunt
2617 2802 2687 2855 ad
2736 2802 3036 2856 Dominum
3064 2819 3123 2855 se
3153 2802 3355 2856 vidisse
3386 2807 3445 2856 et
3468 2804 3683 2873 prohi-

2060 2890 2268 2955 buisse,
2297 2890 2428 2961 quia
2456 2907 2583 2944 cum
2614 2891 2724 2945 illis
2746 2907 2875 2944 eum
2893 2907 3005 2944 non
3035 2889 3413 2961 sequebatur?
3448 2891 3684 2954 Quibus

2061 2978 2353 3044 Dominus,
2384 2979 2589 3039 Nolite,
2608 2978 2810 3049 inquit,
2825 2968 3120 3049 prohibere
3149 2997 3161 3032 :
3192 2978 3326 3048 quia
3350 2986 3561 3033 contra
3578 2998 3685 3035 vos

384 3065 460 3122 sit
489 3070 549 3120 et
576 3065 952 3134 indomabilis,
984 3067 1256 3122 Dominus
1301 3067 1510 3122 famulo
1549 3084 1650 3122 suo
1681 3067 1784 3122 Job
1814 3083 1978 3139 aper-
1997 3066 2042 3126 C
2063 3083 2176 3121 non
2203 3074 2307 3134 est,
2333 3083 2434 3138 pro
2464 3066 2617 3121 vobis
2640 3068 2883 3121 est.Non
2907 3071 3092 3137 potest
3117 3067 3266 3121 enim
3280 3067 3597 3138 quisquam
3618 3069 3682 3123 in

385 3153 604 3233 tissime
629 3153 910 3223 describit,
943 3161 1000 3210 et
1030 3155 1280 3211 insinuat
1308 3157 1456 3228 quod
1488 3173 1601 3210 non
1631 3156 1707 3211 sit
1732 3162 1980 3229 potestas

382 3244 445 3319 in
460 3250 612 3321 terra
637 3261 759 3315 quae
774 3243 947 3317 possit
968 3243 1018 3299 ei
1034 3244 1388 3316 aequiparari.
1408 3244 1478 3299 Et
1490 3243 1615 3298 ideo
1629 3243 1769 3300 bene
1800 3245 1982 3299 Lucas

382 3333 576 3389 intulit
607 3350 619 3386 :
655 3332 719 3388 Si
744 3337 931 3387 autem
950 3335 1153 3401 fortior
1183 3332 1282 3387 illo
1311 3336 1703 3402 supervenerit,
1720 3340 1769 3388 et
1790 3337 1982 3391 uicerit

386 3438 531 3501 eum,
567 3410 828 3493 universa
876 3436 1041 3475 arma
1087 3424 1203 3490 ejus
1241 3425 1306 3476 in
1352 3423 1552 3497 quibus
1580 3423 1899 3491 conﬁdebat,
1931 3428 1983 3477 et

388 3504 565 3587 spolia
592 3512 709 3578 ejus
736 3510 1031 3583 distribuet
1065 3511 1214 3580 (Luc.
1250 3524 1328 3577 XI,
1378 3508 1492 3580 23).
1537 3508 1645 3566 Ubi
1682 3510 1982 3566 manifeste

391 3598 638 3654 ostendit
664 3597 813 3670 quod
845 3597 1004 3653 illum
1028 3598 1229 3653 fortem
1250 3598 1448 3654 fortior
1476 3599 1731 3655 Christus
1760 3600 1893 3655 vicit
1918 3616 1983 3654 ac

386 3687 599 3760 ligavit,
645 3703 771 3743 cum
824 3704 953 3744 eum
987 3688 1226 3761 propriis
1273 3688 1537 3761 nequitiae
1586 3706 1702 3744 suae
1749 3689 1983 3744 vinculis

387 3777 705 3845 adstrinxit,
730 3795 800 3833 ne
821 3777 1062 3851 amplius
1084 3783 1311 3834 noceret
1338 3778 1450 3833 nisi
1480 3783 1752 3850 quantum
1785 3779 1836 3833 ei
1854 3795 1983 3851 per-

390 3866 655 3935 mittitur,
688 3866 778 3923 cui
824 3866 906 3922 ita
926 3860 927 3863 “
948 3866 1130 3923 vincto
1156 3867 1333 3941 spolia
1363 3868 1618 3923 Salvator
1646 3867 1891 3923 detraxit
1928 3873 1986 3922 et

387 3956 617 4014 domum
648 3957 902 4023 abstulit;
928 3973 1031 4013 nos
1061 3957 1291 4024 scilicet,
1306 3973 1445 4029 quos
1470 3956 1730 4023 redemit,
1756 3973 1897 4029 quos
1923 3955 1981 4010 in

389 4063 574 4113 suum,
609 4047 750 4102 victo
769 4046 1022 4112 Diabolo,
1048 4046 1266 4118 redegit
1287 4045 1616 4112 dominium,
1642 4046 1985 4118 domumque

387 4133 495 4188 sibi
519 4151 585 4188 ex
612 4133 774 4190 nobis
803 4134 1083 4188 dedicavit
1124 4152 1344 4201 novam,
1376 4139 1433 4189 et
1460 4135 1771 4191 sanctificat
1796 4135 1984 4190 Eccle-

389 4220 552 4297 sium].
586 4222 737 4285 Quos
789 4239 919 4276 vero
965 4239 1066 4276 suo
1119 4224 1274 4294 justo
1310 4223 1525 4294 judicio
1555 4223 1879 4295 dereliquit,
1923 4223 1981 4278 in

396 4325 590 4364 eorum
620 4307 883 4365 cordibus
911 4310 1072 4381 quasi
1119 4311 1178 4365 in
1209 4311 1409 4383 abysso
1439 4312 1588 4366 hunc
1614 4312 1817 4366 fortem
1855 4330 1982 4367 cum

2063 3172 2188 3210 meo
2233 3155 2461 3210 nomine
2507 3155 2690 3210 facere
2718 3155 2951 3227 aliquid,
2983 3161 3042 3209 et
3069 3155 3215 3209 male
3261 3156 3415 3227 loqui
3448 3156 3522 3210 de
3558 3174 3684 3215 me.

2065 3244 2358 3309 Quomodo
2388 3261 2522 3315 ergo
2570 3249 2767 3299 contra
2813 3244 2964 3316 ipsos
2988 3261 3101 3299 non
3130 3250 3272 3310 erat,
3306 3244 3421 3299 imo
3466 3254 3690 3302 contra

2064 3333 2387 3401 Dominum,
2438 3332 2533 3405 qui
2562 3333 2746 3387 adhuc
2789 3333 2847 3387 in
2895 3350 3127 3405 corpore
3157 3333 3368 3389 Christi
3409 3336 3690 3391 nondum

2064 3427 2206 3489 erat,
2226 3438 2410 3493 neque
2438 3426 2667 3477 renatus
2687 3422 2746 3476 in
2778 3422 2990 3493 Spiritu
3015 3428 3228 3481 sancto.
3244 3428 3309 3477 ut
3327 3431 3691 3494 sequeretur

2062 3511 2365 3568 Dominum
2388 3527 2489 3582 per
2516 3528 2680 3582 quem
2710 3512 2826 3566 haec
2857 3511 3045 3566 unitas
3075 3510 3401 3581 colligitur?
3422 3512 3602 3576 Quod
3637 3516 3689 3570 si

2063 3606 2233 3667 esset,
2255 3600 2483 3657 omnino
2499 3599 2757 3671 discipuli
2789 3617 2902 3654 non
2926 3599 3347 3672 prohibuissent
3367 3600 3422 3655 ei
3437 3604 3688 3659 nomine

2060 3691 2197 3745 Jesu
2221 3705 2331 3743 non
2361 3689 2543 3743 solum
2581 3688 2860 3743 daemonia
2884 3689 3104 3759 ejicere,
3137 3706 3330 3744 verum
3361 3706 3467 3745 nec
3498 3692 3688 3748 virtu-

2062 3784 2149 3834 tes
2178 3777 2457 3850 quaslibet
2475 3777 2676 3844 facere,
2702 3776 2959 3849 quasipsi
2968 3778 3216 3850 profecto
3236 3777 3541 3835 faciebant.
3566 3782 3693 3838 Un-

2066 3867 2135 3921 de
2164 3867 2296 3938 quia
2323 3874 2480 3921 extra
2508 3866 2653 3920 hanc
2681 3866 2952 3921 unitatem
2982 3864 3123 3933 erat,
3156 3868 3440 3938 quomodo
3472 3869 3686 3926 Salva-

2064 3961 2156 4010 tor
2181 3955 2259 4009 ait
2285 3974 2296 4008 :
2318 3955 2425 4019 Qui
2445 3961 2746 4010 contravos
2761 3972 2875 4010 non
2897 3962 3109 4028 est,pro
3129 3956 3280 4011 vobis
3295 3957 3405 4010 est?
3431 3957 3605 4022 Quod
3640 3961 3687 4015 si

2066 4045 2296 4101 omnino
2308 4045 2388 4100 ita
2400 4044 2785 4116 accipiendum
2799 4046 3130 4111 est,videtur
3148 4047 3508 4102 cumChristo
3520 4066 3680 4115 esse,

2067 4141 2125 4190 et
2143 4135 2199 4189 in
2219 4134 2446 4189 nomine
2460 4135 2508 4205 ej
2518 4151 2581 4189 us
2597 4134 2857 4205 colligere
2871 4134 3126 4207 quisquis
3141 4141 3299 4189 extra
3318 4152 3441 4189 com
3451 4139 3685 4193 munio-

2065 4241 2197 4280 nem
2217 4223 2471 4278 Ecclesiae
2499 4223 2854 4285 constitutus,
2880 4229 2936 4277 et
2964 4223 3293 4285 dissociatus
3322 4241 3357 4278 a
3395 4225 3683 4282 societate

2067 4313 2397 4368 Christianae
2418 4312 2708 4383 religionis
2745 4314 3037 4384 est.Atque
3061 4313 3144 4368 ita
3173 4313 3376 4368 falsum
3408 4315 3524 4369 erit
3568 4317 3685 4371 hoc

396 4394 516 4452 suis
543 4395 871 4452 damnatum
901 4398 1177 4468 religavit,
1222 4382 1538 4452 etiabstulit
1575 4398 1645 4453 ab
1684 4415 1747 4453 eo
1787 4416 1980 4455 omnes
2002 4382 2216 4472 unod
2250 4402 2339 4455 hic
2360 4382 2565 4455 dicitur
2595 4417 2605 4450 ε
2639 4402 2745 4468 Qui
2774 4416 2886 4454 non
2907 4382 2981 4454 est
3002 4408 3434 4468 mecum,contra
3457 4421 3545 4457 me
3574 4411 3678 4471 est,

396 4503 537 4560 quos
565 4484 822 4540 redemit.
858 4485 1121 4559 Alioquin
1152 4502 1251 4540 nec
1279 4491 1508 4557 possent
1536 4503 1595 4540 se
1621 4485 1829 4542 viribus
1866 4488 1984 4543 suis

393 4575 651 4653 homines
698 4590 915 4642 eruere,
948 4574 1083 4647 quia
1111 4574 1268 4630 fortis
1293 4579 1417 4629 erat
1460 4575 1593 4647 quia
1633 4593 1727 4631 eos
1756 4576 1984 4632 tenebat

393 4665 659 4739 captivos,
698 4662 806 4719 nisi
832 4663 1017 4737 gratia
1046 4665 1146 4719 Dei
1175 4663 1566 4734 liberarentur,
1583 4670 1641 4720 et
1666 4665 1864 4721 fortior
1891 4667 1985 4721 illo

398 4752 656 4809 Christus
685 4753 973 4826 alligasset
1000 4751 1219 4821 fortem,
1261 4754 1396 4808 dum
1425 4753 1476 4808 ci
1497 4759 1828 4827 potestatem
1858 4772 1985 4810 exe-

394 4843 520 4911 mit,
538 4828 610 4898 ne
634 4842 905 4916 impedire
924 4847 1111 4916 posset
1125 4842 1402 4898 voluntati
1432 4842 1701 4912 fidelium,
1734 4861 1802 4898 ne
1831 4843 1988 4914 sequi

397 4930 614 5004 possint
642 4932 929 4987 Christum
952 4938 1008 4986 et
1033 4949 1268 5001 regnum
1294 4930 1547 4987 obtinere
1570 4933 1676 4987 sibi
1715 4931 1984 4988 oblatum.

396 5019 542 5092 Ergo
595 5020 742 5095 quod
788 5020 911 5075 dico
941 5021 1212 5087 oblatum,
1261 5037 1505 5093 praesens
1541 5021 1697 5077 locus
1736 5021 1990 5076 insinuat

397 5110 568 5166 etiam
598 5110 872 5166 violenter
889 5115 952 5165 ut
972 5110 1249 5182 accipiant
1277 5110 1371 5183 qui
1400 5111 1638 5167 necdum
1659 5111 1853 5165 volunt
1880 5111 1989 5165 ela-

396 5199 678 5256 boratum.
703 5199 942 5271 Propter
964 5201 1110 5273 quod
1135 5199 1316 5254 adhuc
1343 5200 1604 5271 proponit
1631 5217 1642 5252 :

442 5278 582 5353 Qui
612 5306 722 5343 non
753 5294 826 5343 est
856 5306 1090 5353 mecum,
1117 5293 1310 5343 contra
1334 5305 1414 5342 me
1436 5294 1511 5343 est
1529 5308 1546 5354 ;
1580 5295 1627 5343 et
1648 5292 1749 5359 qui
1763 5306 1873 5344 non
1886 5293 1989 5344 col-

398 5379 524 5444 ligit
562 5394 795 5443 mecum,
827 5380 1110 5446 dispergit.
1157 5378 1278 5441 Quo
1316 5393 1451 5431 sane
1480 5378 1803 5450 syllogismo
1830 5379 1987 5433 valde

395 5464 632 5521 revincit
659 5482 753 5520 eos
778 5465 1085 5521 Beelzebub
1113 5466 1421 5521 daemonem
1462 5465 1625 5536 longe
1663 5484 1698 5521 a
1742 5484 1802 5523 se
1841 5484 1982 5534 esse,

395 5542 671 5629 quantum
692 5554 873 5632 lucem
901 5571 937 5611 a
973 5553 1239 5624 tenebris,
1263 5559 1363 5610 aut
1382 5553 1590 5611 bonum
1620 5573 1654 5610 a
1680 5557 1848 5625 malo,
1870 5556 1989 5629 qui-

2070 4497 2118 4545 et
2146 4494 2246 4562 qui
2274 4507 2385 4545 non
2415 4491 2623 4557 colligit
2654 4506 2888 4557 mecum,
2922 4494 3135 4558 spargit
3168 4491 3380 4554 (Matth.
3412 4505 3514 4553 x11,
3554 4491 3679 4556 30).

2072 4564 2311 4635 Securus
2363 4596 2494 4648 ergo
2534 4595 2655 4632 esse
2684 4584 2870 4650 potest
2903 4578 3129 4648 quiquis
3169 4584 3327 4632 extra
3358 4579 3683 4636 Ecclesiam

2070 4669 2279 4724 Christi
2300 4668 2358 4721 in
2379 4665 2607 4721 nomine
2621 4666 2794 4738 ipsius
2805 4666 3015 4721 bonum
3033 4666 3285 4738 aliquod,
3309 4684 3409 4720 seu
3425 4667 3683 4725 virtutes

2068 4761 2350 4829 Operatur,
2386 4756 2533 4827 quod
2573 4757 2801 4809 omnino
2828 4755 3103 4810 catholica
3130 4756 3270 4809 ﬁdes
3299 4772 3413 4810 non
3444 4759 3679 4830 recipit.

2069 4846 2138 4900 Et
2166 4845 2291 4899 ideo
2316 4845 2373 4899 in
2395 4845 2698 4915 Scripturis
2726 4844 2927 4898 divinis
2957 4845 3135 4898 multa
3163 4844 3424 4908 discretio
3468 4863 3685 4904 sensus

2071 4933 2385 4989 adhibenda
2415 4940 2519 4999 est,
2545 4933 2861 5004 ubicunque
2906 4932 3194 4988 dissonare
3224 4934 3509 5003 videntur,
3549 4955 3683 4992 ina-

2068 5023 2213 5078 xime
2258 5023 2317 5077 in
2372 5022 2552 5077 verbis
2590 5023 2834 5089 Domini,
2872 5039 2942 5076 ne
2992 5022 3111 5094 ipse
3156 5022 3258 5077 sibi
3292 5025 3461 5095 (quod
3498 5025 3687 5097 absit)

2068 5112 2383 5169 contrarius
2412 5111 2746 5166 inveniatur.
2767 5113 2830 5166 In
2860 5110 2965 5166 hoc
2987 5112 3137 5166 enim
3157 5111 3303 5166 facto
3326 5129 3438 5167 non
3472 5123 3686 5172 contra

2069 5220 2184 5270 eos,
2209 5202 2306 5256 sed
2337 5218 2437 5273 pro
2465 5201 2544 5255 eis
2556 5206 2697 5266 erat,
2715 5200 2882 5256 ubiin
2909 5200 3137 5255 nomine
3157 5201 3364 5256 Christi
3393 5204 3684 5261 sanitates

2070 5290 2425 5363 operabatur.
2461 5290 2670 5345 Idcirco
2709 5297 2773 5345 ut
2800 5297 3037 5362 utraque
3085 5292 3366 5346 sententia
3393 5310 3526 5348 vera
3578 5297 3676 5355 sit.

2070 5380 2233 5435 sicuti
2265 5380 2492 5433 omnino
2518 5396 2650 5433 vera
2682 5385 2786 5447 est,
2809 5374 3144 5451 quaerendus
3170 5388 3256 5435 est
3281 5382 3504 5449 modus,
3525 5403 3678 5456 quo-

2069 5468 2236 5523 modo
2260 5469 2422 5539 juxta
2453 5485 2678 5522 sensum
2702 5468 2924 5523 Domini
2943 5474 3181 5541 utraque
3205 5477 3357 5525 recte
3382 5471 3680 5545 intelliga-

2067 5562 2187 5616 tur.
2241 5558 2387 5630 Ergo
2434 5557 2529 5614 ille
2559 5557 2617 5615 in
2648 5558 2753 5614 hoc
2789 5558 2935 5614 facto
2967 5558 3348 5631 prohibendus
3377 5577 3496 5619 non
3524 5570 3673 5634 erat,
