3918 6176
248 306 356 363 469

1005 304 1386 361 EXPOSITIO
1424 307 1505 362 IN
1542 306 1988 367 MATTHIEUM.
2022 342 2087 353 -
2128 312 2264 368 LIB.
2306 312 2400 379 VI,
2445 312 2602 367 CAP.
2646 313 2768 367 ΧΗ.

3412 315 3522 375 470

245 430 413 500 juxta
442 435 787 503 praeceptum
807 430 1051 496 Domini,
1083 430 1179 486 sed
1209 432 1388 487 multo
1416 434 1595 505 magis
1620 434 1680 490 in
1708 436 2059 508 tantiAejus
2087 442 2221 492 sunt
2246 437 2395 492 dona
2420 453 2544 508 qua
2588 435 2818 505 habent,
2842 442 2900 493 et
2934 452 3047 493 non
3073 454 3268 496 eorum
3296 441 3394 512 qui
3421 441 3525 497 ab-

248 519 502 575 nominis
527 521 888 575 veneratione
917 521 1351 585 confirmandus,
1385 523 1481 578 ubi
1511 530 1703 591 556
1735 543 1847 580 non

247 616 368 665 erat
396 615 599 664 contra
628 610 935 674 Christum,
962 626 1145 680 neque
1181 616 1377 665 contra
1402 613 1718 683 Apostolos,
1751 615 1846 668 sed

245 713 436 769 neque
455 704 654 753 contra
682 698 1405 764 Ecclesiam,verumtamen
1438 701 1495 756 in
1523 718 1589 757 eo
1613 703 1847 774 culpan-

244 787 353 842 dus
397 792 541 854 erat,
575 787 710 859 quia
759 803 872 841 non
929 787 1271 856 sequebatur
1310 790 1616 856 Christum,
1666 808 1849 863 neque

236 875 590 948 jungebatur
615 877 687 943 ei,
720 893 785 931 eo
803 876 953 947 quod
972 876 1155 931 adhuc
1172 876 1229 931 in
1258 877 1471 949 Spiritu
1497 884 1690 935 sancto
1718 896 1849 935 nec-

245 965 385 1021 dum
404 971 641 1021 renatus
669 970 810 1029 erat,
828 980 1010 1036 neque
1028 964 1080 1019 ei
1096 965 1290 1020 unitus
1308 967 1366 1020 in
1382 967 1654 1023 charitate
1667 969 1853 1024 Chris-

244 1054 443 1109 ticum
474 1070 558 1119 eo,
590 1059 655 1127 ut
682 1054 806 1125 ejus
839 1052 1156 1108 membrum
1200 1060 1364 1109 esset.
1411 1055 1571 1110 Unde
1612 1058 1746 1129 quia
1782 1058 1852 1112 ab

244 1143 473 1197 unitate
500 1143 709 1198 Christi
737 1147 796 1197 et
821 1142 1080 1197 Ecclesia
1108 1148 1399 1214 separatus
1427 1150 1568 1212 erat,
1592 1146 1721 1201 licet
1737 1148 1852 1201 col-

239 1230 453 1302 ligeret
477 1232 615 1303 ipse,
640 1237 829 1286 tamen
877 1236 1035 1286 extra
1062 1231 1345 1302 dispersus
1375 1239 1514 1295 erat,
1564 1234 1697 1305 quia
1722 1252 1853 1290 cum

242 1336 313 1376 eo
332 1320 581 1375 necdum
619 1327 764 1375 erat.
790 1320 947 1384 Quod
967 1319 1014 1374 si
1046 1320 1187 1375 forte
1214 1321 1459 1376 venisset
1473 1323 1542 1377 ad
1564 1323 1846 1379 Christum

237 1415 297 1464 et
334 1410 411 1465 ad
442 1409 765 1475 Ecclesiam,
789 1426 901 1464 non
930 1409 1065 1464 illud
1099 1411 1246 1481 quod
1278 1410 1520 1467 habebat
1540 1413 1836 1485 acciperet,

238 1498 343 1554 sed
366 1499 430 1553 in
463 1515 573 1569 quo
599 1497 897 1553 aberrabat
916 1498 976 1553 in
996 1515 1057 1553 se
1083 1499 1407 1569 corrigeret,
1431 1506 1489 1556 et
1533 1503 1681 1572 quod
1709 1519 1842 1558 nec-

229 1587 376 1643 dum
406 1586 654 1642 habebat
679 1588 971 1659 acciperet.
1007 1589 1203 1659 Neque
1251 1589 1400 1643 enim
1447 1590 1692 1645 Cornelii
1722 1608 1843 1647 ora-

1935 532 2171 581 utuntur
2197 527 2286 580 his
2314 527 2479 589 male,
2514 525 2619 580 sibi
2638 526 2864 596 quidem
2890 527 2961 580 ad
2981 527 3286 598 perniciem
3300 535 3358 584 et
3384 547 3521 586 con-

1931 615 2370 680 demnationem,
2412 614 2665 669 Ecclesia
2721 630 2851 669 vero
2896 615 2968 670 ad
3022 617 3429 673 testimonium.
3452 619 3524 675 Et

1930 703 2057 757 ideo
2087 704 2331 775 utrique,
2347 704 2477 757 licet
2503 703 2561 757 in
2583 702 2920 774 quibusdam
2939 721 3064 760 cum
3093 707 3210 761 Deo
3229 713 3380 774 sunt,
3395 723 3526 763 con-

1930 795 2022 845 tra
2047 791 2219 846 Deum
2277 808 2398 845 esse
2443 790 2752 862 probantur
2801 791 2955 847 intus
3006 793 3226 863 torisve,
3253 796 3386 867 quia
3411 812 3526 852 non

1933 881 2239 936 secundum
2259 881 2439 934 Deum
2467 885 2600 934 sunt
2626 885 2684 933 et
2708 879 3055 951 dispergunt.
3092 883 3358 955 Sequitur
3387 906 3399 939 :

2008 972 2132 1025 Ideo
2160 971 2280 1023 dico
2306 970 2473 1035 vobis,
2496 984 2655 1022 omne
2682 974 2966 1037 peccatum
2996 975 3045 1024 et
3073 973 3408 1042 blasphemia
3434 990 3527 1029 re-

1934 1061 2188 1113 mittetur
2210 1058 2543 1122 hominibus,
2576 1059 2810 1125 spiritus
2827 1063 3016 1113 autem
3041 1061 3383 1129 blasphemia
3411 1078 3526 1117 non

1933 1148 2248 1200 remittetur
2277 1145 2613 1198 hominibus.
2648 1144 2713 1198 Et
2739 1148 3052 1214 quicunque
3075 1148 3281 1201 dixerit
3301 1150 3530 1202 verbum

1935 1239 2130 1288 contra
2144 1235 2352 1288 Filium
2363 1233 2608 1286 hominis
2620 1235 2936 1287 remittetur
2951 1236 3005 1286 ei
3017 1253 3034 1298 ;
3064 1237 3163 1303 qui
3179 1239 3365 1290 autem
3378 1237 3535 1291 diate-

1933 1325 2011 1377 rit
2031 1328 2231 1378 contra
2252 1322 2534 1391 Spiritum
2555 1325 2950 1386 sanctum,non
2964 1325 3278 1377 remittetur
3290 1327 3538 1395 ei,neque

1932 1414 1993 1466 in
2006 1413 2103 1466 hoc
2121 1414 2333 1475 saeculo,
2354 1426 2524 1478 neque
2546 1411 2610 1463 in
2624 1410 2841 1477 futuro.
2860 1410 3020 1473 Quod
3049 1426 3185 1465 sane
3209 1412 3518 1484 capitulum

1924 1500 2387 1555 obscurissimum
2418 1514 2541 1553 esse
2561 1497 2763 1569 probat
2818 1498 3231 1569 praclarissimi
3275 1500 3519 1556 doctoris

1922 1589 2223 1660 Augustini
2267 1587 2579 1659 ingenium,
2612 1586 2682 1640 de
2736 1602 2847 1657 quo
2896 1587 2968 1641 ad
3015 1588 3285 1658 populum
3327 1589 3523 1645 multis

232 1676 444 1742 tiones,
500 1676 746 1731 hominis
798 1676 1044 1746 gentilis,
1092 1693 1204 1731 non
1243 1683 1375 1733 sunt
1418 1680 1712 1746 exaudita,
1754 1682 1839 1736 vel
1863 1680 1908 1740 Β
1930 1680 2300 1750 quastionum
2339 1675 2678 1731 declamavit
2715 1675 3033 1730 sententiis.
3066 1676 3133 1730 In
3176 1692 3288 1747 quo
3330 1693 3522 1748 repre-

229 1765 608 1837 eleemosyna
626 1782 741 1821 non
756 1771 889 1821 sunt
911 1772 1151 1837 accepta
1170 1767 1304 1835 (Act.
1329 1782 1382 1833 Χ,
1406 1766 1436 1824 3
1452 1767 1517 1835 l).
1534 1769 1653 1823 Imo
1667 1775 1723 1825 et
1738 1786 1842 1826 an-

226 1854 429 1925 gelum
460 1855 533 1909 ad
560 1872 619 1910 se
644 1855 878 1910 missum
909 1855 1118 1910 meruit
1142 1856 1387 1923 intueri;
1430 1858 1525 1912 sed
1558 1859 1691 1929 quia
1711 1876 1844 1930 pro-

226 1943 395 1998 desse
424 1943 514 1998 illi
535 1959 604 1998 ea
631 1960 742 1999 non
773 1950 1052 2017 poterant,
1083 1944 1190 1999 nisi
1218 1961 1319 2016 per
1345 1945 1629 2001 vinculum
1658 1949 1845 2004 Chris-

232 2031 407 2087 tiana
438 2032 726 2088 societatis
749 2040 804 2088 et
860 2034 1033 2105 pacis,
1063 2038 1129 2089 ut
1182 2035 1638 2105 incorporaretur
1667 2038 1846 2093 Eccle-

228 2119 349 2186 sia,
378 2119 621 2192 jubetur
638 2121 862 2177 mittere
886 2122 957 2176 ad
1005 2123 1255 2188 Petrum,
1283 2128 1561 2194 quatenus
1590 2141 1691 2195 per
1714 2141 1843 2179 eum

228 2208 415 2265 discat
445 2208 757 2277 Christum,
785 2218 844 2265 et
871 2228 972 2283 per
1000 2211 1373 2267 illum'etiam
1411 2212 1744 2285 baptizatus,
1784 2213 1844 2269 in

230 2299 523 2354 consortio
554 2316 727 2355 sacra
756 2300 1165 2355 communionis
1216 2308 1272 2356 et
1299 2302 1533 2356 unitatis
1584 2304 1844 2359 Ecclesia

232 2388 625 2459 colligeretur.
654 2388 920 2461 Alioquin
950 2390 997 2444 si
1018 2390 1194 2444 nollet
1210 2390 1419 2445 bonum
1444 2392 1591 2463 quod
1621 2409 1732 2447 non
1749 2393 1846 2447 ha-

230 2477 406 2532 bebat
436 2477 728 2533 societatis
756 2477 964 2533 Christi
987 2485 1044 2534 et
1094 2478 1352 2534 Ecclesia
1383 2481 1682 2553 suscipere,
1727 2481 1844 2536 dis-

234 2572 507 2638 pergeret
530 2566 591 2620 in
647 2583 756 2639 quo
785 2572 980 2622 contra
1027 2568 1312 2623 Christum
1358 2575 1498 2637 erat,
1538 2576 1844 2643 contraque

1927 1768 2175 1822 hendere
2202 1766 2392 1821 nullus
2419 1782 2533 1820 non
2559 1762 2743 1830 debet,
2763 1764 2811 1819 si
2831 1764 2969 1834 quid
2997 1764 3123 1835 pius
3148 1764 3309 1819 labor
3331 1772 3525 1822 noster

1926 1861 1985 1910 et
2008 1856 2305 1921 industria,
2332 1871 2397 1908 ex
2426 1853 2533 1919 his,
2557 1853 2707 1907 ultra
2726 1852 2939 1924 aliquid
2961 1852 3270 1924 pepererit;
3301 1858 3359 1909 et
3375 1854 3526 1924 quod

1926 1945 2166 2015 grandia
2204 1949 2263 1998 et
2312 1940 2660 1997 incredibilia
2683 1957 2954 1995 conamur
3003 1946 3201 1996 tenues
3249 1948 3307 1996 et
3337 1942 3526 2014 exigui

1928 2034 2118 2089 nullus
2147 2050 2249 2088 nos
2285 2031 2589 2102 despicere,
2623 2029 2888 2100 quoniam
2930 2045 3135 2099 magna
3181 2034 3315 2084 sunt
3334 2036 3393 2085 et
3410 2030 3528 2085 exi-

1926 2123 2041 2177 mia
2070 2139 2192 2194 qua
2221 2126 2550 2176 tractamus.
2579 2119 2740 2174 Unde
2762 2118 2811 2172 si
2831 2118 2956 2189 plus
2980 2118 3272 2185 audemus,
3303 2125 3361 2173 et
3387 2135 3527 2190 pra-

1926 2213 2201 2267 sumimus
2221 2227 2391 2284 quam
2421 2209 2569 2281 quod
2594 2224 2912 2281 possumus,
2936 2224 3123 2279 quaso
3141 2224 3213 2262 ne
3233 2208 3360 2280 quis
3386 2226 3526 2280 pra-

1922 2301 2133 2357 scribat
2160 2302 2373 2355 donum
2417 2297 2614 2371 gratia
2671 2297 3057 2361 interclusum,
3088 2298 3289 2352 saltem
3317 2297 3525 2354 bonum

1933 2391 2081 2463 quod
2105 2389 2380 2461 cupimus.
2431 2387 2709 2453 Quoniam
2755 2402 2868 2441 non
2897 2387 3080 2441 solum
3107 2385 3407 2442 obscurum
3439 2390 3528 2443 est

1926 2480 1996 2534 de
2029 2496 2139 2550 quo
2169 2478 2461 2550 quaeritur,
2499 2492 2694 2531 verum
2736 2476 2905 2530 etiam
2950 2475 3111 2531 valde
3162 2492 3526 2547 pernecessa-

1926 2569 2071 2624 rium
2103 2573 2168 2623 ut
2216 2566 2586 2637 intelligatur,
2623 2570 2682 2619 et
2707 2564 2866 2619 valde
2909 2560 3160 2619 terribile
3197 2581 3326 2620 cum
3355 2565 3527 2621 intel-

234 2658 360 2727 ejus
372 2656 686 2711 Ecclesium
702 2656 1031 2728 superbiens
1068 2656 1205 2712 foris
1230 2674 1296 2712 ex
1316 2675 1382 2713 eo
1401 2659 1549 2730 quod
1577 2642 1839 2715 habebat.
1923 2658 2129 2712 lectum
2146 2655 2318 2711 fuerit
2336 2655 2483 2726 quod
2506 2642 2712 2707 dicitur
2738 2670 2750 2705 :
2780 2653 2951 2708 Omne
2958 2658 3241 2722 peccatum
3265 2659 3315 2708 et
3342 2657 3526 2709 omnis

231 2744 488 2801 Videtur
499 2744 696 2817 itaque
711 2745 968 2801 Christus
983 2746 1041 2801 in
1064 2746 1167 2802 hac
1181 2748 1482 2815 sententia,
1497 2753 1555 2804 et
1583 2750 1842 2821 quiintus
1927 2748 2262 2816 blasphemia
2291 2746 2609 2817 remittetur
2632 2743 2970 2807 hominibus,
2990 2744 3090 2810 qui
3106 2745 3294 2797 autem
3314 2744 3526 2799 dixerit

233 2840 389 2903 sunt,
417 2841 480 2890 et
508 2835 608 2906 qui
638 2834 792 2901 foris,
825 2841 1093 2908 utrosque
1120 2842 1383 2908 tangere;
1417 2838 1464 2892 si
1497 2843 1597 2893 aut
1638 2838 1719 2893 illi
1748 2837 1845 2910 qui
1927 2840 2118 2891 contra
2132 2835 2411 2904 Spiritum
2428 2836 2704 2895 sanctum,
2731 2846 2843 2884 non
2858 2831 3175 2884 remittetur
3193 2832 3439 2900 ei,neque
3458 2834 3526 2887 in

235 2931 399 2979 extra
428 2929 569 2978 sunt
598 2924 878 2979 voluerint
906 2925 1141 2980 introire
1171 2942 1296 2980 cum
1341 2927 1585 2993 Christo,
1636 2927 1752 2983 sint
1782 2926 1841 2981 in
1922 2924 2019 2978 hoc
2047 2926 2255 2987 saeculo,
2290 2936 2459 2990 neque
2487 2922 2552 2974 in
2578 2921 2794 2987 futuro.
2830 2917 2985 2973 Solet
3032 2933 3278 2989 namque
3323 2934 3415 2973 res
3457 2935 3526 2974 ex

234 3012 489 3068 Ecclesia
508 3029 799 3084 unumque
812 3030 1019 3085 corpus
1048 3016 1224 3081 ﬁant;
1248 3022 1348 3070 aut
1378 3016 1425 3070 si
1454 3015 1535 3070 illi
1566 3017 1661 3088 qui
1691 3016 1903 3094 intusc
1924 3012 2221 3067 collatione
2241 3011 2615 3081 interpretum
2658 3007 2858 3062 melius
2891 3006 3149 3078 intelligi,
3191 3007 3334 3064 solet
3370 3013 3429 3064 et
3457 3025 3524 3064 ex

229 3108 364 3157 sunt
393 3118 465 3156 ac
492 3102 544 3156 si
577 3101 634 3156 in
655 3102 824 3158 domo
847 3104 967 3174 jam
996 3104 1211 3159 collecti
1240 3105 1524 3159 noluerint
1577 3106 1843 3176 colligere
1924 3100 2220 3157 sententiis
2248 3099 2554 3154 Doctorum
2578 3097 2806 3153 collatis.
2823 3096 3165 3167 deprehendi
3184 3096 3331 3168 quod
3359 3098 3517 3165 latet,

228 3207 359 3246 cum
386 3190 639 3258 Christo,
667 3196 725 3245 et
745 3208 1054 3263 aggregare
1081 3193 1337 3259 virtutes,
1370 3200 1435 3248 ut
1462 3193 1689 3249 stabiles
1719 3211 1842 3266 per-
1923 3196 1982 3246 et
2010 3196 2076 3245 ut
2093 3189 2317 3262 plenius
2346 3187 2802 3259 apprehendatur
2830 3186 2890 3239 in
2923 3185 3137 3257 Spiritu
3157 3195 3352 3241 sancto
3372 3187 3523 3258 quod

230 3286 508 3336 maneant
525 3280 765 3347 fundati,
789 3287 843 3336 et
873 3281 1214 3336 constabiliti
1230 3299 1400 3354 super
1427 3290 1664 3354 petram.
1696 3284 1841 3348 Quo-

228 3370 381 3424 niam
416 3370 519 3440 qui
549 3385 721 3441 super
743 3386 973 3424 arenam
1006 3371 1285 3426 adiﬁcant
1312 3372 1540 3427 domum
1571 3388 1752 3435 suam,
1782 3378 1840 3427 et

226 3458 624 3514 thesaurizant
662 3458 770 3513 sibi
815 3459 961 3514 iram
1015 3460 1075 3514 in
1130 3461 1220 3514 die
1248 3460 1364 3524 ira,
1420 3462 1526 3532 ipsi
1566 3478 1680 3516 non
1710 3478 1837 3516 cum

230 3548 461 3603 Christo
493 3552 857 3619 congregant,
895 3549 991 3619 qui
1019 3554 1105 3604 est
1131 3554 1310 3621 petra,
1344 3557 1408 3604 ut
1451 3549 1695 3605 habeant
1722 3556 1839 3605 sta-

228 3637 339 3692 bile
356 3637 817 3698 fundamentum,
851 3638 948 3695 sed
970 3638 1319 3710 dispergunt.
1354 3639 1497 3703 Quia
1526 3655 1651 3693 cum
1678 3640 1842 3693 ﬂave-

228 3725 306 3780 rit
334 3742 437 3781 eos
464 3730 668 3780 ventus
701 3730 757 3780 et
775 3731 1238 3798 aura,raptantur
1266 3728 1373 3781 huc
1390 3727 1653 3799 illucque,
1677 3728 1837 3798 quasi

1922 3284 2077 3351 patet
2100 3297 2112 3344 ;
2153 3278 2311 3333 unde
2331 3278 2481 3332 inter
2500 3293 2560 3331 se
2588 3274 3070 3346 Evangelistarum
3108 3276 3331 3331 collatio
3349 3291 3522 3348 quam

1921 3385 2066 3441 sape
2086 3367 2393 3440 pleniorem
2424 3365 2611 3421 reddit
2632 3364 3082 3434 intelligentiam,
3105 3371 3171 3420 ut
3200 3365 3522 3437 imprasen-

1920 3458 2129 3512 tiarum
2144 3458 2364 3511 Marcus
2378 3455 2475 3521 ait,
2516 3455 2611 3526 qui
2632 3469 2830 3508 causas
2848 3458 3022 3508 tanta
3048 3453 3148 3509 ira
3169 3454 3519 3511 manifestius

1923 3545 2196 3616 expressit
2230 3563 2241 3599 :
2279 3547 2422 3613 Quia
2448 3545 2720 3608 dicebant,
2736 3542 2941 3613 inquit,
2973 3558 3100 3597 eum
3118 3546 3385 3612 spiritum
3405 3547 3519 3599 im-

1922 3636 2201 3688 mundum
2250 3634 2444 3687 habere
2478 3632 2677 3701 (Marc.
2711 3646 2788 3696 ιιι,
2825 3628 2930 3699 30),
2967 3631 3114 3702 quod
3167 3636 3225 3686 et
3271 3648 3518 3703 prasens

1922 3722 2277 3791 Evangelista
2306 3737 2375 3776 ex
2391 3721 2587 3775 eadem
2604 3719 2953 3791 blasphemia
2980 3719 3125 3773 hanc
3138 3719 3327 3774 venire
3345 3721 3519 3775 inter-

228 3814 414 3885 pulvis
442 3820 577 3869 ante
606 3814 806 3868 faciem
836 3815 1007 3872 venti.
1035 3817 1104 3870 Et
1133 3816 1258 3870 ideo
1289 3816 1387 3886 qui
1414 3816 1549 3871 foris
1578 3822 1711 3871 sunt
1737 3833 1837 3872 seu
1919 3812 2245 3867 minationis
2276 3815 2464 3877 εδδ
2485 3808 2851 3873 occasionem,
2872 3807 2991 3862 suis
3011 3807 3513 3876 declaratindiciis,

228 3903 441 3974 pagani
473 3919 577 3958 seu
607 3903 874 3968 haretici,
899 3905 1030 3958 licet
1056 3904 1302 3959 habeant
1334 3912 1687 3960 sacramenta
1713 3906 1835 3975 Dei,
1921 3902 2053 3973 quia
2076 3899 2336 3955 dicebant
2380 3914 2509 3954 eum
2550 3897 2606 3950 in
2638 3894 2944 3951 Beelzebub
2972 3895 3283 3967 principem
3312 3895 3516 3952 damo-

228 3992 287 4047 in
319 3992 531 4064 quibus
559 3992 705 4047 forte
742 3992 979 4048 virtutes
1022 4000 1345 4065 operantur,
1378 4011 1488 4049 non
1542 4011 1671 4049 cum
1721 3995 1836 4049 Deo
1920 3991 2140 4045 niorum
2163 3989 2365 4060 ejicere
2384 3985 2678 4043 damonia.
2702 3984 2998 4051 Quoniam,
3021 3984 3166 4039 sicut
3191 3985 3346 4040 novit
3373 3986 3514 4041 ﬁdes

229 4089 384 4149 sunt,
415 4082 554 4153 quia
580 4081 640 4135 in
691 4082 933 4136 Ecclesia
974 4099 1087 4137 non
1116 4088 1266 4150 sunt,
1315 4100 1498 4154 neque
1524 4084 1584 4138 in
1611 4084 1829 4138 unitate
1912 4080 2206 4143 catholica,
2232 4078 2289 4132 in
2323 4077 2538 4149 Spiritu
2564 4080 2757 4130 sancto
2785 4074 2969 4129 omnis
3004 4073 3259 4129 remissio
3290 4075 3356 4129 ﬁt
3381 4089 3513 4146 pec-
3552 4098 3555 4099 ν

228 4171 384 4242 pacis
405 4187 512 4242 per
566 4170 837 4241 Spiritum
889 4177 1146 4226 sanctum
1192 4177 1589 4243 aggregantur,
1623 4173 1827 4227 idcirco
1918 4174 2192 4233 catorum,
2223 4167 2403 4221 omnis
2433 4164 2820 4220 sanctiﬁcatio.
2846 4164 2911 4219 In
2935 4179 3046 4235 quo
3076 4163 3223 4218 dono
3241 4163 3514 4219 virtutum

227 4259 505 4314 adversus
528 4259 706 4314 Deum
729 4265 880 4314 sunt.
914 4261 1251 4315 Similiteret
1276 4260 1371 4331 qui
1405 4261 1556 4315 intus
1583 4266 1715 4315 sunt
1734 4278 1835 4333 per
1918 4257 2109 4312 omnia
2129 4255 2588 4311 donanturdona.
2607 4254 2665 4309 Si
2682 4253 2808 4323 quis
2824 4268 2957 4323 ergo
2995 4252 3053 4306 in
3075 4267 3141 4306 eo
3156 4250 3512 4323 blasphema-

227 4354 653 4405 sacramentum
702 4348 964 4420 baptismi
1005 4350 1063 4404 in
1093 4350 1275 4403 domo.
1314 4365 1416 4403 nec
1445 4355 1633 4404 tamen
1656 4350 1835 4405 adiﬁ-
1860 4392 1902 4420 η
1924 4346 2156 4411 verit,in
2174 4362 2284 4417 quo
2302 4350 2437 4400 sunt
2468 4344 2585 4397 hac
2600 4341 2788 4397 omnia
2817 4340 3170 4413 perfectionis
3197 4356 3513 4397 sacramen-

228 4443 363 4492 cant
375 4454 551 4509 super
564 4443 943 4509 petram,qua
978 4438 1233 4493 Christus
1264 4444 1368 4503 est,
1387 4438 1719 4509 dispergunt
1746 4455 1835 4493 se-

226 4527 520 4599 metipsos,
554 4526 688 4597 quia
737 4528 959 4581 nollunt
984 4527 1243 4598 colligere
1272 4528 1330 4582 in
1360 4527 1578 4583 unitate
1607 4528 1833 4594 Christi,

228 4623 293 4670 ut
307 4616 431 4670 sint
455 4616 513 4669 in
527 4615 772 4670 Ecclesia
790 4617 910 4681 Dei,
932 4623 989 4670 et
1017 4616 1122 4687 ipsi
1144 4633 1318 4671 unum
1341 4617 1396 4671 in
1409 4622 1592 4683 θεία
1620 4618 1833 4689 Spiritu

226 4710 430 4759 sancto
475 4704 863 4775 concorporati
903 4713 960 4758 et
983 4705 1281 4759 coadunati
1309 4705 1366 4760 in
1397 4706 1614 4760 vinculo
1644 4707 1821 4777 pacis.

228 4794 380 4848 Hinc
400 4809 623 4865 quoque
670 4793 952 4864 colligitur
996 4794 1126 4848 hinc
1180 4795 1331 4859 inde,
1365 4795 1512 4866 quod
1538 4812 1831 4866 nunquam

226 4898 437 4955 corpus
459 4882 678 4937 Diai‘aoli
704 4898 831 4935 cum
860 4882 1081 4937 Christo
1105 4888 1210 4948 est,
1261 4900 1445 4955 neque
1473 4901 1600 4939 cum
1631 4901 1696 4940 eo
1716 4885 1849 4939 cola

223 4970 355 5041 ligit
387 4972 539 5026 intus
562 4970 788 5036 ferisve,
834 4971 1140 5026 secundum
1182 4972 1509 5028 interiorem
1546 4974 1828 5029 hominem

225 5060 326 5132 qui
346 5066 650 5115 renovatur
668 5060 738 5114 de
755 5060 846 5115 die
866 5060 925 5115 in
944 5060 1094 5116 diem
1115 5061 1173 5115 in
1191 5063 1538 5133 agnitionem
1557 5063 1826 5129 veritatis,

226 5154 285 5203 et
311 5152 674 5204 consociatur
701 5165 804 5221 per
830 5149 1162 5204 charitatem
1210 5151 1270 5206 in
1324 5151 1540 5206 unitate
1580 5152 1831 5223 corporis

227 5236 459 5294 Christi.
490 5238 643 5293 Licet
670 5236 943 5292 nonnulla
962 5247 1439 5294 sacramentorum
1461 5241 1561 5296 Dei
1587 5240 1832 5296 habeant

227 5326 521 5393 beneﬁcia,
556 5327 615 5381 in
646 5326 850 5397 quibus
878 5343 1005 5381 cum
1026 5328 1142 5382 Deo
1187 5328 1339 5383 intus
1368 5329 1567 5384 forisve
1595 5347 1714 5385 esse
1754 5330 1829 5383 vi-

1917 4440 1995 4501 ta,
2022 4435 2299 4506 quomodo
2337 4432 2601 4503 consequi
2624 4434 2811 4503 potest
2838 4429 3227 4485 remissionem
3253 4435 3511 4502 peccato-

1920 4524 2089 4578 rum?
2110 4526 2225 4579 Aut
2249 4522 2528 4594 quomodo
2552 4518 2994 4575 sanctiﬁcabitur
3020 4518 3091 4573 ab
3136 4518 3511 4576 immunditiis

1923 4613 2076 4666 suis?
2107 4613 2207 4665 Vel
2239 4610 2521 4682 quomodo
2576 4610 2787 4664 donum
2832 4608 3068 4679 accipiet
3102 4607 3349 4680 aliquod,
3378 4623 3510 4664 cum

1916 4700 2286 4755 exsecraverit
2304 4717 2432 4754 eum
2454 4700 2512 4753 in
2543 4715 2653 4771 quo
2674 4703 2807 4753 sunt
2834 4697 3025 4752 omnia
3037 4697 3185 4752 dona
3210 4697 3508 4755 virtutum?

1915 4790 2179 4854 Quamvis
2205 4789 2378 4860 igitur
2430 4789 2599 4843 Pater
2656 4788 2829 4842 donet
2882 4786 3251 4858 quodcunque
3273 4787 3504 4854 donum,

1915 4880 2082 4934 etiam
2108 4896 2167 4934 se
2199 4884 2255 4933 et
2284 4878 2511 4941 Filium,
2543 4877 2694 4948 quod
2725 4877 2912 4947 majus
2936 4880 3022 4930 est
3040 4875 3299 4932 omnibus
3324 4876 3507 4944 donis,

1912 4968 2137 5024 nonnisi
2169 4969 2227 5023 in
2254 4966 2467 5039 Spiritu
2497 4972 2691 5021 sancto
2711 4966 2882 5021 donat
2906 4966 3076 5021 Pater
3092 4970 3149 5020 et
3176 4965 3509 5038 Filius,quia

1912 5059 2031 5129 ipse
2061 5058 2358 5113 amborum
2390 5062 2476 5111 est
2502 5055 2882 5110 donum.Cum
2895 5059 3085 5111 autem
3101 5054 3222 5126 ipse
3241 5054 3503 5121 donatur,

1912 5164 2041 5202 vere
2071 5146 2344 5218 quidquid
2376 5150 2726 5200 contractum
2752 5149 2854 5211 est,
2899 5149 2964 5199 ut
2990 5144 3070 5198 ita
3096 5144 3293 5209 fatear,
3312 5147 3507 5199 contra

1913 5238 2139 5291 Patrem
2161 5242 2218 5291 et
2237 5235 2463 5301 Filium,
2484 5233 2834 5305 blasphemia
2852 5230 2939 5287 vel
2955 5238 3246 5305 peccatum
3267 5232 3327 5288 in
3347 5248 3412 5287 eo
3422 5249 3507 5288 re-

1911 5326 2176 5393 mittitur,
2198 5326 2256 5379 in
2282 5341 2392 5396 quo
2412 5324 2592 5379 omnis
2612 5322 2869 5378 remissio
2883 5322 3081 5389 datur;
3112 5322 3195 5376 vel
3219 5321 3277 5377 in
3307 5338 3372 5378 eo
3404 5338 3507 5379 ne-

227 5414 491 5482 deantur,
517 5420 713 5469 tamen
762 5416 1090 5470 Antichristi
1116 5418 1247 5486 jure
1285 5417 1568 5485 dicuntur,
1608 5419 1740 5490 quia
1769 5418 1826 5474 in
1907 5422 2078 5488 gatur
2096 5416 2216 5486 ipsa
2229 5415 2484 5470 remissio
2499 5414 2731 5487 peccati,
2749 5418 2808 5469 et
2834 5411 3180 5485 blasphemia
3207 5412 3507 5469 teneturin

227 5502 430 5557 multis
455 5509 653 5559 contra
703 5520 831 5559 eum
888 5520 1011 5559 esse
1052 5504 1381 5578 probantur,
1420 5508 1674 5579 quamvis
1711 5525 1824 5563 non

1911 5503 2160 5568 crimine,
2194 5505 2326 5558 dum
2356 5505 2475 5576 ipse
2502 5504 2857 5576 blasphemat
2883 5503 2943 5558 in
2974 5518 3085 5575 quo
3097 5501 3283 5557 Patris
3306 5506 3365 5557 et
3377 5499 3506 5556 Filii

227 5597 431 5649 contra
452 5592 774 5661 Eeclesiam,
804 5594 903 5650 sed
929 5610 1030 5667 pro
1054 5594 1301 5651 Ecclesia
1335 5595 1449 5652 sint
1493 5596 1553 5652 in
1581 5612 1647 5653 eo
1676 5598 1825 5669 quod
1909 5592 2097 5651 omnia
2129 5599 2261 5650 sunt
2288 5594 2454 5650 dona.
2480 5593 2917 5661 Quodato,Deus
2932 5597 3053 5648 tota
3065 5590 3311 5648 Trinitas
3338 5586 3504 5643 habe-
