3918 6176
369 317 467 375 471

1137 318 1198 372 S.
1236 315 1613 370 PASUIIASII
1653 311 2010 368 RADBERTI
2050 307 2350 362 ABBATIS
2387 297 2878 362 CORBEIENSIS.

3521 307 3618 363 4ῖὲ

368 445 483 506 tur,
513 439 779 506 creditur,
815 445 873 496 et
902 444 1143 494 amatur.
1177 439 1297 502 Quo
1325 440 1547 504 negato,
1585 434 1802 487 nullum
1829 449 1957 504 pec-
1973 434 2022 492 A
2043 429 2260 484 veniam
2293 426 2616 492 merebitur,
2641 427 2735 496 qui
2764 427 2834 480 ab
2865 428 3250 494 intercessore,
3285 436 3342 483 et
3381 432 3618 485 sanctiﬁ-

364 506 561 584 'catum
590 530 856 601 nullaque
911 525 1262 598 blasphemia
1298 523 1627 584 remittitur,
1667 522 1802 576 dum
1839 522 1960 592 ipse
2041 523 2248 582 catore,
2272 516 2329 570 id
2357 521 2461 577 est,
2493 533 2526 569 a
2559 515 2768 587 Spiritu
2797 524 2990 570 sancto
3019 517 3317 584 deseritur,
3333 519 3523 589 quiest
3539 537 3624 574 re-

374 615 814 688 blasphematur,
847 621 904 672 et
930 617 1122 672 dicunt
1159 615 1282 684 ejus
1308 627 1479 682 Opera
1517 627 1640 664 esse
1694 609 1961 681 principis
2042 605 2234 660 missio
2263 604 2514 658 omnium
2537 611 2909 675 peccatorum.
2937 605 3095 660 Unde
3118 613 3205 660 est
3221 607 3372 678 quod
3395 607 3623 664 dicitur:

376 704 800 771 daemoniorum,
824 705 882 760 in
913 719 1024 774 quo
1048 700 1235 772 gratia
1261 699 1522 766 donatur,
1562 703 1620 752 et
1649 697 1833 752 omnis
1859 697 1962 750 im-
2041 695 2282 762 Accipite
2311 694 2585 762 Spiritum
2602 697 2855 746 sanctum
2879 712 2896 757 ;
2927 710 3166 762 quorum
3183 699 3508 750 rcmiseritis
3520 714 3630 766 pec-

379 793 671 864 poznitudo
697 792 880 848 cordis
908 790 1160 846 solvitur.
1178 787 1338 843 Unde
1365 791 1592 841 sanctus
1605 791 1766 858 pater
1777 787 1966 856 Augu-

373 882 556 936 stinus
612 888 740 954 post
783 883 1118 951 argumenta
1156 877 1312 931 varia
1354 893 1563 942 rerum,
1596 879 1724 947 post
1770 891 1966 930 omnes

373 971 782 1042 propositiones
837 967 1275 1040 Scripturarum,
1319 969 1448 1036 post
1511 964 1964 1036 syllogismorum

373 1057 698 1113 acutissima
715 1056 1146 1128 epicheremata,
1169 1057 1298 1126 post
1310 1051 1753 1107 introductiones
1769 1052 1967 1106 deﬁni—

373 1146 592 1202 tionum
623 1145 946 1210 latissimas,
983 1143 1226 1215 Spiritus
1244 1141 1422 1196 sancti
1441 1140 1844 1212 blasphemiam
1864 1141 1965 1195 im.

375 1233 786 1306 paenitudinem
811 1231 994 1288 cordis
1018 1247 1140 1286 esse
1167 1229 1323 1284 dixit.
1343 1229 1616 1294 Quoniam
1639 1229 1784 1284 sicut
1800 1246 1966 1284 nemo

374 1322 482 1378 nisi
501 1323 559 1378 in
583 1322 796 1394 Spiritu
825 1326 1017 1376 sancto
1045 1319 1348 1375 Dominum
1385 1319 1576 1372 Jesum
1601 1318 1751 1384 dicit,
1784 1335 1966 1389 neque

372 1428 502 1467 eum
516 1410 780 1482 operibus
801 1409 1000 1464 salutis
1031 1407 1287 1463 conﬁteri
1319 1406 1426 1462 nisi
1453 1406 1511 1460 in
1537 1423 1603 1461 eo
1627 1412 1812 1478 potest
1835 1407 1860 1460 Ἰ
1889 1407 1966 1462 ita

374 1516 478 1556 nec
497 1499 769 1572 poenitere
795 1515 830 1552 a
857 1497 1119 1570 peccatis,
1165 1502 1222 1550 et
1247 1495 1610 1567 blasphemiis
1633 1511 1851 1550 cessare
1869 1512 1964 1550 va-

374 1589 471 1644 let.
496 1588 718 1652 Quanto
740 1587 920 1658 magis
935 1587 1033 1658 qui
1049 1584 1624 1654 manifesteintelligit
1643 1601 1814 1656 opera
1843 1584 1962 1652 Dei,

373 1693 500 1732 cum
530 1677 600 1731 de
613 1675 820 1731 virtute
834 1691 1040 1746 negare
1059 1690 1174 1728 non
1197 1677 1402 1745 potest,
1426 1673 1701 1728 diabolica
1718 1673 1965 1728 stimula-

2045 787 2186 849 cata,
2205 785 2576 836 remittuntur
2593 784 2668 835 eis
2679 800 2697 846 ;
2719 786 2768 836 et
2782 797 3019 851 quorum
3040 787 3406 849 retinueritis,
3427 789 3630 840 retenta

2046 876 2214 925 erunt
2240 871 2422 938 (Joan.
2463 887 2553 933 xx,
2600 867 2712 940 23).
2765 870 2830 924 In
2855 886 2965 941 quo
3002 871 3177 942 igitur
3219 878 3386 944 putas
3426 874 3631 929 remitti

2045 964 2292 1030 peccata,
2315 975 2444 1013 cum
2472 959 2742 1030 accipitur
2754 959 2934 1026 venia,
2960 960 3069 1014 nisi
3098 961 3157 1014 in
3187 961 3401 1032 Spiritu
3424 968 3630 1027 sancto,

2047 1048 2141 1119 qui
2165 1049 2334 1102 datur
2359 1047 2734 1113 credentibus,
2763 1048 3028 1118 quoniam
3058 1048 3241 1103 Patris
3267 1055 3324 1104 et
3365 1050 3491 1104 Filii
3511 1055 3632 1119 est;

2047 1138 2152 1191 hoc
2183 1153 2357 1192 unum
2385 1137 2661 1208 optimum
2709 1140 2768 1191 et
2823 1137 3294 1208 pertectissimum
3321 1138 3532 1192 donum
3581 1139 3637 1194 in

2049 1243 2158 1297 quo
2187 1227 2469 1281 donantur
2493 1225 2711 1297 reliqua
2738 1226 2901 1291 dona,
2938 1243 3048 1297 quo
3072 1232 3294 1296 negato,
3320 1233 3559 1297 negatur
3586 1232 3642 1282 et

2046 1315 2228 1380 venia,
2260 1332 2385 1386 quae
2404 1314 2675 1386 accipitur
2697 1315 2755 1369 in
2780 1331 2910 1369 vera
2945 1315 3189 1386 Spiritus
3218 1315 3399 1369 sancti
3427 1315 3642 1370 confes-

2048 1405 2224 1458 sione.
2251 1403 2528 1468 Quoniam
2566 1419 2762 1458 omnes
2779 1404 2876 1476 qui
2900 1421 3030 1458 vere
3049 1404 3106 1458 in
3133 1405 3322 1458 Jesum
3358 1404 3642 1459 Christum

2049 1492 2520 1560 credunt,habent
2531 1493 2803 1564 Spiritum
2826 1499 3080 1548 sanctum
3097 1509 3200 1564 per
3213 1509 3382 1564 quem
3402 1493 3646 1548 Charitas

2047 1581 2150 1638 Dei
2192 1581 2376 1636 Patris
2421 1587 2477 1635 et
2528 1581 2656 1636 Filii
2706 1581 2909 1636 diffusa
2937 1586 3024 1635 est
3049 1581 3107 1636 in
3128 1581 3389 1636 cordibus
3412 1583 3646 1636 creden-

2047 1671 2212 1737 tium,
2231 1687 2354 1741 quae
2370 1669 2552 1741 operit
2580 1670 2998 1724 multitudinem
3022 1677 3400 1741 peccatorum.
3427 1670 3649 1726 Habent

375 1770 468 1819 tus
496 1763 722 1829 invidia,
756 1763 1134 1819 calumniatur
1163 1761 1450 1818 Christum
1479 1761 1580 1816 Dei
1617 1760 1882 1828 Verbum,
1914 1749 2032 1816 etB
2051 1765 2110 1814 et
2129 1759 2370 1830 gratiam
2404 1759 2721 1812 rcmittendi
2744 1763 3385 1830 peccata,verumtamen
3405 1776 3519 1814 non
3539 1760 3649 1814 nisi

377 1869 548 1925 opera
575 1852 818 1924 Spiritus
847 1851 1027 1907 sancti
1048 1868 1172 1906 esse
1193 1848 1520 1906 Beelzebub.
1545 1851 1672 1905 Non
1697 1850 1844 1922 quod
1857 1866 1969 1905 non

374 1941 701 1996 remittatur
728 1941 809 1996 eis
836 1939 966 1995 talis
988 1939 1339 2011 blasphemia
1358 1938 1406 1992 si
1425 1944 1607 1992 cesset
1623 1937 1974 2010 blasphema-

377 2047 458 2098 re,
487 2030 841 2102 perfecteque
869 2028 1110 2084 voluerit
1137 2027 1430 2100 poenitere,
1479 2031 1536 2082 et
1562 2027 1815 2082 conﬁteri
1843 2043 1972 2082 eum

375 2119 498 2175 sine
522 2135 633 2190 quo
661 2135 828 2174 nemo
856 2117 992 2172 dicit
1020 2116 1324 2172 Dominum
1365 2117 1576 2170 Jesum.
1610 2115 1886 2179 Quoniam
1915 2115 1974 2168 in

375 2208 498 2280 ipso
526 2207 811 2263 Christum
853 2205 1157 2260 Dominum
1203 2204 1478 2270 conﬁteri,
1518 2203 1696 2274 magis
1740 2204 1972 2259 laudare

374 2302 482 2363 est,
514 2301 572 2352 et
596 2293 850 2350 venerari
873 2309 1039 2364 quam
1071 2293 1480 2364 blasphemare.
1517 2291 1676 2356 Quod
1705 2292 1971 2346 delictum

373 2383 907 2456 blasphemiaajuxta
925 2380 1412 2452 imposnitudinem
1425 2381 1838 2446 cordis,talibus
1861 2398 1972 2436 non

375 2471 700 2538 dimittitur,
735 2487 920 2542 neque
947 2470 1005 2524 in
1036 2469 1298 2541 praesenti
1321 2471 1546 2535 saeculo,
1591 2487 1774 2542 neque
1803 2471 1860 2525 in
1885 2471 1972 2524 fu-

372 2567 502 2618 turo
525 2580 540 2630 ;
564 2577 806 2633 quorum
832 2575 937 2615 nec
965 2559 1200 2614 audacia
1235 2559 1409 2614 tantis
1449 2559 1752 2614 revincitur
1783 2560 1970 2628 minis,

375 2667 479 2706 nec
508 2649 860 2722 impudentia
889 2648 1063 2704 tantis
1091 2653 1392 2720 superatur
1419 2647 1710 2718 doctrinis,
1727 2648 1976 2704 necﬁdes

377 2741 513 2812 (qua
525 2739 774 2795 sanctius
788 2738 929 2794 nihil
949 2735 1232 2809 est)tantis
1252 2737 1553 2793 instruitur
1571 2738 1772 2792 divinis
1786 2743 1978 2804 559

377 2828 633 2901 eloquiis.
683 2826 946 2883 Exercuit
973 2842 1106 2896 ergo
1146 2826 1404 2880 Christus
1434 2831 1628 2881 contra
1657 2843 1750 2881 eos
1784 2829 1868 2892 (ut
1897 2827 1976 2881 ita

385 2919 600 2986 dicam)
622 2916 892 2971 orationis
919 2932 1034 2970 suae
1050 2920 1404 2984 argumenta,
1427 2915 1508 2968 ita
1543 2915 1780 2969 divinita
1809 2915 1976 2986 obpa-

385 3011 514 3060 cata
522 3004 724 3070 verbis,
737 3010 802 3058 ut
820 3005 972 3058 intus
993 3003 1114 3057 luce
1125 3002 1330 3056 clarius
1347 3003 1644 3057 exhibeant
1658 3002 1947 3057 veritatem
1957 3043 1970 3070 ,

2053 1849 2110 1902 in
2134 1848 2330 1902 eodem
2358 1851 2552 1912 530
2574 1846 2807 1918 Spiritu,
2831 1847 2888 1900 in
2910 1863 3020 1918 quo
3045 1853 3132 1902 est
3149 1864 3314 1902 omne
3330 1848 3563 1914 donum,
3595 1854 3653 1902 et

2055 1937 2236 1992 omnis
2263 1935 2448 2007 gratia
2477 1935 2668 2002 etiam,
2691 1941 2756 1990 ut.
2783 1953 2930 2007 saepe
2959 1935 3169 1991 dictum
3189 1941 3293 1997 est,
3312 1941 3369 1990 et
3395 1937 3653 1992 remissio

2055 2025 2306 2081 omnium
2333 2029 2708 2097 peccatorum.
2743 2025 2812 2079 Et
2823 2025 2955 2096 quia
2980 2042 3081 2096 per
3103 2030 3406 2096 angustum
3429 2026 3654 2098 clepsy-

2055 2115 2168 2168 drae
2181 2125 2429 2170 meatum
2448 2112 2739 2168 inﬂuentis
2758 2131 2916 2185 aquae
2941 2115 3186 2186 pondere
3201 2114 3442 2168 cmlestis
3464 2114 3655 2170 minus

2054 2203 2356 2274 replemur,
2389 2203 2688 2274 minusque
2717 2203 2932 2258 suﬁ'usa
2980 2220 3139 2258 mens
3195 2203 3438 2276 Spiritus
3475 2204 3658 2258 sancti

2052 2291 2254 2362 gratia,
2287 2293 2353 2345 ad
2387 2309 2453 2346 ea
2473 2292 2626 2346 intus
2655 2291 2985 2364 prolabitur,
3004 2293 3211 2347 idcirco
3239 2293 3658 2348 circumductas

2053 2381 2232 2435 lineas
2279 2381 2478 2435 divinae
2531 2381 2940 2452 intelligentiae,
2971 2397 3110 2453 quas
3154 2381 3386 2452 spiritus
3415 2382 3517 2436 Dei
3559 2399 3662 2454 per

2056 2469 2248 2524 beatos
2298 2470 2683 2540 Evangelistas
2731 2471 3048 2525 modiﬁcate
3097 2470 3369 2545 distinxit,
3402 2472 3656 2541 segnius,

2050 2559 2170 2629 jam
2199 2559 2488 2613 fatiscente
2515 2559 2690 2626 senio,
2723 2559 2977 2630 cymbalo
3001 2559 3208 2629 linguae
3244 2575 3562 2614 monemur.
3588 2561 3660 2615 Et

2057 2647 2182 2701 ideo
2231 2648 2303 2702 ad
2347 2647 2576 2702 beatum
2605 2648 2982 2719 Augustinum
3041 2654 3100 2702 et
3144 2648 3212 2702 ad
3245 2647 3386 2702 alios
3427 2654 3658 2704 sanctos

2057 2737 2344 2796 Doctores,
2372 2737 2634 2791 lectorem
2669 2754 2852 2792 meum
2881 2736 3071 2808 paucis
3099 2736 3416 2808 fatigatum,
3439 2753 3542 2791 nec
3576 2742 3661 2792 ta-

2056 2842 2187 2879 men
2225 2826 2356 2895 jure
2399 2825 2767 2890 fastidiosum,
2827 2826 3071 2891 remitto,
3105 2826 3200 2897 qui
3246 2825 3316 2880 de
3350 2825 3457 2879 hoc
3486 2842 3660 2897 opere

2056 2915 2282 2986 propria
2313 2913 2538 2968 edidere
2567 2915 2850 2985 opuscula.
2881 2914 3112 2969 Interim
3146 2921 3336 2968 tamen
3360 2914 3504 2968 scire
3527 2931 3660 2970 con-

2057 3003 2226 3069 venit,
2247 3020 2373 3057 cum
2404 3002 2572 3057 dicit:
2610 3005 2762 3070 Quod
2786 3005 3120 3072 blasphemia
3159 3003 3404 3073 Spiritus
3447 3007 3654 3072 sancti,

382 3093 519 3147 foris
547 3107 660 3146 non
681 3107 811 3144 vero
841 3089 1283 3158 intelligentibus
1321 3091 1562 3144 afferant
1589 3091 2033 3162 otfensionem.C
2059 3106 2229 3160 neque
2275 3094 2338 3144 in
2381 3093 2477 3145 hoc
2524 3095 2732 3156 sa’culo,
2769 3109 2937 3160 neque
2987 3095 3050 3146 in
3098 3094 3294 3159 futuro
3341 3095 3658 3146 remittitur

385 3178 900 3248 Quoniam,inquit,
933 3193 1100 3231 omne
1126 3182 1413 3248 peccatum
1443 3183 1500 3232 ct
1517 3177 1864 3250 blasphemia
1893 3196 1976 3234 re-

380 3267 638 3323 mittetur
663 3264 1002 3331 hominibus,
1033 3265 1080 3318 si
1101 3265 1343 3336 Spiritus
1370 3265 1718 3338 blasphemia
1741 3284 1836 3322 eos
1864 3285 1976 3323 non

377 3355 627 3412 tenuerit
637 3354 973 3410 reos.Etiam
988 3353 1304 3424 quicunque
1321 3354 1523 3409 dixerit
1540 3355 1768 3410 verbum
1781 3363 1980 3412 contra

382 3444 558 3500 ﬁlium
588 3443 854 3511 hominis,
877 3443 1201 3498 remittetur
1235 3443 1304 3496 ei.
1353 3446 1436 3498 Ac
1463 3443 1510 3498 si
1533 3444 1746 3500 diceret
1776 3464 1787 3498 :
1819 3445 1978 3510 Quod

384 3534 432 3590 si
457 3531 864 3588 scandalizatus
885 3531 1088 3604 aliquis
1118 3531 1176 3586 in
1207 3548 1374 3588 carne
1413 3549 1539 3588 mea
1580 3533 1770 3602 fuerit,
1803 3541 1861 3589 et
1891 3552 1978 3590 me

381 3627 606 3678 tantum
635 3621 920 3678 hominem
951 3621 1276 3690 arbitratus,
1309 3621 1457 3694 quod
1487 3623 1636 3678 ﬁlius
1677 3623 1782 3678 sim
1813 3623 1975 3691 fabri,

383 3713 554 3768 homo
579 3715 824 3776 vorator,
857 3716 915 3767 et
945 3711 1056 3766 vini
1078 3715 1318 3783 potator,
1343 3711 1693 3784 habeamque
1739 3712 1938 3767 fratres
1963 3731 1976 3782 ;

381 3801 511 3858 talis
532 3801 720 3874 opinio
734 3807 904 3873 atque
929 3801 1296 3872 blaSphemia,
1320 3818 1644 3872 quanquam
1673 3802 1839 3873 culpa
1868 3819 1980 3858 non

381 3896 572 3946 careat
589 3891 816 3958 erroris,
835 3897 1027 3946 tamen
1063 3890 1206 3946 forte
1226 3889 1396 3945 habet
1411 3891 1648 3946 veniam.
1673 3891 1798 3945 Non
1830 3891 1979 3962 quod

383 3980 434 4036 si
462 3981 975 4053 perseveraveritin
1003 3980 1107 4034 hac
1138 3979 1268 4034 ﬁdei
1299 3978 1665 4051 blasphemia,
1691 3979 1788 4034 sed
1817 3979 1865 4034 si
1888 3995 1981 4034 re-

383 4071 592 4142 ceperit
622 4069 1024 4125 confessionem
1057 4085 1120 4123 ac
1149 4067 1554 4138 paenitudinem
1580 4069 1783 4136 cordis,
1810 4086 1880 4124 ne
1903 4068 1980 4122 vi-

381 4158 583 4212 deatur
609 4156 1002 4228 blasphemare
1030 4156 1087 4210 in
1117 4156 1328 4227 Spiritu
1362 4161 1576 4223 sancto,
1610 4173 1674 4211 ex
1715 4174 1824 4229 quo
1846 4173 1980 4212 con-

388 4250 584 4316 ceptus
609 4250 698 4300 est
733 4244 1008 4300 Christus.
1045 4243 1310 4316 Alioquin
1360 4245 1638 4316 quomodo
1668 4246 1836 4301 etiam
1866 4247 1980 4301 hae-

2062 3180 2270 3248 (Matth.
2307 3194 2408 3245 xu,
2435 3177 2544 3249 3'2),
2579 3180 2710 3251 quia
2748 3185 2880 3234 sunt
2905 3181 3092 3252 aliqua
3121 3185 3350 3252 peccata
3378 3198 3502 3252 quae
3533 3186 3666 3252 post

2059 3269 2203 3322 hanc
2231 3269 2400 3322 vitam
2433 3269 2491 3323 in
2528 3269 2718 3324 futuro
2749 3269 2948 3324 sarculo
2989 3270 3384 3336 remittantur;
3420 3276 3522 3325 aut
3561 3287 3667 3342 per

2061 3357 2245 3428 ignem
2265 3357 2672 3428 purgatorium.
2702 3365 2767 3412 ut
2792 3359 2970 3423 aiunt,
3003 3364 3104 3413 aut
3129 3376 3231 3430 per
3259 3359 3570 3414 oblationes
3607 3365 3668 3414 et

2061 3463 2270 3518 preces,
2301 3463 2366 3501 ac
2418 3451 2550 3500 vota
2603 3446 2873 3501 ﬁdelium.
2901 3448 3143 3502 Tantum
3193 3464 3263 3502 ne
3310 3447 3668 3519 blasphemia

2062 3534 2304 3606 Spiritus
2348 3535 2527 3589 sancti
2583 3553 2678 3589 eos
2733 3535 2940 3601 inurat,
2988 3542 3054 3590 ut
3107 3536 3410 3590 Dominum
3467 3537 3669 3591 Jesum

2062 3624 2120 3678 in
2152 3624 2362 3695 Spiritu
2396 3629 2590 3678 sancto
2642 3641 2752 3695 quo
2802 3625 3048 3696 repletus
3089 3630 3192 3690 est,
3221 3625 3506 3695 abnegent
3533 3643 3671 3697 ope-

2063 3713 2194 3769 rari.
2223 3713 2366 3777 Quia
2387 3729 2514 3766 cum
2543 3718 2744 3768 caetera
2771 3720 2929 3784 gesta
2943 3713 3203 3784 dictaque
3235 3714 3476 3785 Spiritus
3507 3731 3672 3770 sanc-

2061 3802 2106 3856 ti
2161 3801 2322 3855 venia
2379 3801 2720 3868 relaxentur,
2780 3808 2932 3856 caret
2984 3803 3369 3857 misericordia
3407 3803 3672 3874 quisquis

2062 3907 2162 3962 per
2189 3891 2334 3944 hanc
2363 3889 2631 3944 duritiam
2662 3899 2718 3944 et
2768 3891 3252 3962 impcenitudinem
3285 3891 3486 3957 cordis,
3515 3893 3674 3963 quod

2061 3981 2211 4034 Deus
2239 3979 2294 4034 in
2320 3979 2544 4034 Christo
2574 3980 2670 4048 sit,
2701 3981 3008 4050 nt‘igaverit.
3044 3981 3188 4045 Quid
3227 3987 3346 4036 tam
3391 3986 3550 4035 extra
3579 3998 3674 4036 ve-

2061 4068 2214 4124 niam
2240 4085 2406 4140 quam
2444 4086 2552 4123 non
2576 4069 2756 4124 solum
2790 4086 2994 4140 negare
3025 4070 3310 4125 Christum
3333 4069 3478 4141 quod
3517 4071 3674 4125 Deus

2065 4159 2157 4225 sit,
2207 4175 2402 4214 verum
2459 4157 2630 4214 etiam
2683 4157 3074 4230 blasphemare
3105 4160 3252 4230 quod
3310 4158 3512 4231 spiritu
3565 4159 3676 4214 im-

2065 4249 2275 4302 mundo
2325 4253 2543 4318 agatur,
2593 4254 2650 4302 et
2693 4248 3112 4303 consistentiam
3165 4249 3385 4320 paterni
3435 4247 3675 4320 spiritus

385 4333 588 4388 reticos
617 4338 744 4404 post
771 4330 1176 4404 blasphemiam
1214 4332 1456 4404 Spiritus
1483 4333 1661 4388 sancti
1695 4335 2336 4436 episcoposDadimere,
2369 4338 2428 4392 in
2468 4353 2578 4408 quo
2633 4341 2691 4391 et
2729 4354 2830 4408 per
2873 4353 3039 4408 quem
3095 4337 3278 4392 omnis
3317 4337 3676 4408 blasphemia

383 4421 596 4478 scilicet
613 4439 678 4478 ac
703 4421 1060 4495 presbyteros
1113 4421 1339 4493 quidam
1392 4423 1451 4475 in
1515 4438 1680 4476 suum
1711 4423 1983 4494 recipient
2004 4421 2046 4436 υ
2075 4442 2351 4496 omneque
2381 4431 2668 4496 peccatum
2698 4426 2998 4480 relaxatur.
3027 4426 3148 4490 Quo
3179 4425 3475 4496 abnegato,
3501 4443 3674 4482 omne

384 4511 646 4582 gradum,
670 4527 886 4566 necnon
921 4517 978 4564 et
997 4526 1191 4566 omnes
1217 4509 1669 4582 blasphemantes
1699 4511 1769 4566 ad
1801 4513 1981 4584 poeni-

388 4599 642 4656 tentiam.
669 4599 829 4654 Unde
874 4597 1234 4653 manifestum
1264 4605 1366 4665 est,
1401 4603 1756 4670 peccatorum
1787 4601 1986 4654 remis-

388 4688 623 4754 sionem,
649 4704 936 4759 nunquam
962 4687 1082 4742 sine
1113 4687 1354 4759 Spiritus
1387 4688 1563 4742 sancti
1609 4689 1977 4756 confessione,

389 4793 676 4849 nunquam
708 4777 828 4832 sine
859 4776 1221 4832 advocatione
1271 4779 1393 4848 ejus
1441 4777 1562 4832 ﬁeri
1594 4796 1606 4846 ;
1656 4794 1837 4848 neque
1865 4779 1986 4832 sine

387 4866 484 4922 illo
515 4881 876 4938 quemquam,
901 4873 965 4920 ut
977 4866 1217 4938 expedit,
1235 4866 1624 4938 ingemiscere,
1651 4883 1830 4938 ncque
1843 4867 1989 4921 sicut

389 4961 630 5028 oportet,
654 4971 816 5010 orare
841 4971 942 5026 per
962 4970 1040 5018 se,
1075 4954 1293 5010 dicente
1318 4956 1584 5026 Apostolo
1615 4975 1631 5009 :
1667 4957 1810 5023 Quid
1835 4959 1986 5009 enim.

387 5061 604 5099 oremus
623 5047 765 5098 sicut
794 5048 1020 5113 oportet,
1041 5046 1329 5108 nescimus,
1355 5047 1447 5099 scd
1473 5049 1584 5114 ipse
1602 5047 1850 5114 Spiritus
1866 5061 1990 5114 1703-

387 5137 530 5188 tutut
543 5149 645 5202 pro
663 5135 815 5187 nobis
838 5135 1130 5201 gemitibus
1156 5127 1632 5188 imumrrdbitibus
1655 5136 1813 5204 (Rom
1829 5177 1840 5190 .
1862 5149 1980 5201 \‘lll,

385 5219 496 5282 ‘36).
525 5223 691 5287 Nam,
719 5221 863 5276 sicut
891 5221 1030 5287 dixi,
1063 5223 1229 5274 .i'cmo
1267 5227 1431 5288 potest
1471 5225 1650 5277 dicere
1680 5225 1983 5277 Dominum

381 5314 569 5366 Jcsum
601 5314 714 5367 nisi
771 5314 832 5364 in
871 5311 1086 5380 Spiritu
1135 5314 1322 5363 sancto
1349 5312 1544 5372 (l'Cur.
1579 5326 1674 5376 xu,
1706 5311 1786 5380 3);
1831 5311 1978 5383 quod

385 5417 672 5466 evacuare,
699 5406 756 5456 et
783 5399 966 5454 dicere
1005 5397 1062 5452 in
1093 5397 1399 5452 Beelzebub
1443 5398 1641 5467 ejicere
1679 5401 1974 5468 daemonia,

389 5491 469 5544 Vel
499 5491 554 5546 in
583 5507 648 5546 eo
677 5487 898 5562 operari
928 5505 1051 5560 quas
1098 5486 1285 5542 divina
1313 5491 1461 5552 sunt,
1505 5488 1672 5544 nimis
1699 5490 1976 5546 exitiabile

389 5584 491 5648 est,
545 5579 823 5652 nimisque
878 5576 1248 5634 mortiferum.
1305 5576 1658 5648 Quapropter
1689 5595 1976 5650 nunquam

2072 4521 2358 4585 peccatum
2389 4520 2630 4570 tenetur.
2663 4515 2804 4569 Nam
2836 4515 2892 4568 in
2934 4513 3135 4586 spiritu
3177 4515 3278 4570 Dei
3321 4531 3489 4568 omne
3528 4532 3674 4587 opus

2069 4603 2328 4658 Christus
2353 4603 2642 4674 adimplet,
2675 4609 2738 4658 ut
2767 4603 2885 4676 ipse
2921 4603 2994 4657 sit
3021 4620 3256 4674 regnum
3289 4605 3582 4670 caelorum,
3618 4612 3680 4660 et

2065 4693 2216 4746 Deus
2249 4692 2308 4745 in
2333 4708 2398 4745 eo
2421 4695 2694 4746 mundum
2719 4696 3084 4748 reconcilians
3112 4696 3218 4747 sibi
3227 4695 3319 4764 ,(ΙΙ
3337 4693 3460 4748 Cor.
3481 4710 3536 4758 γ,
3559 4693 3675 4764 19).

2071 4779 2333 4851 Alioquin
2362 4779 2633 4850 quidquid
2659 4781 3012 4836 contumeliae
3041 4782 3318 4836 exstiterit
3348 4781 3676 4851 in_Christo,

2071 4869 2126 4923 id
2161 4886 2325 4922 omne
2353 4869 2592 4924 exstabit
2621 4869 2679 4924 in
2709 4871 2857 4936 Deo;
2911 4870 3045 4941 quia
3070 4871 3127 4924 in
3159 4871 3383 4926 Christo
3412 4871 3588 4938 Deus,
3623 4880 3681 4928 et

2073 4956 2328 5011 Christus
2351 4957 2410 5011 in
2435 4958 2549 5012 Deo
2583 4963 2686 5012 est.
2717 4959 2876 5013 Unde
2923 4959 3178 5030 sequitur
3216 4959 3399 5014 adhuc
3441 4959 3680 5016 eviden-

2069 5045 2180 5100 tior
2200 5047 2579 5116 syllogismus,
2617 5063 2784 5118 quem
2813 5064 2936 5110 nos,
2965 5054 3030 5102 ut
3057 5048 3138 5102 ait
3173 5047 3370 5102 beatus
3401 5047 3684 5122 Hierony-

2071 5152 2215 5204 mus,
2245 5135 2620 5191 inevitabilem
2658 5153 2953 5205 possumus
2997 5136 3301 5208 appellare.
3351 5136 3530 5207 Cujus
3549 5155 3685 5208 pro-

2069 5225 2210 5280 fecto
2239 5226 2472 5281 vinculis
2503 5226 2650 5280 hunc
2681 5225 2810 5280 inde
2847 5243 2962 5291 cos,
2995 5227 3042 5280 si
3074 5227 3407 5296 interrogati
3437 5226 3676 5290 fuerint,

2061 5315 2360 5368 concludit.

2132 5407 2238 5457 .tul
2260 5407 2441 5470 Ιὶιυίίιι,
2468 5404 2669 5475 inquit,
2694 5406 2947 5458 arborem
2975 5407 3166 5459 bonam
3202 5409 3249 5458 ct
3275 5408 3532 5473 fructum
3555 5410 3680 5476 ejus

2061 5493 2160 5545 bon
2172 5507 2260 5545 um
2272 5498 2391 5558 ,aut
2409 5495 2572 5560 facite
2587 5495 2837 5547 arborem
2860 5497 3070 5548 malum
3085 5499 3132 5548 ct
3143 5497 3397 5562 fructum.
3418 5499 3538 5564 ejus
3550 5513 3680 5552 ma-

2062 5582 2115 5633 ιη
2128 5597 2198 5636 m.
2213 5581 2460 5653 Utroque
2481 5582 2670 5654 itaque
2688 5599 2882 5638 eorum
2897 5600 2992 5638 eos
3007 5583 3318 5654 premit.Ac
3338 5585 3387 5640 si
3399 5583 3630 5642 dicatur
3661 5603 3678 5642 :
