3918 6176
193 337 275 395 473
916 335 1299 392 EXPOSITIO
1341 337 1417 391 ΙΝ
1460 335 1748 391 ΜΑΤΊἮΑ

1840 336 1901 391 Μ.
1947 366 2011 376 -—-
2053 337 2189 390 LIB.
2234 337 2327 402 VI,
2371 336 2528 391 CAP.
2572 337 2692 392 ΧΙΙ.

3309 339 3412 395 4Ἶᾶ

192 463 227 515 si
246 459 487 515 Diabolus
514 460 691 514 malus
711 465 813 526 est,
838 461 983 515 bona
998 478 1167 532 opera
1187 461 1369 514 facere
1390 474 1498 513 non
1532 465 1716 530 potest
1752 462 1801 520 A
1820 459 1998 513 bonus
2015 465 2068 513 et
2088 459 2297 530 profert
2312 458 2483 525 bona;
2509 476 2829 531 quanquam
2844 465 3096 515 anatura
3114 461 3233 533 ipse
3243 463 3411 518 homo
3501 481 3509 490 ·

190 551 236 604 Si
262 555 435 603 autem
479 548 619 601 bona
645 555 777 602 sunt
804 567 926 620 quae
958 550 1104 603 facta
1132 548 1377 614 cernitis,
1409 553 1628 602 constat
1677 551 1738 601 ut
1822 548 1897 602 sit
1929 547 2122 602 bonus.
2147 548 2306 612 Quod
2326 548 2373 602 si
2393 548 2451 602 in
2473 548 2735 620 Opinione
2754 547 2885 602 boni
2905 549 3104 603 malive
3125 548 3415 621 subrepse-

186 653 282 694 non
305 637 372 690 sit
410 636 676 702 diabolus,
710 638 766 691 id
815 643 901 691 est
940 638 1108 691 arbor
1137 638 1301 700 mala,
1343 637 1437 708 qui
1484 652 1551 689 ea
1585 636 1737 689 facit.
1823 637 1901 689 rit
1927 636 2200 700 dubietas,
2235 636 2337 690 sub
2389 642 2603 691 secreto
2652 636 3013 708 indulgentiae
3040 638 3141 691 Dei
3171 639 3417 708 reposita

186 729 352 796 Neque
380 725 524 779 enim
557 726 674 778 fieri
703 732 887 796 potest
915 732 976 780 ut
1006 743 1069 779 ex
1101 727 1248 779 malo
1289 725 1515 789 bonum,
1550 730 1648 777 aut
1677 740 1745 777 ex
1826 730 1911 778 est
1938 725 2101 778 venia
2129 725 2187 778 in
2215 724 2361 779 bona
2384 724 3167 781 confessioneNcrumtamen
3191 742 3415 780 omnem

184 814 308 869 bono
325 814 524 867 malum
548 813 779 867 oriatur.
803 814 1014 868 Idcirco
1038 813 1271 868 tribuite
1302 813 1461 868 bonis
1483 812 1743 884 Operibus
1826 813 2201 882 corruptelam
2235 812 2478 867 hominis
2513 828 2581 866 ex
2611 818 2827 867 naturae
2854 813 2987 867 vitio
3013 814 3285 884 proficisci
3313 813 3416 868 do-

183 908 336 969 εει
390 918 509 972 quae
547 903 710 967 fiunt,
742 909 807 956 ut
842 902 1069 957 cernitis
1101 919 1165 956 ex
1197 919 1306 969 me,
1336 908 1401 956 ut
1446 902 1624 956 bonus
1670 901 1745 955 sit
1826 899 1959 963 cuit,
1991 916 2118 954 cum
2147 906 2204 955 et
2248 901 2416 954 homo
2445 900 2643 967 bonus,
2671 906 2728 955 et
2767 901 2935 955 homo
2964 902 3146 956 malus
3173 902 3412 962 dicatur.

184 990 308 1045 idem
335 1007 366 1043 a
389 1007 495 1061 quo
528 991 687 1056 fiunt,
730 1007 853 1062 quae
885 1008 1092 1062 negare
1122 1007 1475 1062 nequaquam
1510 990 1742 1061 potestis
1825 1005 1936 1042 non
1967 1005 2035 1043 ex
2065 1005 2131 1042 eo
2161 989 2309 1060 quod
2338 989 2505 1043 homo
2531 996 2635 1054 est,
2658 989 2756 1043 sed
2790 1006 2854 1043 ex
2886 989 3038 1056 vitio,
3062 989 3193 1061 quia
3219 1006 3414 1045 corru-

183 1079 307 1150 quod
323 1077 461 1132 bona
480 1078 884 1149 sint.quoniam
906 1080 1112 1134 Deiﬁca
1132 1086 1189 1134 et
1208 1079 1412 1134 divina.
1438 1080 1745 1151 Propterea
1824 1084 1954 1149 ptus
1982 1084 2085 1132 est.
2116 1078 2184 1131 Et
2208 1077 2337 1131 hinc
2366 1083 2452 1132 est
2472 1078 2621 1148 quod
2650 1077 2906 1149 sequitur
2935 1095 2946 1130 :

180 1167 291 1221 alibi
316 1168 518 1222 eisdem
549 1169 851 1223 Pharisaais
880 1169 978 1235 ait,
1012 1169 1117 1223 etsi
1148 1186 1237 1223 me
1268 1185 1378 1223 non
1407 1169 1593 1234 vultis,
1634 1168 1741 1223 sal-
1894 1168 2167 1233 Quoniam
2187 1182 2344 1219 omne
2360 1167 2583 1219 verbum
2599 1168 2831 1220 otiosum
2846 1169 2991 1235 quod
3010 1169 3179 1221 locuti
3197 1167 3414 1234 fuerint

180 1261 275 1310 tem
318 1259 559 1325 operibus
606 1259 825 1312 credite.
858 1258 979 1321 Quo
1009 1258 1277 1311 nimirum
1324 1262 1656 1328 argumento
1684 1262 1743 1311 et
1821 1256 2085 1320 homines,
2110 1256 2333 1308 reddent
2354 1256 2711 1308 rationemde
2730 1271 2786 1308 eo
2807 1258 2869 1309 in
2892 1257 2979 1309 die
2987 1258 3213 1324 judicii.
3229 1256 3418 1310 Haeret

178 1350 446 1415 praesentes
471 1346 631 1399 valde
655 1347 888 1400 revincit
910 1347 1149 1412 Iudaeos,
1182 1353 1240 1401 et
1269 1345 1486 1401 futuros
1518 1346 1740 1417 propul-
1823 1344 2047 1414 quidem
2068 1343 2173 1397 hoc
2193 1360 2319 1397 cum
2340 1343 2737 1414 superioribus.
2766 1349 2823 1397 et
2841 1349 2928 1398 est
2946 1360 3169 1398 sensus:
3198 1344 3345 1415 quod
3365 1343 3415 1399 si

178 1440 253 1486 sat
275 1433 627 1499 adversarios,
661 1434 797 1488 dum
825 1451 920 1489 eos
950 1436 1151 1489 refellit
1185 1435 1499 1505 intelligere
1531 1435 1740 1489 Christi
1821 1433 2062 1486 otiosum
2086 1431 2334 1497 verbum,
2359 1432 2507 1503 quod
2537 1448 2890 1503 nequaquam
2920 1432 3161 1486 aedificat
3188 1432 3416 1487 audien-

177 1537 340 1592 opera,
369 1538 479 1576 non
508 1539 634 1576 esse
662 1523 909 1577 humana
933 1524 1156 1589 virtute,
1183 1524 1330 1578 nolle
1353 1530 1544 1577 tamen
1573 1525 1741 1577 confi-
1820 1527 1923 1579 tes,
1967 1538 2078 1575 non
2121 1527 2207 1575 est
2253 1520 2462 1591 absque
2506 1520 2752 1592 periculo
2803 1521 2925 1591 ejus
2969 1521 3065 1591 qui
3115 1520 3364 1591 loquitur
3396 1536 3408 1572 :

177 1610 265 1663 teri
290 1611 430 1681 quod
458 1611 562 1665 Dei
593 1611 724 1676 sint,
757 1612 1110 1666 condemnat.
1144 1613 1318 1666 Porro
1346 1613 1406 1666 in
1447 1612 1634 1666 futuro
1672 1629 1738 1666 ex
1822 1619 2032 1680 quanto
2048 1611 2226 1680 magis
2241 1626 2336 1663 vos
2354 1610 2449 1681 qui
2470 1626 2641 1681 opera
2653 1610 2895 1681 Spiritus
2914 1609 3091 1663 sancti
3110 1608 3419 1662 calumnia-

175 1698 264 1751 hoc
287 1716 500 1754 omnem
522 1700 655 1753 ﬁdei
678 1701 1097 1771 perversitatem
1123 1700 1392 1771 coarguit,
1417 1717 1611 1757 eorum
1637 1700 1739 1755 sci-
1821 1698 1959 1751 mini
1974 1699 2247 1753 reddituri
2262 1698 2394 1753 estis
2411 1699 2686 1753 rationem
2705 1698 2997 1753 calumnia:
3014 1698 3234 1752 vestrae?
3245 1697 3417 1751 Porro

174 1785 299 1854 licet,
321 1788 411 1858 qui
437 1788 769 1858 dignitatem
790 1794 847 1842 et
872 1788 1320 1843 communionem
1343 1796 1589 1860 paternae
1611 1789 1738 1843 sub-
1755 1772 1802 1831 Β
1823 1789 2063 1844 otiosum
2092 1790 2321 1844 verbum
2344 1796 2427 1844 est
2453 1791 2600 1861 quod
2628 1790 2750 1845 sine
2774 1789 3018 1845 utilitate
3038 1788 3319 1843 audientis
3341 1787 3419 1841 lo-

175 1875 365 1930 stantiae
403 1876 471 1930 ab
513 1877 639 1948 ipso
671 1877 993 1931 detrahunt.
1028 1878 1186 1932 Unde
1217 1895 1277 1932 se
1307 1878 1583 1943 arborem,
1620 1894 1742 1949 quas
1823 1878 2112 1947 quentisve
2136 1878 2359 1933 dicitur.
2384 1879 2458 1937 Ut
2477 1885 2613 1950 puta
2631 1878 2677 1932 si
2703 1878 2924 1932 omissis
2953 1876 3133 1944 seriis,
3157 1876 3226 1930 de
3250 1874 3417 1931 rebus

174 1962 385 2019 fructum
407 1982 569 2019 suum
594 1972 650 2019 et
666 1982 777 2020 non
799 1966 1042 2020 alienum
1063 1967 1160 2020 dat
1188 1967 1245 2020 in
1270 1974 1523 2038 tempore
1540 1984 1660 2033 suo,
1682 1967 1738 2021 in
1821 1965 2031 2020 frivolis
2061 1967 2374 2038 loquamur,
2415 1966 2744 2037 fabulaeque
2791 1982 3084 2020 narremus
3127 1965 3411 2036 antiquas.

175 2067 375 2123 corpore
403 2053 650 2124 positum
680 2053 962 2124 signiﬁcat
987 2074 999 2121 ;
1033 2056 1164 2126 quia
1186 2072 1285 2126 per
1312 2055 1597 2109 interioris
1627 2073 1741 2110 sua:
1824 2054 2101 2108 Caeterum
2131 2055 2178 2109 si
2209 2055 2333 2126 quis
2364 2054 2623 2108 scurrilia
2650 2053 2882 2125 replicat
2908 2052 3095 2119 verba,
3120 2053 3210 2106 vel
3236 2052 3415 2106 risum

174 2140 538 2195 fecunditatem
593 2141 838 2195 mittitur
883 2143 1113 2196 ubertas
1143 2144 1418 2210 Ecclesiae,
1450 2149 1507 2198 et
1535 2143 1741 2198 exube—
1824 2144 2122 2208 moventia,
2167 2160 2264 2198 seu
2309 2144 2519 2215 aliquid
2549 2142 2936 2214 turpitudinis,
2968 2142 3059 2196 hic
3104 2158 3216 2195 non
3250 2139 3416 2195 otiosi

176 2236 246 2284 rat
268 2230 435 2284 omnis
463 2230 684 2284 fructus
708 2231 959 2301 justitize.
995 2232 1349 2303 Quapropter
1378 2239 1433 2286 et
1455 2234 1573 2302 jam
1600 2233 1740 2288 'miro
1823 2231 1992 2293 verbi,
2019 2232 2114 2285 sed
2142 2231 2425 2285 criminosi
2455 2230 2739 2285 tenebitur
2767 2247 2911 2284 reus.
2934 2228 3147 2294 Quibus
3173 2228 3416 2300 profecto

176 2318 313 2372 modo
331 2319 631 2373 dicitzAut
650 2318 1084 2374 facitearborem
1106 2320 1308 2375 bonam
1324 2338 1449 2375 cum
1472 2322 1741 2377 fructibus
1824 2321 1991 2384 vitiis,
2024 2321 2155 2374 dum
2198 2320 2483 2375 cachinnis
2526 2335 2627 2373 ora
2669 2319 3022 2373 dissolvimus
3061 2333 3230 2389 quam
3270 2333 3418 2388 sape

174 2407 286 2474 suis,
318 2414 411 2462 aut
438 2408 608 2463 facite
636 2408 894 2463 arborem
918 2410 1121 2463 malam
1144 2428 1270 2464 cum
1297 2410 1567 2464 fructibus
1588 2411 1733 2477 suis;
1820 2409 2173 2474 offendimus,
2202 2409 2335 2480 quia
2371 2408 2507 2462 talia
2530 2408 2752 2462 divinus
2789 2423 2975 2462 sermo
3004 2412 3064 2461 et
3093 2412 3416 2461 sanctorum

175 2496 280 2565 quia
322 2514 385 2550 ex
436 2497 748 2564 fructibus,
798 2504 869 2552 ut‘
908 2499 1005 2563 ait,
1062 2499 1228 2553 arbor
1276 2500 1399 2570 ipsa
1454 2501 1739 2570 cognosci-
1824 2498 2055 2551 Patrum
2089 2498 2293 2567 regulae
2332 2503 2543 2551 aeterna
2580 2497 2839 2551 clausura
2866 2496 3226 2561 damnarunt,
3256 2510 3328 2549 ne
3357 2510 3419 2549 os

1826 2585 2034 2639 Christi
2051 2585 2307 2656 discipuli
2328 2585 2534 2640 talibus
2556 2586 2871 2640 maculetur
2889 2584 3144 2656 eloquiis.
3175 2583 3317 2638 Hinc
3332 2588 3419 2638 est

1826 2674 1974 2744 quod
2001 2674 2258 2745 sequitur
2289 2692 2301 2728 :

1844 2828 1847 2831 Α
1898 2764 1980 2817 Ea:
2004 2764 2179 2817 verbis
2202 2766 2309 2817 tuis
2331 2763 2742 2831 justiﬂcaberis,
2769 2769 2869 2816 aut
2888 2780 2951 2816 ex
2969 2764 3145 2817 verbis
3168 2761 3274 2815 tuis
3294 2777 3418 2816 con-

1824 2853 2186 2905 demnaberis.
2217 2851 2493 2915 Quoniam
2537 2852 2682 2906 sicut
2726 2868 2896 2923 supra
2924 2851 3133 2905 dictum
3173 2856 3260 2905 est
3291 2867 3302 2902 :
3339 2850 3420 2905 Ea:

174 2953 264 2991 non
291 2957 441 3010 posse
464 2941 731 2995 inutilem
753 2944 903 3011 jure,
938 2947 1036 2995 aut
1068 2941 1274 2995 malum
1303 2941 1563 3012 judicari,
1606 2941 1740 2996 dum
1826 2942 2174 2994 abundantia
2196 2943 2377 2995 cardis
2395 2957 2449 2994 os
2491 2943 2740 3009 loquitur
2758 2942 2977 3011 (Matth.
3010 2954 3106 3002 xu,
3134 2937 3245 3009 14),
3278 2954 3342 2993 ac
3369 2938 3418 2993 si

175 3026 354 3083 fructus
369 3031 487 3100 ejus
507 3029 646 3083 boni
667 3029 980 3101 probantur
995 3034 1051 3083 et
1070 3030 1290 3097 Deifici;
1317 3029 1569 3100 quinimo
1584 3032 1747 3101 juxta
1826 3028 2047 3083 dicatur
2072 3047 2083 3083 :
2113 3045 2177 3082 ex
2207 3029 2432 3101 proprio
2450 3029 2717 3084 thesauro
2745 3029 2946 3083 cordis.
2965 3028 3241 3093 Quoniam
3263 3026 3417 3081 vani-

176 3112 383 3171 fructum
413 3119 606 3189 operis
635 3119 813 3172 Deum
861 3117 1085 3171 decerni
1122 3118 1343 3185 debere,
1379 3124 1434 3173 et
1474 3124 1743 3190 tanquam
1762 3124 1805 3183 C
1825 3124 1911 3172 tas
1941 3124 2041 3173 aut
2063 3119 2394 3184 scurrilitas,
2416 3134 2516 3173 seu
2545 3119 2762 3189 reliqua
2792 3134 2914 3189 quae
2939 3117 3092 3171 intus
3119 3116 3179 3171 in
3206 3120 3417 3184 mente,

177 3201 324 3259 Deum
344 3207 440 3261 Dei
458 3208 670 3261 Filium
696 3207 754 3261 in
778 3206 1037 3261 omnibus
1052 3207 1325 3260 venerari.
1348 3207 1431 3261 Ne
1450 3208 1592 3261 forte
1613 3224 1740 3262 cum
1824 3209 2017 3278 pejora
2058 3207 2409 3262 abundantes
2452 3208 2671 3279 aperire
2714 3207 3039 3279 frequenter
3067 3210 3417 3261 assuescunt.

175 3306 256 3359 per
278 3293 701 3349 admirationem
725 3311 957 3366 operum
978 3299 1262 3349 tantorum
1288 3295 1385 3349 Dei
1416 3312 1619 3349 nomen
1649 3297 1742 3349 de-
1824 3295 1929 3351 Ubi
1971 3295 2221 3351 abundat
2247 3298 2432 3367 gratia
2461 3296 2703 3368 Spiritus
2728 3296 2927 3361 sancti,
2960 3299 3017 3350 et
3040 3295 3423 3350 thesaurizata

173 3379 364 3435 trahere
389 3400 497 3437 non
516 3383 755 3447 audeas,
779 3400 881 3454 per
908 3383 1182 3437 malitiam
1214 3384 1435 3450 mentis,
1464 3392 1520 3437 et
1545 3401 1742 3439 sensus
1823 3384 2044 3439 bonitas
2063 3391 2345 3450 manet,ea
2368 3385 2578 3456 profert
2605 3385 2798 3455 lingua
2816 3402 2941 3456 quae
2960 3386 3016 3439 in
3034 3385 3299 3448 thesauro
3322 3399 3423 3438 suo

176 3472 581 3536 generositatem
593 3514 605 3537 ,
623 3474 672 3543 ej
682 3490 745 3526 us
762 3489 928 3544 quam
944 3472 1113 3526 habet
1129 3490 1253 3527 cum
1268 3474 1381 3527 Deo
1394 3474 1558 3526 Patre
1572 3490 1745 3544 quan-
1830 3473 1982 3527 intus
2010 3473 2479 3538 habet.Quoniam
2494 3475 2743 3528 calamus
2762 3475 2969 3545 lingua:
2988 3474 3118 3528 inde
3138 3471 3425 3545 profundi-

174 3561 576 3627 quamconfiteri
592 3561 949 3615 escoactusin
965 3561 1486 3633 nomine,abnegata
1501 3569 1748 3634 paterna:
1829 3568 1923 3616 tur
1953 3579 2075 3632 quae
2122 3563 2274 3617 intus
2317 3562 2623 3618 abundant.
2657 3565 2772 3617 Nec
2801 3568 2988 3635 potest
3013 3562 3084 3616 de
3116 3562 3263 3616 malo
3290 3561 3426 3616 the-

174 3646 463 3704 substantiae
478 3651 902 3716 communione,
922 3651 1188 3723 decerpas
1217 3652 1470 3706 infructu
1502 3652 1750 3723 proprie-
1831 3668 2015 3716 sauro,
2051 3651 2155 3705 nisi
2182 3668 2304 3722 quae
2333 3653 2481 3706 mala
2506 3657 2637 3706 sunt
2666 3658 2887 3706 assuete
2918 3650 3172 3722 proferri.

174 3738 316 3791 tatem
329 3745 566 3794 naturae.
588 3742 666 3793 Ac
679 3740 891 3810 perhoc
906 3740 1040 3810 quia
1063 3758 1073 3792 :
1112 3742 1184 3794 ναξ
1207 3744 1305 3810 qui
1326 3742 1519 3794 dicunt
1545 3742 1747 3794 bonum

178 3829 356 3878 malum
379 3833 424 3881 et
448 3831 673 3881 malum
697 3830 898 3881 bonum
936 3831 1061 3896 (lsa.
1086 3843 1140 3895 v,
1174 3827 1282 3897 20).
1315 3829 1446 3883 Ideo
1478 3829 1747 3883 Dominus
1829 3829 2142 3893 Pharisazz's,
2164 3830 2399 3882 dicentes
2424 3847 2451 3882 ε’
2472 3829 2750 3895 Magister,
2785 3832 3037 3881 volumus
3062 3843 3097 3879 a
3123 3832 3170 3880 te
3197 3828 3424 3894 signum

176 3907 405 3968 bonitatis
424 3932 539 3970 suae
565 3915 756 3969 minus
778 3916 1053 3983 ostendit;
1088 3924 1146 3970 et
1167 3917 1289 3970 ideo
1309 3923 1409 3971 aut
1430 3918 1633 3971 malam
1656 3934 1743 3970 ar-
1829 3918 2036 3975 videre.
2083 3916 2411 3987 Ubicunque
2442 3916 2802 3986 evangelista,
2832 3921 2970 3969 tunc
2997 3914 3173 3986 ponit,
3200 3920 3425 3986 tempus

176 3998 336 4056 borem
347 4020 469 4058 cum
492 4004 663 4058 malis
681 4004 953 4059 fructibus
966 4004 1100 4071 suis,
1117 4011 1215 4059 aut
1230 4004 1430 4059 bonam
1443 4022 1567 4060 cum
1583 4005 1742 4059 bonis
1823 4005 2089 4078 exprimit
2110 4006 2341 4059 ordinis.
2364 4005 2574 4060 Idcirco
2596 4021 2772 4075 usque
2794 4005 2861 4058 ad
2885 4008 3218 4075 przesentem
3238 4003 3425 4058 locum

174 4086 412 4147 fructibus
428 4094 548 4148 suis
569 4100 885 4159 secernant,
912 4110 981 4148 ne
1000 4094 1046 4149 si
1076 4095 1201 4165 quis
1223 4094 1398 4149 bonus
1423 4099 1525 4160 est,
1550 4095 1741 4149 dicant
1822 4094 2010 4149 omnia
2038 4095 2153 4149 haec
2178 4100 2513 4165 argumenta
2539 4099 2735 4148 contra
2775 4092 3178 4164 blasphemiam
3208 4091 3412 4164 prioris

176 4179 296 4233 male
306 4183 521 4252 operari
536 4199 703 4255 posse
718 4203 735 4253 ;
750 4188 851 4237 aut
861 4184 930 4237 de
940 4182 1017 4253 sei
1026 4183 1155 4253 psis,
1170 4183 1277 4254 ipsi
1290 4184 1386 4255 qui
1402 4184 1536 4237 mali
1553 4187 1738 4249 erant,
1824 4184 1969 4255 signi
2000 4183 2219 4255 objecta
2240 4190 2373 4238 sunt
2393 4183 2657 4237 adversus
2673 4199 2787 4237 eos.
2804 4182 2912 4237 Sed
2935 4180 3133 4253 perﬁdi
3154 4179 3424 4237 Phariszei

177 4268 421 4324 aestiment
450 4271 600 4326 bona
634 4271 722 4324 vel
752 4287 881 4325 vera
909 4271 1017 4325 dici
1045 4288 1226 4342 posse.
1254 4271 1415 4327 Unde
1439 4272 1695 4343 sequitur
1727 4290 1737 4325 :
1827 4274 1911 4327 vel
1959 4273 2163 4328 Scribis
2201 4272 2281 4326 sic
2327 4288 2522 4326 rursus
2565 4272 2786 4343 signum
2818 4275 3019 4343 petunt
3045 4270 3116 4324 ab
3148 4287 3233 4338 eo,
3265 4259 3458 4342 quasi'

231 4358 506 4426 Progenies
536 4363 881 4428 viperarum,
901 4362 1166 4429 quomodo
1189 4364 1409 4429 potestis
1436 4363 1573 4415 bona
1596 4364 1747 4430 loqui
1830 4379 1952 4433 quae
1984 4361 2236 4415 viderant
2263 4360 2424 4431 signa
2462 4376 2575 4414 non
2605 4359 2832 4413 fuerint.
2876 4358 2985 4414 Sed
3015 4358 3158 4413 alius
3186 4374 3430 4431 evange-

176 4457 281 4495 cum
301 4450 415 4501 sitis
437 4452 587 4504 mali
604 4456 629 4502 ?
657 4449 740 4503 Ea:
758 4452 1110 4504 abundantia
1125 4453 1277 4504 enim
1298 4452 1475 4505 cordis
1496 4467 1551 4504 os
1572 4454 1746 4519 toqui-
1761 4443 1808 4500 D
1831 4451 1980 4516 lista,
2007 4467 2131 4522 quae
2150 4450 2241 4504 hic
2269 4449 2557 4504 obscurius
2585 4443 2791 4520 posuit,
2819 4447 3170 4503 manifestius
3189 4448 3430 4520 explicat

176 4535 269 4586 tur.
290 4534 545 4591 Ostendit
574 4538 703 4592 illos
732 4539 984 4609 apertius
1012 4538 1269 4594 arborem
1294 4540 1498 4593 malam
1531 4555 1670 4604 esse,
1692 4545 1750 4593 et
1830 4556 1956 4594 cum
2008 4539 2091 4593 ait
2128 4565 2139 4593 :
2200 4541 2452 4592 Volumus
2506 4554 2541 4591 a
2598 4544 2644 4591 te
2693 4541 2918 4605 signum
2966 4539 3146 4592 videre
3188 4538 3253 4591 de
3303 4540 3429 4593 cato

178 4622 432 4688 profertin
449 4627 689 4681 veritate
715 4627 1017 4696 judicium,
1041 4628 1292 4699 talesque
1312 4644 1406 4682 eos
1422 4628 1621 4681 afferre
1640 4626 1750 4681 fru—
1838 4629 2047 4694 (illatth.
2074 4641 2169 4691 xu,
2206 4625 2313 4694 38).
2344 4628 2492 4696 Ergo
2520 4627 2605 4680 vel
2635 4626 2820 4697 ignem
2853 4626 2924 4681 de
2952 4626 3091 4680 caelo
3128 4626 3187 4680 in
3212 4641 3429 4680 morem

175 4715 277 4765 ctus
300 4712 682 4786 blasphemiae,
714 4717 903 4787 qualia
931 4718 988 4771 in
1009 4735 1068 4772 se
1095 4717 1311 4772 semina
1330 4715 1545 4771 Diaboli
1572 4732 1754 4770 susce-
1836 4716 1968 4771 Elim
1988 4715 2176 4769 venire
2198 4714 2549 4786 quaerebant:
2575 4715 2658 4769 vel
2680 4716 2737 4769 in
2760 4714 3184 4770 similitudinem
3202 4716 3431 4770 Samue-

179 4808 367 4866 perant.
400 4804 563 4858 Unde
613 4813 670 4859 et
719 4807 1014 4876 progenies
1053 4806 1368 4877 viperarum
1409 4807 1536 4875 jure
1569 4805 1751 4860 vocati
1831 4806 1920 4870 lis,
1978 4811 2229 4876 tempore
2273 4805 2463 4859 aestivo
2503 4821 2839 4876 concrepare
2885 4804 3155 4871 tonitrua,
3205 4804 3433 4875 fulgura

176 4894 303 4955 sunt,
326 4907 434 4947 non
454 4909 489 4946 a
512 4900 740 4957 natura,
774 4895 871 4948 sed
896 4912 958 4949 ex
980 4895 1113 4949 vitio
1135 4893 1341 4949 diaboli
1369 4910 1479 4964 quo
1500 4893 1750 4965 corrupti
1834 4911 2146 4958 coruscare,
2173 4894 2379 4948 imbres
2406 4896 2618 4965 pluere,
2646 4894 2805 4965 quasi
2834 4911 2945 4949 non
2968 4899 3195 4965 possent
3214 4899 3272 4949 et
3299 4895 3427 4960 ista,

177 4983 508 5046 malum:
518 4983 663 5051 jam,
679 4987 745 5036 ut
763 4982 907 5036 bona
928 5000 1029 5037 nec
1043 4982 1193 5053 loqui
1206 4998 1309 5037 nec
1325 4998 1490 5052 agere
1503 4986 1749 5053 possent,
1836 4984 1882 5038 si
1913 4985 2127 5047 ﬁerent,
2147 4982 2478 5037 calumniari
2508 5000 2572 5037 ac
2600 4983 2805 5049 dicere,
2829 5000 2892 5037 ex
2919 4984 3150 5039 occultis
3178 4988 3236 5038 et
3260 4983 3432 5038 variis

175 2590 264 2638 tur.
302 2586 564 2658 Nunquid
616 2587 921 2641 secundum
956 2587 1219 2642 arborum
1271 2594 1532 2642 naturam
1577 2588 1744 2643 arbor

174 2675 297 2729 mala
341 2674 481 2729 bona
519 2680 713 2747 potest
760 2676 1043 2741 constitui,
1076 2677 1159 2730 vel
1208 2693 1332 2747 qua:
1360 2676 1505 2729 bona
1546 2681 1648 2742 est,
1680 2681 1744 2731 ut

174 2763 298 2816 mala
329 2764 415 2831 sit,
445 2782 579 2818 cum
609 2764 780 2818 ramis
812 2770 869 2817 et
912 2764 1182 2819 fructibus
1211 2766 1329 2819 suis
1363 2766 1743 2819 commutari?

173 2850 261 2903 Sed
287 2858 343 2905 ut
369 2869 430 2905 ex
460 2858 672 2906 natura
716 2852 982 2906 arborum
1027 2852 1428 2907 convincantur
1452 2852 1739 2907 Christum

1908 3742 2058 3794 Tunc
2084 3742 2483 3809 responderunt
2514 3743 2566 3793 ei
2584 3742 2811 3808 quidam
2833 3742 2896 3793 de
2925 3741 3132 3795 Scribis
3162 3742 3354 3803 m
3374 3742 3425 3793 et

176 5061 327 5121 donec
346 5068 403 5124 in
434 5071 638 5125 eodem
662 5071 797 5125 vitio
818 5071 1176 5142 blasphemia:
1197 5070 1586 5142 perdurarent.
1613 5071 1755 5135 Quia

179 5151 324 5209 bonus
351 5158 512 5212 homo
533 5161 601 5212 de
624 5162 758 5213 bono
788 5162 1039 5214 thesauro
1066 5164 1278 5229 profert
1307 5163 1464 5226 bona,
1497 5166 1543 5213 et
1571 5164 1750 5214 matus

176 5239 308 5297 homo
329 5247 392 5300 de
412 5250 564 5302 malo
586 5248 837 5301 thesauro
854 5252 1064 5318 profert
1090 5253 1258 5306 mata.
1274 5250 1396 5304 Non
1415 5249 1563 5321 quod
1585 5250 1752 5303 homo

178 5348 203 5380 ει
222 5339 410 5389 natura
432 5336 509 5390 sit
542 5336 743 5398 malus,
775 5338 872 5392 sed
894 5338 1024 5408 quia
1047 5338 1162 5409 ipse
1185 5338 1292 5393 sibi
1324 5339 1667 5394 thesaurizat
1695 5338 1752 5392 in

178 5420 318 5476 corde
360 5440 462 5479 suo
512 5426 748 5490 malum,
793 5427 939 5481 unde
992 5427 1066 5481 sit
1115 5428 1316 5482 malus.
1354 5428 1432 5482 De
1477 5445 1586 5498 quo
1626 5428 1752 5482 the-

179 5521 321 5564 sauro
364 5513 461 5568 irae
508 5514 614 5568 Dei
658 5506 870 5587 profert
914 5517 1076 5571 mala.
1133 5517 1255 5581 Quo
1304 5533 1438 5571 sane
1487 5517 1753 5573 thesauro

178 5593 551 5670 thesaurizato,
587 5602 763 5660 factus
801 5611 887 5662 est
915 5605 1115 5672 malus,
1151 5605 1296 5663 sicut
1322 5611 1379 5661 et
1420 5623 1485 5661 ex
1518 5606 1662 5664 bono
1691 5607 1755 5663 fit

1837 5073 1982 5128 aeris
1999 5071 2349 5145 passionibus
2364 5071 2650 5127 accidisse.
2666 5074 2807 5126 Nam
2827 5072 2922 5143 qui
2942 5070 3433 5127 calumniabantur

1834 5178 1902 5216 ea
1941 5178 2066 5232 qum
2105 5159 2280 5215 oculis
2320 5175 2387 5214 ex
2412 5166 2617 5242 pperto
2657 5160 2929 5226 viderant,
2972 5177 3142 5215 manu
3196 5165 3432 5231 tangere

1835 5256 2083 5321 possent,
2117 5256 2174 5302 et
2201 5248 2416 5303 utiliter
2438 5250 2677 5303 salutem
2712 5248 3003 5303 hominum
3033 5249 3264 5315 sentire,
3300 5247 3435 5321 quid

1836 5338 2085 5394 facerent
2102 5338 2362 5392 vecordes
2380 5338 2449 5392 de
2479 5338 2566 5392 his
2580 5355 2703 5410 quin
2723 5337 2794 5392 de
2812 5339 2951 5393 caelo
2973 5355 3039 5393 ex
3060 5337 3268 5394 abditis
3291 5338 3438 5395 veni-

1834 5429 2005 5482 rent?
2052 5426 2327 5482 Fortassis
2366 5444 2498 5498 ergo
2546 5428 2968 5499 responderent,
3029 5434 3087 5483 et
3129 5445 3324 5501 magos
3377 5428 3439 5485 in

1835 5518 2075 5591 [Egypto
2104 5516 2284 5571 multa
2312 5516 2472 5588 signa
2498 5516 2567 5571 de
2585 5517 2721 5572 caelo
2742 5516 2957 5573 fecisse.
2986 5518 3283 5572 Neminem
3307 5532 3438 5572 eum

1836 5624 1959 5664 esse
1995 5604 2274 5679 putabunt
2309 5605 2417 5663 nisi
2443 5606 2836 5663 tantummodo
2870 5605 3197 5672 hominem;
3228 5610 3287 5659 et
3311 5603 3439 5659 ideo
