3918 6176
491 243 598 305 475

1262 260 1317 316 S.
1360 261 1738 326 PASCHASII
1775 272 2133 331 RADBER‘I‘I
2169 276 2474 336 ABBATIS
2512 279 3003 342 CORBEIENSIS.

3588 299 3670 358 476

424 427 429 433 ,
490 370 806 493 adula‘tprie
820 378 998 449 magis
1012 396 1078 435 ex
1092 381 1306 451 fraude,
1320 403 1490 458 quam
1502 406 1568 445 ex
1582 392 1692 448 ﬁde
1707 397 1791 450 vel
1814 398 2083 469 religione
2100 403 2148 461 Α
2167 401 2303 456 dicit
2344 418 2491 458 unus
2529 406 2890 476 evangelista,
2923 408 3068 465 alter
3102 427 3244 477 vero,
3269 420 3384 485 post
3405 417 3506 474 dies
3534 426 3635 478 octo
3659 444 3670 493 ;

492 474 622 515 eum
653 462 983 555 Magistrum
1014 477 1226 526 vocant.
1260 475 1385 530 Non
1415 485 1549 548 puto
1583 484 1729 552 quod
1758 462 2086 555 ignorarent

493 563 528 601 a
544 550 726 620 magis
754 554 972 610 stellam
994 557 1167 614 visam
1189 568 1245 616 et
1264 550 1622 634 pi‘aadiratam
1650 572 1707 626 in
1728 550 1854 628 or—tu
1884 576 2079 647 ipsius,

493 634 717 702 quando
742 642 799 690 et
824 636 932 709 ipsi
957 657 1022 695 ex
1038 645 1332 716 prophetia
1350 650 1536 707 locum
1550 656 1859 712 nativitatis
1875 634 2083 717 Christi

492 718 715 817 Herode
759 724 1143 800 interrogante
1178 735 1601 798 denuntiarunt.
1634 745 1830 817 Neque
1873 748 2086 806 latebat

493 811 1066 910 angelos“pastoribus
1102 822 1388 882 Christum
1426 837 1623 886 natum
1669 811 1959 893 nu-ntiasse
1987 840 2085 910 qui

491 914 685 955 vocem
710 901 889 959 Patris
909 906 978 961 de
998 910 1136 965 cmlo
1161 913 1233 968 ad
1264 932 1393 971 eum
1418 921 1634 977 venisse
1658 930 1716 979 et
1744 925 1949 982 Filium
1973 929 2081 984 sibi

491 986 755 1085 dilectum
801 996 1176 1085 proclamasse
1218 1005 1514 1065 audierant
1553 1013 1635 1066 vel
1684 1024 2078 1085 cognoverant,

489 1079 713 1163 quando
760 1087 816 1136 et
860 1082 965 1155 ipsi
995 1089 1176 1159 magis
1221 1092 1492 1152 invidiose
1530 1079 1841 1159 tonitruum
1872 1079 2082 1163 factum

486 1162 762 1261 fuissede
786 1172 924 1227 coelo
951 1174 1214 1234 dicebant
1246 1181 1356 1237 Pro
1378 1185 1580 1256 quibus
1607 1192 1853 1261 profecto
1874 1162 2081 1253 calum;

449 1314 457 1321 η
488 1251 600 1309 niis
628 1260 685 1309 et
714 1255 1073 1331 blasphemiis
1094 1270 1317 1341 egregie
1345 1251 1487 1331 dixit
1517 1295 1529 1331 :

559 1341 847 1442 Generatio
865 1355 1018 1407 mala
1036 1360 1086 1408 et
1105 1358 1379 1417 adultera.
1416 1365 1686 1425 Adultera
1703 1372 1838 1443 quia
1859 1374 2081 1431 dimise-

487 1435 579 1484 rat
594 1430 773 1527 virum
786 1452 951 1493 suum
973 1441 1255 1501 Christum
1266 1451 1430 1520 juxta
1447 1430 1876 1527 Ezechielem,et
1888 1430 2080 1521 multis

489 1533 549 1571 se
566 1519 869 1622 miscuerat
881 1532 1410 1603 amatoribus.Quod
1421 1551 1611 1602 autem
1623 1547 1776 1618 dicit,
1790 1555 2080 1622 generatio

491 1606 640 1706 mala
669 1626 782 1665 non
810 1620 1074 1695 naturarq
1105 1638 1297 1681 eorum
1324 1629 1558 1689 damnat
1586 1637 1683 1708 qui
1708 1606 1827 1695 nati
1855 1648 1989 1698 sunt
2013 1660 2079 1699 ex

2164 498 2381 564 partem
2411 494 2779 567 posteriorem
2817 497 2984 568 primi
3013 499 3143 565 diei,
3175 502 3231 557 in
3257 521 3357 575 quo
3395 511 3673 581 completum

2165 590 2251 638 est
2288 585 2437 654 quod
2467 584 2744 655 promisit,
2777 602 2876 657 pro
2914 589 3049 642 totis
3088 595 3251 662 atque
3278 593 3485 665 integris
3519 599 3675 654 diebus

2164 689 2620 740 annumeremus,
2654 680 2721 729 ut
2744 674 3027 746 intelligas
3057 694 3184 732 eum
3214 681 3306 751 qui
3330 682 3459 738 dixit
3480 692 3585 755 post
3604 705 3679 743 sex

2164 762 2302 829 dies,
2353 764 2503 817 solos
2557 762 2773 817 medios
2821 780 3248 823 connumerasse
3290 771 3379 841 qui
3419 773 3536 839 veri,
3577 776 3676 842 toti,

2164 859 2334 925 atque
2356 852 2586 922 integri,
2617 853 2879 923 completi
2908 860 3060 909 sunt.
3100 855 3207 911 Sed
3234 858 3320 913 hic
3343 864 3513 932 tmpus
3542 862 3678 933 signi-

2162 943 2441 1006 ﬂcationis
2488 958 2661 1014 capax
2707 948 2810 1008 est,
2862 943 3012 1014 pleni
3057 944 3381 1013 intellectus,
3430 963 3540 1004 cum
3583 951 3679 1021 plus

2163 1038 2418 1094 minusve
2454 1031 2785 1105 pronuntiat
2833 1032 3142 1103 Scriptura.
3186 1036 3296 1090 Aut
3334 1036 3467 1090 enim
3502 1055 3532 1092 a
3558 1046 3681 1110 parte

2162 1132 2346 1184 totum
2371 1120 2634 1179 ostendit.
2666 1125 2732 1174 ut
2758 1138 2769 1173 :
2814 1122 3040 1175 Verbum
3068 1138 3194 1177 caro
3220 1126 3419 1192 factum
3444 1132 3536 1189 est;
3561 1132 3641 1180 aut
3659 1142 3683 1181 e

2161 1220 2374 1280 contra,
2406 1216 2462 1266 ut
2509 1209 2586 1264 ibi
2619 1227 2631 1263 :
2664 1209 2811 1279 Ergo
2830 1215 3054 1280 propter
3090 1227 3406 1281 parasceven
3427 1216 3685 1270 Judaorum

2160 1307 2296 1374 quia
2342 1305 2502 1369 iuxta
2537 1304 2659 1353 erat
2699 1304 3121 1355 monumentum
3149 1302 3247 1354 ubi
3285 1308 3555 1369 posuerunt
3588 1319 3683 1356 sum

2158 1393 2344 1466 (Joan.
2370 1405 2486 1457 xIx,
2507 1387 2617 1455 42).
2640 1386 2815 1442 Porro
2834 1388 2985 1459 quod
3013 1388 3110 1455 ait,
3142 1389 3203 1444 in
3229 1390 3389 1444 corde
3413 1395 3574 1455 teme,
3596 1396 3686 1446 tro-

2162 1481 2283 1554 pice
2311 1479 2572 1535 similiter
2602 1475 2854 1547 loquitur
2884 1494 2897 1530 :
2934 1492 3047 1531 non
3077 1478 3223 1548 quod
3252 1482 3399 1532 terra
3421 1496 3508 1533 cor
3529 1478 3688 1534 habeat

2160 1574 2228 1625 ut
2252 1568 2463 1624 animal
2487 1567 2581 1630 sit,
2604 1566 2701 1620 sed
2731 1564 3011 1636 signiﬁcat
3039 1565 3401 1633 Hierusalem,
3425 1569 3487 1623 de
3518 1584 3609 1639 qua
3622 1568 3687 1622 di-

2162 1664 2313 1714 ctum
2344 1661 2536 1724 ωε
2554 1660 2642 1710 est
2664 1673 2677 1709 :
2712 1654 2855 1722 Quia
2873 1661 3128 1725 operatus
3146 1662 3222 1711 est
3239 1660 3462 1712 salutem
3480 1661 3536 1711 in
3551 1659 3689 1712 medio

616 1695 627 1706 .
1602 1695 1621 1708 .
1865 1695 1984 1698 τ
2021 1695 2079 1699 --
2162 1695 2313 1714 wn...
2344 1695 2536 1724 ,πη
2555 1695 2642 1710 ν...
2664 1695 2677 1709 .
2713 1695 2855 1722 κων.
2873 1695 2983 1725 ep...
3000 1695 3125 1710 κη...
3146 1695 3221 1711 νυ.
3239 1695 3462 1712 .............
3554 1695 3689 1712 ...πω

491 1709 705 1817 seni"?
731 1700 988 1817 ᾠδὴ
1014 1711 1349 1817 δθᾳῖνίίίυωτ
1383 1737 1493 1791 quo
1520 1740 1556 1777 8
1582 1725 1803 1795 diabolo
1831 1734 2077 1805 οοπιιριί
2099 1725 2322 1803 Bterra:
2351 1749 2513 1801 IPsat.
2546 1758 2741 1812 Lxxm,
2770 1743 2871 1811 12),
2905 1744 2966 1799 in
2993 1761 3107 1817 qua
3136 1746 3426 1802 cruciﬁxus
3452 1752 3528 1802 est
3546 1745 3690 1801 Domi-

488 1791 639 1840 sunt.
668 1787 989 1851 Imitatione
1008 1801 1235 1869 quidem
1266 1787 1418 1878 ejus,
1439 1811 1703 1871 dicuntur
1724 1787 1826 1873 ﬁlii
1849 1787 2079 1878 sicut‘et

487 1887 658 1945 supra
682 1884 979 1952 progenies
998 1888 1334 1961 viperarum.
1357 1900 1502 1965 Quia
1526 1903 1670 1960 sicut
1696 1908 1957 1966 occidunt
1974 1913 2076 1967 ﬁlii

487 1968 697 2057 matres
739 1985 803 2024 ex
850 1975 1051 2044 quibus
1084 1991 1409 2053 nascuntur,
1442 1990 1525 2045 ita
1551 1994 1874 2053 occiderunt
1900 2000 2077 2057 Judaei

486 2053 769 2161 Christum
781 2062 879 2161 Dei
891 2066 1155 2124 virtutem
1165 2074 1367 2143 Deique
1381 2084 1713 2148 sapientiam
1729 2089 1782 2153 (Ι
1793 2053 2074 2161 Cor.

485 2141 596 2234 qui
608 2150 694 2200 est
722 2151 975 2208 omnium
1002 2164 1151 2213 recte
1177 2164 1517 2234 sapientium
1544 2177 1746 2228 mater.

555 2231 795 2301 Signum
823 2247 1041 2308 quaerit.
1061 2252 1112 2300 et
1136 2252 1362 2317 signum
1387 2272 1499 2311 non
1527 2261 1757 2316 dabitur
1775 2268 1845 2330 ei,
1866 2268 1979 2322 nisi
2005 2272 2079 2323 si-

482 2334 660 2422 gnum
684 2326 835 2381 Jonas
854 2333 1146 2428 prop-heia.
1181 2338 1361 2428 Omne
1387 2343 1562 2415 igitur
1587 2349 1812 2420 signum
1833 2326 2078 2428 alicujus

487 2408 570 2505 rei
596 2410 821 2483 signum
850 2424 951 2473 est:
975 2421 1152 2480 Porro
1179 2408 1581 2505 signum'quod
1610 2408 1671 2493 se
1698 2408 2079 2501 Christus};

485 2501 674 2591 turum
705 2506 1002 2576 promittit,
1036 2512 1186 2570 illius
1214 2518 1362 2589 signi
1390 2501 1544 2580 Jonas
1565 2544 1655 2583 res
1682 2536 1785 2585 est.
1811 2531 1922 2588 Sed
1949 2534 2075 2591 ideo

483 2586 714 2687 signum;
738 2593 959 2666 dicitur,
985 2603 1116 2672 quia
1137 2586 1410 2680 quidquid
1438 2586 2004 2687 praeﬁguratum

479 2675 848 2784 {enm-59f.
876 2692 1061 2784 totum
1085 2675 1377 2766 impletum
1400 2675 1487 2757 est
1513 2704 1573 2759 in
1593 2675 2078 2784 Christuﬁo—pe-r

481 2764 751 2871 hochcet
763 2773 988 2871 signum
1009 2764 1245 2852 dicatur,
1265 2804 1373 2854 res,
1389 2796 1453 2845 ut
1470 2792 1607 2861 dixi,
1628 2796 1779 2852 illius
1794 2764 2070 2871 signiﬁii't:

481 2854 626 2919 Quia
653 2859 798 2916 sicut
821 2863 925 2920 fuit
949 2868 1120 2925 Jonas
1159 2872 1218 2928 in
1247 2882 1441 2933 ventre
1473 2854 1791 2941 ceti'tribus
1811 2854 2073 2946 diebus—et

481 2946 661 3035 tribus
676 2953 921 3008 noctibus
935 2974 952 3009 :
968 2959 1042 3013 sit
1059 2963 1167 3015 erit
1187 2964 1364 3020 Filius
1383 2969 1625 3026 hominis
1649 2976 1712 3028 in
1738 2978 1895 3031 corde
1916 2984 2073 3035 terra:

2157 1852 2265 1894 nus
2293 1840 2351 1890 et
2378 1834 2651 1906 sepultus.

2240 1969 2359 2023 Viri
2388 1968 2653 2022 Ninivitw
2678 1971 2924 2034 surgent.
2944 1964 3314 2038 Prosequitur
3337 1966 3522 2022 miram
3547 1970 3595 2022 et
3615 1965 3691 2021 ad-

2158 2055 2475 2111 mirabilem
2534 2054 2908 2127 prophetiam,
2960 2072 3082 2126 quae
3134 2057 3205 2111 de
3251 2057 3527 2129 prophetia
3575 2056 3692 2110 Jonae

2158 2146 2305 2201 facta
2334 2151 2437 2210 est,
2461 2144 2530 2199 de
2558 2161 2669 2216 qua
2692 2144 3123 2216 prophetaverat
3143 2145 3396 2202 Christus
3414 2152 3467 2200 et
3482 2146 3584 2217 ipse
3601 2160 3693 2216 pro-

2160 2236 2349 2308 pheta.
2384 2234 2450 2289 In
2481 2232 2590 2305 quo
2617 2237 2683 2287 ut
2729 2234 2978 2304 expleret
3004 2234 3328 2290 vaticinium
3364 2251 3533 2293 suum.
3560 2233 3693 2288 etiam

2160 2321 2395 2377 celerior
2423 2322 2602 2376 factus
2627 2326 2715 2376 est
2744 2321 2865 2393 ipse
2894 2321 2953 2376 in
2982 2324 3390 2379 resurrectione
3413 2339 3563 2394 quam
3590 2336 3694 2392 pra-

2160 2409 2378 2464 dixerat
2410 2416 2468 2465 et
2518 2410 2897 2482 praeﬁguravit
2936 2412 3239 2483 propheta.
3279 2411 3448 2467 Porro
3476 2411 3537 2465 de
3568 2408 3695 2464 Nini-

2158 2499 2287 2553 vitis
2319 2501 2589 2570 majorem
2625 2500 2882 2570 gentium
2919 2500 3085 2555 ﬁdem
3125 2501 3376 2558 futuram
3405 2500 3698 2556 demonstrat

2156 2593 2337 2659 quam'
2362 2588 2703 2655 Judaeorum,
2727 2594 2785 2643 et
2814 2589 2942 2644 ideo
2971 2606 3038 2644 ex
3067 2590 3175 2645 ﬁde
3216 2590 3588 2655 Ninivitarum,
3620 2588 3698 2642 Ju-

2157 2676 2308 2731 dseos
2325 2677 2381 2731 in
2394 2678 2603 2738 futuro,
2620 2678 2753 2748 quia
2770 2694 2878 2732 non
2902 2679 3286 2747 crediderunt,
3302 2674 3698 2735 condemnandos

2156 2765 2474 2822 denuntiat.
2496 2766 2771 2831 Quoniam
2792 2767 3072 2834 Ninivitae,
3093 2769 3240 2823 Jona
3261 2769 3592 2841 praedicante,
3607 2780 3700 2837 p03-

2154 2855 2452 2908 nitentiam
2475 2860 2730 2932 egerunt,
2755 2861 2811 2910 et
2834 2873 2868 2911 a
2896 2857 3010 2911 Deo
3037 2858 3351 2929 paenitendi
3375 2857 3578 2912 veniam
3600 2869 3699 2908 con-

2154 2942 2395 2998 fessione
2416 2950 2783 3013 meruerunt;
2815 2945 2910 3000 isti
2932 2962 3063 3000 vero
3093 2946 3321 3002 Christo
3344 2946 3442 3002 Dei
3469 2945 3571 3000 ﬁlio
3596 2958 3702 3014 pna-

484 3034 664 3089 tribus
706 3040 895 3096 diebus
921 3050 971 3098 et
1016 3051 1195 3105 tribus
1226 3058 1490 3112 noctibus.
1524 3060 1788 3124 Quamvis
1818 3032 2133 3124 nonnulliC
2153 3032 2432 3135 Tmﬁam’
2473 3032 2593 3135 ipso
2640 3033 3007 3135 Prj‘edicantf’
3047 3051 3177 3089 eum
3197 3052 3337 3135 ,non
3361 3035 3701 3135 ξαδῗθξῗῗυώ

479 3120 753 3194 quidquid
780 3127 949 3187 Jonas
975 3138 1151 3205 gessit
1177 3141 1401 3213 signum
1430 3120 1600 3204 fuisge
1614 3151 1684 3206 de
1704 3120 2073 3213 Christogg;
2155 3120 2310 3226 Ideo.
2339 3122 2858 3226 surgen'tmdictum‘
2889 3127 2993 3190 est,
3042 3125 3313 3226 quoniam
3360 3121 3704 3226 laudabiliores

476 3208 1199 3312 amant,
1221 3208 1397 3289 ῑεηιει
1419 3237 1489 3291 ad
1511 3208 2071 3318 pass
2826 3212 3068 3318 ξιιξοιεξιηξ
3503 3223 3702 3318 «nam

475 3298 742 3371 mittitur,
775 3308 920 3365 sicut
938 3316 1246 3385 repudiatis
1257 3324 1485 3392 perﬁdis
1498 3327 1703 3385 Judmis
1729 3298 2070 3391 Christrusad
2325 3298 2627 3392 ίῖοηῃίῖῗξον.
2649 3300 2906 3392 εΡΙΘῘῙάθδ
2932 3301 3223 3392 θί-⁰ι³¹’ί⁰¹’
3252 3301 3568 3358 formatione
3592 3302 3705 3392 gm-

473 3395 691 3486 gentes,
714 3412 830 3486 seu
857 3406 1058 3458 caetera
1084 3423 1208 3477 quae
1235 3410 1306 3466 de
1345 3430 1411 3468 eo
1453 3415 1736 3486 leguntur.
1768 3422 1979 3479 Tamen
2009 3426 2069 3480 in

472 3470 581 3571 hoc
610 3482 833 3571 evidens
873 3470 1250 3566 signum-fuit,
1284 3502 1431 3571 quod
1460 3470 1795 3564 agni-solum
1825 3517 2066 3569 mortem

472 3564 698 3670 Domini
709 3564 1489 3672 praeﬁguravitwerum-etiam
1509 3594 1692 3665 ipsum
1708 3564 1930 3670 tempus

473 3656 667 3727 sionis,
699 3663 879 3760 tribus
916 3669 1113 3728 diebus
1144 3681 1202 3730 et
1238 3678 1419 3735 tribus
1468 3656 1743 3753 noctibus,
1774 3656 2066 3760 signanter

470 3752 760 3841 expressit.
783 3755 1047 3821 Quamvis
1066 3779 1132 3818 ex
1160 3766 1263 3822 hoc
1284 3770 1509 3840 quidam
1539 3752 1895 3841 dubitent,et
1912 3797 2065 3835 men-

469 3836 629 3935 dacio
658 3844 942 3903 ascribant
979 3851 1282 3913 Salvatoris
1297 3836 1508 3930 _verba,
1542 3866 1692 3935 quod
1739 3836 1851 3921 non
1881 3868 2064 3925 tribus

469 3925 687 4027 diebus,
728 3950 834 4027 nec
871 3938 1051 3996 tribus
1092 3946 1349 4004 noctibus
1390 3949 1450 4006 in
1497 3925 1754 4025 sepulcro
1797 3957 2060 4027 jacuerit.

466 4015 593 4112 Nec.
606 4018 933 4112 intelligunt
949 4045 1116 4099 quam
1140 4051 1287 4108 saepe
1306 4037 1366 4092 in
1393 4015 1696 4112 Scripturis
1713 4015 1886 4101 sacris
1915 4047 2065 4103 hunc

467 4105 697 4163 modum
723 4110 1019 4173 locutionis
1037 4119 1348 4191 inveniunt,
1378 4130 1476 4199 qui
1498 4136 1696 4203 tropus
1715 4137 2060 4206 synecdoche

464 4200 713 4258 vocatur.
728 4198 824 4254 ubi
836 4219 967 4273 pars
986 4224 1087 4278 pro
1109 4216 1230 4267 toto
1251 4198 1538 4287 accipitur.
1553 4198 1679 4276 Non
1704 4198 1853 4293 quod
1874 4226 2062 4281 Domi-

464 4294 574 4384 nus
600 4298 795 4341 omnes
822 4294 940 4347 tres
964 4295 1083 4352 dies
1111 4306 1169 4355 et
1196 4308 1312 4357 tres
1333 4312 1523 4361 noctes
1549 4308 1607 4363 in
1632 4311 1848 4366 inferno
1867 4314 2056 4384 fuerit,

2150 3387 2287 3452 ﬁcis,
2305 3388 2448 3443 alter
2460 3388 2724 3443 vilissime
2748 3389 3014 3461 degeneri
3035 3396 3194 3445 actus
3218 3392 3462 3464 pondere
3484 3397 3537 3446 et
3556 3388 3705 3460 splen-

2149 3476 2302 3542 dore,
2336 3477 2734 3533 contemnitur.
2767 3478 2874 3534 Ubi
2924 3480 3062 3535 ﬁdes
3103 3481 3362 3551 gentium
3403 3476 3705 3553 permaxima

2148 3566 2503 3637 praedicatur.
2527 3567 2995 3623 Condemnabunt
3021 3574 3211 3624 autem
3233 3588 3347 3626 non
3370 3568 3557 3642 judicii
3579 3570 3704 3638 pote-

2146 3659 2311 3722 state,
2330 3656 2424 3710 sed
2454 3656 2586 3727 quia
2612 3673 2678 3710 ex
2699 3673 2891 3711 eorum
2910 3661 3335 3730 comparatione
3360 3659 3462 3731 ipsi
3484 3654 3704 3712 condem-

2145 3744 2451 3799 nabuntur.
2484 3745 2553 3800 Et
2580 3746 2891 3802 notandum
2914 3747 3065 3818 quod
3093 3753 3297 3819 gentes
3322 3748 3393 3803 ad
3421 3746 3630 3802 meliora
3654 3757 3706 3795 eo

2144 3833 2205 3887 in
2228 3833 2319 3888 die
2348 3840 2663 3905 resurgant,
2692 3841 2749 3890 et
2774 3835 3103 3891 sublimiora
3129 3838 3443 3910 percipient
3467 3836 3592 3891 ﬁdes
3612 3846 3702 3887 sua

2145 3922 2310 3976 dona.

2212 4056 2278 4110 Et
2309 4072 2419 4110 ecce
2441 4059 2572 4125 plus
2613 4072 2782 4126 quam
2809 4060 2981 4113 Jonas
3005 4060 3114 4113 hic.
3148 4058 3256 4115 Hie
3289 4064 3477 4115 autem
3502 4072 3604 4112 non
3625 4067 3707 4109 no-

2142 4161 2272 4199 men
2297 4145 2701 4217 accipiendum,
2732 4147 2831 4201 sed
2859 4147 3185 4204 adverbium
3205 4150 3334 4205 loci.
3350 4148 3611 4215 Quoniam
3628 4145 3711 4198 im-

2139 4234 2566 4306 praesentiarum
2585 4240 2710 4289 erat
2729 4234 2986 4291 Christus
3010 4238 3107 4309 qui
3127 4239 3467 4309 loquebatur
3484 4237 3557 4292 sic
3580 4235 3640 4289 de
3660 4246 3709 4330 se

2142 4323 2301 4394 quasi
2330 4323 2399 4377 de
2429 4323 2561 4388 alio,
2594 4340 2658 4378 ac
2686 4325 2734 4378 si
2782 4325 2996 4380 diceret
3030 4345 3041 4380 :
3078 4326 3181 4381 Hic
3208 4328 3363 4384 inter
3391 4345 3483 4383 vos
3510 4331 3603 4389 est,
3632 4323 3710 4393 qui

462 4368 563 4425 sed
599 4378 666 4428 ut
703 4382 872 4488 spxtm
916 4382 1068 4441 feria:
1095 4389 1208 4445 diei
1259 4397 1476 4461 partem
1512 4412 1623 4465 qua
1653 4401 1906 4469 sepultus
1950 4368 2056 4471 est:
2072 4368 2281 4483 0311;;
2283 4368 2371 4467 est
2390 4368 2561 4483 quam,
2574 4413 2747 4467 Jonas
2768 4413 3169 4479 hic.Quoniam
3193 4418 3361 4487 juxta
3378 4368 3710 4488 Septuagirita

461 4473 592 4560 eum
604 4468 890 4560 praeterita
905 4479 1070 4530 nocte
1100 4484 1159 4533 et
1183 4479 1275 4534 die
1294 4481 1552 4554 accipias.
1570 4484 1673 4541 hoc
1701 4468 1788 4543 est
1805 4505 1908 4560 pro
1937 4468 2058 4548 tota

611 4552 926 4648 _Sabbatum
975 4579 1105 4621 vero
1146 4567 1205 4623 in
1245 4586 1356 4641 quo
1400 4547 1488 4629 est
1530 4578 1653 4630 tota
1681 4593 1789 4632 nox
1805 4547 1884 4634 ἐι
1910 4580 2049 4648 dies,

458 4637 664 4696 deinde
699 4652 921 4705 noctem
950 4652 1301 4714 Dominicnm
1346 4677 1473 4717 cum
1502 4665 1699 4721 eodem
1739 4667 1830 4723 die
1857 4669 2053 4725 illuce-

460 4735 669 4828 scente,
688 4741 907 4806 partem
925 4744 1245 4816 accipiendo
1264 4767 1365 4822 pro
1387 4757 1526 4808 toto.
1543 4754 1727 4811 Habes
1751 4758 1927 4828 igitur
1937 4765 2052 4815 tres

458 4814 596 4887 dies,
612 4828 670 4879 et
689 4830 805 4919 tres
828 4814 1106 4900 noctesisi
1120 4837 1203 4894 ita
1224 4814 1662 4915 uniuscujusque
1682 4814 2049 4919 dieipartem,

406 4970 407 4973 η
456 4917 558 4970 aut
585 4918 766 4974 noctis
785 4925 1065 4996 acceperis
1095 4945 1198 5000 pro
1226 4935 1364 4985 toto.
1379 4932 1454 4987 Ut
1472 4938 1609 5003 puta
1627 4935 1674 4990 si
1695 4917 1899 5007 aliquis
1915 4938 2053 4993 hora

455 5007 566 5066 diei
594 5026 744 5066 nona
769 5029 1027 5084 egressus
1055 5017 1225 5073 fuerit
1259 5020 1329 5074 de
1367 5022 1677 5091 mansione,
1701 5024 1810 5079 iter
1853 5042 2046 5097 agens,

454 5103 513 5155 et
557 5100 792 5159 alterius
819 5104 932 5160 diei
965 5106 1105 5162 hora
1132 5109 1301 5163 tertia
1330 5111 1401 5164 ad
1430 5112 1782 5193 mansionem
1814 5116 2052 5172 alteram

452 5191 797 5261 pervenerit;
822 5194 972 5265 quod
991 5195 1040 5250 si
1059 5196 1370 5253 dixerimus
1386 5191 1540 5256 bidui
1561 5217 1687 5257 eum
1707 5203 1901 5261 fecisse
1924 5206 2050 5275 iter,

452 5281 709 5351 nunquid
737 5283 932 5339 statim
952 5286 1430 5357 reprehendemur
1449 5292 1727 5347 mendacii
1741 5300 1766 5346 Υ
1792 5294 1933 5358 Quia
1958 5296 2051 5352 ille

455 5366 552 5439 qui
582 5369 889 5428 ambulavit
916 5390 1030 5429 non
1063 5392 1258 5431 omnes
1286 5376 1453 5432 horas
1481 5381 1775 5454 utriusque
1796 5382 1927 5451 diei,
1952 5387 2052 5441 sed

452 5458 755 5528 quamdam
779 5468 999 5535 partem
1030 5463 1234 5520 itinere
1253 5468 1616 5541 consumpsit.
1644 5471 1789 5526 Nam
1813 5479 1871 5529 et
1896 5475 2046 5548 quod

453 5547 725 5609 Dominus
751 5554 998 5613 ostendit
1023 5570 1087 5612 se
1113 5555 1174 5613 in
1202 5560 1396 5615 monte
1424 5563 1552 5631 post
1575 5575 1672 5616 sex
1691 5560 1812 5618 dies
1837 5547 2045 5621 tactum

2134 4501 2304 4555 Jonas
2331 4500 2513 4555 tribus
2536 4501 2736 4557 diebus
2766 4500 3029 4559 Ninivitis
3058 4506 3452 4576 paenitentiam
3480 4501 3711 4577 praedica-

2134 4590 2235 4652 vit,
2267 4607 2371 4660 ego
2402 4606 2531 4645 vero
2567 4595 2728 4646 tanto
2753 4598 3044 4664 tempore:
3075 4593 3169 4649 ille
3201 4596 3452 4667 Assyriis
3476 4591 3619 4666 genti
3643 4588 3710 4642 in-

2133 4679 2388 4745 credulae,
2413 4695 2516 4751 ego
2536 4678 2741 4735 Iudaeis
2772 4682 2977 4752 populo
3006 4683 3136 4751 Dei;
3182 4683 3280 4739 ille
3308 4683 3507 4739 alienis
3544 4698 3575 4736 a
3610 4680 3711 4747 lege

2138 4766 2260 4827 Dei.
2293 4784 2396 4837 ego
2450 4768 2591 4823 meis
2639 4768 2847 4824 civibus
2895 4786 3118 4842 semper
3144 4788 3178 4826 a
3205 4772 3331 4842 lege
3361 4778 3420 4827 et
3455 4763 3711 4843 prophetis

2135 4871 2203 4910 ea
2231 4872 2353 4927 quae
2372 4857 2712 4928 repromissa
2734 4863 2867 4913 sunt
2886 4858 3158 4930 patribus,
3194 4860 3461 4927 exhibeo;
3485 4859 3575 4914 ille
3601 4867 3711 4910 voco

2130 4946 2355 4999 tantum
2384 4945 2605 5000 locutus
2635 4946 2966 5011 simpliciter
2993 4948 3133 5002 nihil
3176 4949 3468 5020 signorum
3504 4945 3707 5003 faciens:

2133 5047 2235 5102 ego
2266 5034 2343 5102 (et
2371 5033 2418 5088 si
2442 5033 2501 5087 in
2530 5034 2839 5089 Beelzebub
2868 5036 3050 5092 facere
3080 5037 3413 5103 calumnior)
3441 5038 3710 5093 innumera

2134 5121 2375 5176 inﬁrmis
2405 5123 2639 5194 praestiti
2668 5123 2937 5181 beneﬁcia
2963 5127 3161 5197 gratis.
3184 5127 3319 5191 Qum
3349 5127 3487 5218 quia
3509 5119 3710 5218 ἀθίίεξίξδ

2135 5216 2269 5266 sunt
2296 5227 2485 5283 opera,
2511 5212 2803 5269 insinuant
2829 5215 2977 5286 quod
3006 5215 3133 5287 plus
3164 5222 3252 5271 est
3270 5232 3441 5287 quam
3460 5216 3620 5270 Jonas
3633 5210 3711 5265 hic

2133 5299 2663 5372 impraesentiarum,
2687 5319 2719 5356 a
2749 5320 2860 5374 quo
2890 5313 3004 5359 tam
3035 5305 3183 5359 mira
3209 5311 3265 5360 et
3289 5304 3544 5360 inaudita
3565 5301 3707 5356 ﬁunt.

2134 5388 2347 5460 Regina
2363 5391 2556 5446 Austri
2573 5397 2768 5463 surget
2786 5395 2848 5446 in
2858 5395 3078 5462 judicio
3092 5410 3217 5450 cum
3235 5396 3580 5463 generatione
3598 5391 3707 5452 ista:

2129 5480 2265 5547 quia
2283 5482 2429 5534 venit
2446 5495 2481 5534 a
2498 5483 2706 5549 ﬁnibus
2728 5487 2888 5537 terra:
2907 5484 3109 5538 audire
3129 5468 3465 5555 sapientiam
3494 5484 3712 5539 Salomo-

2130 5568 2236 5621 nis.
2270 5566 2451 5645 Nemo
2480 5568 2809 5628 mortalium
2839 5575 2925 5628 est
2962 5571 3059 5646 qui
3092 5577 3212 5632 tam
3246 5571 3489 5629 docilem
3532 5566 3712 5625 habent
