3918 6176
210 295 308 353 i77

958 305 1337 366 EXPOSITIO
1378 311 1453 364 IN
1494 308 1938 370 MATTHIEUM.
1983 339 2046 349 —-
2087 309 2221 363 LIB.
2267 308 2360 371 VI,
2402 307 2560 360 CAP.
2601 306 2723 359 ΧΙΙ.

3368 298 3473 358 478

207 427 484 487 naturam,
520 426 608 479 vel
641 426 1171 483 excellentissimum
1216 431 1526 502 ingenium,
1560 439 1624 487 ut
1672 434 1795 489 the-
1814 433 1960 493 Atia
1986 440 2044 487 et
2073 432 2233 486 venia
2259 431 2435 502 gratis
2469 429 2820 502 praedicatur.
2854 426 3120 500 Sequitur
3146 425 3328 480 adhuc
3357 423 3471 478 alia

203 524 396 565 sauros
424 512 744 568 divinarum
767 516 1181 587 Scripturarum
1207 536 1310 575 sua
1338 523 1514 591 possit
1542 522 1792 588 scientia,

198 598 279 652 vel
297 600 618 656 eruditione
638 604 710 657 ad
734 604 1010 674 liquidum
1034 614 1347 677 penetrare.
1372 612 1549 665 Nemo
1564 611 1659 682 qui
1680 611 1795 664 sin-

198 687 325 759 gula
350 695 525 760 queat
567 692 871 763 aenigmata
898 700 1093 760 566
1123 699 1386 765 revelare,
1416 706 1473 754 et
1502 700 1796 768 allegorias

198 777 560 850 rationesque
598 782 991 851 parabolarum
1025 785 1448 857 demonstrare;
1481 788 1799 843 similitudi-

198 880 290 920 nes
323 883 549 939 quoque
579 870 698 925 suis
725 870 784 924 in
799 871 934 926 locis
962 872 1131 943 digne
1152 876 1482 946 exprimere,
1502 879 1693 933 omnia
1712 894 1799 932 oc-

199 953 344 1008 culta
364 956 777 1026 aperire.Quod
799 960 931 1030 quia
960 978 1072 1017 non
1101 970 1304 1034 potest,
1332 983 1443 1021 non
1466 967 1591 1021 ideo
1608 973 1797 1022 tamen

198 1040 358 1099 debet
384 1050 607 1115 putare,
642 1048 791 1118 quod
820 1049 1033 1119 aliquid
1063 1051 1122 1105 in
1148 1052 1357 1108 eisdem
1391 1056 1565 1110 sacris
1596 1056 1797 1112 litteris

197 1146 624 1202 supervacuum,
644 1140 743 1189 aut
778 1134 989 1208 absque
1020 1146 1400 1206 sacramento,
1423 1144 1555 1198 licet
1572 1147 1799 1202 occultae

196 1219 620 1290 signiﬁcationis
658 1223 733 1277 sit
759 1224 1026 1295 positum.
1067 1227 1283 1283 Idcirco
1335 1231 1687 1287 adhibendus
1714 1235 1797 1288 la-

195 1307 314 1371 bor,
348 1313 409 1362 et
439 1326 568 1364 cum
589 1312 777 1366 studio
795 1313 1116 1369 inveniendi
1136 1317 1489 1388 imploranda
1512 1328 1597 1376 est
1610 1322 1796 1377 divina

192 1396 394 1465 gratia,
429 1403 495 1452 ut
523 1400 683 1453 nobis
706 1400 942 1457 obscura
962 1420 1213 1460 reserare
1230 1407 1494 1478 dignetur
1523 1428 1618 1481 qui
1640 1416 1797 1467 tenet

193 1486 401 1541 clavem
424 1486 692 1543 scientiae.
727 1490 888 1554 Quia.
920 1498 984 1546 ut
1024 1494 1236 1549 dictum
1285 1504 1389 1563 est,
1434 1499 1554 1570 ipsa
1586 1501 1792 1555 veritas

188 1575 431 1629 multum
457 1575 718 1632 demersa
746 1579 805 1633 in
836 1580 951 1634 alto
974 1582 1127 1636 latet.
1159 1585 1294 1648 Quis
1310 1586 1457 1641 enim
1489 1589 1795 1660 deprehen-

189 1661 346 1718 deret
399 1663 837 1722 dissertissimus
877 1670 1360 1743 philosophorum,
1413 1676 1531 1732 haec
1600 1679 1796 1749 regina

1879 522 2197 592 objurgatio
2227 540 2238 574 :

1949 612 2085 664 Cum
2117 611 2443 663 immundus
2455 611 2686 675 spiritus
2698 611 2894 662 exierit
2919 607 2988 661 ab
3013 606 3249 669 homine,
3269 603 3468 656 ambu-

1880 698 2370 766 latpertocaarz‘da
2393 712 2638 765 quaerens
2667 699 2930 765 requiem,
2954 699 3003 747 et
3029 709 3141 747 non
3172 692 3470 757 invenit,et

1880 786 2113 857 reliqua.
2167 785 2478 840 Continuus
2517 784 2742 855 quidem
2798 783 2933 837 ordo
2984 780 3261 844 lectionis,
3295 783 3353 834 et
3403 793 3470 832 ex

1879 874 2082 946 prioris
2120 875 2343 929 exordio
2390 873 2666 928 sermonis
2712 871 2986 943 proficisci
3014 870 3303 942 probatur,
3333 868 3468 922 dum

1879 965 1958 1017 eis
1982 963 2052 1017 ob
2082 963 2347 1018 duritiam
2371 962 2553 1018 cordis
2577 979 2768 1016 eorum
2809 959 3052 1015 atrocior
3080 956 3469 1012 accumulatur

1878 1070 2062 1125 paena,
2093 1058 2149 1106 et
2177 1053 2359 1122 major
2376 1052 2751 1105 comminatur
2774 1049 3033 1104 vindicta.
3057 1047 3143 1101 Ad
3168 1047 3273 1100 hoc
3302 1045 3467 1118 quip-

1880 1154 1948 1210 pe
1990 1137 2171 1192 omnis
2202 1136 2543 1208 comparatio
2570 1134 2859 1205 praesentis
2886 1134 2993 1187 loci
3037 1132 3371 1193 intentatur,
3404 1133 3471 1184 ut

1878 1226 2225 1281 demonstret
2275 1241 2338 1279 ex
2375 1240 2441 1279 ea
2486 1223 2693 1277 Judaeis
2719 1221 2980 1292 graviora
3006 1219 3303 1274 imminere
3341 1232 3470 1288 sup.

1878 1316 2065 1387 plicia,
2099 1314 2244 1386 quod
2265 1320 2322 1368 et
2347 1314 2406 1367 in
2435 1314 2545 1367 ﬁne
2564 1317 2757 1382 aperte
2786 1308 3084 1374 concludit,
3117 1323 3242 1362 cum
3275 1305 3390 1360 ait:

1948 1406 2038 1461 Sic
2066 1408 2173 1459 erit
2195 1403 2422 1474 (inquit-
2447 1408 2492 1455 et
2523 1404 2651 1455 huic
2669 1400 3015 1469 generationi
3033 1398 3292 1464 pessima).
3321 1395 3465 1449 Nam

1876 1495 2042 1549 homo
2061 1511 2095 1549 a
2117 1510 2225 1565 quo
2240 1491 2563 1546 immundus
2584 1488 2874 1560 egreditur
2900 1485 3129 1558 spiritus
3147 1484 3466 1538 Judteorum

1876 1584 2031 1638 natio
2061 1583 2406 1653 designatur,
2439 1581 2507 1634 de
2539 1596 2647 1650 quo
2668 1578 2927 1650 spiritum
2969 1572 3327 1628 immundum
3355 1571 3462 1635 lex,

1879 1691 2001 1745 quae
2028 1673 2160 1726 data
2187 1678 2292 1735 est,
2314 1670 2630 1725 interventu
2670 1684 2770 1722 suo
2802 1664 2980 1736 ejecit.
3004 1662 3281 1728 Quoniam
3302 1666 3470 1715 antea

189 1748 334 1804 Saba
364 1753 521 1823 quod
549 1754 661 1809 ista
689 1758 1092 1828 praeﬁguraret,
1126 1763 1206 1816 vel
1255 1766 1404 1835 quod
1445 1767 1616 1822 Jonas
1643 1748 1786 1823 forte
1804 1781 1849 1839 Β
1878 1762 1935 1817 in
1965 1764 2201 1832 {Egypto
2234 1761 2414 1814 multa
2442 1764 2499 1813 et
2520 1757 2716 1828 gravia
2747 1755 2807 1809 in
2837 1755 3015 1810 Deum
3060 1756 3290 1823 peccata
3316 1749 3468 1805 idola

190 1855 287 1909 per
327 1840 589 1896 triduum
638 1843 698 1897 in
753 1853 942 1902 ventre
987 1850 1093 1903 ceti
1156 1851 1446 1907 demersus
1494 1860 1608 1909 tam
1666 1874 1791 1928 pro-

188 1926 361 1983 funda
415 1932 777 1987 ostenderet?
805 1935 927 1989 Nisi
967 1937 1220 1993 Christus
1249 1941 1350 1995 Dei
1384 1943 1559 1997 virtus
1580 1926 1789 2016 Deique

188 2016 486 2088 sapientia,
524 2019 619 2090 qui
648 2023 830 2091 aperit
874 2029 931 2077 et
974 2032 1154 2080 nemo‘
1186 2028 1419 2095 claudit,
1448 2030 1586 2086 illud
1633 2034 1702 2087 de
1730 2051 1790 2088 se

194 2104 407 2160 dictum
459 2108 750 2178 aperiret?
795 2111 1070 2175 Quoniam
1111 2115 1257 2170 sicut
1281 2117 1537 2173 inaudita
1566 2127 1794 2177 vectura

188 2199 465 2249 rectorem
497 2212 664 2251 suum
696 2215 942 2263 servans,
989 2208 1045 2255 et
1092 2211 1218 2274 post
1259 2205 1510 2261 triduum
1543 2209 1791 2266 referens

188 2281 251 2335 ad
278 2299 537 2354 superna
568 2303 580 2337 :
616 2284 699 2340 ita
718 2292 775 2341 et
803 2288 1056 2344 Christus
1086 2308 1186 2363 per
1214 2300 1452 2349 mortem
1479 2297 1545 2350 ad
1575 2298 1792 2354 inferna

186 2369 553 2435 descendens,
585 2373 946 2430 inell‘abiliter
977 2385 1063 2433 est
1091 2381 1398 2453 adimpleta
1424 2385 1629 2441 veritas
1661 2405 1786 2443 cum

184 2456 361 2512 victor
393 2459 755 2532 triumphans
795 2465 963 2519 rediit
1004 2468 1075 2521 ad
1114 2468 1302 2524 vitam.
1348 2472 1417 2527 Et
1460 2474 1563 2528 hoc
1592 2483 1681 2531 est
1710 2478 1787 2532 si-

186 2562 362 2616 gnum
414 2549 564 2618 quod
602 2553 982 2620 quaerentibus
1024 2557 1203 2612 solum
1235 2575 1295 2613 se
1343 2560 1606 2618 daturum
1655 2583 1790 2636 pro-

186 2634 383 2699 mittit,
415 2652 519 2706 per
547 2638 697 2708 quod
726 2640 936 2695 scirent
972 2643 1210 2712 gloriam
1251 2664 1420 2717 quam
1468 2650 1524 2705 in
1565 2634 1787 2709 Christo

185 2730 537 2793 spreverant,
570 2731 744 2781 totam
787 2746 908 2784 esse
942 2732 1207 2801 gentibus
1246 2737 1659 2809 conferendam,
1687 2743 1787 2798 sic-

184 2817 241 2865 ut
284 2817 354 2866 et
399 2814 573 2868 Jonas
621 2831 681 2868 se
727 2817 914 2872 reddit
941 2821 1204 2889 gentibus
1251 2842 1416 2895 quem
1448 2828 1787 2900 aufugiendo

183 2899 503 2956 abstulerat
526 2919 561 2956 a
590 2904 815 2959 Iudaeis.
870 2907 1029 2963 Unde
1066 2911 1249 2966 adhuc
1286 2919 1343 2967 et
1375 2917 1569 2987 regina
1596 2899 1789 2975 Austri

183 2988 238 3044 in
258 2990 550 3061 judicium
579 2998 818 3049 ventura
854 2998 1210 3066 praedicatur.
1247 3002 1393 3066 Quia
1431 3006 1578 3061 sicut
1618 3010 1788 3065 Jonas

1872 1850 2156 1906 adoranda
2204 1854 2261 1902 et
2294 1846 2570 1902 daemonia
2607 1844 2857 1906 colendo,
2900 1845 3314 1896 contraxerant.
3345 1839 3463 1894 Nec

1872 1958 1981 1997 non
1995 1940 2164 1994 etiam
2197 1944 2495 2009 postquam
2515 1934 2676 2005 signa
2694 1938 2751 1986 et
2768 1931 3024 2003 prodigia
3044 1930 3142 1984 Dei
3156 1929 3213 1982 in
3224 1928 3463 1999 [Egypto

1872 2030 2146 2092 viderant,
2162 2033 2289 2099 post
2307 2024 2607 2080 transitum
2629 2021 2801 2076 maris
2814 2019 3006 2085 Rubri,
3030 2022 3156 2091 post
3167 2016 3466 2071 innumera

1874 2117 2147 2173 beneﬁcia
2166 2123 2219 2171 et
2251 2114 2522 2169 miracula
2548 2111 2851 2175 interdum,
2887 2124 3013 2163 cum
3043 2108 3129 2162 lex
3156 2123 3188 2160 a
3218 2106 3335 2161 Deo
3376 2104 3461 2159 fa-

1872 2207 2200 2269 bricaretur,
2237 2204 2464 2259 metallo
2485 2219 2551 2257 ac
2577 2199 2856 2272 lapidibus
2892 2196 3103 2252 hostias
3130 2194 3459 2251 immolave-

1874 2301 2025 2359 runt,
2055 2310 2169 2350 una
2195 2310 2323 2349 cum
2378 2290 2560 2346 choris
2590 2294 2647 2344 et
2690 2286 2922 2343 canticis
2977 2283 3323 2349 saltantium,
3365 2298 3465 2336 au-

1871 2402 1996 2440 reos
2026 2402 2167 2456 quos
2196 2382 2303 2437 sibi
2344 2382 2723 2436 conflaverant
2755 2376 2975 2438 vitulos,
3018 2374 3152 2428 deos
3191 2372 3460 2427 adorave-

1871 2479 2022 2528 runt.
2050 2474 2157 2528 Sed
2184 2474 2288 2539 lex,
2308 2470 2477 2526 veluti
2498 2468 2752 2540 quaedam
2779 2464 3035 2522 custodia
3053 2477 3345 2519 murorum
3359 2460 3464 2516 cir-

1870 2564 2158 2631 cumjecta:
2186 2560 2501 2632 potestatis,
2532 2554 2879 2612 daemonibus
2918 2553 3159 2647 rejectis,
3181 2549 3464 2647 conclusit

1872 2649 1971 2705 Dei
2001 2648 2268 2719 populum
2298 2646 2368 2700 ab
2397 2645 2500 2713 eis,
2530 2650 2588 2699 et
2633 2642 2868 2698 exclusit
2913 2638 3332 2735 adversarium,
3352 2636 3463 2735 Qui

1870 2737 2023 2792 illinc
2049 2737 2256 2799 exiens,
2299 2751 2535 2808 pergens
2572 2731 2733 2804 quasi
2783 2746 2882 2802 per
2910 2728 3070 2782 arida
3114 2728 3254 2791 loca,
3284 2729 3342 2780 et
3369 2728 3458 2779 in-

1870 2843 2101 2897 aquosa,
2114 2827 2281 2895 longe
2299 2824 2396 2901 diu
2409 2822 2704 2885 circuiens,
2720 2817 3000 2874 oberravit
3013 2832 3114 2888 per
3127 2812 3458 2871 solitudines

1867 2916 2140 2986 gentium,
2162 2916 2221 2969 in
2234 2913 2434 2985 quibus
2449 2912 2634 2967 nullus
2652 2910 2773 2965 fons
2799 2908 2923 2962 vitae
2938 2907 3004 2960 ad
3013 2906 3119 2960 huc
3132 2904 3455 3002 efﬂuxerat,

1869 3020 2051 3075 neque
2080 3003 2318 3058 caelestis
2346 3001 2528 3057 imber
2542 3016 2636 3055 eos
2664 2998 3029 3069 compluerat,
3046 2999 3102 3049 et
3129 2993 3255 3049 ideo
3285 2993 3464 3046 nimia

184 3082 455 3151 praevisus
504 3089 591 3139 est
639 3092 704 3140 ut
744 3087 963 3142 veniret
999 3089 1056 3143 in
1097 3092 1279 3162 figura
1310 3092 1519 3150 Christi
1550 3117 1561 3151 ;
1596 3099 1678 3154 ita
1730 3094 1844 3156 etC
1867 3091 2345 3148 ariditatetorridi
2361 3090 2711 3164 squalebant.
2736 3088 2887 3153 Quas
2917 3082 3246 3142 solitudines
3267 3080 3464 3135 etloca

184 3171 378 3241 regina
412 3174 609 3227 Austri
638 3176 873 3246 praevisa
898 3183 983 3231 est
1015 3178 1073 3231 in
1115 3180 1298 3250 ﬁgura
1346 3183 1619 3252 Ecclesiae,
1665 3205 1787 3259 qua:

184 3260 332 3314 venit
362 3261 439 3314 ad
469 3260 759 3319 Christum
802 3266 1107 3337 Propterea
1126 3269 1275 3323 beati
1297 3288 1510 3340 sumus,
1530 3274 1783 3347 inquam,

183 3349 308 3417 quia
340 3351 498 3421 quod
526 3354 810 3423 praecessit
857 3355 916 3408 in
952 3362 1088 3428 typo
1117 3367 1174 3411 et
1213 3361 1556 3430 promissum
1603 3371 1690 3421 est
1729 3367 1787 3422 in

182 3434 381 3506 ﬁgura,
420 3455 522 3493 nos
555 3446 735 3496 totam
766 3449 1025 3498 tenemus
1053 3445 1112 3499 in
1130 3450 1313 3517 specie
1344 3450 1654 3519 veritatem,
1691 3469 1787 3506 ve-

183 3539 565 3598 neramurque
593 3529 777 3600 ipsam
809 3533 1169 3603 sapientiam,
1192 3536 1492 3609 ipsumque
1532 3540 1788 3597 Salomo-

186 3628 308 3668 nem
339 3616 762 3687 amplectimur,
808 3638 1064 3676 amamus
1104 3628 1162 3677 et
1205 3630 1466 3682 tenemus
1508 3629 1568 3683 in
1605 3631 1789 3701 specie

192 3703 505 3769 veritatem,
530 3722 974 3781 veneramurque
995 3711 1174 3783 ipsam
1201 3715 1553 3785 sapientiam.
1580 3718 1790 3790 ipsum-

188 3806 291 3860 que
319 3793 685 3850 Salomonem
716 3799 1124 3869 amplectimur,
1150 3818 1407 3859 amamus
1447 3811 1502 3860 et
1530 3812 1788 3863 tenemus

190 3878 313 3935 fide.
346 3880 496 3945 Quia
524 3884 771 3953 profecto
789 3886 878 3941 hic
890 3889 1015 3959 plus
1032 3896 1116 3945 est
1147 3908 1316 3961 quam
1338 3892 1604 3949 Salomon
1635 3896 1791 3951 Chri-

189 3973 322 4032 stus,
339 3971 506 4040 cujus
526 3973 772 4042 egressio
795 3992 830 4029 a
854 3972 1077 4033 summo
1092 3980 1357 4035 caelorum
1380 3983 1624 4039 culmine
1645 4002 1791 4057 quae-

191 4055 314 4111 sivit
342 4075 469 4113 eam
497 4076 620 4131 qua:
642 4062 795 4117 venit
827 4082 862 4118 a
897 4065 1098 4121 finibus
1142 4074 1310 4123 terrae
1340 4071 1536 4127 audire
1562 4074 1790 4145 sapien-

192 4143 346 4214 tiam,
407 4153 467 4201 et
515 4153 879 4223 contemplari
947 4155 1254 4211 ineffabilia
1305 4143 1787 4220 sacramentorum

190 4234 308 4301 ejus
336 4238 628 4308 mysteria.
660 4240 915 4297 Tradunt
943 4243 1118 4313 igitur
1145 4247 1324 4301 Judaei
1345 4250 1495 4320 quod
1524 4252 1642 4306 haec
1669 4270 1791 4308 mu-

191 4320 290 4376 lier
304 4325 497 4380 Meroe
518 4326 595 4381 sit
619 4334 834 4396 vocata,
865 4331 1218 4388 solummodo
1241 4353 1445 4392 nomen
1476 4348 1788 4410 quaerentes

1869 3183 2028 3237 arida
2057 3183 2153 3237 diu
2184 3183 2320 3237 dum
2350 3181 2631 3241 circuiret,
2651 3183 2708 3232 et
2740 3175 3118 3247 requiesceret
3136 3172 3195 3226 in
3217 3170 3297 3225 eis
3314 3168 3461 3224 male

1869 3276 2119 3341 pacatus,
2141 3271 2371 3325 tandem
2388 3268 2691 3341 aliquando
2710 3265 2812 3322 Dei
2830 3263 3017 3337 gratia
3030 3259 3290 3332 respersi,
3306 3262 3462 3331 post-

1870 3376 2037 3432 quam
2068 3377 2167 3432 per
2196 3363 2477 3414 lavacrum
2514 3373 2672 3429 aquae
2705 3355 2827 3409 vitae
2856 3358 2989 3408 sunt
3027 3350 3224 3415 abluti,
3254 3352 3311 3405 et
3338 3346 3462 3402 fons

1868 3448 2022 3504 vivus
2054 3449 2110 3503 in
2143 3448 2222 3502 eis
2250 3447 2479 3507 efﬂuxit.
2512 3444 2801 3502 habitandi
2827 3459 2954 3498 cum
2976 3440 3063 3496 his
3084 3439 3275 3496 nullus
3303 3437 3458 3492 locus

1867 3538 1994 3592 fuit.
2028 3539 2242 3593 Etcum
2262 3539 2382 3608 jam
2410 3538 2468 3592 in
2496 3537 2585 3591 his
2625 3534 2877 3606 requiem
2926 3549 3040 3588 non
3087 3528 3322 3586 haberet
3377 3534 3467 3582 re-‘

1868 3628 2079 3698 gnandi
2108 3628 2258 3682 intra
2286 3644 2345 3681 se
2376 3633 2663 3698 reputans,
2682 3625 2960 3696 optimum
2987 3620 3163 3675 duxit.
3193 3620 3384 3682 568
3405 3619 3463 3670 et

1870 3733 2032 3788 posse
2053 3716 2290 3770 credidit
2319 3716 2379 3771 in
2422 3732 2547 3770 eam
2597 3713 2819 3785 regredi
2849 3712 3099 3805 domum,
3129 3708 3198 3805 de
3229 3704 3462 3805 qua-de-

1870 3806 2063 3876 pulsus
2091 3806 2246 3876 prius
2268 3821 2369 3875 per
2396 3805 2580 3875 legem
2609 3820 2674 3858 ac
2697 3802 2747 3857 si
2774 3802 2844 3857 ad
2867 3798 3140 3871 ampliora
3167 3795 3456 3859 invitatus,

1872 3894 2055 3949 exivit.
2069 3894 2155 3949 Ad
2176 3910 2342 3965 quam
2365 3909 2558 3948 rursus
2572 3890 2913 3963 regrediens,
2935 3885 3148 3944 invenit
3165 3887 3460 3938 vacantem

1871 4000 1972 4055 per
1999 3983 2176 4037 otium
2199 3988 2256 4037 et
2283 3981 2598 4036 sabbatum.
2622 3978 2869 4035 Vacabat
2892 3977 3041 4033 enim
3061 3972 3333 4046 templum
3365 3971 3461 4027 Ju-

1871 4073 2138 4135 daeorum,
2158 4071 2292 4144 quia
2309 4072 2430 4126 sine
2460 4071 2680 4126 Christo
2701 4074 2842 4125 erat.
2856 4074 2914 4124 et
2941 4068 3061 4123 sine
3086 4066 3223 4131 Deo,
3255 4068 3313 4119 et
3335 4063 3459 4119 sine

1870 4162 2124 4216 custodia
2134 4161 2483 4232 angelorum.
2501 4160 2798 4226 Quoniam,
2818 4158 2964 4214 sicut
2978 4156 3217 4228 legimus
3226 4154 3287 4211 in
3299 4154 3459 4209 Jose-

1870 4251 1999 4321 pho,
2036 4256 2161 4322 post
2197 4250 2510 4322 passionem
2533 4250 2755 4306 Domini
2779 4249 3083 4304 clamatum
3115 4251 3203 4301 est
3238 4242 3461 4316 publice

1871 4340 2062 4394 multis
2075 4339 2432 4394 audientibus
2444 4339 2504 4394 in
2515 4340 2709 4396 eadem
2721 4355 2849 4395 arce
2867 4336 3461 4394 muroruszransea-

188 4414 241 4464 et
275 4414 582 4469 carnaliter
618 4417 809 4473 omnia
844 4422 1173 4477 sentientes.
1204 4425 1318 4479 Nec
1347 4430 1538 4483 tamen
1574 4437 1786 4501 myste-
1804 4413 1850 4470 D
1871 4446 1995 4483 mus
2011 4445 2078 4482 ex
2096 4428 2182 4482 his
2201 4426 3020 4500 sedibus.Necimmerito,quia
3039 4425 3336 4480 Dominum
3362 4439 3461 4480 an-

187 4497 331 4554 rium
359 4511 787 4575 recognoscunt,
813 4509 961 4579 quod
983 4510 1239 4566 Christus
1260 4513 1328 4567 de
1345 4531 1407 4568 se
1433 4522 1489 4569 et
1519 4497 1784 4590 Ecclesia,

186 4602 306 4655 quae
334 4605 463 4645 vere
512 4592 709 4662 regina
751 4600 855 4662 est,
902 4613 1022 4652 esse
1069 4599 1278 4655 docuit.
1328 4603 1594 4659 Cumulat
1654 4623 1786 4677 ergo

185 4674 366 4731 adhuc
410 4679 680 4735 invidiam
717 4683 1039 4741 Judaeorum
1082 4688 1197 4743 haec
1250 4693 1616 4762 comparatio,
1654 4696 1788 4766 quia

184 4778 276 4817 eos
300 4765 425 4820 sine
457 4771 817 4825 excusatione
839 4773 971 4829 facit
999 4781 1184 4842 561
1220 4779 1359 4833 ﬁdes
1399 4765 1683 4850 gentium.
1712 4785 1785 4839 Ut

182 4866 307 4941 cum
349 4855 430 4909 illi
465 4859 778 4929 prophetis,
809 4860 866 4915 id
899 4868 1003 4931 est,
1036 4865 1191 4921 Jonas
1231 4864 1627 4941 Salomonique
1668 4889 1783 4927 cre-

182 4938 342 5007 dunt,
386 4949 441 4998 et
487 4948 942 5019 complectuntur
976 4953 1269 5025 sapientiae
1314 4938 1660 5027 doctrinam;
1690 4961 1783 5017 isti

184 5027 466 5087 Christum
496 5052 609 5090 non
647 5039 885 5094 credunt
931 5042 1072 5097 Jona
1113 5060 1213 5099 seu
1264 5045 1561 5102 Salomone
1594 5050 1777 5120 potio-

183 5133 320 5173 rem.
368 5122 435 5177 Et
467 5124 596 5181 ideo
626 5142 722 5181 eos
751 5128 809 5182 in
852 5134 1262 5189 resurrectione
1285 5135 1484 5205 judicii
1511 5139 1774 5193 condem-

182 5207 415 5278 nabunt,
438 5215 568 5284 quia
597 5214 657 5269 in
686 5216 772 5271 his
803 5226 1062 5290 repertus
1083 5227 1170 5276 est
1193 5224 1362 5276 timor
1398 5224 1499 5279 Dei
1525 5242 1590 5280 ac
1614 5228 1679 5281 tie
1693 5245 1771 5284 es.

183 5297 386 5367 quibus
413 5301 497 5357 lex
521 5320 635 5359 non
667 5312 789 5360 erat
807 5308 957 5373 data,
978 5326 1080 5364 nec
1112 5311 1283 5365 virtus
1314 5329 1453 5367 verte
1487 5315 1777 5386 sapientia:

183 5387 498 5454 praedicata.
532 5393 677 5448 Hinc
705 5396 885 5465 magis
930 5397 1146 5469 indigni
1192 5405 1328 5455 sunt
1374 5403 1534 5457 venia
1585 5405 1682 5475 qui
1711 5423 1778 5461 ex

181 5471 302 5546 lege
324 5484 455 5534 sunt
468 5481 743 5550 inﬁdeles,
766 5484 901 5541 dum
927 5487 1053 5559 plus
1083 5490 1214 5545 ﬁdei
1243 5494 1440 5545 sectati
1469 5471 1776 5551 sunt—com-

182 5565 450 5625 mercium
478 5571 577 5644 qui
600 5572 787 5646 legem
798 5591 913 5632 non
932 5584 1223 5649 noverant,
1256 5580 1479 5654 quando
1508 5582 1776 5656 illisgra~

1866 4518 2121 4587 gelorum
2150 4517 2524 4573 habitatorem
2556 4517 2764 4573 habere
2794 4517 3116 4572 noluerunt.
3137 4514 3207 4570 Et
3229 4514 3465 4569 ideoeoc
3494 4542 3505 4555 ο

1868 4622 1994 4660 rum
2007 4607 2312 4677 exspoliata
2330 4606 2602 4678 praesidiis
2621 4607 2851 4661 vacabat
2863 4606 3063 4660 domus
3086 4603 3200 4659 otio
3219 4601 3459 4658 vanissi-

1869 4710 1958 4749 me
1994 4694 2213 4755 feriata.
2229 4702 2429 4750 ornata
2450 4696 2853 4767 prophetarum
2888 4692 3177 4767 praeconiis
3205 4697 3264 4748 et
3289 4690 3461 4748 tradi-

1865 4782 2112 4837 tionibus
2124 4788 2370 4855 paternae
2389 4785 2547 4855 legis,
2579 4802 2683 4840 nec
2711 4802 2824 4840 non
2846 4789 2904 4839 et
2928 4781 3332 4855 superstitiosis
3364 4779 3459 4837 ob~

1866 4872 2289 4927 servationibus.
2345 4874 2583 4945 Propter
2626 4889 2766 4945 quas
2815 4873 3086 4928 nimirum
3125 4868 3458 4927 traditiones

1866 4962 2032 5015 etiam
2094 4962 2214 5033 ipsa
2266 4962 2402 5033 legis
2449 4962 2704 5018 custodia
2750 4963 2917 5034 longe
2960 4960 3294 5026 abcesserat,
3324 4959 3460 5032 quia

1860 5051 2043 5105 omnis
2073 5051 2158 5105 lex
2181 5056 2238 5105 et
2266 5051 2559 5123 prophetia
2577 5068 2754 5123 usque
2783 5051 2853 5106 ad
2875 5052 3150 5107 Joannem
3189 5050 3322 5105 data
3340 5048 3458 5104 fue-

1862 5147 1966 5200 rat,
2004 5147 2066 5194 ut
2090 5140 2376 5194 Christum
2405 5141 2827 5207 annuntiarent,
2856 5157 2966 5212 quo
2993 5139 3230 5210 abjecto,
3243 5136 3457 5210 absque

1863 5228 2191 5294 habitatore,
2234 5234 2298 5283 ut
2318 5229 2451 5296 dixi,
2484 5247 2658 5285 vacua
2688 5228 3107 5295 remansit,non
3135 5227 3461 5300 solumipsa.

1864 5335 2021 5387 gens,
2052 5334 2244 5371 verum
2275 5319 2447 5373 etiam
2477 5324 2536 5373 ct
2561 5320 2686 5392 ipsa
2714 5320 2800 5374 lex
2825 5338 2836 5387 ;
2870 5318 3004 5391 quia
3030 5333 3145 5374 non
3169 5323 3293 5373 erat
3309 5316 3461 5375 alius.

1862 5423 2025 5477 quem
2039 5409 2428 5477 praefiguraret
2446 5425 2627 5480 neque
2650 5409 2710 5464 in
2738 5425 2798 5464 se
2821 5424 2988 5481 quem
3000 5407 3415 5463 demonstraret
3433 5425 3449 5470 ;

1858 5495 1956 5551 sed
1976 5512 2011 5549 a
2039 5494 2200 5550 nobis
2221 5502 2412 5552 tamen
2452 5497 2658 5570 legitur
2684 5498 2852 5570 plena
2875 5496 3159 5571 mysteriis
3187 5496 3260 5552 ad
3289 5495 3451 5552 testi-

1859 5585 2112 5641 monium
2124 5585 2866 5656 conﬁrmationisnostraa,et
2877 5583 3465 5660 illisadopprobrium.
