3918 6176
366 310 472 372 479

1140 310 1197 366 S.
1237 307 1615 365 PASCHASII
1654 306 2014 362 RADBERTI
2051 304 2356 361 ABBATIS
2395 296 2888 360 CORBEIENSIS.

3539 295 3646 355 480

366 438 746 495 damnationis
762 452 895 491 suae.
911 435 1047 501 Qua
1063 435 1262 489 domus
1277 433 1596 495 Judzeorum
1618 448 1744 487 cum
1767 432 1845 485 ita
1863 448 1953 485 es-
1970 435 2021 492 Α
2107 430 2303 484 Adhuc
2330 430 2506 500 igitur
2522 430 2806 491 Saluatore
2825 433 3074 499 loquente
3099 427 3174 481 ad
3186 426 3519 489 turbas,ecee
3530 438 3646 477 ma-

368 531 456 582 set
470 529 689 588 ornata,
707 530 764 579 et
777 525 1287 587 mundata,necnon
1308 526 1365 574 et
1374 537 1565 585 vacua,
1581 536 1652 573 ne
1675 536 1848 574 vacua
1863 535 1954 572 re-

367 619 644 677 maneret,
659 630 853 668 rursus
864 613 1076 683 repleta
1095 615 1182 665 est
1205 609 1571 664 daemonibus.
1588 609 1694 673 Qui
1710 608 1834 662 ideo
1852 606 1956 662 sub

366 708 684 780 septenario
700 722 935 761 numero
945 702 1602 773 assumuntur,quoniam
1614 702 1672 756 in
1683 718 1749 756 eo
1764 717 1959 755 nume-

368 814 432 852 ro
452 797 618 869 plena
645 794 908 867 perfectio
936 793 1281 864 designatur.
1315 793 1389 847 Ut
1417 790 1550 862 quia
1575 795 1661 845 tot
1688 794 1849 843 erant
1877 789 1958 843 eis

369 901 609 941 munera
635 883 946 955 gratiarum
968 873 1252 936 destinata
1307 881 1355 935 si
1385 880 1673 934 Christum
1717 878 1959 949 recepis-

368 979 513 1040 sent,
546 973 605 1028 in
649 989 760 1044 quo
790 976 954 1026 erant
980 971 1098 1025 haec
1126 969 1335 1035 omnia,
1364 974 1450 1023 tot
1492 974 1764 1039 tantaque
1800 966 1960 1021 dein-

369 1080 499 1134 ceps
528 1079 558 1116 e
591 1061 874 1116 contrario
906 1060 1074 1114 fieret
1098 1059 1158 1113 in
1187 1059 1268 1112 eis
1308 1056 1625 1128 iniquitatis
1662 1055 1958 1127 possessio.

369 1150 645 1215 Quoniam
677 1153 735 1202 et
762 1164 862 1220 per
888 1151 1103 1218 septem
1138 1144 1275 1198 vitia
1319 1142 1669 1215 principalia,
1702 1142 1965 1196 universa

364 1238 629 1294 vitiorum
656 1237 983 1291 immanitas
1024 1233 1395 1305 exprimitur;
1425 1237 1491 1287 ut
1519 1236 1730 1302 quanta
1778 1236 1865 1285 est
1903 1231 1962 1285 in

366 1326 529 1382 bonis
549 1326 865 1397 gratiarum
894 1324 1064 1388 actio,
1095 1326 1256 1376 tanta
1287 1320 1361 1375 sit
1395 1325 1452 1375 et
1477 1318 1536 1374 in
1559 1319 1724 1374 malis
1751 1319 1962 1390 iniqui-

367 1415 504 1471 tatis
526 1413 835 1484 plenitudo.
864 1411 973 1466 Sed
993 1410 1118 1465 ideo
1141 1410 1439 1481 nequiores
1460 1408 1722 1462 dicuntur
1750 1424 1965 1462 assum-

369 1503 452 1574 pti
483 1518 652 1572 quam
690 1501 738 1554 is
776 1500 964 1554 fuerat
999 1499 1095 1570 qui
1133 1516 1228 1553 eos
1258 1498 1413 1569 prius
1453 1497 1797 1568 possederat,
1831 1486 1977 1568 quia

368 1589 629 1661 graviora
651 1593 785 1642 sunt
811 1587 948 1641 vitia
985 1603 1108 1658 qum
1148 1590 1274 1657 post
1313 1590 1634 1656 perceptam
1665 1585 1846 1654 legem
1878 1584 1964 1638 vel

370 1678 611 1749 gratiam
633 1676 1064 1731 committuntur
1087 1691 1256 1746 quam
1283 1673 1509 1728 fuerant
1537 1673 1632 1727 illa
1663 1689 1785 1744 quae
1809 1672 1963 1727 nulla

2038 524 2120 573 ter
2134 523 2249 587 ejus
2269 524 2317 572 et
2331 521 2536 587 fratres
2547 522 2664 586 ejus
2679 520 2898 572 stabant
2913 518 3055 585 foris
3074 519 3375 586 quaerentes
3397 516 3554 582 loqui
3572 515 3642 565 ei.

2037 608 2195 662 Dixit
2213 612 2397 661 autem
2414 610 2465 661 ei
2481 608 2712 676 quidam
2733 627 2749 661 :
2772 608 2902 661 Ecce
2926 611 3107 660 mater
3127 611 3223 659 tua
3241 609 3289 658 et
3308 605 3517 670 fratres
3538 603 3644 667 tui,

2037 698 2178 764 foris
2197 701 2347 750 stant
2374 701 2675 765 querentes
2706 700 2771 749 te.
2817 694 3083 758 Quamvis
3132 696 3440 763 occupatus
3498 692 3651 743 esset

2038 785 2311 840 Dominus
2330 784 2390 839 in
2420 784 2676 839 doctrina
2703 783 2874 847 verbi,
2896 784 3063 838 altior
3081 783 3185 836 hoc
3206 781 3326 835 loco
3349 778 3650 850 requiren-

2041 874 2146 928 dus
2165 878 2252 928 est
2280 890 2496 937 sensus,
2522 874 2655 944 quia
2668 873 2899 945 perfecti
2919 879 2976 927 et
2995 871 3267 943 sapientis
3299 869 3407 923 viri
3434 872 3651 938 est,per

2044 962 2292 1033 singulas
2321 962 2629 1017 sententias
2644 962 3090 1033 acuteinspicere
3107 975 3308 1015 sensus
3335 955 3653 1011 latentesin

2045 1052 2125 1106 eis
2150 1051 2427 1119 invenire;
2454 1050 2801 1121 distinguere
2822 1051 3063 1122 singula,
3079 1048 3269 1121 quaain
3284 1047 3427 1101 locis
3445 1050 3657 1099 ettem-

2045 1140 2272 1212 poribus
2290 1157 2389 1196 seu
2411 1139 2471 1194 in
2489 1140 2658 1194 rebus
2678 1145 2813 1195 sunt
2831 1140 3162 1210 signiﬁcata,
3186 1137 3341 1191 dicta
3357 1134 3448 1188 vel
3466 1139 3653 1204 gesta.

2048 1230 2296 1284 Breviter
2324 1229 2549 1300 quidem
2579 1229 2814 1283 definire
2835 1228 3015 1282 verbis
3046 1226 3289 1298 plenius,
3313 1240 3440 1295 quae
3462 1222 3659 1294 expla-

2044 1323 2254 1373 nantur
2293 1309 2640 1390 ampliﬁcare
2676 1317 2952 1382 sensibus,
2985 1316 3106 1371 sine
3163 1312 3491 1376 insolentia,
3527 1311 3657 1365 sine

2045 1407 2349 1462 ambitione
2368 1407 2571 1473 laudis,
2599 1412 2658 1461 et
2681 1411 2874 1473 δυο
2896 1405 3173 1477 jactantia
3196 1400 3482 1457 vanitatis.
3505 1400 3663 1464 Quia

2045 1496 2233 1552 omnia
2253 1495 2462 1559 divina,
2484 1501 2550 1550 ut
2575 1495 2688 1550 dixi
2709 1495 2989 1566 superius,
3012 1498 3243 1549 narrata
3262 1496 3501 1562 operata
3521 1493 3667 1543 sunt

2046 1585 2348 1657 mysteriis,
2371 1589 2429 1639 et
2449 1584 2588 1638 nihil
2605 1584 2662 1638 in
2677 1584 2759 1638 eis
2779 1583 2990 1638 dictum
3005 1581 3154 1654 quod
3183 1595 3296 1635 non
3317 1578 3392 1633 sit
3420 1578 3667 1649 plenum

2046 1673 2319 1739 sensibus,
2344 1673 2490 1728 sicut
2509 1678 2594 1727 est
2616 1672 2768 1743 quod
2810 1672 2920 1727 ait:
2943 1670 3135 1727 Adhuc
3154 1686 3211 1723 eo
3244 1671 3523 1737 loquente,
3550 1682 3669 1721 ecce

373 1746 639 1838 percepta
666 1766 788 1836 lege
810 1763 1206 1836 operabantur.
1232 1763 1470 1834 Propter
1498 1762 1646 1833 quod
1679 1761 1809 1832 quia
1819 1777 1964 1815 com-
1980 1746 2027 1806 Β
2046 1768 2224 1817 mater
2244 1766 2435 1832 ejus,et
2452 1763 2658 1831 fratres
2676 1763 2897 1816 stabant
2915 1762 3073 1829 foris,
3089 1762 3139 1813 et
3155 1758 3303 1812 dixit
3325 1758 3378 1809 ei
3391 1756 3670 1823 quidam:

366 1856 588 1928 pletum
620 1854 869 1908 videmus
914 1853 974 1907 in
1017 1852 1223 1907 Judreis
1264 1868 1387 1923 quae
1425 1850 1766 1905 comminata
1812 1855 1958 1915 sunt,

374 1959 803 2016 expavescamus
831 1941 1127 1996 admittere
1166 1957 1288 2012 quae
1315 1939 1597 2012 prohibita
1633 1943 1783 2004 sunt,
1824 1954 1965 2008 quo-

373 2032 527 2088 niam
574 2031 776 2086 melius
818 2035 984 2095 esset,
1022 2031 1185 2101 juxta
1238 2029 1573 2100 Apostolum
1609 2029 1695 2098 (ΙῙ
1741 2029 1852 2081 Pet.
1900 2040 1961 2091 II,

374 2120 482 2192 ‘20),
514 2120 661 2175 viam
715 2119 817 2174 Dei
866 2135 979 2172 non
1027 2135 1209 2184 nosse,
1266 2134 1436 2188 quam
1482 2122 1610 2188 post
1644 2119 1966 2186 perceptam

371 2208 614 2280 gratiam
658 2213 969 2262 retrorsum
1011 2205 1183 2270 abire,
1230 2211 1330 2259 aut
1379 2203 1483 2258 sub
1514 2203 1793 2275 hypocrisi
1841 2203 1968 2256 ficte

374 2313 439 2351 ac
494 2295 849 2351 vitiosissime
891 2294 1093 2348 vivere.
1157 2293 1303 2357 Quia
1357 2308 1485 2346 cum
1542 2290 1779 2361 quisque
1825 2290 1967 2344 ceci-

375 2384 525 2439 derit
560 2385 629 2438 de
654 2383 900 2437 culmine
932 2381 1169 2453 justitire
1204 2380 1324 2447 Dei,
1349 2381 1610 2451 deinceps
1642 2379 1762 2449 jam
1791 2378 1971 2433 simu-

375 2472 644 2528 lationem
682 2470 928 2526 habebit.
972 2469 1262 2541 Cupiditas
1313 2468 1463 2524 enim
1504 2469 1688 2523 carnis
1743 2468 1972 2539 expulsa

378 2565 571 2626 δεῖ.ίῖ
591 2577 692 2632 per
704 2559 1109 2632 paenitentiam,
1140 2564 1197 2613 et
1215 2576 1249 2612 a
1269 2558 1547 2613 consuetis
1576 2556 1838 2629 operibus
1850 2558 1971 2627 jam

378 2650 620 2716 exclusa,
650 2666 775 2704 cum
805 2665 917 2704 non
946 2649 1225 2703 invenerit
1251 2648 1309 2702 in
1336 2647 1537 2719 quibus
1586 2646 1971 2702 delectationi-

376 2737 482 2794 bus
510 2739 845 2810 requiescat,
879 2736 1097 2791 avidius
1128 2737 1199 2790 ad
1222 2736 1515 2807 pristinam
1550 2736 1695 2790 redit
1732 2734 1974 2789 hominis

377 2833 647 2894 mentem,
681 2833 737 2882 et
764 2843 959 2881 rursus
984 2842 1106 2881 eam
1139 2830 1391 2896 occupat,
1411 2825 1479 2890 si,
1499 2841 1625 2878 cum
1645 2823 1875 2893 expulsa
1894 2839 1977 2877 es-

377 2921 481 2983 set,
503 2915 848 2986 negligentia
878 2914 1176 2969 subsecuta
1202 2914 1391 2979 fuerit,
1424 2919 1488 2967 ut
1512 2913 1581 2966 de
1601 2912 1814 2965 fervore
1834 2911 1967 2964 cha-

379 3003 565 3058 ritatis
582 3021 739 3057 mens
756 3003 1018 3074 prolapsa
1031 3007 1176 3055 ruat.
1193 3002 1349 3055 Tunc
1363 3001 1638 3071 siquidem
1653 3016 1765 3054 non
1787 2999 1969 3053 solum

2049 1852 2175 1907 Ecce
2194 1856 2375 1907 mater
2392 1857 2488 1906 tua
2517 1856 2567 1906 et
2596 1853 2802 1919 fratres
2823 1855 2909 1905 tui
2919 1851 3059 1918 foris
3084 1851 3234 1903 stant
3250 1850 3567 1915 quaerentes
3598 1850 3665 1899 te.

2047 1942 2171 1996 Non
2203 1941 2350 2011 quod
2374 1940 2727 2011 ingrediendi
2755 1939 2827 1993 ad
2857 1955 3005 2004 eum,
3037 1942 3103 1992 ut
3121 1934 3308 1992 caeteri
3336 1950 3455 1989 non
3482 1932 3677 1987 habe-

2048 2035 2177 2083 rent
2194 2034 2549 2100 potestatem,
2564 2029 2661 2083 sed
2674 2028 2807 2099 quia
2823 2027 2903 2082 sic
2930 2026 3121 2080 divina
3144 2022 3425 2095 disposuit
3450 2021 3673 2076 Provi-

2048 2118 2258 2183 dentia,
2280 2124 2345 2172 ut
2353 2118 2435 2172 rei
2451 2122 2682 2173 eventus
2696 2120 3038 2171 monstraret
3062 2112 3372 2185 exspoliata
3386 2110 3677 2182 praedica-

2048 2205 2220 2271 tione,
2256 2207 2516 2278 deinceps
2544 2207 2679 2278 quid
2698 2205 2804 2278 ipsi
2820 2206 2848 2260 J
2854 2203 2997 2259 udrei
3024 2202 3205 2257 acturi
3224 2207 3432 2265 essent,
3460 2200 3679 2255 nolen—

2052 2300 2137 2349 tes
2153 2311 2254 2365 per
2273 2296 2478 2350 ostium
2500 2296 2736 2363 intrare,
2756 2295 2813 2349 id
2830 2300 2914 2349 est
2929 2309 3030 2365 per
3050 2292 3218 2346 ﬁdem
3239 2290 3309 2344 ad
3330 2288 3679 2344 eum.Unde

2051 2383 2263 2439 dictum
2276 2385 2504 2452 estzEgo
2516 2401 2640 2437 sum
2653 2386 2855 2438 ostium
2870 2385 3046 2448 (Joan.
3065 2397 3118 2446 x,
3142 2380 3214 2447 9),
3240 2383 3298 2433 et
3309 2376 3447 2449 quia
3466 2379 3546 2430 in
3568 2391 3680 2431 sua

2050 2476 2273 2540 venit,et
2292 2477 2385 2528 sui
2398 2490 2524 2528 eum
2541 2489 2653 2528 non
2669 2476 2986 2542 receperunt
3017 2472 3218 2537 (Joan.,
3231 2466 3385 2537 1,11).
3400 2464 3609 2520 Porro
3621 2466 3683 2521 in

2054 2568 2234 2617 matre
2263 2566 2320 2616 et
2359 2561 2626 2616 fratribus
2669 2562 2966 2631 Synagoga
2994 2564 3051 2613 et
3079 2556 3278 2620 Judaei,
3308 2554 3408 2627 qui
3460 2569 3542 2608 ex
3613 2570 3685 2609 ea

2055 2651 2173 2706 nati
2193 2657 2343 2717 sunt,
2374 2650 2804 2721 intelliguntur;
2838 2649 2934 2720 qui
2964 2649 3385 2702 contemnentes
3414 2642 3557 2714 ejus
3580 2643 3685 2698 do-

2056 2741 2315 2805 ctrinam,
2349 2744 2549 2794 cuncta
2574 2739 2633 2792 in
2654 2736 3018 2810 opprobrium
3053 2738 3298 2790 vertunt.
3331 2732 3505 2787 Unde
3541 2732 3684 2803 qui-

2059 2830 2190 2883 dam
2228 2834 2294 2884 ut
2327 2845 2394 2882 ex
2429 2843 2542 2882 uno
2567 2844 2746 2899 genus
2778 2825 3146 2897 intelligatur,
3190 2840 3255 2877 ac
3290 2822 3339 2876 si
3367 2820 3686 2876 insultans

2050 2919 2186 2973 dicit
2209 2935 2220 2970 :
2246 2919 2371 2973 Ecce
2399 2922 2577 2971 mater
2607 2922 2703 2970 tua
2721 2920 2770 2969 et
2795 2918 2999 2983 fratres
3030 2919 3115 2967 tui
3152 2914 3292 2980 foris
3319 2914 3475 2964 stant
3522 2927 3687 2979 quas-

2052 3013 2234 3061 rentes
2264 3012 2329 3061 te.
2360 3005 2533 3070 Quasi
2557 3004 2770 3059 diceret
2802 3022 2813 3057 :
2850 3003 2995 3068 Quid
3020 3002 3158 3057 talia
3182 3001 3253 3055 de
3277 3006 3334 3054 te
3357 2998 3419 3052 in
3446 2999 3687 3070 populo

381 3090 611 3146 habebit
636 3091 734 3144 illa
753 3094 968 3160 septem
984 3090 1268 3160 vitia,quae
1288 3096 1421 3143 sunt
1439 3094 1652 3159 septem
1675 3087 1972 3142 virtutibus
1988 3099 2030 3157 ο
2054 3094 2356 3165 respergis,
2386 3094 2472 3148 vel
2503 3099 2748 3165 quax-em
2778 3093 2955 3146 Deum
2985 3089 3213 3157 facis,et
3224 3089 3285 3143 in
3308 3086 3472 3141 nobis
3498 3093 3691 3142 tanta

381 3177 728 3251 spiritalibus
751 3178 1048 3243 contraria,
1085 3194 1275 3232 verum
1308 3177 1476 3231 etiam
1502 3194 1601 3247 per
1625 3176 1967 3247 hypocrisin,

382 3265 442 3320 in
470 3265 655 3337 seipsa
682 3265 917 3320 virtutes
950 3264 1157 3320 habere
1197 3264 1486 3320 simulabit
1555 3266 1860 3336 Propterea
1887 3281 1973 3319 as-

380 3353 819 3426 sumptissecurn
839 3355 965 3409 aliis
976 3360 1190 3425 septem
1202 3353 1582 3425 nequioribus,
1605 3353 1709 3407 hoc
1738 3359 1825 3406 est
1853 3352 1975 3425 ipsa

384 3442 703 3514 septenaria
722 3442 1098 3509 simulatione,
1132 3443 1279 3497 redit
1297 3460 1420 3514 ipsa
1441 3442 1891 3513 concupiscentia
1919 3448 1976 3497 et

382 3530 633 3602 possedit
660 3532 912 3586 eamdem
943 3532 1393 3599 domum,utsint
1423 3532 1974 3586 novissimahominis

385 3624 545 3677 illius
556 3626 747 3691 pejora
760 3624 1050 3691 prioribus
1064 3622 1274 3688 (Matth.
1289 3636 1387 3686 ΧΠ,
1408 3619 1518 3690 45).
1535 3620 1753 3675 Etenim
1766 3620 1973 3675 Judmis

382 3709 610 3781 gravius
637 3716 724 3766 est
760 3727 909 3766 nunc
951 3711 1201 3782 quotidie
1240 3710 1299 3764 in
1344 3710 1645 3781 synagogis
1687 3709 1972 3764 Christum

385 3798 665 3855 obstinato
694 3800 882 3855 animo
908 3800 1492 3872 blasphemare,quam
1512 3816 1637 3854 cum
1655 3799 1714 3853 in
1733 3799 1973 3870 [Egypto

383 3895 515 3945 ante
546 3890 685 3962 legis
704 3890 960 3945 notitiam
983 3889 1144 3944 idolis
1155 3888 1489 3945 serviebant.
1508 3886 1974 3943 daamonibusim-

383 3969 612 4033 molare.
624 3979 710 4045 Et,
723 3986 789 4034 ut
800 3980 1051 4051 apertius
1069 3980 1389 4034 ostenderet
1397 3978 1467 4032 de
1483 3976 1684 4049 quibus
1706 3974 1975 4047 parabola

378 4066 694 4131 texebatur,
712 4066 909 4121 ait:Sie
930 4072 1036 4121 erit
1046 4070 1327 4134 generatio
1350 4068 1481 4120 huic
1489 4065 1973 4135 pessimae.Quam-

382 4152 463 4206 vis
494 4153 907 4223 quodammodo
934 4160 991 4209 et
1009 4155 1079 4208 de
1098 4155 1374 4210 haereticis
1395 4154 1571 4226 accipi
1591 4154 1794 4226 possit;
1830 4169 1973 4225 quo-

382 4238 536 4294 niam
564 4241 742 4295 multo
773 4242 981 4312 pejoris
1019 4243 1352 4298 conditionis
1394 4250 1529 4297 sunt
1556 4242 1800 4297 haeretici
1828 4241 1974 4296 aest-i-

382 4327 595 4396 mandi,
619 4345 788 4399 quam
811 4331 1084 4399 gentiles;
1117 4332 1250 4401 quia
1267 4331 1327 4384 in
1351 4330 1460 4384 illis
1488 4331 1670 4385 adhuc
1695 4347 1822 4402 spes
1842 4330 1971 4384 fidei

2050 3183 2298 3254 taliaque
2340 3181 2705 3254 reprehendis
2743 3184 2800 3234 et
2842 3179 3097 3242 minaris,
3148 3176 3308 3249 quasi
3344 3176 3407 3230 in
3450 3181 3571 3230 tua.
3602 3176 3690 3233 sit

2052 3277 2331 3343 potestate
2378 3271 2656 3325 atrociora
2706 3269 2866 3324 nobis
2896 3268 3150 3328 reddere,
3183 3281 3370 3320 nonne
3419 3264 3556 3318 haec
3588 3271 3689 3321 est

2054 3366 2237 3415 mater
2262 3366 2363 3415 tua
2389 3365 2447 3414 et
2475 3359 2677 3413 fratres
2700 3357 2822 3413 tui?
2843 3374 2970 3411 cum
2994 3357 3072 3410 sis
3090 3356 3278 3422 homo,
3295 3352 3445 3407 fabri
3476 3354 3683 3419 filius,

2055 3453 2114 3503 et
2150 3447 2310 3502 vilior
2338 3448 2396 3501 in
2423 3463 2631 3518 genere
2661 3464 2774 3517 prae
2804 3444 3039 3510 caeteris,
3076 3460 3177 3498 cur
3199 3446 3318 3496 tam
3347 3440 3578 3496 eximia
3608 3442 3689 3497 de

2054 3538 2112 3592 te
2141 3537 2408 3604 ostendis,
2441 3542 2498 3591 et
2542 3535 2600 3589 in
2648 3534 2811 3590 nobis
2863 3538 3025 3589 tanta
3069 3529 3474 3587 calumniaris?
3530 3531 3688 3595 Qua

2056 3626 2238 3681 adhuc
2284 3625 2450 3680 hodie
2489 3640 2589 3678 vox
2641 3628 2724 3679 est
2771 3624 3093 3679 Judaeorum
3148 3619 3444 3675 credentes
3510 3620 3687 3691 quod

2055 3716 2223 3769 homo
2246 3718 2331 3768 est
2366 3718 2589 3768 tantum
2629 3712 2770 3767 fabri
2811 3712 2980 3776 filius,
3020 3715 3077 3765 et
3114 3708 3437 3764 conditione
3465 3708 3687 3764 carnis

2055 3804 2313 3858 humanae
2356 3819 2421 3856 ex
2457 3802 2666 3856 femina
2687 3806 3007 3872 generatus.
3031 3794 3365 3868 Quanquam
3390 3795 3688 3853 videatur

2054 3892 2161 3946 iste
2192 3890 2288 3962 qui
2317 3890 2545 3944 nuntiat
2570 3896 2627 3944 et
2663 3889 2733 3944 ob
2773 3888 2957 3960 aliam.
2985 3885 3345 3950 calumniam,
3378 3900 3503 3938 non
3551 3886 3688 3940 for-

2053 3980 2221 4045 tuitu,
2255 3995 2438 4050 neque
2477 3978 2809 4050 simpliciter
2863 3977 3163 4041 insultans,
3202 3974 3313 4029 ista
3361 3974 3683 4041 nuntiare,

2052 4083 2246 4122 verum
2277 4066 2458 4138 magis
2483 4083 2550 4120 ex
2574 4067 2679 4121 hoc
2707 4065 2940 4120 insidias
2966 4062 3335 4137 praetendere,
3378 4066 3687 4119 utrumne

2055 4156 2236 4211 ofﬁcio
2266 4155 2438 4210 divini
2479 4154 2634 4209 verbi
2663 4159 2860 4209 contra
2907 4152 3165 4226 superius
3202 4156 3563 4222 praeceptum
3606 4152 3687 4207 de

2055 4250 2235 4300 matre
2258 4245 2539 4316 prolatum
2564 4245 2650 4299 vel
2678 4243 2747 4297 de
2783 4242 3072 4309 fratribus,
3117 4256 3340 4296 carnem
3381 4244 3487 4293 aut
3537 4256 3687 4296 san-

2051 4334 2282 4406 guinem
2307 4350 2529 4408 eorum,
2556 4349 2656 4403 per
2685 4337 2872 4385 motus
2909 4331 3195 4398 affectum,
3226 4327 3517 4401 praeferat.
3555 4330 3682 4385 Sed

382 4420 579 4480 restat,
611 4417 672 4472 in
694 4417 817 4472 istis
841 4435 970 4473 vero
999 4436 1185 4490 pugna
1215 4418 1502 4473 discordia:
1532 4424 1739 4472 manet.
1758 4419 1969 4473 Tamen
1990 4415 2033 4471 D
2052 4423 2333 4494 inspector
2370 4422 2622 4477 cordium
2661 4419 3095 4491 benignissimus
3132 4418 3389 4474 Salvator
3435 4416 3525 4471 sic
3573 4435 3686 4473 re-

381 4509 447 4560 ut
464 4506 669 4561 veritas
698 4523 809 4562 non
830 4512 1163 4562 extenuetur
1182 4506 1581 4578 intelligentiae,
1608 4507 1837 4579 impleta
1854 4507 1972 4562 haec

382 4594 569 4649 omnia
601 4595 769 4650 datur
786 4611 1013 4653 cernere
1042 4595 1214 4652 libere
1243 4597 1302 4651 in
1328 4596 1845 4661 Judaais.Quoniam
1861 4595 1970 4651 nisi

377 4682 602 4754 gravius
637 4684 743 4738 hoc
771 4685 880 4740 illis
909 4691 1058 4741 esset
1083 4688 1229 4758 quod
1260 4687 1575 4757 rejecerunt
1602 4686 1888 4741 Christum
1913 4690 1971 4740 et

378 4772 538 4827 vacui
554 4780 961 4840 remanserunt,
984 4792 1152 4846 quam
1167 4776 1213 4831 si
1226 4782 1291 4832 ut
1306 4777 1461 4848 prius
1478 4776 1628 4831 idola
1646 4776 1966 4844 adorarent,

378 4878 734 4934 nequaquam
761 4862 843 4917 ita
871 4880 1048 4935 usque
1067 4864 1126 4919 in
1145 4867 1312 4921 finem
1334 4866 1522 4921 saeculi
1542 4883 1577 4920 a
1604 4864 1830 4937 proprio
1850 4863 1968 4918 solo

378 4952 559 5024 capite
584 4952 705 5008 sine
724 4952 840 5007 ulla
863 4954 1319 5026 repropitiatione
1344 4956 1558 5027 expulsi
1586 4958 1791 5009 essent.
1822 4954 1968 5007 Nam

377 5043 545 5098 modo
565 5040 840 5097 nonidola
867 5042 1109 5098 adorant
1126 5048 1184 5098 et
1194 5050 1550 5111 venerantur,
1566 5048 1621 5098 et
1641 5049 1831 5099 tamen
1847 5042 1967 5096 sine

376 5131 492 5186 ulla
511 5131 809 5186 clementia
828 5147 930 5202 per
950 5148 1173 5187 omnem
1194 5132 1385 5187 orbem
1398 5140 1675 5189 terrarum
1707 5130 1964 5203 dispersi,

374 5224 433 5275 et
460 5221 582 5276 sine
606 5222 722 5275 Deo
751 5237 880 5275 vero
912 5221 1039 5290 vagi
1069 5222 1448 5277 inveniuntur.
1479 5223 1622 5287 Quia
1647 5222 1742 5294 qui
1772 5221 1966 5276 nolue-

372 5316 509 5364 runt
536 5326 659 5365 esse
687 5311 887 5365 domus
916 5310 1036 5374 Dei,
1066 5310 1194 5365 facti
1231 5316 1364 5365 sunt
1403 5312 1603 5366 domus
1648 5313 1963 5367 daemonum

373 5398 768 5471 pessimorum.
802 5399 887 5453 Ad
932 5415 1101 5470 quam
1142 5399 1382 5471 regressi
1413 5417 1542 5455 cum
1572 5418 1673 5456 suo
1714 5400 1964 5472 principe

375 5487 490 5545 suis
514 5488 871 5560 circumsepti
914 5488 1203 5561 nequitiis,
1244 5487 1303 5542 in
1340 5487 1549 5543 eisdem
1588 5489 1862 5557 habitant,
1908 5495 1963 5545 et

374 5583 507 5636 sunt
530 5594 725 5635 eorum
744 5577 938 5636 omnia
956 5579 1153 5652 pejora
1174 5575 1471 5650 prioribus.

2052 4529 2318 4584 sponsum
2354 4515 2652 4583 temperat,
2689 4527 2759 4565 ne
2807 4514 3049 4564 matrem
3077 4512 3264 4578 neget,
3296 4510 3397 4560 aut
3420 4507 3679 4573 fratres,

2051 4618 2151 4673 pro
2181 4618 2293 4673 qua
2313 4601 2484 4655 etiam
2520 4600 2581 4655 in
2611 4614 2773 4655 cruce
2803 4598 3052 4671 pendens
3084 4594 3533 4651 sollicitudinem
3563 4613 3682 4667 ge-

2051 4690 2227 4757 rebat,
2252 4690 2348 4744 sed
2369 4695 2434 4744 ut
2446 4688 2807 4744 insidiantem
2826 4690 3226 4760 repercuteret,
3246 4700 3421 4757 seque
3438 4683 3683 4741 Filium

2049 4779 2151 4834 Dei
2178 4795 2290 4833 non
2309 4779 2526 4833 celavit.

2125 4868 2270 4921 Unde
2299 4869 2587 4922 extendens
2608 4882 2841 4921 manum
2858 4867 2921 4920 in
2936 4865 3224 4935 discipulo,
3248 4864 3348 4928 ait,
3381 4862 3523 4916 Ecce
3548 4880 3687 4919 ma-

2052 4962 2138 5011 ter
2169 4971 2284 5010 mea
2313 4961 2361 5009 et
2381 4958 2585 5025 fratres
2604 4956 2825 5010 νηοί.Λο
2844 4954 2890 5009 si
2920 4954 3150 5021 diceret,
3179 4952 3278 5008 Isti
3301 4956 3439 5007 sunt
3467 4960 3685 5009 mater

2049 5061 2193 5110 mea,
2219 5061 2454 5116 quorum
2487 5044 2668 5099 ofﬁcio
2698 5049 2757 5099 et
2806 5043 3059 5098 doctrina
3109 5040 3359 5115 quotidie
3410 5041 3683 5099 creden-

2049 5134 2189 5189 tium
2219 5133 2419 5189 animae
2449 5134 2508 5188 in
2539 5149 2662 5187 meo
2690 5149 2921 5205 corpore
2959 5137 3022 5187 ut
3061 5130 3178 5186 sint
3200 5134 3564 5202 generantur
3592 5133 3683 5189 ad

2048 5223 2249 5279 lucem.
2271 5222 2370 5278 Isti
2390 5227 2524 5277 sunt
2549 5221 2750 5277 fratres
2777 5221 2873 5293 qui
2898 5220 3113 5276 iaciunt
3139 5236 3310 5291 opera
3324 5218 3516 5273 Patris
3542 5223 3683 5279 mei

2047 5318 2103 5368 et
2134 5313 2497 5377 voluntatem,
2530 5310 2680 5366 unde
2725 5316 2783 5365 et
2818 5309 2924 5382 ipsi
2963 5326 3030 5364 ex
3069 5308 3175 5363 hoc
3215 5307 3575 5380 adoptantur
3608 5310 3682 5368 in

2048 5402 2210 5456 ﬁlios.
2261 5403 2388 5456 Non
2424 5401 2573 5456 enim
2616 5405 2683 5454 ut
2711 5399 2845 5465 dixi,
2869 5400 3028 5471 juxta
3056 5397 3368 5464 haereticos,
3400 5403 3680 5458 matrem

2045 5490 2288 5561 negavit,
2336 5496 2402 5546 ut
2447 5495 2744 5563 putaretur
2783 5488 2852 5543 de
2891 5482 3285 5560 phantasmate
3312 5491 3507 5543 natus.
3544 5490 3681 5547 Sed

2046 5580 2326 5651 apostolos
2346 5578 2665 5650 cognationi
2690 5577 2939 5650 praetulit
2954 5577 3157 5646 carnis,
3179 5582 3244 5633 ut
3263 5580 3322 5632 et
3337 5581 3457 5645 ενι
3477 5583 3522 5644 ι
3550 5595 3680 5636 nos
