3918 6176
477 287 583 348 483

1240 282 1296 336 S.
1340 272 1718 334 PASCHASII
1758 265 2118 327 RADBERTI
2158 266 2461 322 ABBATIS
2498 266 2990 324 CORBEIENSIS.

3587 271 3674 331 484

472 431 667 472 earum
694 413 958 468 varietas.
989 409 1187 480 Sicque
1211 406 1329 476 jam
1360 399 1649 471 aequaliter
1678 394 1957 467 perfusum
1984 391 2128 449 lu-A
2148 397 2787 468 infatigati,etiaminter
2803 401 3005 455 ﬂuctus
3021 402 3209 468 maris,
3228 404 3672 461 etcommittuntse

474 521 603 560 men
632 504 693 559 in
738 499 996 556 cordibus
1035 495 1257 555 nostris,
1292 491 1445 546 nulla
1496 504 1597 542 nos
1646 485 1802 538 fallat
1840 482 2064 536 claritas

476 594 626 649 inter
652 597 919 661 utrasque
950 593 1156 659 partes.
1192 582 1301 637 Sed
1348 580 1394 632 si
1434 575 1702 632 excelsius
1732 589 1834 626 nos
1863 572 2065 624 ducere

475 681 748 744 videmur,
781 678 937 732 nulla
967 692 1067 729 nos
1095 670 1308 740 vertigo
1338 664 1550 738 capitis.
1578 662 1839 732 decipiat.
1877 675 2061 713 verum

476 769 656 824 securi
677 768 872 830 simus,
897 763 1160 835 quoniam
1183 774 1344 812 verus
1376 760 1478 819 est,
1506 759 1560 807 et
1588 752 1705 806 falli
1732 767 1842 804 non
1860 754 2062 821 potest,

476 875 643 931 quem
677 855 983 926 sequimur.
1026 850 1238 905 Idcirco
1278 858 1584 915 sequamur
1620 857 1748 895 eum
1778 838 2063 908 intrepidi,

478 927 781 1017 sequamur
799 941 996 996 securi.
1014 940 1158 994 Sunt
1176 935 1323 990 enim
1340 934 1462 1003 ejus
1483 929 1695 1000 refugia
1718 927 2070 998 quotiescun-

478 1015 585 1106 que
615 1032 884 1102 fatigatur
912 1046 946 1082 a
971 1026 1172 1091 turbis,
1204 1029 1304 1079 aut
1332 1023 1388 1075 in
1422 1025 1629 1080 monte.
1652 1024 1752 1071 aut
1780 1018 1835 1070 in
1867 1015 2066 1106 solitu-

476 1104 606 1178 dine
636 1119 943 1177 eremi.aut
962 1116 1019 1170 in
1049 1114 1210 1169 mari.
1235 1111 1320 1166 Ad
1351 1126 1472 1180 quae
1493 1107 1757 1161 nimirum
1788 1106 1909 1159 loca
1936 1104 2068 1175 quia

475 1210 633 1283 plebs
661 1206 906 1263 invalida
933 1203 1196 1259 accedere
1225 1216 1337 1254 non
1369 1198 1529 1261 valet,
1566 1195 1669 1249 soli
1700 1194 1954 1265 discipuli
1985 1210 2068 1247 se-

478 1304 747 1372 quuntur,
768 1296 827 1350 in
845 1292 1103 1348 omnibus
1135 1288 1333 1344 remoti
1356 1304 1389 1340 a
1408 1285 1680 1340 doctrina.
1715 1284 1845 1338 Ideo
1877 1298 2069 1354 perce-

474 1391 683 1460 perunt
704 1387 822 1456 jam
843 1382 901 1436 in
932 1386 1122 1434 monte
1154 1394 1275 1449 qua:
1305 1375 1482 1429 turba:
1513 1377 1799 1443 nequeunt
1825 1371 2066 1441 assequi,

477 1480 535 1530 et
554 1475 611 1528 in
639 1473 781 1527 mari
798 1487 925 1525 cum
952 1486 1017 1523 eo
1045 1467 1298 1522 navicula
1316 1466 1434 1535 jam
1468 1462 1695 1533 recepti,
1722 1462 2073 1531 interrogant

476 1561 747 1617 secretius
775 1557 1047 1631 mysteria
1074 1554 1313 1610 ccelestis
1360 1553 1483 1606 vitae
1516 1567 1637 1622 qua:
1668 1549 1846 1604 turbae
1889 1549 2071 1603 adhuc

479 1651 717 1706 audiunt
732 1649 790 1703 in
811 1645 1108 1720 parabolis.
1138 1642 1253 1698 Nec
1280 1642 1452 1696 virtus
1478 1656 1670 1694 eorum
1697 1638 1753 1692 in
1779 1639 1893 1692 ullo
1922 1637 2074 1691 debi-

2147 487 2412 542 naviculae
2434 506 2603 559 quam
2625 490 2846 544 Christo
2868 490 3112 561 regitur;
3138 495 3221 545 est
3243 492 3386 546 enim
3404 493 3677 550 ﬁrmissima

2146 576 2463 631 tabularum
2512 579 2876 642 connexione,
2917 580 3157 634 artiﬁcio
3199 581 3454 635 aediﬁcata
3502 582 3674 650 divino,

2147 665 2323 719 solida
2343 666 2522 736 magis
2546 666 2602 719 in
2617 666 2839 720 Christo
2850 684 3018 738 quam
3035 668 3280 722 robusta.
3302 668 3679 742 Frangititaque

2150 754 2368 813 fluctus,
2391 760 2446 808 et
2474 771 2585 808 non
2604 755 2910 824 frangitur:
2935 755 3252 810 turbinibus
3278 763 3497 823 rotatur,
3521 765 3569 812 et
3588 775 3678 814 non

2150 843 2426 911 mergitur
2448 862 2462 910 ;
2486 844 2661 897 eludit
2682 850 2734 898 et
2758 845 2917 899 elidit
2940 846 3120 900 undas
3140 852 3424 901 ventorum
3443 864 3565 918 quas
3589 864 3681 903 non

2150 931 2348 1001 recipit
2378 951 2391 990 :
2424 933 2726 986 seditiones
2760 934 2941 1004 placat
2972 935 3350 989 moderatione
3379 936 3591 1007 remigii.
3631 939 3682 991 In

2150 1036 2260 1090 qua
2286 1020 2458 1090 igitur
2485 1023 2611 1075 navi
2631 1021 2848 1086 fratres,
2875 1024 3008 1093 quia
3041 1025 3162 1094 jam
3188 1024 3541 1089 ascendimus,
3569 1026 3689 1080 ﬁrmi

2150 1114 2205 1162 et
2233 1109 2459 1163 stabiles
2487 1127 2937 1181 permaneamus.
2969 1129 3191 1183 semper
3218 1113 3514 1167 doctrinam
3534 1118 3690 1179 514

2151 1196 2358 1251 Christi
2389 1204 2683 1253 sectantes.
2729 1200 2797 1254 Et
2824 1200 2870 1254 si
2903 1218 3014 1271 qua
3041 1206 3192 1267 sunt,
3221 1219 3342 1272 quae
3373 1201 3543 1255 minus
3567 1201 3692 1272 capi-

2150 1302 2295 1350 mus,
2330 1286 2463 1357 quia
2493 1289 2671 1341 multa
2698 1294 2848 1352 sunt,
2882 1289 3298 1360 interrogemus
3341 1290 3526 1355 securi,
3555 1290 3694 1344 nullis

2152 1390 2418 1429 aurarum
2449 1377 2709 1431 ﬂuctibus
2740 1395 3093 1445 moveamur;
3120 1380 3380 1450 quoniam
3404 1379 3499 1433 etsi
3516 1379 3695 1433 elevan-

2152 1468 2248 1517 tur
2272 1481 2450 1536 usque
2479 1467 2549 1520 ad
2574 1468 2797 1536 caelum,
2829 1485 2939 1522 non
2972 1478 3207 1539 possunt
3232 1487 3334 1524 nos
3359 1469 3575 1524 obruere
3602 1469 3694 1523 suis

2153 1552 2517 1621 allisionibus,
2559 1572 2684 1609 cum
2726 1557 2927 1629 quibus
2968 1558 3223 1612 Christus
3270 1559 3327 1612 in
3375 1576 3440 1614 ea
3488 1558 3693 1629 navigat.

2154 1641 2313 1696 Unde
2340 1642 2419 1696 ait
2449 1662 2460 1697 :
2486 1645 2596 1710 Ego
2630 1647 2901 1699 vobiscum
2929 1663 3051 1700 sum
3079 1648 3334 1701 omnibus
3354 1649 3530 1701 diebus
3557 1663 3697 1715 usque

478 1740 693 1803 litatur,
719 1754 822 1793 nec
850 1734 1118 1790 fortitudo
1146 1731 1442 1802 frangitur,
1474 1746 1575 1783 nec
1602 1727 1917 1782 constantia
1939 1726 2070 1781 fati-
2088 1742 2134 1801 Β
2154 1731 2226 1783 ad
2264 1737 2793 1787 consummationem
2839 1738 3025 1788 seculi
3055 1737 3273 1802 (Matth.
3306 1751 3485 1801 xxvm,
3515 1732 3594 1805 20)
3619 1739 3695 1789 et:

476 1834 665 1897 gatur,
679 1842 781 1880 nec
798 1822 1123 1896 prazstantia
1133 1819 1304 1875 divini
1324 1818 1535 1873 amoris
1548 1822 1815 1888 gravatur
1825 1816 2070 1888 pondere

477 1916 854 1979 inﬁrmitatis;
904 1913 1001 1968 sed
1038 1912 1097 1967 in
1136 1910 1395 1987 omnibus
1441 1910 1711 1963 hactenus
1759 1912 2072 1979 sequuntur

2151 1819 2432 1887 Con/idite,
2466 1824 2599 1891 quia
2626 1838 2717 1890 ego
2748 1822 2857 1877 vici
2888 1825 3165 1878 mundum
3193 1825 3379 1896 (Joan.
3412 1838 3515 1891 xvt,
3546 1821 3639 1892 33).

474 2089 2678 2120 ________._______.___._________——__.._

1682 2194 1973 2267 LIBER
2032 2194 2521 2270 SEPTIMUS.

545 2462 695 2529 (CAP.
718 2459 891 2529 XIII.)
915 2462 983 2515 In
1011 2461 1109 2512 illo
1135 2458 1221 2510 die
1252 2458 1433 2509 exiens
1459 2455 1611 2508 Jesus
1642 2455 1705 2507 de
1742 2454 1899 2506 domo
1928 2454 2064 2507 sedit

472 2567 621 2607 secus
649 2555 878 2615 marc,et
898 2552 1231 2615 congregata:
1258 2549 1389 2597 sunt
1416 2545 1490 2597 ad
1508 2560 1631 2596 eum
1664 2543 1834 2596 turbs
1854 2545 2060 2596 multa.

470 2641 720 2712 Apparet
748 2638 921 2709 igitur
959 2636 1106 2706 quod
1136 2634 1432 2688 Matthzeus
1461 2632 1549 2685 hic
1578 2631 1831 2685 ordinem
1866 2647 2067 2685 naira-

470 2728 641 2784 tionis
688 2744 801 2783 suae
840 2743 906 2781 ac
932 2723 1203 2797 temporis
1247 2728 1471 2777 secutus
1510 2727 1614 2785 cst,
1665 2737 1791 2774 cum
1822 2720 1971 2774 dicit.
2007 2720 2065 2773 in

470 2817 567 2873 illo
597 2817 687 2872 die
710 2834 726 2869 :
746 2832 811 2871 ac
831 2816 879 2870 si
899 2815 1137 2873 dicatur.
1167 2811 1388 2883 quando
1418 2810 1623 2864 ﬁniunt
1640 2810 1757 2864 haec
1776 2826 1897 2880 quae
1916 2808 2068 2862 dicta

469 2911 604 2963 sunt
621 2905 808 2969 verba,
831 2904 939 2958 nisi
969 2903 1112 2957 forte
1127 2901 1275 2955 diem
1303 2916 1402 2970 pro
1422 2905 1676 2969 tempore
1706 2896 2060 2967 accipiamus,

470 3010 604 3064 ergo
633 2994 769 3047 exiit
795 2993 865 3046 de
893 2991 1058 3045 domo
1086 2990 1143 3043 in
1165 3005 1276 3059 qua
1304 2988 1428 3052 fuit,
1460 3004 1587 3041 cum
1617 2985 1829 3040 sanatis
1858 3002 2064 3056 praece-

469 3082 555 3154 pit
581 3097 652 3135 ne
680 3080 1038 3134 manifestum
1061 3094 1186 3132 eum
1218 3077 1494 3138 facerent;
1531 3075 1612 3129 vel
1642 3075 1698 3128 in
1729 3091 1840 3145 qua
1864 3075 2066 3128 docue-

469 3174 562 3225 rat
589 3185 711 3239 quae
750 3167 899 3221 dicta
942 3172 1091 3219 sunt.
1129 3165 1197 3218 Et
1237 3170 1586 3233 congregatae
1633 3169 1766 3216 sunt
1815 3163 1884 3216 ad
1934 3178 2064 3216 eum

468 3256 668 3319 turbae,
703 3272 824 3326 quae
852 3255 1082 3309 domum
1114 3253 1324 3306 intrare
1350 3268 1460 3306 non
1490 3257 1768 3322 poterant.
1803 3251 1897 3305 ubi
1926 3268 2063 3321 apo-

468 3344 598 3401 stoli
624 3345 779 3399 intus
801 3343 1106 3397 audiebant
1122 3340 1403 3413 mysteria.
1431 3340 1499 3395 Et
1523 3340 1647 3394 ideo
1668 3340 1838 3394 exivit
1854 3346 1917 3393 ut
1937 3357 2065 3394 con-

2217 2454 2283 2508 Et
2316 2456 2526 2508 locutus
2560 2460 2639 2508 est
2668 2456 2742 2507 eis
2785 2457 2966 2508 multa
2987 2457 3050 2508 in
3081 2457 3379 2523 parabolis.
3413 2454 3580 2509 Multa
3606 2452 3703 2524 qui-

2148 2543 2297 2609 dem,
2332 2542 2429 2596 sed
2460 2559 2571 2598 non
2596 2543 2783 2597 omnia
2829 2544 2883 2598 Si
2907 2544 3057 2598 enim
3083 2543 3320 2598 dixisset
3347 2543 3530 2598 omnia
3553 2543 3605 2595 in
3631 2556 3706 2612 pa-

2148 2630 2371 2697 rabolis,
2429 2630 2640 2703 absque
2696 2633 3075 2686 emolumento
3126 2631 3701 2687 turbm‘recessissent.

2146 2719 2334 2774 Turba
2353 2726 2543 2774 autem
2571 2737 2682 2775 non
2701 2721 2865 2776 unius
2894 2730 2980 2775 est
3009 2721 3280 2787 scientiae,
3314 2722 3408 2776 sed
3440 2721 3638 2776 diversa
3658 2718 3706 2771 in

2148 2808 2383 2879 singulis
2402 2810 2677 2863 voluntas.
2712 2810 3014 2881 Propterea
3043 2809 3254 2864 eisdem
3283 2810 3527 2882 loquitur
3548 2806 3707 2863 multis

2146 2897 2205 2951 in
2218 2896 2517 2967 parabolis,
2534 2904 2597 2952 ut
2610 2900 2771 2967 juxta
2793 2898 2972 2952 varias
2994 2898 3311 2953 voluntates
3332 2916 3478 2953 suas.
3495 2898 3709 2951 diversas

2147 2986 2460 3056 reciperent
2474 2986 2816 3058 disciplinas.
2848 2987 2990 3041 Hinc
3012 2986 3304 3058 perspicua
3338 2988 3529 3041 miscet
3546 2984 3710 3041 obscu-

2146 3074 2241 3140 ris,
2267 3081 2329 3128 ut
2349 3092 2448 3146 per
2465 3092 2531 3129 ea
2551 3093 2672 3147 quae
2703 3074 2921 3146 planius
2947 3075 3345 3146 intelliguntur
3374 3080 3707 3148 provocentur
3730 3094 3739 3103 -

2145 3164 2215 3217 ad
2236 3180 2429 3218 eorum
2458 3164 2712 3218 notitiam
2737 3181 2858 3236 qua:
2890 3163 3125 3218 obscura
3144 3170 3300 3234 sunt,
3334 3172 3397 3221 ut
3416 3164 3616 3219 avidius
3640 3178 3709 3216 re-

2147 3252 2393 3323 quirant,
2429 3258 2485 3307 et
2509 3250 2828 3323 intelligant
2847 3254 3076 3308 clarius.

2217 3343 2344 3395 Ecce
2375 3344 2507 3395 σαντ’τί
2537 3345 2636 3410 qui
2653 3345 2891 3396 seminat
2911 3345 3205 3396 seminare.
3231 3343 3396 3398 Intus
3429 3345 3560 3407 erat,
3584 3337 3714 3395 domi

465 3438 839 3507 gregarentur
864 3432 936 3486 ad
964 3448 1113 3495 eum,
1147 3430 1281 3501 quia
1311 3428 1627 3483 misericors
1657 3434 1765 3485 est.
1798 3427 2062 3498 Alioquin
2145 3430 3207 3508 versabatur,etloqqebaturdiscipulis
3224 3438 3575 3487 sacramenta
3589 3429 3711 3482 vitae.

466 3523 575 3579 nisi
604 3523 809 3577 exisset
836 3522 906 3576 de
948 3521 1043 3575 illa
1073 3521 1289 3575 occulta
1334 3518 1679 3573 habitatione
1709 3536 1830 3583 sua,
1867 3519 1921 3572 in
1954 3528 2122 3590 quac
2143 3518 2355 3581 Quibus
2391 3519 2634 3590 profecto
2666 3517 2831 3573 rebus
2875 3519 3055 3579 docet.
3088 3525 3153 3573 ut
3197 3520 3336 3585 dixi,
3372 3520 3515 3592 quod
3545 3515 3713 3572 exierit

463 3629 687 3684 semper
712 3628 837 3667 cum
869 3612 983 3666 Deo
1015 3611 1181 3665 Patre
1212 3614 1313 3675 est,
1349 3625 1635 3680 nunquam
1670 3608 1739 3662 ad
1770 3625 1899 3662 eum
1926 3625 2049 3662 ron-
2144 3607 2211 3661 de
2236 3608 2392 3673 coelo,
2436 3614 2492 3661 et
2523 3608 2671 3662 venit
2711 3608 2767 3661 in
2799 3607 3071 3662 mundum
3102 3608 3250 3678 quod
3282 3615 3373 3663 est
3400 3625 3554 3663 secus
3579 3620 3711 3660 mare

460 3706 852 3775 gregarentur,
878 3699 974 3772 qui
998 3699 1235 3772 dispersi
1264 3703 1443 3764 erant,
1470 3704 1525 3751 et
1544 3698 1724 3751 vexati
1747 3697 1913 3752 variis
1945 3698 2059 3751 lan-
2142 3696 2356 3761 sedere,
2381 3702 2479 3749 aut
2502 3696 2571 3749 de
2598 3695 2823 3762 Iudaeis,
2853 3697 2982 3767 quia
3014 3696 3167 3750 venit
3195 3696 3267 3750 ad
3293 3704 3511 3769 gentes,
3542 3711 3713 3751 ascen-

460 3791 749 3864 guoribus.
779 3791 950 3847 Sedet
976 3795 1164 3845 autem
1188 3790 1350 3861 juxta
1381 3788 1550 3858 hujus
1580 3785 1765 3841 saeculi
1799 3803 1971 3850 mare,
1998 3791 2061 3840 ut
2142 3784 2334 3855 ditque
2362 3801 2579 3849 navem,
2604 3785 2660 3838 id
2691 3792 2776 3839 est
2808 3786 3127 3840 Ecclesiam.
3159 3785 3364 3842 Turbae
3398 3802 3524 3841 vero
3546 3786 3611 3840 ad
3636 3783 3713 3837 lit-

460 3882 638 3938 turba:
663 3885 1079 3953 congregantur
1106 3878 1174 3933 ad
1197 3895 1346 3943 eum,
1370 3884 1427 3932 et
1455 3875 1689 3931 audiant
1717 3892 1876 3929 secus
1900 3875 2059 3929 littus
2142 3878 2233 3926 tus
2283 3878 2515 3936 stantes,
2567 3880 2903 3944 praesentem
2957 3875 3128 3928 vitam
3181 3875 3519 3945 signiﬁcant.
3558 3870 3721 3928 Exivit'

461 3989 584 4045 quae
618 3974 773 4027 intus
803 3987 915 4026 non
945 3968 1306 4024 merebantur
1334 3967 1550 4021 audire.
1584 3965 1690 4019 Sed
1723 3964 2058 4035 benignissi-
2142 3977 2385 4032 namque
2414 3961 2482 4015 de
2515 3962 2680 4016 domo
2712 3979 2814 4016 sua
2844 3963 2937 4033 qui
2982 3963 3225 4017 seminat
3262 3965 3494 4019 verbum
3525 3962 3632 4029 Dei,
3660 3966 3712 4014 ut

458 4076 585 4116 mus
613 4059 880 4129 Magister
929 4056 988 4111 in
1025 4056 1143 4110 suis
1176 4054 1384 4108 indicat
1431 4053 1588 4108 factis
1637 4053 1804 4107 etiam
1837 4068 1902 4106 ea
1933 4068 2054 4122 quae

459 4148 579 4218 agit
634 4146 901 4200 Ascendit
936 4150 1127 4198 autem
1171 4143 1227 4196 in
1272 4144 1603 4206 navxculam,
1656 4149 1713 4195 et
1756 4140 1964 4196 resedit
1995 4141 2053 4194 in

463 4233 663 4288 mediis
690 4231 969 4297 ﬂuctibus,
1002 4232 1098 4286 ubi
1128 4230 1284 4285 navis
1316 4230 1443 4284 hinc
1470 4231 1618 4294 inde,
1644 4230 1713 4284 de
1742 4230 2051 4284 montuosis

459 4322 621 4376 valde
646 4320 905 4375 tunditur
929 4318 1205 4391 procellis.
1238 4318 1346 4372 Sed
1376 4319 1543 4372 turba
1568 4319 1701 4372 foris
1729 4324 1859 4381 stat,
1895 4324 1959 4371 ut
1988 4336 2053 4373 ex

460 4409 727 4482 subjectis
756 4407 923 4463 rebus
953 4406 1095 4461 ratio
1134 4411 1497 4470 monstretur,
1530 4423 1651 4476 qua:
1682 4407 1740 4460 in
1772 4407 2052 4477 parabolis

460 4505 584 4555 erat
602 4500 906 4554 locuturus.
925 4496 1046 4561 Quo
1077 4494 1343 4550 nimirum
1368 4494 1508 4548 facto
1538 4494 1817 4564 signiﬁcat
1837 4513 1930 4550 eos
1956 4497 2052 4567 qui

454 4589 591 4644 foris
616 4592 749 4641 sunt
776 4592 934 4642 extra
962 4583 1281 4645 Ecclesiam.
1314 4584 1528 4639 nullam
1573 4584 1745 4639 divini
1775 4585 2051 4638 sermonis

457 4691 655 4748 capere
696 4692 857 4747 posse
910 4673 1364 4745 intelligentiam.
1428 4673 1597 4727 Navis
1646 4673 1794 4728 enim
1852 4678 2050 4743 typum

455 4765 685 4840 praefert
713 4764 987 4831 Ecclesiae,
1020 4764 1171 4818 intra
1199 4779 1365 4835 quam
1388 4762 1618 4817 verbum
1655 4763 1781 4816 vitae
1804 4760 2052 4833 positum

458 4860 545 4912 est
562 4859 620 4910 et
638 4852 988 4926 pradicatur.
1008 4852 1113 4915 Qui
1131 4859 1320 4905 autem
1342 4857 1498 4904 extra
1521 4856 1670 4913 sunt,
1705 4867 1887 4905 arenae
1904 4865 2051 4903 com-

454 4948 731 5019 parantur
752 4946 810 4997 et
834 4948 967 4995 sunt
994 4941 1211 4995 steriles
1237 4940 1357 4995 sine
1379 4940 1580 5006 fructu,
1608 4946 1777 5011 atque
1799 4938 2046 4993 inutiles.

453 5034 666 5090 Idcirco
720 5048 843 5104 quae
886 5036 1275 5101 proponuntur
1325 5029 1383 5084 in
1414 5030 1694 5102 parabolis
1736 5029 2050 5100 intelligere

456 5138 570 5179 non
614 5126 867 5195 possunt.
922 5121 1035 5173 Aut
1075 5126 1224 5174 certe
1256 5119 1381 5173 ideo
1416 5126 1567 5175 stant
1595 5121 1649 5174 in
1704 5121 1896 5174 littore
1935 5121 2045 5172 ﬁxo

450 5214 651 5285 gradu,
681 5218 747 5267 ut
791 5208 1115 5279 diligentius
1141 5208 1372 5263 audiant
1404 5226 1525 5280 qum
1556 5210 1821 5265 dicuntur
1853 5229 1863 5263 :
1917 5225 2048 5278 quo-

452 5303 604 5356 niam
632 5301 870 5357 necdum
894 5315 1020 5353 cum
1037 5298 1188 5364 Jesu,
1204 5314 1386 5369 neque
1400 5315 1531 5353 cum
1549 5307 1663 5365 ἤιε
1677 5308 1737 5364 ⁵
1758 5298 2041 5371 apostolis,

451 5389 701 5463 pericula
721 5394 778 5443 et
795 5386 1152 5451 tentationes,
1170 5384 1371 5457 quibus
1378 5387 1494 5455 jam
1516 5389 1874 5457 premebatur
1893 5386 2048 5439 thri-

454 5486 573 5536 stus
602 5495 636 5533 a
662 5476 779 5533 suis
810 5475 1253 5544 insidiatoribus,
1286 5474 1431 5529 ferre
1461 5482 1741 5546 poterant.
1774 5479 1933 5533 Unde
1963 5494 2045 5533 se-

451 5569 643 5643 quitur
675 5582 685 5623 :

2139 4051 2445 4105 seminaret
2464 4050 2519 4104 in
2537 4051 2826 4121 gentibus:
2855 4051 2936 4105 sic
2966 4052 3111 4106 enim
3134 4053 3202 4106 de
3224 4070 3281 4107 se
3305 4054 3555 4125 loquitur
3576 4047 3711 4123 quasi

2137 4140 2205 4193 de
2219 4139 2348 4204 alio,
2366 4140 2629 4210 quoniam
2647 4140 2764 4211 ipse
2780 4145 2866 4193 est
2884 4140 3033 4194 solus
3061 4147 3216 4195 sator
3242 4142 3644 4199 universorum,
3665 4140 3712 4190 et

2135 4245 2345 4284 semen.
2379 4230 2446 4284 Et
2472 4230 2596 4283 ideo
2624 4228 2834 4300 absque
2862 4230 2976 4283 ullo
3005 4229 3340 4300 cognomine
3373 4249 3435 4286 se
3463 4230 3705 4290 insinuat,

2137 4319 2268 4390 quia
2306 4320 2423 4389 ipse
2453 4324 2540 4373 est
2560 4318 2655 4389 qui
2685 4318 2907 4389 proprie
2937 4325 2993 4371 et
3034 4318 3402 4389 singulariter
3429 4318 3710 4375 seminator

2135 4409 2357 4462 dicitur.
2390 4407 2569 4464 Simul
2600 4406 2833 4461 observa
2854 4407 2996 4460 hanc
3017 4424 3140 4461 esse
3166 4408 3412 4477 primam
3440 4405 3708 4479 parabola-

2136 4514 2281 4563 rum,
2316 4514 2440 4568 quae
2468 4513 2593 4551 cum
2649 4496 3113 4567 interpretatione
3160 4513 3263 4550 sua
3311 4497 3499 4569 posita
3526 4500 3622 4550 est.
3654 4491 3711 4546 Et

2133 4586 2461 4651 cavendum,
2485 4601 2879 4656 quamcunque
2903 4601 3099 4639 earum
3119 4585 3392 4640 Dominus
3414 4584 3643 4657 exponit,
3663 4584 3710 4634 et

2133 4683 2367 4745 rogatus
2398 4692 2432 4728 a
2460 4676 2767 4747 discipulis,
2801 4675 3056 4746 proprios
3113 4691 3403 4729 sermones
3447 4691 3572 4730 suos
3607 4672 3708 4742 ipse

2134 4765 2376 4830 disserit,
2410 4781 2480 4819 ne
2518 4765 2602 4819 vel
2634 4765 2784 4819 aliud
2814 4765 2900 4819 vel
2942 4765 3067 4835 plus
3096 4765 3489 4835 superstitiose
3518 4757 3708 4831 aliquid

2130 4854 2366 4909 velimus
2383 4855 2714 4925 intelligere,
2735 4871 2904 4925 quam
2924 4852 2993 4907 ab
3011 4870 3077 4907 eo
3093 4852 3407 4924 expositum
3428 4858 3528 4907 est.
3554 4850 3709 4905 Porro

2131 4944 2275 4996 hanc
2289 4943 2609 5013 parabolam
2628 4943 2855 5014 quidam
2878 4941 3261 4996 haereticorum
3276 4942 3345 4996 ad
3368 4937 3709 5012 comproban-

2132 5034 2260 5087 dam
2294 5032 2545 5087 haeresim
2576 5049 2734 5086 suam
2765 5036 3076 5096 assumunt,
3110 5035 3225 5085 tres
3251 5031 3499 5085 volentes
3548 5028 3707 5083 intro-

2136 5125 2338 5178 ducere
2363 5128 2613 5187 naturas,
2642 5120 2853 5176 scilicet
2876 5120 3206 5191 spiritalem,
3230 5120 3708 5186 animalem,atque

2128 5220 2413 5267 terrenam
2440 5231 2452 5279 ;
2486 5228 2611 5265 cum
2644 5211 2733 5264 hic
2762 5216 3005 5281 quatuor
3042 5209 3287 5264 sationes
3316 5218 3706 5263 connumereno

2128 5310 2241 5365 tur.
2275 5318 2388 5356 una
2416 5302 2577 5371 juxta
2598 5300 2761 5363 viam,
2788 5298 2899 5353 alia
2925 5299 3073 5353 inter
3102 5306 3341 5369 petrosa,
3370 5297 3539 5352 tertia
3576 5296 3710 5348 inter

2131 5399 2338 5464 spinas,
2374 5396 2574 5462 quarta
2606 5407 2734 5444 vero
2759 5406 2881 5460 quae
2911 5389 2969 5443 in
2997 5393 3151 5443 terra
3174 5388 3318 5443 bona
3359 5386 3706 5441 fructificasse

2130 5482 2353 5537 dicitur.
2387 5481 2635 5545 Quarum
2664 5478 3096 5550 intelligentiam
3125 5476 3194 5531 ab
3222 5477 3343 5548 ipso
3372 5473 3605 5530 Domino
3634 5484 3707 5524 τεο

2132 5570 2438 5641 quiremus.
2460 5570 2696 5627 Interim
2716 5585 2846 5625 vero
2875 5565 3246 5625 differendum
3273 5577 3592 5641 parumper,
3621 5557 3705 5615 do.
