3918 6176
133 262 242 323 485

888 255 1268 313 EXPOSITIO
1307 256 1385 311 IN
1422 255 1864 313 MATTHEUM.
1900 282 1963 293 -
2002 257 2138 315 LIB.
2178 256 2301 327 VII,
2343 258 2499 315 CAP.
2541 259 2692 321 XIII.

3297 267 3407 331 486

136 405 239 445 nec
279 404 411 443 cum
455 384 593 457 ipsis
634 381 937 455 discipulis,
981 387 1199 435 secreto
1239 382 1495 436 eamdem
1535 382 1948 444 audireAboni
1979 384 2100 439 sine
2127 383 2254 445 ﬁde,
2291 383 2585 455 ipsumque
2612 401 2752 457 opus
2766 401 3000 443 vacuum
3015 396 3118 458 est,
3144 392 3405 464 quianon

135 477 439 549 possimus.
496 475 566 529 Et
608 473 933 527 accedentes
980 470 1236 542 discipuli
1280 472 1401 541 ejus
1440 471 1732 527 dixerunt:

136 565 517 631 Quaerendum
538 563 731 633 itaque
743 561 1023 633 quomodo
1036 560 1307 615 accedunt
1318 560 1575 631 discipuli
1590 562 1638 631 ej
1647 578 1730 628 us,

136 671 266 709 cum
292 655 459 708 Jesus
479 652 537 706 in
556 652 684 705 navi
704 649 932 705 sedebat
947 649 973 703 ’ἶ
1004 648 1123 703 Nisi
1154 648 1285 720 quia
1310 648 1737 719 intelligendum

140 748 225 798 est
251 743 405 814 quod
435 741 650 796 dudum
677 756 804 795 cum
832 738 955 809 ipso
983 754 1181 792 navem
1214 737 1655 799 conscenderint,
1682 740 1739 791 et

139 832 215 886 ibi
245 848 375 886 cum
406 846 474 885 eo
501 834 716 884 stantes
760 844 931 899 super
969 826 1432 898 interpretatione
1461 825 1739 897 parabolae

138 919 407 975 sciscitati
432 924 584 973 sunt.
618 917 888 983 Etaqo
904 916 1215 970 notandum
1236 916 1367 987 quia
1397 920 1455 969 et
1479 915 1561 969 illi
1585 932 1740 970 acce-

138 1010 336 1064 dentes
366 1008 739 1077 interrogant,
769 1011 828 1059 et
852 1004 1031 1059 turbae
1052 1010 1267 1058 stantes
1297 1004 1553 1059 audiunt.
1577 1005 1739 1060 Jesus

138 1114 269 1152 vero
300 1096 602 1166 majestate
629 1110 733 1148 sua
760 1110 990 1148 securus
1019 1093 1175 1147 sedet
1195 1093 1253 1147 in
1274 1094 1422 1156 navi,
1446 1093 1608 1165 quasi
1635 1093 1740 1147 do-

137 1192 262 1241 ctor
287 1190 347 1239 et
369 1184 579 1255 judex;
612 1182 818 1237 idcirco
863 1182 1001 1237 istos
1029 1181 1192 1236 docet
1229 1181 1557 1236 accedentes
1605 1182 1735 1249 ﬁde,

138 1276 289 1331 inter
316 1273 539 1328 medios
559 1271 937 1327 tentationum
966 1271 1191 1336 fluctus,
1224 1269 1348 1325 illos
1368 1270 1656 1336 discernit,
1685 1274 1744 1325 et

138 1362 541 1419 tantummodo
569 1362 629 1417 in
677 1359 960 1433 parabolis
1007 1359 1204 1413 audire
1239 1358 1549 1430 permittit;
1609 1360 1743 1431 quia

138 1452 382 1507 necdum
409 1456 571 1505 erant
596 1450 785 1504 idonei
816 1447 963 1504 ferre
975 1447 1333 1516 tentationes,
1357 1447 1491 1519 quia
1504 1448 1742 1503 necdum

138 1540 386 1615 probati.
411 1540 483 1594 Et
507 1540 633 1593 ideo
662 1538 774 1593 ait:

216 1631 371 1683 Vobis
399 1629 597 1682 datum
634 1632 711 1680 est
756 1641 907 1679 nosse
944 1627 1211 1694 mysteria
1256 1627 1418 1692 regni
1457 1628 1736 1692 calorum,

1818 480 1905 527 est
1931 473 1990 528 in
2019 472 2260 528 Christo.
2294 472 2401 536 Qui
2427 479 2615 528 autem
2655 474 2825 530 habet
2860 477 3145 533 Christum
3172 480 3232 535 in
3270 483 3402 551 ﬁde,

1817 562 2124 617 secundum
2149 578 2292 632 opus
2314 561 2463 623 ﬁdei,
2494 562 2689 633 utique
2720 570 2777 619 et
2801 565 3027 621 Patrem
3068 567 3255 624 habet.
3301 570 3410 635 Qui

1819 658 2008 705 autem
2040 652 2264 705 Patrem
2296 654 2351 704 et
2378 649 2602 711 Filium.
2629 669 2755 706 vere
2785 659 2841 708 et
2865 653 3139 726 Spiritum
3150 664 3411 715 sanctum

1818 738 2007 804 habet,
2039 755 2278 810 quorum
2317 748 2402 793 est
2451 739 2703 810 spiritus.
2749 742 2893 805 Quia
2937 746 3084 815 quod
3131 747 3252 802 sine
3298 747 3411 805 ﬁde

1820 832 1925 894 est,
1959 833 2248 899 peccatum
2280 832 2383 891 est,
2414 833 2557 882 teste
2586 830 2886 900 Apostolo;
2915 832 3118 888 idcirco
3155 852 3285 891 vere
3313 836 3413 909 qui

1819 916 1965 971 hanc
1992 932 2105 970 non
2133 915 2317 981 habet,
2352 918 2498 987 quod
2530 917 2750 972 videtur
2771 919 2994 985 habere,
3028 922 3316 979 auferetur
3342 922 3412 980 ab

1823 1021 1907 1059 eo.
1939 1006 2065 1060 Haec
2093 1004 2265 1075 igitur
2288 1004 2357 1059 de
2388 1004 2476 1059 his
2504 1006 2754 1077 loquitur
2781 1008 2876 1079 qui
2906 1015 3059 1064 stant
3099 1010 3158 1066 in
3202 1012 3413 1083 littore,

1821 1098 1878 1148 et
1899 1093 2224 1148 dividuntur
2251 1092 2321 1146 ab
2347 1093 2377 1147 J
2382 1110 2480 1147 esu
2509 1102 2739 1165 propter
2765 1097 3042 1153 tumultus
3069 1100 3281 1169 saeculi,
3310 1118 3416 1157 nec

1822 1183 2060 1238 audiunt
2085 1182 2154 1236 ad
2176 1181 2451 1253 liquidum
2474 1198 2595 1253 quae
2621 1183 2897 1240 dicuntur.
2924 1187 3227 1260 Propterea
3242 1190 3301 1245 in
3320 1206 3420 1264 pa-

1784 1292 1789 1297 ·
1822 1272 2029 1326 rabolis
2059 1277 2145 1325 est
2165 1272 2246 1325 eis
2266 1287 2431 1325 omne
2459 1271 2605 1343 quod
2631 1273 2871 1328 audiunt
2889 1277 3193 1332 secundum
3206 1278 3414 1334 Isaiam

1823 1361 2173 1432 prOphetam,
2197 1359 2423 1430 quiait:
2455 1361 2666 1415 Auditu
2694 1364 2954 1429 audietis,
2997 1370 3044 1418 et
3070 1382 3181 1420 non
3209 1369 3419 1422 intelli-

1822 1453 1977 1518 getis,
2009 1455 2057 1503 et
2085 1450 2327 1505 videntes
2371 1449 2642 1514 videbitis,
2692 1454 2740 1503 et
2792 1466 2905 1505 non
2958 1454 3227 1509 videbitis.
3288 1455 3420 1511 Hec

1824 1538 2029 1609 quippe
2059 1538 2128 1591 de
2151 1536 2333 1591 turbis
2361 1537 2696 1608 prophetata
2743 1543 2893 1604 sunt,
2952 1557 3075 1611 quae
3133 1558 3246 1597 non
3298 1559 3421 1599 me-

1821 1633 2021 1681 rentur
2047 1626 2241 1680 audire
2269 1642 2605 1692 sermonem,
2634 1626 2829 1681 auditu
2850 1627 3051 1692 cordis,
3070 1630 3421 1701 quoniamde

139 1724 254 1775 illis
273 1724 471 1773 autem
494 1732 607 1771 non
635 1720 711 1769 est
744 1716 959 1769 datum.
998 1713 1246 1769 Audiant
1290 1714 1594 1784 Pelagiani,
1647 1710 1743 1786 qui
1762 1698 1806 1758 Β
1823 1716 2046 1771 Christo
2076 1715 2214 1769 nihil
2242 1714 2396 1768 aliud
2424 1714 2741 1769 sentiebant
2767 1716 2876 1770 nisi
2914 1718 3062 1788 quod
3085 1698 3275 1774 bculis
3295 1736 3423 1776 car-

139 1809 260 1863 sine
321 1805 513 1878 gratia
566 1804 668 1859 Dei
720 1803 1027 1875 quidquam
1085 1820 1145 1857 se
1200 1801 1407 1857 habere
1457 1804 1739 1874 jactitant,

142 1896 415 1969 quoniam
442 1893 584 1948 nihil
605 1892 727 1947 sine
745 1892 891 1947 dono
909 1892 1012 1946 Dei
1043 1891 1362 1963 percipitur.
1389 1892 1549 1947 Unde
1592 1894 1743 1964 Apo-

141 1985 355 2041 stolus:
388 1984 533 2051 Quid
566 1982 723 2035 habes
744 1981 887 2050 quod
912 1996 1025 2034 non
1053 1983 1305 2049 accepisti
1324 1983 1378 2047 (Ῑ
1393 1980 1515 2035 Cor.
1554 1994 1629 2046 Iv,
1651 1981 1744 2051 7)?

143 2075 455 2146 Propterea
480 2087 647 2125 nemo
668 2074 973 2141 praesumat
990 2069 1059 2123 de
1077 2085 1156 2127 se.
1173 2069 1306 2141 quia
1326 2069 1469 2123 nihil
1493 2068 1665 2125 habet
1678 2086 1745 2125 ex

143 2182 218 2232 se,
255 2164 369 2218 nisi
400 2162 521 2217 sola
551 2160 774 2215 delicta.
800 2159 1045 2214 Accedat
1067 2158 1242 2229 igitur
1271 2159 1473 2223 alacer,
1510 2159 1620 2214 ﬁde
1647 2160 1744 2214 de-

145 2259 326 2318 votus,
359 2250 547 2324 gratia
575 2250 771 2303 firmus
799 2248 859 2302 in
914 2248 1205 2314 charitate,
1256 2253 1321 2302 ut
1369 2247 1563 2303 audiat
1618 2265 1747 2305 cum

149 2340 424 2414 apostolis
450 2339 509 2394 in
538 2338 685 2404 navi,
714 2343 780 2393 ut
804 2336 1084 2408 intelligat
1121 2336 1270 2409 quod
1286 2337 1480 2392 datum
1512 2342 1597 2392 est
1616 2337 1745 2406 illis,

152 2432 284 2503 quia
314 2428 468 2501 quod
498 2427 608 2481 illis
636 2432 695 2481 et
720 2426 915 2482 datum
940 2432 1044 2491 est,
1070 2426 1329 2481 omnibus
1344 2431 1432 2481 est
1453 2427 1751 2498 repromiso

151 2536 294 2575 sum.
330 2518 602 2589 Magnum
630 2515 805 2587 igitur
831 2520 918 2570 est
937 2515 1084 2587 quod
1105 2515 1216 2569 illis
1244 2516 1439 2570 datum
1466 2520 1552 2570 est
1562 2532 1747 2582 nosse,

152 2608 284 2681 quia
319 2608 431 2662 hac
462 2610 539 2661 est
571 2607 686 2659 vita
719 2610 941 2671 aeterna,
980 2610 1041 2658 ut
1072 2610 1392 2673 cognoscant
1409 2610 1455 2659 te
1469 2609 1649 2659 solum
1669 2620 1755 2660 ve-

151 2714 284 2752 rum
309 2697 762 2763 Deum.et,quem
783 2696 1010 2759 misisti,
1023 2696 1208 2748 Iesum
1251 2693 1533 2748 Christum
1572 2696 1748 2762 (Joan.

152 2801 289 2852 xm,
325 2784 402 2854 3).
435 2782 697 2854 Cognitio
725 2782 932 2854 quippe
977 2782 1094 2837 haec
1131 2798 1401 2853 magnum
1438 2787 1523 2838 est
1566 2798 1753 2838 sacra-

155 2879 435 2939 mentum,
468 2871 619 2926 unde
647 2871 858 2925 dictum
879 2876 993 2926 est:
1016 2872 1259 2940 Regnum
1281 2873 1377 2925 Dei
1388 2874 1544 2926 intra
1565 2889 1655 2929 vos
1683 2878 1757 2927 est

160 2966 307 3032 (Luc.
344 2976 481 3029 xvii,
513 2959 628 3030 ‘21).
662 2959 731 3014 Et
758 2959 890 3031 quia
918 2959 1023 3014 hoc
1052 2976 1178 3014 vere
1221 2960 1575 3016 crediderant
1620 2977 1756 3032 apo-

1825 1804 1945 1858 neis
1972 1803 2253 1857 videbant.
2283 1804 2523 1857 Carnem
2553 1803 2758 1875 quippe
2788 1809 2846 1858 et
2889 1822 3091 1878 corpus
3132 1807 3421 1877 videbant,

1825 1894 1924 1949 sed
1952 1910 2064 1947 non
2094 1891 2445 1946 divinitatem
2476 1893 2599 1962 ejus
2631 1893 2924 1948 facientem
2956 1911 3023 1949 ea
3066 1912 3189 1967 quae
3233 1897 3424 1953 divina

1827 1987 2006 2045 erant,
2038 1979 2445 2051 intelligebant.
2478 1980 2828 2036 Audiebatur
2856 1983 3084 2054 quidem
3114 2002 3215 2040 vox
3237 1985 3424 2040 Patris

1826 2071 2097 2127 dicentis:
2132 2072 2233 2126 llic
2284 2076 2358 2125 est
2389 2072 2564 2125 Filius
2594 2088 2747 2125 meus
2774 2073 3002 2127 dilectus
3034 2074 3249 2136 (Matth.
3299 2088 3421 2145 xm,

1828 2162 1933 2231 55),
1967 2166 2025 2215 et
2051 2176 2164 2215 non
2200 2158 2539 2227 audiebant;
2588 2160 2721 2231 quia
2754 2160 3050 2217 dicebant:
3091 2163 3287 2218 Nonne
3334 2164 3426 2219 hic

1828 2256 1905 2304 est
1927 2252 2078 2318 ﬁlius
2106 2249 2299 2317 fabri?
2327 2249 2634 2320 Propterea
2661 2249 2991 2305 accedamus
3044 2257 3102 2306 et
3147 2268 3250 2307 nos
3296 2268 3426 2307 cum

1830 2337 2117 2409 discipulis
2146 2337 2218 2391 ad
2237 2337 2267 2392 ,Ι
2271 2353 2451 2401 esum,
2479 2342 2535 2391 et
2562 2353 2826 2407 rogemus
2845 2338 3238 2394 discretionem
3267 2356 3430 2412 para-

1829 2427 2106 2492 bolorum,
2150 2443 2221 2481 ne
2241 2442 2369 2481 cum
2400 2425 2581 2481 turbis
2605 2427 2814 2482 frustra
2842 2444 3009 2483 aures
3035 2434 3094 2485 et
3123 2428 3429 2485 oculosha-

1832 2514 1965 2570 bere
1991 2515 2295 2570 videamus.
2333 2514 2442 2569 Sed
2475 2514 2763 2570 obscurius
2812 2521 2899 2570 est
2946 2516 3127 2585 valde,
3173 2499 3331 2590 quod
3370 2517 3431 2573 in

1834 2603 1977 2657 Isaia
2001 2604 2164 2674 juxta
2188 2601 2520 2657 Hebraicam
2540 2603 2834 2659 veritatem
2855 2604 3112 2676 legimus,
3131 2605 3227 2661 ubi
3246 2611 3431 2662 totum

1834 2692 2164 2765 imperative
2201 2691 2464 2763 ponitur:
2497 2692 2703 2746 Audite
2723 2693 2938 2760 auditu,
2966 2699 3024 2748 et
3050 2694 3225 2749 nolite
3261 2694 3431 2750 intel-

1834 2783 2041 2853 ligere;
2083 2786 2139 2836 et
2180 2780 2364 2834 videte
2419 2779 2560 2841 visu.
2619 2787 2676 2836 et
2713 2782 2888 2837 nolite
2944 2799 3295 2855 cognoscere.
3352 2784 3434 2841 Ac

1840 2871 2134 2942 deinceps:
2171 2871 2384 2924 Erczca
2413 2885 2505 2923 cor
2528 2873 2725 2939 populi
2752 2873 2938 2941 hujus,
2988 2880 3039 2927 et
3093 2889 3258 2928 aures
3315 2876 3433 2944 ejus

1839 2976 2082 3030 aggrava
2115 2961 2239 3026 (Isa.
2272 2973 2345 3019 vi,
2403 2955 2510 3027 10),
2558 2964 2616 3013 et
2665 2959 2854 3015 oculos
2904 2962 3026 3032 ejus
3078 2962 3294 3026 claude,
3335 2977 3437 3017 seu

158 3053 308 3114 stoli,
335 3049 625 3105 habebant
653 3064 765 3103 non
786 3065 854 3103 ex
900 3065 979 3115 se,
1032 3048 1130 3103 sed
1185 3065 1250 3103 ex
1293 3049 1439 3104 dono
1483 3050 1584 3105 Dei
1634 3052 1753 3121 jam
1773 3058 1816 3118 ο
1838 3055 2058 3105 caetera.
2092 3048 2194 3103 Hic
2223 3053 2415 3104 tamen
2444 3064 2556 3103 non
2582 3047 2911 3121 imperative
2940 3049 3165 3116 dicitur,
3199 3050 3299 3105 sed
3345 3050 3435 3105 in-

159 3140 298 3196 illud
328 3140 389 3194 in
421 3155 533 3210 quo
569 3143 657 3192 est
682 3137 797 3193 vita
816 3141 1045 3192 aeterna.
1070 3138 1375 3208 Propterea
1394 3138 1651 3210 sequitur
1675 3160 1687 3194 :

229 3232 344 3299 Qui
357 3231 511 3283 enim
530 3227 685 3281 habet
708 3228 935 3281 dabitur
955 3228 1022 3292 ei,
1050 3231 1098 3280 et
1119 3228 1441 3295 abundabit;
1467 3230 1566 3297 qui
1574 3234 1761 3283 autem

163 3324 207 3373 et
226 3335 343 3373 non
374 3318 553 3373 habet.
583 3320 633 3370 et
659 3317 803 3384 quod
828 3315 987 3369 habet
1013 3316 1304 3383 auferetur
1336 3317 1403 3369 ab
1431 3333 1513 3370 eo.
1559 3317 1622 3371 Id
1654 3322 1757 3384 est,

166 3408 255 3480 qui
285 3405 463 3461 habet
482 3404 811 3477 mysterium
856 3404 1014 3475 regni
1044 3404 1163 3471 Dei,
1198 3409 1255 3459 et
1282 3404 1451 3459 ﬁdem
1480 3406 1761 3477 integram

169 3500 309 3568 (quae
327 3513 397 3551 ex
429 3511 521 3549 me
544 3498 648 3562 est)
680 3492 946 3565 possidet,
978 3493 1143 3547 sicuti
1169 3510 1283 3561 vos,
1315 3493 1543 3549 dabitur
1582 3494 1633 3549 ei
1662 3512 1764 3550 au-

171 3591 466 3656 gmentum
512 3583 726 3655 gratiae,
768 3582 915 3637 sicut
960 3582 1261 3653 Apostolus
1303 3582 1402 3649 ait,
1456 3583 1764 3638 secundum

170 3689 496 3729 mensuram
525 3671 683 3739 ﬁdei;
726 3671 992 3743 quoniam
1013 3671 1168 3726 radix
1199 3672 1452 3726 omnium
1496 3672 1767 3729 virtutum

173 3769 225 3818 et
245 3763 686 3818 fundamentum
716 3760 853 3814 ﬁdes
881 3765 984 3824 est,
1038 3775 1207 3831 super
1255 3777 1425 3832 quam
1461 3761 1769 3816 aediﬁcatur

175 3853 429 3907 omnium
452 3851 727 3904 virtutum
748 3853 1052 3915 structura,
1086 3864 1253 3920 quam
1282 3849 1379 3922 qui
1415 3849 1677 3905 habuerit
1715 3849 1768 3905 ei

176 3931 427 4006 scientia,
451 3938 759 3994 secundum
781 3954 1102 3993 mensuram
1135 3938 1283 3993 ﬁdei.
1308 3939 1545 3995 Dabitur
1568 3945 1625 3995 et
1641 3939 1771 3995 cha-

174 4028 308 4085 ritas
333 4030 391 4083 in
425 4027 641 4100 Spiritu
670 4032 881 4093 sancto,
914 4032 979 4081 ut
997 4032 1361 4097 augmentum
1385 4027 1570 4099 capiat
1606 4044 1769 4083 verus

179 4118 553 4183 Christianus,
583 4122 638 4170 et
660 4115 807 4170 dona
820 4115 1127 4170 secundum
1153 4115 1598 4187 magnitudinem
1617 4117 1769 4181 ﬁdei,

178 4211 231 4260 et
255 4205 571 4261 abundabit
598 4205 771 4259 etiam
799 4221 977 4276 usque
1001 4205 1072 4259 ad
1096 4205 1502 4276 plenitudinem
1536 4206 1776 4261 charita-

180 4295 286 4350 tis:
320 4311 493 4368 quam
526 4294 622 4366 qui
644 4311 756 4348 non
790 4292 975 4361 habet,
1012 4294 1070 4349 id
1096 4301 1181 4349 est
1217 4310 1406 4350 veram
1466 4300 1522 4349 et
1557 4300 1773 4350 rectam

1842 3138 2096 3194 dicative.
2123 3136 2278 3193 Sicut
2304 3142 2363 3192 et
2393 3138 2567 3193 Lucas
2597 3137 2657 3193 in
2683 3138 2913 3194 Actibus
2933 3139 3316 3211 apostolorum
3340 3156 3438 3213 po-

1842 3229 1982 3288 suit.
2018 3227 2178 3282 Unde
2201 3226 2459 3298 sequitur
2478 3245 2490 3280 :

1916 3320 2289 3372 lncrassatum
2321 3318 2472 3370 enim
2499 3320 2576 3370 est
2601 3332 2695 3371 cor
2707 3320 2902 3387 populi
2918 3318 3104 3386 hujus,
3124 3324 3174 3374 et
3202 3319 3440 3375 auribus

1844 3408 2090 3475 graviter
2115 3406 2440 3459 audierunt.
2479 3405 2589 3459 Pro
2616 3421 2727 3476 quo
2747 3406 2906 3460 valde
2937 3406 3113 3462 miror
3151 3424 3252 3463 cur
3292 3408 3440 3464 Mat-

1845 3495 2026 3549 thaaus
2044 3510 2172 3548 vere
2188 3492 2474 3556 Hebraeus,
2492 3492 2763 3548 Hebraico
2780 3494 3031 3549 scribens
3042 3513 3320 3563 sermone,
3334 3495 3444 3552 hoc

1847 3584 1968 3638 loco
1997 3593 2192 3637 contra
2214 3581 2677 3637 consuetudinem
2707 3599 2869 3637 suam
2884 3584 3053 3653 juxta
3071 3584 3442 3657 Septuaginta

1848 3673 1955 3727 hoc
1988 3671 2239 3743 posuerit
2263 3670 2649 3729 testimonium
2676 3671 2874 3742 magis,
2925 3688 3093 3743 quam
3125 3675 3288 3743 juxta
3326 3674 3444 3728 He.

1851 3759 2120 3814 braicum.
2155 3758 2265 3813 Sed
2286 3764 2343 3812 et
2363 3758 2739 3829 Hieronymus
2781 3758 2840 3811 in
2890 3761 3294 3814 commentario
3339 3777 3443 3816 suo

1851 3849 2158 3903 secundum
2175 3847 2547 3919 Septuaginta
2565 3847 2669 3901 hoc
2688 3847 2960 3918 exposuit.
2991 3848 3145 3903 Nihil
3166 3854 3359 3903 tamen
3372 3848 3442 3903 de

1851 3938 1957 3993 hac
1982 3938 2250 3992 varietate
2281 3936 2453 3991 movit
2477 3935 2820 4008 quaestionis,
2852 3952 3033 4007 neque
3051 3937 3109 3991 in
3129 3937 3234 3991 hoc
3250 3954 3439 4009 opere,

1852 4045 2035 4099 neque
2059 4032 2247 4094 ὅτε
2276 4026 2335 4079 in
2364 4025 2678 4097 expositum
2725 4025 2903 4093 Isaiae,
2955 4025 3063 4079 nisi
3100 4025 3261 4093 forte,
3311 4024 3447 4099 quia

1854 4133 2001 4171 unus
2026 4115 2287 4187 idemque
2318 4120 2404 4169 est
2431 4114 2491 4167 in
2519 4113 2731 4168 eisdem
2778 4113 3178 4185 interpretibus
3224 4131 3444 4170 sensus.

1858 4206 1964 4260 Sed
1983 4211 2174 4259 tamen
2194 4203 2410 4258 facilior
2428 4203 2733 4258 secundum
2766 4203 3153 4275 Septuaginta,
3176 4204 3446 4276 quoniam

1857 4295 2158 4349 difﬁcultas
2213 4298 2299 4348 est
2352 4293 2411 4348 in
2467 4291 2760 4359 Hebraico,
2811 4292 3091 4364 quomodo
3131 4293 3249 4365 ipse
3298 4294 3449 4349 Deus

183 4384 368 4449 ﬁdem,
405 4384 557 4457 quod
578 4383 749 4438 habet
772 4382 1057 4438 auferetur
1083 4382 1153 4437 ab
1181 4400 1267 4438 eo.
1310 4383 1715 4440 Verumtamen
1743 4401 1773 4439 e
1796 4377 1842 4436 D
1861 4384 2146 4457 pmcipiat
2171 4383 2397 4455 populo,
2416 4387 2480 4437 ut
2494 4382 2692 4436 auditu
2710 4382 2921 4448 audiat,
2942 4387 2999 4436 et
3025 4382 3449 4455 nonintelligat,

185 4474 462 4529 contrario
490 4473 581 4527 hic
610 4472 793 4543 tangit
804 4472 1025 4527 Judaaos
1038 4473 1133 4543 qui
1151 4472 1543 4544 gloriabantur
1562 4473 1619 4528 in
1632 4474 1775 4545 lege,

186 4568 239 4617 et
265 4562 494 4618 turbam
534 4562 593 4616 in
615 4560 894 4633 parabolis
924 4561 1268 4629 audientem,
1302 4562 1435 4633 quia
1458 4562 1627 4631 ﬁdem
1658 4579 1781 4634 quae

187 4651 245 4706 in
273 4652 501 4707 Christo
557 4655 645 4705 est
688 4650 925 4705 necdum
972 4648 1280 4709 habebant.
1327 4651 1460 4707 Ideo
1508 4651 1780 4723 quidquid

189 4757 285 4812 per
333 4742 517 4812 legem
559 4739 946 4812 possederant,
996 4738 1285 4794 auferetur
1331 4740 1402 4795 ab
1438 4740 1538 4796 eis.
1578 4741 1783 4813 Tangit

190 4831 360 4885 etiam
388 4835 447 4885 et
486 4846 581 4885 eos
611 4830 707 4901 qui
739 4828 1001 4884 videntur
1031 4828 1238 4884 habere
1282 4846 1385 4901 per
1426 4836 1642 4886 naturae
1681 4830 1783 4886 bo-

191 4935 323 4974 num
351 4926 501 4974 certe
525 4923 626 4973 aut
662 4918 957 4972 simulatas
995 4918 1116 4972 sine
1172 4918 1279 4973 ﬁde
1336 4919 1592 4986 virtutes,
1651 4921 1785 4993 quia

194 5009 517 5063 auferentur
542 5006 613 5062 ab
643 5006 759 5073 eis;
801 5006 1066 5077 quoniam
1112 5008 1232 5060 sine
1281 5008 1383 5075 ﬁde
1454 5011 1785 5077 impossibile

195 5104 265 5151 est
300 5102 513 5166 p'acere
550 5098 654 5151 Deo
682 5096 829 5162 (Heb.
864 5112 937 5159 χι,
992 5094 1063 5163 6).
1113 5096 1307 5167 Neque
1351 5102 1587 5167 possunt
1620 5098 1785 5169 quid-

197 5187 341 5257 piam
376 5186 664 5257 sapienter
712 5183 1046 5254 intelligere,
1090 5184 1185 5255 qui
1238 5191 1406 5258 caput
1442 5192 1629 5252 510
1674 5204 1786 5243 non

198 5274 408 5330 habent
444 5275 501 5330 in
549 5292 610 5329 se
648 5273 956 5345 sapientiae.
997 5273 1104 5327 Sed
1162 5290 1232 5328 ne
1277 5274 1420 5329 forte
1472 5275 1674 5346 aliquis
1729 5294 1789 5332 se

199 5370 357 5433 putet
376 5365 540 5418 ﬁdem
570 5362 780 5417 habere
825 5378 952 5416 cum
992 5362 1170 5416 credit
1218 5363 1277 5418 in
1320 5364 1625 5430 Christum,
1667 5364 1789 5418 sine

201 5453 459 5523 operibus
474 5452 731 5524 justitize,
761 5451 919 5517 sciat,
962 5451 1094 5523 quia
1115 5452 1162 5506 si
1192 5468 1333 5525 opus
1375 5453 1507 5509 ﬁdei
1537 5470 1650 5508 non
1687 5454 1789 5509 ha-

200 5540 309 5617 bet,
341 5542 482 5601 ﬁdes
508 5546 736 5600 mortua
758 5544 863 5598 est.
895 5540 967 5597 Et
1001 5539 1049 5596 si
1077 5540 1339 5599 habuerit
1378 5558 1521 5617 opus
1565 5542 1792 5617 aliquod

1860 4479 1918 4528 et
1936 4473 2129 4527 videns
2148 4471 2353 4526 videat.
2387 4476 2445 4526 et
2458 4488 2570 4525 non
2588 4475 2856 4541 agnoscat
2878 4488 2891 4537 ;
2919 4471 3005 4525 vel
3022 4472 3300 4542 quomodo
3321 4472 3454 4526 Pro-

1860 4560 2430 4634 phetaintroducatur
2446 4560 2517 4614 ad
2538 4559 2840 4614 Dominum
2861 4559 2975 4614 suis
2990 4559 3246 4631 precibus
3258 4576 3449 4632 agens:

1863 4652 2101 4713 Exczca,
2128 4650 2331 4721 inquit,
2362 4665 2455 4704 cor
2472 4651 2669 4718 populi
2703 4648 2891 4717 hujus,
2921 4654 2970 4702 et
2993 4665 3157 4703 aures
3199 4653 3315 4720 ejus
3350 4667 3453 4721 ag-

1862 4756 2054 4809 grava,
2088 4744 2135 4793 et
2156 4741 2334 4794 oculos
2363 4742 2479 4807 ejus
2517 4739 2742 4801 claude;
2777 4754 2843 4791 ne
2867 4738 3009 4806 forte
3048 4739 3229 4793 videat
3278 4741 3452 4794 oculis

1863 4831 1997 4894 suis,
2028 4835 2077 4883 et
2105 4830 2339 4882 auribus
2368 4828 2582 4893 audiat,
2615 4831 2665 4880 et
2683 4827 2840 4881 corde
2859 4827 3137 4894 intelligat
3163 4832 3211 4881 et
3238 4842 3457 4883 conver-

1868 4924 2022 4974 tatur
2050 4934 2115 4971 ac
2134 4922 2363 4972 sanetur
2390 4918 2524 4982 (Isa.
2564 4915 2761 4984 v1.10).
2789 4915 2949 4980 Quod
2967 4916 3017 4969 si
3043 4915 3227 4971 divino
3243 4916 3457 4988 judicio

1867 5008 2073 5062 factum
2106 5012 2209 5071 est,
2241 5011 2297 5060 et
2324 5004 2676 5084 auctoritate,
2700 5004 2847 5076 quod
2868 5004 3208 5076 imperatum
3223 5011 3326 5070 est,
3347 5022 3460 5062 non

1868 5096 2027 5151 video
2057 5113 2151 5151 eos
2184 5112 2304 5148 esse
2332 5094 2390 5148 in
2418 5094 2581 5165 culpa
2609 5094 2706 5164 qui
2746 5110 2859 5148 non
2898 5093 3107 5159 vident,
3143 5095 3241 5150 sed
3280 5095 3460 5166 magis

1869 5187 1962 5240 ille
1993 5185 2087 5256 qui
2119 5184 2407 5239 excaecavit
2425 5199 2539 5248 eos,
2588 5189 2646 5236 et
2682 5182 2839 5237 dedit
2884 5182 3072 5237 oculos
3115 5182 3185 5237 ad
3225 5199 3338 5238 non
3376 5183 3462 5239 vi-

1870 5275 2135 5329 dendum.
2161 5273 2318 5329 Unde
2333 5271 2698 5344 Septuaginta
2712 5272 2891 5343 magis
2906 5272 3144 5326 liberum
3167 5271 3465 5330 arbitrium

1872 5380 2092 5419 servare
2120 5363 2379 5417 videntur
2406 5380 2530 5417 cum
2575 5362 2769 5417 aiunt:
2811 5363 3191 5417 lncrassatum
3239 5369 3325 5418 est
3370 5380 3467 5420 cor

1872 5453 2064 5528 populi
2087 5454 2276 5525 hujus,
2305 5458 2362 5507 et
2380 5452 2609 5508 auribus
2628 5450 2874 5524 graviter
2900 5451 3221 5520 audierunt,
3255 5457 3314 5507 et
3339 5469 3467 5508 ocu-

1872 5545 1957 5601 los
1984 5560 2117 5600 suos
2166 5546 2639 5616 compresserunt,
2682 5556 2782 5599 seu
2833 5545 3051 5598 caetera.
3104 5538 3182 5597 Ut
3232 5553 3298 5596 ex
3348 5540 3468 5601 suis
