3918 6176
513 205 618 265 487

1266 207 1323 261 S.
1366 206 1743 262 PASCHASII
1783 205 2143 262 RADBEBTI
2183 158 2486 260 ABBATIS
2526 204 3023 261 CORBEIENSIS.

3629 214 3713 269 488

513 329 729 387 actibus
747 331 902 401 justo
932 329 1032 384 Dei
1057 329 1287 400 judicio,
1313 329 1382 384 ad
1403 329 1590 384 divina
1608 328 1992 400 intelligenda,
2020 329 2101 383 in-
2120 329 2169 389 A
2186 345 2368 397 pacem
2396 333 2458 383 in
2473 333 2670 399 populo
2688 330 2966 403 suo(Psal.
2994 345 3214 396 Lxxxw,
3232 329 3304 399 9).
3330 332 3574 405 Alioquin
3591 335 3719 391 nulla

513 419 670 490 digni
695 417 1035 490 judicentur.
1070 418 1175 472 Sed
1201 417 1412 487 absque
1440 418 1544 471 hoc
1580 416 1921 481 testimonio,
1959 417 2108 487 quod

514 524 665 563 nunc
693 524 965 563 conamur
984 523 1278 577 exponere,
1312 511 1502 560 manet
1527 506 1722 560 eadem
1770 506 2001 576 quaestio
2047 506 2106 560 in

513 596 782 651 ecclesiis.
814 596 959 660 Quia
986 612 1081 649 seu
1115 594 1185 648 sit
1206 595 1416 648 dictum
1439 594 1768 664 imperativo
1797 594 1981 660 modo,
2006 611 2104 649 seu

511 684 835 750 indicativo,
862 700 1033 738 unum
1061 688 1163 747 est,
1198 682 1461 752 quoniam
1513 682 1729 737 nullum
1779 683 1927 736 Deus
1971 700 2103 736 con-

511 774 743 829 demnat
767 773 887 827 sine
911 773 1064 843 justo
1089 771 1299 842 judicio
1329 788 1447 825 suo.
1483 770 1679 841 Neque
1709 770 2018 842 praescribit
2042 777 2106 826 ut

511 863 692 935 possis
712 862 897 915 dicere
922 860 1067 931 quod
1099 860 1219 931 ipse
1242 859 1317 914 sit
1345 866 1539 914 auctor
1568 860 1720 924 mali,
1752 860 1850 913 sed
1900 860 2103 929 quibus

509 951 630 1005 vult
656 951 973 1014 miseretur,
1004 954 1061 1003 et
1080 948 1293 1003 emollit
1318 954 1382 1002 ut
1410 955 1824 1011 convertantur,
1858 954 1915 1001 et
1965 965 2103 1018 quos

510 1042 627 1097 vult
655 1042 902 1096 indurat.
934 1041 1060 1095 Non
1088 1041 1235 1111 quod
1269 1040 1415 1094 Deus
1455 1040 1700 1110 aliquem
1745 1046 1979 1094 excaecat
2033 1057 2103 1094 ne

507 1130 693 1186 videat
722 1129 904 1185 cordis
933 1130 1114 1195 oculo,
1148 1134 1247 1183 aut
1270 1129 1580 1182 induratne
1610 1135 1982 1193 convertatur,
2007 1129 2102 1183 sed

509 1220 640 1291 quia
664 1220 785 1289 jam
809 1234 1013 1272 caecum
1047 1222 1103 1270 et
1120 1215 1444 1269 induratum
1461 1217 1614 1286 justo
1634 1216 1845 1286 judicio
1871 1233 1992 1282 suo,
2018 1234 2102 1271 re-

506 1308 731 1379 linquit,
764 1323 867 1360 nec
895 1305 1177 1381 illuminat
1207 1308 1271 1357 ut
1318 1303 1503 1357 videat
1550 1305 1741 1358 lumen
1799 1305 1941 1370 vitae,
1998 1321 2100 1359 nec

508 1396 722 1452 emollit
749 1400 813 1449 ut
838 1397 1197 1447 convertatur
1227 1398 1284 1446 et
1311 1398 1565 1448 sanetur.
1598 1393 1952 1464 QuaprOpter
1972 1410 2098 1447 cum

505 1484 624 1538 haec
650 1483 834 1537 soluta
851 1481 1021 1535 fuerit
1050 1481 1302 1551 quaestio,
1361 1482 1648 1535 solventur
1678 1488 1735 1535 et
1781 1488 1994 1537 caeteras
2042 1482 2099 1535 in

508 1570 938 1643 quamplurimis
956 1569 1111 1633 locis,
1142 1575 1242 1622 aut
1267 1586 1392 1623 cum
1415 1571 1630 1624 caeteris
1650 1571 1757 1625 hoc
1778 1571 1894 1624 loco
1916 1581 1974 1626 et
1992 1571 2100 1625 ista

2191 416 2475 472 beatitudo
2508 423 2610 482 est,
2644 418 2839 473 audire
2868 425 2927 473 et
2954 419 3142 474 videre
3171 420 3319 491 quod
3347 420 3564 475 audiunt
3584 429 3633 476 et
3660 424 3717 478 vi-

2187 506 2320 560 dent
2342 506 2582 561 universi
2604 526 2616 574 ;
2641 508 2811 561 veluti
2834 508 3094 563 viderunt
3120 510 3403 564 Christum
3423 508 3539 564 boni
3557 511 3720 566 malive

2187 593 2244 648 in
2273 611 2457 660 carne,
2489 600 2547 649 et
2565 595 2803 650 audiunt
2832 597 3191 667 Evangelium
3219 598 3399 653 cuncti
3425 598 3509 668 qui
3536 600 3723 653 veniunt

2186 683 2256 736 ad
2280 683 2601 749 Ecclesiam,
2635 684 2767 738 licet
2815 701 2927 739 non
2972 686 3291 756 intelligant
3334 703 3451 758 qua:
3482 687 3721 757 leguntur.

2186 771 2357 825 Porro
2385 772 2533 843 quod
2562 772 2843 843 sequitur:

2257 862 2397 926 Quia
2430 864 2599 914 multi
2622 862 2892 929 prophetae
2909 868 2957 915 et
2966 866 3114 931 justi
3132 867 3425 932 cupierunt
3451 866 3609 917 videre
3634 882 3729 933 qua

2184 949 2397 1014 ridetis,
2426 953 2475 1001 et
2503 965 2615 1002 non
2636 951 2915 1013 viderunt,
2940 956 2989 1004 et
3008 954 3207 1006 audire
3218 968 3339 1019 qua:
3351 953 3568 1017 auditis,
3587 958 3728 1005 etnon

2184 1038 2511 1091 audierunt.
2544 1037 2782 1091 Videtur
2801 1037 2932 1092 huic
2958 1039 3077 1093 loco
3098 1056 3220 1094 esse
3239 1040 3568 1094 contrarium
3610 1040 3733 1110 quod

2184 1124 2316 1178 alibi
2341 1125 2545 1179 dicitur
2571 1125 2886 1181 :Abraham
2928 1128 3138 1199 cupivit
3157 1129 3343 1184 videre
3372 1129 3517 1183 diem
3558 1145 3729 1192 meum,

2182 1213 2319 1267 vidit
2348 1222 2404 1267 et
2461 1214 2691 1284 gavisus
2711 1221 2813 1269 est.
2837 1217 3237 1272 Verumtamen
3258 1235 3372 1272 non
3396 1218 3546 1283 dixit,
3563 1217 3733 1271 Omnes

2182 1303 2468 1373 prophetae
2496 1310 2553 1357 et
2575 1304 2714 1373 justi
2740 1304 3037 1375 cupierunt
3065 1307 3250 1361 videre
3280 1324 3405 1377 quae
3436 1306 3631 1369 videtis,
3658 1306 3734 1359 sed

2182 1392 2365 1445 multi.
2399 1393 2552 1446 Unde
2578 1393 2725 1446 inter
2754 1394 2959 1448 multos
2989 1400 3211 1465 poterat
3231 1395 3373 1460 fieri,
3424 1400 3487 1450 ut
3506 1395 3591 1448 alii
3619 1395 3738 1448 vide-

2182 1479 2314 1541 rint,
2344 1479 2437 1533 alii
2468 1497 2580 1534 non
2609 1481 2866 1535 viderint.
2901 1483 3007 1537 Sed
3031 1484 3399 1538 temerarium
3449 1488 3528 1537 est
3569 1483 3630 1536 de
3669 1482 3739 1535 his

2182 1567 2467 1638 quidpiam
2482 1568 2734 1634 deﬁnire,
2763 1576 2864 1624 aut
2878 1571 3079 1624 merita
3099 1578 3424 1626 sanctorum
3444 1572 3737 1626 discernere.

504 1658 907 1714 indissolubilis
937 1657 1062 1712 erit.
1095 1657 1373 1722 Quoniam
1403 1659 1708 1714 secundum
1730 1660 2058 1731 Apostolum
2081 1678 2093 1713 :
2118 1656 2323 1738 BNam
2353 1655 2632 1710 Abraham
2674 1658 2811 1711 vidit
2852 1658 2911 1712 in
2943 1659 3260 1729 aenigmate,
3313 1665 3508 1725 580
3538 1659 3659 1713 vidit
3694 1658 3740 1711 in

506 1750 784 1805 Conclusit
810 1748 949 1801 Deus
978 1750 1169 1801 omnia
1196 1749 1296 1801 sub
1315 1753 1545 1815 peccato,
1579 1755 1641 1802 ut
1659 1751 1913 1802 omnibus
1937 1752 2099 1803 misc-

506 1833 888 1904 reaturmom.
920 1850 995 1901 XI,
1031 1833 1097 1891 32
1127 1841 1174 1890 et
1223 1834 1331 1905 33).
1377 1836 1679 1890 Admirans
1716 1854 1939 1908 quoque
1988 1838 2099 1891 Do-

504 1924 644 1980 mini
663 1931 1034 1986 sacramenta,
1066 1924 1259 1979 intulit
1287 1925 1510 1979 dicens:
1546 1926 1586 1980 0
1613 1928 1850 1989 altitudo
1878 1928 2102 1980 divitia-

503 2030 638 2069 rum
650 2017 931 2083 sapientia:
944 2019 991 2068 et
1006 2016 1243 2068 scientia
1254 2015 1353 2068 Dei
1356 2031 1543 2083 ,quam
1564 2017 1753 2067 inscru
1761 2016 1895 2068 tabi!
1900 2017 1956 2067 ia
1969 2020 2099 2068 sunt

492 2104 717 2173 judicia
745 2103 860 2168 Dei,
893 2107 941 2156 et
970 2104 1368 2169 investigabites
1396 2105 1494 2156 via
1513 2106 1627 2170 eius
1650 2109 1667 2156 !
1697 2102 2099 2157 Verumtamen

501 2190 563 2246 in
592 2192 697 2246 hoc
724 2190 846 2245 loco
872 2189 985 2245 tria
1013 2190 1368 2243 considerare
1398 2197 1637 2260 Oportet.
1688 2191 1897 2255 Unum,
1949 2190 2095 2262 quod

502 2297 605 2354 pro
635 2278 1025 2350 magnitudine
1053 2278 1277 2332 sceleris
1304 2278 1473 2332 etiam
1496 2278 1700 2349 istiqui
1725 2285 2093 2348 excaecantur,

502 2374 561 2424 et
586 2374 916 2441 presserunt
944 2385 1110 2424 aures
1142 2385 1290 2433 suas,
1321 2385 1391 2423 ne
1419 2368 1682 2422 audirent
1728 2368 1895 2423 verba
1945 2371 2091 2438 vitae,

500 2460 835 2534 pmnitentia
861 2459 1078 2530 indigni
1090 2459 1331 2530 judicati
1351 2464 1485 2513 sunt
1511 2478 1524 2525 ;
1553 2458 1702 2512 aliud
1720 2475 1867 2522 vero,
1886 2458 2032 2530 quod
2048 2458 2095 2512 si

500 2556 859 2607 convertatur
881 2550 1022 2620 quis,
1059 2556 1116 2604 et
1142 2548 1526 2619 paenitentiam
1551 2548 1745 2619 egerit,
1771 2554 1827 2602 et
1854 2548 2098 2603 audierit

500 2645 664 2696 rectae
692 2638 823 2694 fidei
852 2644 1225 2703 sacramenta,
1256 2654 1448 2692 verum
1473 2637 1606 2707 quia
1629 2637 1920 2691 sanabitur
1947 2638 2096 2691 aDo-

2181 1744 2385 1816 specie,
2415 1745 2653 1815 apostoli
2682 1751 2869 1800 autem
2902 1747 2959 1800 in
2991 1746 3114 1817 ipsa
3158 1748 3531 1818 completione
3570 1746 3743 1801 verita-

2183 1833 2274 1887 tis.
2310 1833 2379 1887 Et
2404 1832 2530 1887 ideo
2559 1834 2728 1901 beati,
2761 1835 2892 1905 quia
2916 1835 3064 1906 quod
3085 1835 3339 1890 futurum
3361 1837 3448 1890 illi
3478 1833 3744 1890 cernebant

2182 1922 2242 1976 in
2271 1922 2492 1992 spiritu,
2524 1922 2617 1977 isti
2632 1924 2751 1993 jam
2783 1924 3123 1994 completum
3151 1923 3418 1979 videbant
3448 1925 3507 1979 in
3534 1923 3742 1987 Christo,

2181 2016 2238 2064 et
2265 2011 2336 2064 ad
2370 2011 2710 2065 voluntatem
2733 2011 3159 2082 interrogabant
3177 2028 3309 2067 eum
3332 2012 3404 2067 de
3425 2012 3682 2075 omnibus,
3701 2014 3746 2064 et

2180 2098 2651 2153 convescebantur
2679 2099 2729 2153 ei
2759 2100 2817 2154 in
2846 2099 3105 2155 omnibus
3126 2102 3518 2156 sacramentis.
3541 2102 3745 2156 Ettanto

2179 2188 2553 2259 perspicacius
2568 2195 2765 2243 cuncta
2779 2194 3071 2252 noverant,
3089 2194 3302 2260 quanto
3316 2190 3631 2261 presentius
3646 2188 3746 2257 ejus

2179 2276 2508 2335 fruebantur
2536 2277 2773 2348 eloquiis
2800 2283 2858 2331 et
2877 2277 3163 2335 doctrinis.

2253 2367 2443 2421 Omnis
2473 2369 2572 2435 qui
2585 2368 2745 2420 audit
2758 2368 2981 2420 verbum
3004 2369 3166 2434 regni
3180 2371 3229 2421 et
3250 2382 3363 2420 non
3382 2369 3659 2433 intelligit,
3682 2380 3747 2418 υε-

2178 2457 2263 2508 nit
2294 2458 2475 2509 malus
2497 2461 2545 2508 et
2570 2458 2717 2522 rapit
2746 2456 2889 2524 quod
2905 2458 3243 2509 seminatum
3268 2460 3345 2508 est
3374 2458 3438 2510 in
3460 2456 3744 2523 cordeejus;

2177 2560 2242 2597 ex
2263 2560 2372 2614 quo
2393 2543 2727 2610 ostenditur,
2748 2544 2880 2614 quia
2900 2544 2994 2614 qui
3010 2560 3123 2597 non
3145 2543 3414 2613 intelligit
3430 2544 3581 2614 quod
3591 2541 3743 2608 audit,

2176 2648 2302 2686 vere
2330 2648 2433 2685 nec
2456 2632 2616 2685 audit
2665 2631 2863 2685 auditu
2900 2631 3072 2695 auris,
3118 2631 3252 2702 quia
3297 2648 3411 2686 non
3459 2631 3610 2703 capit
3646 2644 3749 2701 qua:

500 2729 676 2795 mino,
709 2732 765 2782 et
787 2728 973 2782 salvus
1002 2728 1128 2793 erit,
1151 2727 1282 2781 licet
1314 2726 1373 2780 in
1417 2725 1667 2797 quolibet
1705 2726 1951 2780 facinore
1993 2727 2094 2780 de-
2177 2721 2335 2774 audit
2361 2737 2527 2775 sensu
2543 2720 2745 2774 carnis.
2780 2720 2938 2774 Unde
2959 2720 3219 2774 hortatur
3232 2736 3335 2773 nos
3350 2725 3418 2773 ut
3444 2718 3749 2790 diligentius

499 2820 722 2884 tentus;
755 2815 989 2870 tertium
1013 2832 1163 2881 vero,
1196 2820 1389 2880 569
1430 2814 1489 2867 in
1538 2813 1795 2867 omnibus
1824 2814 1945 2867 istis
1996 2814 2091 2884 qui
2174 2809 2471 2864 audiamus
2499 2826 2623 2880 quae
2645 2809 2909 2863 dicuntur
2928 2809 2986 2862 in
3009 2808 3313 2879 Scripturis
3336 2808 3580 2862 divinis:
3623 2808 3752 2861 Venit

497 2909 758 2976 pereunt,
791 2903 886 2973 qui
918 2902 1164 2972 graviter
1190 2902 1385 2955 audire
1405 2901 1686 2961 dicuntur,
1719 2907 1777 2954 et
1825 2900 2094 2955 claudunt
2174 2903 2375 2960 matus,
2404 2898 2605 2968 inquit,
2640 2904 2689 2951 et
2718 2901 2869 2966 rapit
2897 2899 3040 2966 quod
3059 2900 3398 2951 seminatum
3428 2903 3507 2951 est
3538 2901 3598 2951 in
3617 2896 3752 2950 corde

499 2992 687 3045 oculos
717 3007 848 3043 suos
880 3006 951 3043 ne
981 2989 1223 3053 videant,
1245 2994 1310 3041 ut
1328 2994 1613 3049 sanentur,
1633 2987 1919 3041 sciendum
1946 2989 2091 3059 quod
2114 2992 2156 3052 C
2174 2990 2307 3055 ejus.
2341 2987 2520 3042 Malus
2542 2986 2716 3056 igitur
2742 2985 2950 3039 bonum
2983 3002 3173 3039 semen
3201 2986 3367 3056 rapit,
3402 3002 3519 3040 non
3549 2982 3753 3040 aliunde

498 3095 611 3132 non
635 3082 849 3130 naturae
878 3076 1076 3130 vitium
1096 3080 1199 3141 est,
1223 3075 1321 3129 sed
1351 3075 1647 3130 arbitrium
1670 3077 1828 3130 malae
1845 3076 2092 3131 volunta-

497 3166 589 3221 tis.
627 3164 922 3235 Sequitur:

577 3254 746 3306 Vestri
769 3257 955 3306 autem
983 3253 1125 3305 beati
1145 3254 1309 3317 oculi,
1335 3254 1468 3321 quia
1485 3253 1688 3317 vident,
1713 3257 1759 3307 et
1780 3268 1944 3307 aures
1957 3256 2090 3322 quia

496 3343 759 3395 audiunt.
792 3341 937 3411 Ergo
963 3340 1086 3394 ideo
1116 3339 1283 3406 beati,
1317 3340 1450 3410 quia
1480 3340 1672 3395 datum
1695 3345 1781 3395 est
1806 3342 2089 3397 illisnosse

494 3422 826 3502 mysterium
856 3428 1055 3500 Regni.
1081 3428 1150 3482 Et
1175 3428 1318 3483 mira
1359 3427 1603 3483 locutio:
1656 3430 1832 3495 Beati,
1883 3430 2083 3501 inquit,

495 3520 641 3575 oculi
667 3519 835 3574 vestri
863 3519 997 3590 quia
1043 3517 1249 3585 vident,
1293 3523 1351 3572 et
1405 3534 1590 3583 aures,
1645 3519 1778 3590 quia
1827 3519 2081 3574 audiunt.

492 3607 759 3679 Nunquid
798 3624 912 3662 non
950 3622 1145 3661 omnes
1182 3605 1460 3671 videbant,
1507 3612 1564 3660 et
1605 3606 1909 3660 audiebant
1957 3606 2087 3662 boni

490 3698 712 3764 malive,
745 3697 915 3751 etiam
959 3701 1017 3750 et
1044 3695 1276 3749 bestiae?
1319 3695 1475 3759 Quod
1526 3695 1703 3750 Lucas
1746 3696 2088 3766 evangelista

488 3787 840 3842 manifestius
857 3786 1127 3852 insinuat,
1159 3784 1377 3840 dicens:
1413 3787 1565 3838 Beati
1595 3788 1742 3839 oculi
1771 3788 1868 3854 qui
1896 3787 2084 3838 vident

489 3893 606 3946 qua
628 3892 717 3930 vos
735 3876 929 3931 videtis
947 3876 1094 3943 (Luc.
1130 3890 1185 3938 x,
1208 3871 1319 3943 23).
1343 3873 1556 3928 Idcirco
1577 3889 1641 3927 ex
1672 3873 1775 3927 hoc
1818 3874 1938 3927 loco
1992 3889 2082 3926 re-

485 3964 619 4035 gula
647 3964 922 4019 sumenda
949 3968 1055 4027 est,
1089 3968 1367 4034 quatenus
1394 3962 1692 4016 locutionis
1722 3961 1917 4015 modos
1950 3961 2084 4014 divi-

486 4068 689 4106 narum
703 4053 1120 4124 Scripturarum
1131 4053 1380 4123 apertius
1391 4051 1788 4122 intelligamus.
1805 4050 2081 4115 Quoniam

488 4139 568 4193 eis
596 4140 789 4194 datum
817 4145 939 4195 erat
977 4157 1127 4193 nosse
1167 4142 1497 4207 mysterium
1541 4143 1700 4208 regni
1739 4142 1839 4195 Dei
1890 4142 2075 4197 (Marc.

2175 3091 2346 3145 quam
2365 3076 2435 3130 de
2464 3075 2649 3139 corde,
2676 3074 2735 3128 in
2766 3091 2874 3145 quo
2923 3075 3263 3128 seminatum
3294 3080 3401 3128 est.
3452 3076 3579 3129 Non
3621 3070 3751 3144 quod

2174 3164 2290 3217 ulla
2316 3164 2609 3219 diversitas
2638 3162 2838 3218 litterae
2868 3163 2960 3228 sit,
2995 3163 3050 3216 id
3075 3168 3159 3216 est
3188 3161 3516 3218 animarum
3539 3162 3751 3216 creden-

2172 3253 2315 3309 tium
2341 3272 2353 3320 ;
2384 3253 2480 3307 sed
2511 3254 2645 3325 quia
2673 3270 2817 3307 secus
2833 3256 2982 3307 viam
3013 3253 3223 3318 cecidit,
3248 3251 3373 3306 ideo
3388 3256 3635 3306 volucres
3651 3250 3756 3304 cali

2171 3344 2522 3396 comederunt
2550 3344 2697 3396 illud
2727 3344 2873 3405 (Luc.
2920 3355 3036 3406 vm,
3077 3341 3155 3410 5).
3206 3340 3378 3395 Secus
3433 3340 3583 3395 viam
3636 3353 3753 3407 ergo

2171 3430 2319 3483 cadit
2349 3447 2541 3484 semen
2562 3430 2731 3495 verbi,
2766 3430 2987 3501 quando
3016 3429 3123 3500 ipsi
3151 3429 3434 3484 daemones
3469 3430 3615 3484 viam
3662 3425 3755 3481 sibi

2171 3519 2383 3573 faciunt
2401 3518 2459 3572 in
2487 3518 2697 3585 anima,
2728 3523 2793 3572 ut
2821 3524 2906 3573 est
2933 3518 3071 3572 illud
3092 3537 3103 3571 :
3124 3519 3643 3572 Incurrareanima:
3658 3521 3754 3569 tua:

2169 3613 2230 3661 ut
2270 3613 2616 3662 transeamus
2647 3623 2886 3678 peream
2920 3608 3150 3677 (Isa.LI,
3182 3605 3293 3674 ‘23).
3336 3606 3605 3678 Alioquin
3660 3602 3756 3658 nisi

2169 3713 2339 3750 curva
2360 3702 2507 3750 esset
2524 3696 2731 3757 anima,
2760 3694 2819 3749 id
2849 3700 2937 3749 est
2964 3695 3110 3748 vitiis
3133 3694 3425 3765 implicita,
3464 3694 3754 3748 transitum

2166 3801 2268 3855 per
2295 3802 2419 3838 eam
2451 3785 2731 3839 daemones
2747 3801 2857 3838 non
2874 3783 3146 3855 haberent
3168 3802 3180 3851 ;
3214 3783 3311 3837 sed
3337 3784 3474 3854 quia
3492 3783 3574 3838 eis
3590 3789 3756 3836 trans-

2165 3872 2304 3927 itum
2337 3874 2395 3926 in
2424 3890 2483 3926 se
2513 3872 2768 3944 praebuit,
2801 3878 3099 3944 propterea
3129 3872 3402 3943 quidquid
3452 3872 3754 3926 seminatur

2166 3961 2223 4015 in
2254 3978 2319 4015 ea
2350 3961 2496 4020 boni.
2530 3962 2792 4015 continuo
2816 3962 2995 4015 malus
3025 3962 3190 4032 rapit.
3232 3962 3348 4015 Nec
3388 3967 3575 4031 potest
3601 3960 3755 4013 aliter

2167 4051 2342 4104 donec
2358 4050 2562 4105 misera
2582 4050 2836 4104 animain
2855 4067 2914 4103 se
2949 4049 3155 4104 talibus
3176 4050 3287 4103 iter
3310 4049 3619 4120 prmbuerit
3644 4046 3752 4118 spi-

2164 4139 2364 4193 ritibus
2415 4139 2555 4193 Mira
2576 4140 2852 4209 siquidem
2874 4139 3100 4204 locutio,
3120 4143 3185 4192 ut
3202 4154 3332 4193 cum
3353 4138 3581 4193 verbum
3600 4133 3754 4206 regni

486 4240 562 4292 1v,
616 4226 722 4293 li).
755 4228 825 4282 Et
851 4228 982 4282 inde
1001 4232 1125 4282 erat
1152 4227 1299 4298 quod
1314 4228 1593 4293 videbant,
1618 4235 1675 4282 et
1700 4229 2005 4283 audiebant
2022 4229 2079 4282 in
2104 4279 2144 4298 ι,
2163 4228 2498 4282 seminatum
2521 4228 2578 4281 in
2601 4228 2765 4281 corde
2785 4226 3008 4290 dicitur,
3033 4226 3236 4281 transit
3255 4226 3526 4281 continuo
3544 4226 3614 4280 ad
3630 4238 3751 4278 eum

487 4313 673 4382 corde,
705 4313 762 4368 in
789 4331 898 4386 quo
928 4314 1105 4370 turbae
1137 4320 1194 4368 et
1220 4315 1279 4368 hi
1311 4315 1405 4385 qui
1444 4314 1578 4368 foris
1623 4323 1774 4380 sunt,
1825 4318 2079 4372 exceecati
2101 4313 2220 4371 "in
2250 4334 2360 4388 quo
2390 4318 2717 4381 seminatur,
2752 4316 2831 4369 ita
2856 4316 3081 4370 dicens:

487 4408 673 4461 erant.
709 4403 818 4458 Sed
844 4403 977 4475 quia
1004 4418 1199 4457 omnes
1227 4402 1417 4456 oculos
1439 4403 1621 4456 carnis
1638 4409 1694 4457 et
1722 4420 1887 4459 aures
1917 4406 2081 4460 habe-

483 4489 641 4557 bant,
675 4492 799 4547 ideo
831 4493 949 4563 jam
980 4508 1153 4563 supra
1180 4489 1361 4546 cordis
1389 4490 1711 4561 requirebat
1738 4492 1955 4547 dicens:
1974 4496 2081 4561 Qui

484 4582 643 4637 habet
672 4597 835 4636 aures
861 4583 1148 4648 audiendi,
1180 4581 1375 4635 audiat
1400 4583 1575 4650 (Apoc.
1608 4579 1876 4648 vn,13,‘2‘2
1908 4583 2080 4647 .Quia

485 4668 570 4726 illi
600 4670 750 4725 beati
772 4675 904 4725 sunt
931 4670 1077 4725 oculi
1100 4671 1195 4742 qui
1224 4657 1459 4742 possunt
1481 4670 1688 4725 Cbristi
1738 4687 2078 4741 cognoscere

485 4765 862 4826 sacramenta,
895 4765 952 4814 et
979 4776 1119 4831 quos
1147 4761 1310 4814 Jesus
1334 4759 1505 4813 levari
1530 4758 1695 4830 jubet
1728 4761 1787 4814 in
1815 4760 2073 4829 sublime,

482 4854 550 4906 ut
584 4848 886 4904 candentes
909 4850 1029 4919 jam
1060 4857 1277 4921 segetes
1297 4848 1593 4919 aspiciant.
1635 4848 1838 4904 Verum
1884 4856 1940 4904 et
1967 4850 2076 4906 illae

484 4955 650 4994 aures
676 4937 870 5002 beatae,
903 4938 973 4992 de
1017 4938 1220 5008 quibus
1266 4938 1435 4992 Isaias
1486 4937 1753 5009 loquitur,
1804 4939 2077 4995 Dominus

484 5026 746 5101 apposuit
764 5026 901 5081 mihi
922 5027 1257 5084 auriculam.
1279 5027 1508 5081 Necnon
1530 5026 1623 5082 etJ
1628 5026 1698 5081 ob
1721 5028 1961 5081 :Auditu
1978 5044 2079 5083 au-

484 5122 585 5184 ris,
618 5116 819 5190 inquit,
854 5118 1048 5170 audivi
1078 5121 1124 5169 te
1151 5116 1290 5181 (Job.
1314 5130 1445 5179 χιιι,
1473 5117 1526 5179 5)
1553 5135 1565 5183 ;
1591 5133 1772 5189 neque
1794 5120 1944 5171 enim
1967 5118 2075 5173 nisi

483 5223 621 5262 aure
650 5206 895 5263 auditur.
930 5203 1037 5260 Sed
1053 5203 1178 5258 ideo
1194 5205 1324 5273 jure
1343 5204 1538 5261 audire
1562 5223 1623 5260 se
1640 5205 1792 5272 dicit,
1807 5209 2074 5277 quoniam

481 5293 634 5350 intus
664 5300 786 5350 erat
811 5294 958 5367 quod
972 5292 1371 5357 audivit,intus
1394 5294 1488 5363 qui
1536 5294 1890 5366 loquebatur,
1921 5297 2073 5353 intus

479 5400 583 5456 per
608 5385 757 5456 quod
782 5382 1063 5439 audiebat.
1098 5382 1256 5437 Unde
1304 5381 1509 5435 David:
1554 5386 1815 5451 Audiam,
1867 5386 2068 5455 inquit,

482 5475 619 5550 quid
629 5475 961 5546 toquaturin
983 5472 1341 5529 meDominus
1352 5471 1521 5536 Deus;
1540 5476 1803 5543 quoniam
1824 5474 2073 5543 loquitur

2230 4408 2332 4461 Hic
2359 4412 2452 4472 est,
2483 4406 2688 4476 inquit,
2714 4408 2814 4474 qui
2855 4422 3005 4460 secus
3034 4408 3184 4459 viam
3219 4408 3527 4459 seminatus
3554 4409 3646 4457 est.
3678 4403 3754 4455 Ac

2160 4512 2262 4567 per
2284 4496 2387 4549 hoc
2415 4500 2473 4549 et
2498 4494 2723 4550 verbum
2751 4510 2941 4548 semen
2971 4500 3074 4560 est,
3107 4500 3165 4547 et
3184 4493 3301 4564 ipse
3331 4493 3389 4546 in
3437 4509 3547 4564 quo
3582 4490 3751 4546 semi-

2161 4591 2355 4639 natum
2388 4590 2489 4638 est.
2524 4585 2838 4653 Utrumque
2867 4588 3078 4648 tamen,
3111 4582 3240 4653 quia
3249 4583 3413 4652 juxta
3436 4582 3577 4636 viam
3596 4584 3747 4642 sunt,

2159 4691 2272 4729 non
2315 4675 2507 4745 utique
2522 4675 2689 4744 juxta
2717 4673 2861 4727 viam
2896 4672 3050 4726 illam
3082 4688 3203 4742 quae
3235 4670 3494 4726 Christus
3523 4675 3622 4731 est,
3655 4667 3751 4722 sed

2159 4780 2319 4817 secus
2349 4780 2471 4817 eam
2501 4779 2669 4833 quam
2712 4762 2817 4832 ipsi
2860 4760 2966 4815 sibi
3023 4761 3306 4815 daemones
3351 4759 3749 4821 attribuerunt,

2159 4867 2285 4905 cum
2315 4868 2439 4906 eam
2461 4868 2495 4905 a
2519 4857 2670 4905 statu
2701 4850 3052 4904 rectitudinis
3101 4850 3377 4903 deﬂexam
3414 4855 3474 4903 et
3520 4862 3746 4902 curram

2158 4938 2511 5007 invenerunt,
2552 4940 2676 4994 ideo
2707 4939 2970 4993 continuo
3020 4941 3258 4993 Satanas
3302 4938 3453 5009 rapit
3490 4936 3623 4991 illud
3680 4934 3751 4987 de

2157 5031 2342 5098 corde,
2366 5047 2438 5085 ne
2462 5031 2752 5085 credentes
2764 5029 2900 5082 salvi
2921 5029 3079 5082 fiant.
3103 5027 3210 5091 Qui
3237 5027 3436 5081 modus
3457 5022 3749 5080 locutionis

2156 5120 2463 5175 secundum
2482 5119 2691 5175 idioma
2717 5134 3002 5172 sacrarum
3016 5116 3435 5187 Scripturarum
3449 5111 3746 5175 invenitur,

2156 5226 2227 5265 ne
2255 5208 2555 5264 carnaliter
2581 5209 2698 5262 haec
2729 5206 2996 5277 parabola
3024 5205 3337 5259 aestimetur
3375 5204 3539 5258 dicta.
3583 5199 3747 5254 Unde

2155 5301 2376 5354 Marcus
2389 5298 2746 5369 ,evangelista
2764 5294 3172 5366 signiﬁcantius
3189 5294 3298 5347 ait:
3328 5295 3399 5347 Ili
3417 5296 3593 5346 autem
3607 5291 3746 5341 sunt

2154 5392 2303 5442 circa
2333 5391 2481 5442 viam
2512 5389 2611 5440 ubi
2632 5390 2945 5439 seminatur
2964 5386 3208 5449 verbum,
3229 5388 3277 5436 et
3296 5398 3422 5436 cum
3437 5378 3742 5437 audierint,

2154 5480 2417 5532 continuo
2436 5479 2584 5533 venit
2612 5475 2871 5544 Satanas,
2894 5479 2941 5529 et
2968 5474 3155 5544 aufert
3184 5473 3411 5525 verbum
3430 5466 3742 5539 quodsrmi-
