3918 6176
263 240 367 301 489

968 247 1352 308 EXPOSITIO
1389 250 1470 307 IN
1504 247 1954 307 MA'I'I'HJEUM.
1990 278 2056 290 —
2096 249 2234 306 LIB.
2274 250 2397 320 VII,
2441 252 2599 309 CAP.
2643 256 2795 312 XIII.

3417 270 3528 331 490

260 372 460 423 natum
496 373 575 423 est
600 372 668 424 in
695 372 950 426 cordibus
981 389 1170 428 eorum
1206 375 1395 441 (Marc.
1427 388 1501 440 Iv,
1536 374 1646 442 15).
1680 373 1996 439 QuasiAet
2032 373 2249 429 fallacia
2277 374 2622 442 divitiarum,
2668 378 2803 449 quia
2852 378 3070 441 blandae
3117 395 3252 445 sunt
3298 391 3522 451 divitia,

261 456 491 523 diceret,
524 455 659 527 quia
685 456 791 528 ipsi
822 459 985 528 juxta
1011 460 1157 514 viam
1190 472 1341 525 sunt,
1399 467 1457 516 et
1504 462 1649 516 viam
1690 462 1748 515 in
1797 478 1857 516 se

260 545 623 617 praebuerunt
650 551 832 613 58]
863 547 1228 608 daemonibus.
1269 550 1393 603 ideo
1416 550 1669 603 aufertur
1684 549 1754 603 ab
1775 548 1856 604 eis

264 634 409 705 quod
438 634 779 688 seminatum
801 640 905 689 est.
930 636 999 689 Et
1027 636 1110 689 ait
1127 637 1231 691 hoc
1252 638 1566 698 Matthzeus,
1590 642 1654 691 ut
1672 642 1853 691 totum

263 721 594 792 spiritaliter
620 722 770 792 quod
801 739 970 793 supra
1000 723 1213 778 dictum
1241 729 1344 790 est,
1368 724 1436 778 de
1457 725 1671 779 semine
1698 725 1859 778 intel-

262 809 496 880 ligatur.
527 809 729 880 Sicque
757 810 1014 880 sequitur
1045 829 1059 865 :

332 898 443 963 Qui
467 903 656 951 autem
687 914 849 967 super
871 904 1091 969 petrosa
1110 901 1418 954 seminatus
1432 906 1526 964 est,
1558 901 1648 955 hic
1667 906 1741 954 est
1759 902 1859 969 qui

262 988 490 1040 rerbum
517 988 698 1051 audit,
731 992 779 1040 et
807 990 1069 1043 continuo
1104 1005 1232 1042 cum
1245 991 1449 1055 gaudio
1471 992 1671 1057 accipit
1690 991 1854 1042 illud.

260 1074 668 1128 Verumtamen
682 1091 853 1146 supra
872 1076 1221 1152 propositum
1243 1077 1505 1147 est,quod
1522 1077 1634 1131 alia
1650 1077 1859 1131 cecide-

258 1167 414 1227 runt,
431 1162 492 1216 id
529 1168 618 1216 est
646 1163 881 1227 semina,
903 1180 1072 1234 super
1093 1170 1337 1234 petrosa.
1362 1166 1433 1219 Et
1455 1181 1605 1219 nunc
1633 1165 1753 1235 ipse
1777 1181 1860 1218 se-

256 1250 512 1304 minatus
536 1250 744 1305 dicitur
778 1268 950 1322 supra
984 1256 1225 1323 petrosa,
1257 1253 1317 1306 in
1362 1270 1472 1323 quo
1513 1252 1852 1307 seminatum

258 1344 345 1394 est
384 1354 581 1393 semen
609 1338 789 1401 verbi,
817 1340 949 1411 quia
977 1340 1097 1410 ipse
1125 1346 1278 1395 totus
1308 1341 1368 1395 in
1408 1341 1573 1394 corde
1600 1341 1855 1412 lapideus

256 1432 314 1482 et
339 1427 523 1481 durus
541 1426 679 1482 vitio
699 1444 800 1481 suo
825 1429 1053 1482 ellectus
1067 1433 1170 1482 est.
1188 1427 1641 1483 Habebattamen
1664 1444 1857 1499 quam-

1937 461 2104 516 Aliud
2134 461 2327 539 itaque
2355 470 2531 533 agunt
2553 470 2611 519 et
2633 466 2783 521 aliud
2815 471 3178 544 pollicentur;
3202 479 3414 536 lubrica
3440 488 3528 539 est

1937 565 2130 603 earum
2158 551 2453 621 possessio.
2486 553 2735 617 Quarum
2758 557 3177 619 oblectamentis
3213 573 3269 621 et
3295 568 3527 625 fallaciis

1938 638 2244 692 suffocatur
2288 640 2519 694 verbum
2565 642 2685 706 Dei,
2715 644 2848 699 dum
2880 647 3125 706 instabili
3144 655 3323 723 gradu
3349 657 3459 712 cito
3472 661 3529 712 et

1940 724 2209 780 habentes
2238 728 2522 791 deserunt,
2556 735 2613 783 et
2648 748 2760 785 non
2796 734 3066 791 habentes
3092 742 3370 798 reﬁciunt.
3397 745 3529 800 Haec

1937 813 2047 866 tria
2076 814 2356 884 siquidem
2387 816 2664 871 seminum
2685 818 2765 872 illi
2788 832 3105 893 congruunt
3130 828 3250 884 loco
3281 830 3374 886 ubi
3398 832 3481 887 ait
3510 851 3524 887 :

1937 901 2219 954 Descendit
2231 905 2660 973 pluvia,ﬂaveru
2668 913 2729 961 nt
2747 913 2969 974 venti,“
2979 916 3530 987 irrueruntﬂumina

1937 990 2150 1078 (Matth.
2184 1003 2274 1052 vn,
2308 989 2516 1060 ‘25-‘27).
2549 994 2826 1057 Quoniam
2857 999 2968 1053 tria
3000 1008 3133 1057 sunt
3157 1004 3285 1070 ista,
3314 1005 3373 1060 in
3401 1009 3531 1078 qui-

1935 1075 2039 1129 bus
2056 1093 2169 1130 non
2188 1078 2369 1131 solum
2391 1080 2734 1148 agricultura
2762 1084 3123 1155 subvertitur,
3145 1108 3338 1147 verum
3357 1075 3531 1151 etiam

1937 1170 2221 1219 structura
2249 1166 2422 1220 divini
2453 1169 2673 1222 aediﬁcii
2701 1171 3059 1229 subvertitur.

2009 1253 2116 1319 Qui
2144 1270 2289 1309 vero.
2321 1254 2523 1324 inquit,
2548 1258 2611 1310 in
2638 1262 2846 1313 terram
2876 1263 3074 1317 bonam
3099 1270 3406 1322 seminatus
3430 1275 3525 1337 est,

1938 1340 2028 1393 hic
2038 1345 2113 1393 est
2133 1344 2232 1409 qui
2240 1343 2401 1395 audit
2414 1345 2712 1410 verbum,ct
2726 1350 3063 1416 intelligit,et
3076 1354 3328 1418 fructum
3346 1359 3526 1424 aﬂ‘ert.

1934 1429 2115 1497 Aptus
2140 1428 2365 1499 quidem
2395 1430 2531 1484 ordo
2555 1436 2621 1486 ut
2647 1434 2891 1503 primum
2915 1438 3109 1493 audiat
3124 1441 3249 1510 quis
3277 1443 3526 1512 verbum,

255 1515 819 1586 tulamcunqueJicet
836 1532 949 1570 non
966 1516 1203 1570 multam
1234 1521 1463 1581 terram,
1484 1517 1540 1570 id
1562 1523 1855 1587 estquam-
1938 1514 2141 1569 deinde
2196 1516 2509 1588 intelligat;
2561 1521 2826 1590 quoniam
2876 1524 3071 1580 audire
3116 1532 3339 1585 tantum
3394 1548 3532 1588 aure

254 1604 387 1659 dam
402 1603 756 1659 affectionem
789 1604 1056 1676 (quamvis
1086 1605 1157 1658 ad
1189 1608 1437 1676 tempus)
1464 1605 1611 1671 boni,
1650 1612 1708 1660 et
1732 1606 1857 1660 ideo
1938 1603 2143 1667 carnis,
2176 1609 2234 1658 et
2260 1621 2373 1659 non
2403 1606 2717 1679 intelligere
2764 1628 2900 1666 aure
2930 1615 3154 1681 mentis,
3195 1633 3395 1687 parum
3425 1625 3528 1676 est.

253 1692 467 1748 dicitur
483 1709 612 1747 cum
648 1693 856 1763 gaudio
879 1693 1205 1764 suscepisse.
1233 1693 1341 1748 Sed
1373 1694 1507 1765 quia
1536 1711 1646 1749 non
1663 1690 1921 1749 habuitB
1940 1691 2341 1747 Verumtamen
2373 1694 2680 1750 admonent
2720 1698 2827 1769 ipsi
2855 1702 3065 1770 gradus
3095 1704 3154 1758 in
3183 1711 3338 1760 terra
3364 1707 3530 1775 bona,

252 1781 620 1836 altitudinem
648 1788 835 1840 terrae.
869 1782 1351 1853 longanimitatem
1374 1783 1585 1836 scilicet
1603 1787 1660 1836 et
1677 1799 1859 1853 perse-
1940 1780 2132 1849 quales
2161 1780 2276 1834 sint
2303 1780 2518 1852 praefati
2544 1784 2986 1843 dill'erentiarum
3028 1791 3242 1848 fructus
3280 1794 3338 1849 in
3381 1800 3537 1851 terra

250 1876 549 1925 verentem
597 1870 947 1941 patientiam,
984 1870 1113 1925 vicit
1154 1870 1364 1925 duritia
1391 1871 1580 1925 cordis
1611 1870 1857 1942 pluviam
1938 1869 2107 1934 mala,
2139 1869 2275 1923 dum
2313 1870 2373 1924 in
2410 1877 2650 1942 utraque
2678 1881 2837 1944 parte
2877 1882 2992 1932 tres
3033 1878 3397 1938 inveniuntur
3435 1900 3532 1938 va-

251 1959 430 2013 divini
458 1958 633 2023 verbi,
667 1975 769 2013 nec
808 1958 1005 2013 habuit
1047 1974 1239 2013 semen
1272 1960 1563 2013 humorem
1610 1958 1855 2022 virtutis,
1939 1956 2112 2011 riasse
2162 1952 2293 2012 licet
2339 1959 2507 2013 unius
2563 1962 2793 2017 seminis
2839 1966 3171 2035 qualitates;
3221 1986 3334 2024 non
3382 1971 3533 2041 quod

252 2064 366 2119 quo
388 2047 641 2101 radicem
672 2047 1352 2110 ﬁrmaretseminis.Quia
1373 2047 1853 2118 temporaliserat,
1940 2045 2172 2100 seminis
2219 2046 2413 2100 vitium
2467 2055 2634 2113 esset,
2692 2050 2791 2104 sed
2835 2052 2969 2122 quia
3014 2056 3256 2125 qualitas
3288 2058 3533 2129 agricul-

251 2153 356 2191 nec
382 2136 458 2190 ad
491 2141 705 2190 aeterna
730 2136 987 2201 tendens,
1018 2141 1319 2208 propterea
1340 2141 1489 2190 recte
1514 2135 1743 2192 dicitur.
1940 2138 2082 2187 turae
2111 2134 2168 2187 id
2216 2136 2489 2202 attulerit,
2523 2142 2588 2190 ut
2630 2138 2800 2192 etiam
2839 2140 2897 2194 in
2936 2158 3051 2196 una
3094 2144 3405 2217 eademque
3431 2146 3534 2201 bo-

320 2227 496 2279 Facta
523 2230 711 2278 autem
741 2227 1101 2279 tribulatione
1140 2230 1189 2278 et
1230 2227 1597 2293 persecutione
1638 2229 1860 2292 propter
1942 2237 2018 2275 na
2062 2226 2234 2288 terra,
2283 2229 2399 2277 tres
2474 2226 2640 2280 unius
2697 2228 2926 2282 seminis
2996 2230 3254 2287 dicantur
3304 2234 3537 2305 prolata

266 2315 504 2368 uerbum
519 2317 784 2367 continuo
804 2314 1244 2367 scandalizatur.
1260 2313 1416 2376 Quod
1437 2313 1854 2383 supradixerat,
1941 2309 2155 2364 fructus
2218 2310 2524 2379 ubertates,
2585 2315 2876 2369 centesimi
2923 2318 3134 2373 scilicet
3179 2325 3235 2374 et
3265 2321 3540 2391 sexagesi-

254 2406 556 2457 aruerunt.
588 2400 664 2455 Et
699 2401 1009 2456 notandum
1059 2418 1125 2455 ex
1159 2400 1342 2455 verbis
1381 2401 1625 2465 Domini,
1648 2401 1780 2471 quia
1801 2400 1859 2454 in
1943 2398 2041 2463 mi.
2072 2415 2174 2452 nec
2205 2416 2314 2453 non
2343 2405 2401 2454 et
2424 2402 2716 2457 tricesimi.
2750 2405 3151 2462 Verumtamen
3180 2424 3285 2463 nec
3314 2409 3374 2464 in
3417 2410 3534 2475 illa,

257 2494 390 2544 ortu
411 2488 548 2542 solis
577 2488 663 2541 vel
692 2488 875 2542 calore
896 2505 1064 2559 quam
1094 2505 1240 2559 saepe
1264 2488 1323 2542 in
1343 2488 1858 2559 Scripturisdivinis
1942 2502 2046 2539 nec
2067 2486 2124 2539 in
2152 2487 2263 2541 ista
2291 2495 2450 2558 parte
2502 2496 2759 2545 mutatur
2803 2498 3018 2549 naturae
3073 2494 3405 2563 substantia,
3440 2498 3540 2553 sed

257 2577 507 2632 tentatio
535 2576 619 2630 vel
642 2577 954 2647 persecutio
984 2577 1336 2648 designatur,
1368 2579 1511 2631 sicut
1543 2583 1630 2631 est
1673 2576 1810 2630 illud
1842 2595 1854 2629 :
1942 2574 2201 2628 voluntas
2235 2580 2293 2629 et
2330 2577 2673 2646 agricultura
2708 2580 2958 2634 ﬁdelium
2989 2582 3074 2636 vel
3110 2583 3443 2640 inﬁdelium.
3472 2586 3539 2641 In

256 2670 362 2722 Per
373 2668 529 2719 diem
547 2669 628 2719 sol
650 2670 896 2719 nonurct
911 2671 978 2730 te,
1005 2683 1175 2734 neque
1195 2670 1333 2720 luna
1352 2682 1451 2734 per
1471 2671 1674 2720 noctem
1693 2667 1858 2735 (Psat.
1946 2678 2188 2732 quorum
2218 2663 2406 2728 corda,
2444 2666 2574 2735 quia
2604 2667 2758 2720 venit
2795 2669 2976 2723 mulus
3003 2674 3062 2723 et
3096 2671 3246 2741 rapit
3271 2672 3420 2742 quod
3447 2688 3539 2728 se-

254 2770 389 2818 cxx,
417 2753 496 2825 6).
515 2753 793 2818 Quoniam
825 2770 963 2824 quos
997 2754 1114 2808 urit
1140 2754 1377 2808 tentatio
1412 2754 1496 2808 vel
1529 2754 1861 2825 persecutio,
1947 2750 2224 2805 minatum
2251 2757 2338 2806 est
2365 2752 2424 2806 in
2464 2754 2629 2808 corde
2660 2756 2800 2825 ejus,
2832 2755 2962 2811 inde
2990 2759 3233 2814 secundo
3270 2776 3337 2814 ac
3368 2761 3538 2816 tertio

257 2844 397 2915 quia
429 2858 547 2896 non
571 2841 782 2896 habent
810 2842 1104 2896 humorem
1132 2842 1559 2913 perseverantiae
1591 2842 1650 2896 in
1678 2842 1864 2896 chari-
1948 2839 2055 2893 ait:
2076 2840 2176 2893 llic
2202 2846 2277 2894 est
2299 2844 2400 2909 qui
2427 2844 2653 2896 verbum
2679 2845 2859 2897 audit.
2876 2844 3147 2901 Similiter
3163 2851 3221 2901 et
3244 2847 3303 2902 in
3328 2848 3543 2919 exposi-

255 2936 400 2998 tate,
423 2930 562 2991 cito,
590 2929 733 2984 facta
761 2930 1202 3001 interrogatione
1221 2932 1290 2985 de
1311 2930 1497 2996 verbo,
1519 2936 1790 2985 corruunt
1806 2930 1867 2984 in
1889 2995 1924 3005 Α
1948 2926 2102 2981 tione
2125 2926 2283 2983 bona:
2304 2933 2487 2993 teme,
2519 2929 2626 2984 iste
2651 2936 2754 2995 est,
2783 2931 2985 3002 inquit,
3018 2934 3112 3005 qui
3132 2934 3310 2999 audit,
3338 2936 3540 2992 deinde

255 2995 649 3091 negationem,
678 3019 788 3074 sed
818 2995 1027 3090 magna
1053 3019 1321 3073 distantia
1346 3024 1432 3074 est
1457 3019 1606 3073 inter
1624 3036 1751 3074 eum
1771 2995 1927 3090 quic
1948 3014 2232 3085 intelligit,
2265 3031 2331 3069 ac
2361 3016 2441 3070 sic
2467 3016 2679 3086 profert
2716 2995 2980 3073 fructiimi
3003 2995 3404 3088 doctrinarum,
3428 3040 3544 3079 non

257 3107 461 3164 multis
492 3107 953 3163 tribulationibus
1000 3108 1290 3179 poenisque
1327 3108 1682 3179 compellitur
1711 3108 1868 3162 Chrii
1948 3102 2138 3157 minus
2166 3103 2223 3157 in
2243 3120 2429 3175 opere,
2448 3120 2617 3175 quam
2643 3105 2700 3159 in
2718 3106 3024 3162 intellectu.
3047 3109 3320 3174 Quoniam
3348 3116 3541 3179 533

258 3204 417 3253 stum
447 3213 681 3267 negare,
714 3201 773 3251 et
799 3199 927 3252 eum
955 3197 1051 3269 qui
1079 3197 1148 3251 ad
1164 3197 1399 3268 primam
1423 3196 1868 3267 persecutionem
1950 3191 2222 3263 quidquid
2251 3192 2459 3277 meruit
2487 3193 2701 3255 audire.
2732 3194 3015 3251 festinavit
3052 3213 3216 3254 nosse
3243 3205 3302 3254 et
3330 3199 3541 3255 intelli-

260 3286 461 3341 statim
493 3285 905 3353 scandalizatur
948 3290 1006 3339 et
1050 3284 1279 3339 corruit.
1314 3285 1587 3340 Similiter
1622 3291 1679 3339 et
1708 3286 1869 3339 inter
1948 3297 2099 3350 gere,
2132 3297 2255 3350 quae
2278 3297 2406 3334 vero
2444 3281 2737 3347 intellexit,
2769 3299 2937 3354 Opere
2981 3284 3235 3357 implere.
3266 3287 3337 3343 Et
3355 3304 3422 3343 ex
3440 3288 3545 3343 hoc

264 3392 401 3430 eum
443 3373 544 3445 qui
573 3374 832 3445 proclivis
879 3379 967 3428 est
1009 3373 1258 3444 quotidie
1304 3374 1373 3427 ad
1407 3374 1769 3444 peccandum,
1810 3376 1871 3425 et
1951 3368 2156 3439 quippe
2180 3368 2331 3422 trino
2347 3370 2626 3439 protectus
2648 3371 2847 3440 gradu.
2872 3373 3121 3429 nascitur
3138 3375 3360 3431 culmen
3386 3393 3542 3432 sum-

261 3480 399 3518 eum
430 3462 532 3534 qui
559 3462 911 3533 gravioribus
938 3462 1167 3516 tandem
1191 3460 1865 3527 vinciturtentationibus,

261 3552 311 3607 si
342 3551 620 3607 continuo
648 3550 838 3605 divina
866 3551 1169 3605 clementia
1195 3550 1365 3604 fuerit
1392 3554 1697 3604 recreatus.

338 3643 454 3708 Qui
476 3646 665 3694 autem
686 3643 990 3694 seminatus
1010 3644 1082 3693 est
1105 3642 1169 3699 in
1190 3641 1385 3706 spinis.
1405 3640 1493 3692 hic
1520 3643 1594 3691 est
1623 3640 1722 3706 qui
1750 3652 1871 3689 rer-

268 3730 404 3783 bum
432 3728 624 3792 audit,
647 3733 698 3781 et
734 3730 1110 3782 sollicitudine
1138 3729 1300 3780 istius
1329 3729 1531 3792 saeculi,
1560 3730 1609 3779 et
1642 3727 1873 3792 fallacia

266 3819 632 3881 divitiarum,
662 3819 886 3883 su/focat
916 3817 1157 3877 verbum,
1180 3820 1228 3869 ct
1256 3818 1373 3868 sine
1392 3817 1581 3882 fructu
1608 3816 1868 3881 efﬁcitur.

269 3904 555 3960 Similiter
573 3920 747 3975 supra
774 3903 987 3957 dictum
1008 3909 1112 3969 est,
1145 3903 1258 3956 alia
1277 3903 1597 3956 ceciderunt
1610 3902 1665 3955 in
1677 3900 1870 3971 spinis,

266 3993 327 4047 id
366 3998 459 4048 est
502 3992 617 4046 alia
654 3991 888 4045 semina.
931 3991 1035 4045 Hic
1076 4008 1206 4045 vero
1236 3992 1353 4061 ipse
1381 3991 1438 4044 in
1466 4007 1575 4061 quo
1600 3990 1876 4044 seminata

1951 3473 2057 3510 nia:
2087 3456 2459 3527 perfectionis,
2491 3463 2554 3512 ut
2582 3458 2656 3512 sit
2681 3459 2865 3513 omnis
2894 3462 3138 3517 Ecclesia
3166 3464 3546 3529 Christi,bica—

1952 3555 2189 3610 merata,
2213 3545 2299 3599 vel
2312 3544 2690 3599 tricamerata.
2713 3547 2776 3600 In
2792 3548 2993 3617 quibus
3012 3550 3258 3619 profecto
3275 3551 3544 3621 gradibus

1956 3632 2114 3703 quasi
2144 3649 2245 3702 per
2270 3631 2524 3686 tabulata
2561 3634 2757 3703 templi
2782 3635 2894 3687 veri
2920 3636 3254 3703 Salomonis,
3287 3638 3545 3693 ascendi-

1955 3728 2050 3774 tur
2068 3737 2245 3791 usque
2264 3720 2335 3774 ad
2357 3737 2543 3774 arcem
2566 3720 2798 3790 integrae
2824 3722 3195 3792 perfectionis.
3211 3725 3545 3796 Depingitur

1955 3816 2146 3862 autem
2165 3808 2272 3861 iste
2292 3824 2580 3871 numerus,
2606 3810 2958 3874 Ccntcsimus,
2976 3813 3342 3877 sexagesimus
3368 3817 3418 3866 et
3447 3815 3547 3867 tri-

1955 3900 2204 3962 cesimus,
2241 3897 2411 3951 etiam
2438 3898 2600 3966 juxta
2629 3901 2822 3951 aetates
2851 3897 3110 3952 humanae
3137 3904 3371 3955 natum.
3396 3901 3548 3965 Quo-

1957 3986 2109 4039 niam
2140 3986 2307 4040 homo
2336 4002 2462 4039 cum
2492 3984 2661 4039 fuerit
2687 3984 2921 4055 triginta
2955 4002 3252 4054 annorum,
3285 3993 3420 4043 tunc
3440 3989 3549 4045 for-

269 4086 428 4144 sunt,
454 4079 768 4134 semiustus
789 4095 911 4134 esse
939 4078 1160 4144 dicitur,
1187 4079 1319 4149 quia
1336 4095 1528 4132 semen
1552 4077 1701 4131 verbi
1725 4078 1781 4131 in
1816 4094 1876 4131 se
1959 4073 2208 4128 tissimus
2234 4073 2475 4127 habetur
2489 4073 2558 4127 ad
2585 4072 2792 4138 omnia,
2817 4078 2875 4127 et
2892 4074 3273 4145 sponsalitatis
3291 4076 3422 4146 jura
3433 4093 3550 4131 am-

269 4168 480 4223 habuit
505 4178 571 4222 ut
587 4184 688 4239 per
708 4168 814 4221 hoc
833 4168 981 4239 quod
1010 4168 1349 4221 seminatum
1370 4173 1456 4221 est
1489 4167 1610 4237 ipse
1636 4166 1731 4236 qui
1758 4181 1880 4236 per-
1959 4162 2107 4234 plius
2137 4161 2514 4233 amplectitur,
2557 4178 2622 4215 ac
2669 4161 2798 4215 hinc
2834 4161 2965 4216 inde
3016 4162 3116 4217 filii
3163 4170 3551 4235 procreantur,

271 4259 429 4330 cepit
443 4258 757 4313 seminatus
781 4257 1302 4328 intelligatur,inter
1321 4255 1739 4310 saeculidivitias
1758 4271 1943 4330 cre-n
1961 4251 2173 4306 Idcirco
2202 4250 2307 4305 sub
2350 4251 2454 4304 hoc
2499 4266 2735 4305 numero
2772 4251 2987 4305 fructus
3016 4253 3443 4323 conjugatorum
3480 4254 3551 4308 ab

272 4362 442 4402 scens
462 4351 522 4401 et
544 4345 794 4400 fallacias
829 4345 1112 4400 vanitatis.
1130 4347 1245 4400 Nec
1265 4351 1452 4409 53':
1483 4344 1656 4414 igitur
1673 4342 1878 4397 mirum
1899 4338 1943 4359 ν
1963 4339 2225 4394 omnibus
2256 4338 2654 4393 Ecclesiasticis
2684 4338 2815 4393 viris
2838 4339 2968 4409 jure
2994 4340 3308 4410 exponitur.
3341 4341 3552 4397 Deinde

274 4437 327 4492 si
342 4436 480 4490 talis
503 4435 578 4489 sit
607 4435 830 4499 locutio,
860 4451 987 4491 cum
1012 4441 1071 4490 et
1100 4435 1207 4506 ipsi
1234 4435 1407 4506 spinae
1434 4433 1713 4497 dicantur,
1736 4432 1883 4487 sicut
1962 4428 2343 4498 sexagesimus
2373 4433 2631 4497 augetur,
2677 4427 2810 4498 quia
2862 4444 2989 4481 cum
3041 4428 3113 4481 ad
3161 4428 3304 4483 hanc
3331 4435 3555 4485 aetatem

276 4530 368 4579 est
388 4523 528 4578 illud
553 4523 612 4577 in
629 4522 1059 4579 Canticis:Sicut
1079 4527 1271 4578 lilium
1294 4526 1441 4576 inter
1452 4524 1744 4591 spinas,sic
1758 4524 1883 4576 ani-

279 4628 523 4667 mamea
556 4614 705 4665 inter
723 4614 871 4679 ﬁlias
916 4612 1099 4678 (Cant.
1124 4626 1164 4675 ι,
1198 4610 1285 4679 2);
1342 4610 1737 4681 quarum,licet
1779 4612 1882 4664 ilo-

278 4706 470 4759 reant.
492 4715 783 4770 nunquam
796 4699 987 4754 abillis
1007 4704 1093 4754 est
1107 4700 1320 4755 fructus
1340 4700 1488 4754 sicut
1508 4717 1609 4753 nec
1623 4716 1771 4753 cura:
1789 4716 1886 4754 sae-

280 4789 421 4855 culi,
437 4785 545 4842 etsi
563 4787 861 4842 videantur
879 4787 1064 4843 cibum
1086 4787 1295 4841 habere
1313 4787 1529 4841 salutis.
1549 4786 1710 4841 Unde
1731 4794 1788 4841 et
1814 4787 1886 4840 ad

278 4877 468 4932 Adam
493 4878 657 4947 juxta
682 4876 932 4931 litteram
971 4876 1141 4931 etiam
1187 4875 1887 4947 ﬁgurateloquitur:0um

282 4971 549 5035 operatus
564 4967 742 5033 fueris
771 4970 1003 5035 terram,
1019 4967 1209 5034 spinas
1233 4970 1283 5018 ct
1301 4967 1534 5019 tribulos
1548 4966 1887 5031 germinabit

282 5056 394 5109 tibi
438 5054 600 5110 Unde
628 5056 692 5107 in
715 5056 913 5109 sudore
936 5057 1161 5111 vesceris
1180 5070 1325 5122 pane
1351 5059 1442 5108 tuo
1473 5053 1618 5121 (Gen.
1652 5067 1737 5118 ιιι,
1779 5051 1883 5124 19).

282 5141 569 5207 Quoniam
604 5142 922 5215 quicunque
954 5143 1143 5198 saeculi
1163 5160 1224 5197 se
1260 5141 1481 5196 dederit
1515 5141 1891 5212 voluptatibus

282 5230 550 5302 curisque
578 5230 1193 5303 istius.mundi,panem
1210 5232 1491 5286 caelestem
1507 5236 1565 5284 et
1582 5230 1769 5283 cibum
1798 5247 1891 5283 ve-

1966 4516 2282 4589 pervenerit
2312 4516 2455 4587 quis,
2491 4515 2697 4571 desinit
2736 4517 2854 4586 jam
2886 4516 3238 4587 belligerare,
3280 4518 3448 4572 etiam
3500 4525 3559 4573 et

1966 4606 2111 4660 lilios
2157 4605 2439 4659 interdum
2478 4621 2793 4676 procreare.
2838 4604 2953 4659 Sub
2999 4620 3110 4676 quo
3157 4622 3293 4660 sane
3320 4623 3558 4662 numero

1968 4694 2261 4749 viduarum
2290 4699 2348 4747 et
2375 4692 2625 4746 omnium
2650 4691 3058 4746 continentium
3089 4693 3226 4747 ordo
3254 4694 3562 4767 deprehen-

1968 4783 2147 4850 ditur;
2183 4798 2422 4854 quorum
2459 4781 2584 4834 ideo
2626 4780 2902 4851 copiosior
2936 4781 3171 4846 fructus,
3205 4782 3336 4853 quia
3380 4782 3562 4854 magis

1969 4876 2101 4925 sunt
2130 4887 2165 4923 a
2194 4868 2379 4923 saeculi
2407 4867 2622 4922 actibus
2650 4866 2838 4932 alieni,
2889 4866 2993 4921 sub
3034 4868 3299 4937 angustia
3324 4869 3565 4940 paenitu-

1969 4960 2117 5014 dinis
2147 4964 2204 5013 et
2232 4955 2593 5011 tribulatione
2625 4954 2701 5025 pii
2730 4954 2956 5021 laboris,
2974 4956 3089 5009 Deo
3108 4973 3303 5010 vacare
3330 4973 3567 5012 noscun-

1969 5055 2081 5102 tur.
2108 5046 2268 5102 Unde
2295 5051 2352 5097 et
2370 5042 2668 5114 Apostolus
2680 5041 2924 5104 viduam,
2939 5059 3062 5114 quae
3080 5060 3209 5098 vere
3232 5043 3399 5099 vidua
3422 5045 3497 5099 sit
3509 5051 3568 5099 et

1973 5136 2243 5199 desolata,
2265 5149 2378 5187 non
2397 5131 2583 5185 minus
2604 5147 2772 5201 quam
2801 5131 3093 5201 sexaginta
3113 5148 3386 5187 annorum
3404 5134 3567 5204 jubet

1974 5225 2196 5294 eligere.
2221 5221 2430 5276 llincet
2457 5219 2678 5275 caelibes
2702 5226 2992 5286 vocantur,
3012 5237 3077 5275 eo
3108 5222 3255 5293 quod
3276 5223 3396 5294 jam
3416 5223 3570 5278 dein-

283 5335 415 5374 rum
437 5335 551 5374 non
573 5318 680 5373 nisi
698 5319 846 5374 inter
858 5320 1048 5391 spinas
1064 5321 1329 5387 comedit;
1350 5325 1601 5374 attamen
1616 5316 1674 5371 in
1689 5317 1893 5372 sudore
1975 5329 2103 5384 ceps
2130 5312 2411 5366 caelestem
2458 5310 2628 5364 vitam
2668 5308 2912 5364 debeant
2936 5309 3159 5377 ducere,
3187 5316 3253 5366 ut
3281 5313 3353 5366 ad
3380 5310 3569 5384 dupli-

286 5413 355 5463 et
371 5406 564 5464 labore
581 5406 1078 5472 nimionuiadioes
1092 5409 1649 5476 di/‘ﬁcilciutrabitin
1661 5422 1895 5473 regnum
1978 5407 2164 5457 catum
2194 5400 2456 5461 fructum.
2496 5398 2642 5453 sicut
2667 5404 2725 5454 et
2753 5397 2932 5453 vidum
2970 5398 3030 5453 in
3059 5415 3164 5454 sua
3207 5399 3570 5455 destitutione

284 5497 789 5566 calorumWatth.
816 5494 1391 5568 xIx,23).Elegantor
1409 5500 1597 5552 autem
1620 5494 1895 5565 adjunxit,
1978 5489 2195 5564 possint
2231 5487 2547 5553 ascendere,
2584 5491 2647 5540 ut
2684 5486 2946 5557 deinceps
2994 5487 3111 5555 jam
3164 5488 3358 5558 sopitis
3403 5485 3568 5552 hujus

541 5596 812 5661 Punon.
859 5596 1018 5658 CXX
1035 5642 1049 5656 .
1200 5625 1207 5631 -
3252 5582 3326 5645 16
