3918 6176
422 287 526 349 491

1162 283 1253 338 ‘8.
1293 279 1668 338 PASCHASII
1708 275 2069 335 RADBERTI
2105 275 2411 331 ᾹΒΒᾹἸἹΒ
2451 272 2946 330 OOHBEIENSIS.‘

3535 271 3621 336 39%

424 413 552 470 vi”
583 410 941 485 paschalibus
983 409 1167 464 amnis
1217 407 1461 463 conditio
1503 403 1574 458 ad
1606 404 1854 458 melioris
1884 404 2201 465 vitieAtur,
2234 412 2334 457 seu
2365 404 2663 471 martyres,
2692 400 2762 453 de
2792 397 3023 452 sinistra
3042 396 3244 485 transit
3267 397 3332 451 ad
3350 397 3620 467 dexteram;

426 502 657 571 negotia
678 501 966 555 sortiatur.
997 497 1170 552 Porro
1190 494 1555 549 centesimum
1586 490 1828 546 fructum
1859 506 2015 561 aeque

425 589 737 659 virginibus
755 589 840 642 vel
869 585 1212 656 martyribus
1240 580 1625 635 consecratum
1666 585 1723 633 et
1760 578 2015 633 recondi-

427 682 551 734 tum
581 676 887 741 credimus;
914 672 1171 744 quamvis
1199 670 1426 740 quidam
1457 666 1779 721 uestrorum
1803 666 2015 719 solum-

428 766 596 823 modo
638 764 710 819 ad
754 768 1051 832 martyres,
1099 764 1330 829 propter
1364 758 1746 826 contemptum
1798 754 2013 815 mortis,

426 854 565 908 illud
594 852 801 907 referre
814 848 1133 912 contendat,
1152 850 1207 899 et
1228 846 1297 899 ad
1316 844 1558 914 virgines
1583 842 2011 911 sexagesimum,

429 946 658 1011 propter
675 938 854 992 otium
880 936 1139 1001 interius,
1156 939 1221 988 ut
1239 934 1336 997 ait,
1363 934 1615 1002 deputat,
1646 931 1776 1001 quia
1792 946 1903 983 non
1920 937 2019 1000 pu-

426 1031 604 1097 gnant
631 1031 825 1081 contra
852 1023 1314 1078 consuetudinem
1332 1020 1533 1074 carnis.
1552 1019 1659 1073 Sed
1680 1018 1825 1071 mira‘
1848 1018 2018 1071 inter-

427 1116 687 1186 pretatio,
721 1113 817 1168 ubi
844 1116 946 1167 nec
973 1111 1158 1182 gratia
1187 1109 1518 1167 estimatur,
1545 1122 1646 1159 nec
1675 1106 2017 1175 incorruptio

427 1208 777 1260 conservata.
809 1218 932 1271 quae
953 1208 1179 1253 censors
1209 1197 1537 1266 angelorum
1569 1200 1675 1261 est,
1701 1194 1818 1247 suis
1847 1193 2016 1263 privi-

424 1291 589 1361 legiis
618 1291 947 1347 honoratur.
982 1287 1141 1351 Quod
1162 1286 1208 1338 si
1229 1285 1307 1338 ita
1333 1288 1496 1347 esset,
1519 1283 1652 1352 quia
1679 1297 1791 1335 non
1821 1282 1923 1345 est,
1943 1282 2019 1334 vi-

424 1380 657 1433 deretur
700 1376 1078 1432 celibatorum
1122 1379 1179 1426 et
1228 1372 1539 1437 viduarum,
1564 1374 1733 1440 atque
1763 1368 2016 1424 omnium

425 1465 857 1528 continentium,
880 1464 966 1517 vel
994 1461 1387 1533 pcenitentidm
1417 1460 1553 1513 ordo
1583 1458 1854 1513 exelusus.
1890 1457 2015 1527 qui-

422 1554 530 1610 bus
557 1559 684 1624 post
710 1552 970 1606 militiam
993 1551 1079 1604 vel
1109 1548 1484 1618 otium,quasi
1512 1543 2018 1616 sexagenarlisjam

423 1642 708 1713 duplicata
728 1641 940 1694 merces
964 1639 1036 1692 ob
1061 1636 1444 1707 contemptum
1465 1634 1649 1690 saeculi
1666 1636 1795 1704 jure
1823 1645 2019 1703 repen-

2098 490 2176 544 ita
2206 497 2271 544 ut
2292 488 2495 560 quibus
2521 490 2713 559 digitis
2742 487 2951 559 nuptiae
2989 484 3383 557 signiﬁcantur;
3408 495 3458 543 et
3479 486 3623 545 vidule

2097 578 2367 635 circulum
2397 579 2605 634 faciens
2631 586 2895 632 coronam
2923 574 3199 647 exprimat
3237 576 3413 643 εδδ
3441 578 3629 648 virgini-

2097 669 2249 721 tatis.
2284 669 2353 721 Et
2382 668 2487 721 hoc
2515 668 2601 720 est
2632 665 2781 736 quod
2820 664 3041 718 hemitur
3083 664 3141 718 in
3169 663 3386 734 psalmis
3421 681 3433 716 :
3472 664 3628 720 Astitit

2098 759 2295 823 regina
2323 772 2357 808 α
2377 758 2586 809 dextris
2612 759 2723 807 tuis
2759 753 2926 821 (Psal.
2959 766 3109 815 XLIV,
3139 750 3256 816 10!;
3279 752 3402 822 quia
3423 766 3538 805 vera
3558 753 3629 807 in-

2098 844 2399 913 corruptio.
2428 859 2586 896 soror
2606 847 2691 896 est
2720 842 3082 910 Angelordm,
3114 836 3346 911 quorum
3365 840 3631 895 societasin

2100 932 2323 985 Christo
2344 930 2401 984 in
2424 931 2635 984 dextris
2669 930 2860 1000 utique
2890 929 3211 983 collocatur.
3258 929 3436 984 Aliam
3461 938 3634 997 queque

2094 1021 2420 1087 parabolam
2458 1020 2741 1087 preposuit
2768 1020 2866 1081 eis,-
2908 1019 3110 1071 diCens.
3145 1014 3311 1071 Recte
3339 1015 3509 1076 aliam,
3528 1016 3637 1086 quia

2100 1108 2289 1160 multa:
2319 1106 2469 1172 sunt,
2503 1112 2561 1160 et
2593 1120 2706 1159 non
2742 1106 3000 1169 alteram,
3042 1119 3113 1159 ne
3143 1105 3285 1158 forte
3313 1104 3428 1157 duae
3452 1102 3639 1157 tantum

2100 1195 2567 1265 intelligerentur,
2604 1209 2743 1264 quas
2792 1193 2912 1263 ipse
2962 1198 3156 1247 auctor
3181 1193 3305 1246 vitae
3332 1208 3424 1262 per
3463 1202 3519 1245 se’
3546 1192 3639 1244 cle-

2101 1290 2323 1336 menter
2352 1283 2626 1353 exposuit,
2643 1282 2773 1335 licet
2806 1282 2998 1352 paucis
3023 1281 3079 1336 in
3108 1281 3293 1335 medio
3321 1279 3641 1351 interpositis,

2098 1376 2164 1425 ut
2190 1378 2519 1424 caeterarum
2550 1369 2923 1440 intelligentia
2942 1384 3007 1423 ex
3036 1370 3159 1423 istis
3186 1366 3395 1422 avidius
3423 1367 3642 1437 requira-

2097 1466 2210 1513 tur.
2237 1460 2488 1523 Quarum
2521 1458 2655 1529 quia
2682 1457 2915 1513 ﬂoridus
2947 1463 3032 1512 est
3054 1457 3383 1523 intellectus,
3405 1461 3459 1510 et
3494 1455 3644 1509 dulcis

2099 1548 2346 1615 auditus,
2375 1547 2679 1618 plurimum
2711 1547 2911 1600 invitat
2944 1544 3210 1600 lectorem
3256 1546 3326 1599 ad
3363 1545 3562 1615 reliqua
3597 1543 3645 1596 in

2099 1637 2331 1701 deteris,
2364 1650 2487 1706 quae
2525 1635 2761 1690 obscura
2794 1636 2944 1702 sunt,
2977 1634 3332 1707 requirenda.
3363 1632 3499 1697 Quia
3519 1631 3648 1686 ben'i-

425 1729 597 1784 ἀὶῒιιὶκ
623 1729 772 1793 Quas
798 1726 1144 1799 partemquia
1164 1725 1289 1796 pius
1307 1722 1573 1793 Magister
1586 1737 1699 1777 non
1726 1721 2019 1792 expressit,
2036 1713 2399 1793 Bgnissimus
2421 1722 2676 1779 Salvator
2705 1724 2863 1795 quasi
2886 1722 3153 1794 praedives
3181 1724 3341 1778 valde
3367 1720 3648 1791 paterfsuli-

423 1833 529 1873 nec
556 1816 809 1883 secrevit,
854 1820 957 1871 nec
993 1811 1414 1877 demonstravit,
1456 1827 1559 1865 nec
1601 1811 1873 1874 deﬁnivit,
1904 1826 2015 1863 non

421 1906 550 1962 ideo
578 1911 763 1959 tamen
790 1905 964 1958 libere
989 1902 1248 1957 oberrare
1269 1906 1455 1965 584
1471 1899 1739 1954 debemus
1761 1914 1796 1951 a
1824 1898 2018 1968 regula

421 1994 691 2048 veritatis.
723 1992 988 2062 Alioquin
1017 1991 1074 2044 in
1121 1996 1240 2044 toto
1294 1990 1465 2059 hujus
1514 1987 1790 2058 parabolae
1836 1993 2011 2051 textu,

421 2082 556 2152 Quid
584 2088 750 2153 putas
778 2080 1056 2152 quomodo
1068 2079 1273 2132 veritas
1299 2078 1634 2131 elucesceret
1656 2076 1827 2130 tantm
1847 2075 2014 2128 intel-

416 2170 686 2240 ligentiae,
721 2170 829 2223 nisi
854 2168 1041 2222 divina
1081 2166 1385 2221 auctoritas
1412 2182 1536 2219 eam
1571 2164 1912 2217 reserasset?
1933 2164 2014 2217 De

418 2263 531 2329 qua
559 2258 795 2312 veritate
822 2257 910 2310 vix
940 2255 1170 2326 perfeCti
1198 2255 1255 2307 in
1284 2254 1371 2307 his
1401 2270 1524 2323 quae
1554 2258 1772 2305 restant
1796 2266 1856 2304 se
1878 2264 2011 2305 con-

416 2346 609 2400 venire
639 2344 1066 2416 pdssunt.Unde
1088 2341 1524 2412 benignissimus
1554 2341 1810 2394 Salvator
1836 2339 1894 2392 in
1916 2352 2014 2393 cae-

416 2433 556 2487 teris
583 2438 646 2487 ut
673 2431 926 2503 regulam
955 2431 1255 2495 tractandi,
1281 2428 1581 2500 parabolis,
1614 2444 1679 2481 ac
1697 2428 1744 2481 si
1766 2427 2011 2498 prudens

416 2526 627 2586 orator,
660 2520 981 2575 ostenderet
1019 2520 1163 2572 hanc
1192 2534 1293 2588 per
1333 2534 1393 2571 se
1428 2516 1771 2588 parabolam,
1821 2516 2012 2586 paucis

411 2609 711 2680 explanare
730 2608 906 2662 voluit
931 2606 1146 2662 verbis:
1175 2607 1436 2676 deinceps
1474 2605 1759 2659 auditores
1789 2619 1918 2657 suos
1949 2610 2012 2658 ut

414 2702 742 2768 prdvocaret
762 2696 833 2750 ad
862 2695 1292 2766 intelligentiam
1326 2693 1687 2764 reliquarum,
1714 2709 1855 2762 quas
1879 2707 2010 2761 pro-

412 2785 620 2856 posuit,
635 2784 1049 2856 parabolarum.
1076 2783 1229 2837 Fecit
1250 2783 1422 2845 enim,
1442 2782 1693 2844 utaidnt,
1721 2781 1792 2833 ad
1808 2780 2008 2833 simili-

2097 1812 2200 1866 lius
2229 1826 2366 1883 quos
2381 1811 2580 1867 invitat
2597 1813 2667 1866 ad
2691 1814 2886 1884 epulas
2905 1812 3125 1867 aeternae
3149 1805 3649 1877 satietatis,interim

2097 1898 2330 1954 diversis
2358 1897 2684 1955 deliciarum
2718 1902 2946 1955 reficere
2997 1906 3157 1954 curat
3196 1900 3352 1963 cibis,
3384 1899 3439 1952 in
3479 1897 3575 1962 via,
3599 1900 3651 1949 ut

2097 1988 2484 2058 unusquisque
2507 1989 2814 2042 secundum
2846 1992 3109 2043 naturam
3137 1985 3411 2042 stomachi
3443 1984 3525 2039 sui
3562 1982 3649 2036 ali-

2096 2083 2291 2129 menta
2331 2076 2606 2147 percipiat
2640 2076 2857 2131 salutis.
2899 2077 3008 2132 Sed
3051 2076 3183 2147 quia
3220 2075 3322 2130 has
3350 2080 3574 2139 tantum,
3600 2076 3652 2125 ut

2096 2165 2230 2230 dixi;
2262 2162 2421 2231 duas,
2452 2166 2581 2219 licet
2610 2166 2799 2236 paucis
2817 2166 3145 2235 interjectis,
3171 2166 3293 2236 ipse
3322 2178 3421 2236 per
3446 2168 3653 2231 s‘eexpo-

2095 2253 2227 2316 suit,
2252 2253 2419 2307 simul
2444 2255 2764 2323 jungendas
2790 2255 3002 2308 censui.
3031 2255 3101 2308 Et
3135 2254 3282 2308 sicut
3310 2269 3403 2307 eas
3446 2250 3654 2306 cceiestis

2094 2341 2373 2411 sapientia
2391 2343 2687 2411 splendore
2714 2342 2914 2397 divinae
2939 2342 3327 2412 intelligentiae
3354 2338 3650 2395 illustravit:

2093 2429 2175 2482 ita
2200 2429 2533 2499 legentibus,
2566 2428 2733 2485 simul
2770 2438 2835 2485 ut
2861 2430 3161 2502 propositis
3214 2436 3369 2495 sunt,
3399 2429 3656 2499 assignare

2094 2518 2331 2572 decrevi.

2164 2607 2360 2662 Simile
2388 2613 2481 2671 est,
2512 2605 2715 2677 inquit,
2764 2606 3001 2675 regnum
3053 2610 3315 2662 calorum
3345 2602 3551 2660 homini
3575 2603 3658 2672 qui

2091 2698 2382 2749 seminavit
2410 2697 2612 2749 bonum
2648 2712 2829 2750 semen
2855 2699 2919 2749 in
2950 2710 3085 2764 agro
3104 2710 3225 2753 suo.
3267 2695 3446 2759 Quam
3491 2694 3657 2762 itaque

2091 2782 2538 2847 similitudinem,
2568 2799 2757 2837 coram
2786 2784 2986 2848 turbis,
3028 2799 3145 2839 una
3167 2799 3300 2837 cum
3328 2782 3555 2847 ceteris,
3575 2779 3656 2833 ob-

410 2874 667 2927 tudinem
695 2874 972 2945 portantis
997 2888 1093 2925 vas
1116 2873 1344 2941 plenum
1375 2870 1532 2922 miris
1554 2875 1609 2922 et
1638 2868 1869 2921 diversis
1888 2884 2008 2937 spe-
2090 2880 2250 2924 scure
2291 2872 2448 2925 valde
2486 2872 2783 2942 peroravit.
2815 2872 3028 2926 Deinde
3052 2871 3302 2927 dimissis
3331 2871 3506 2926 turbis
3530 2868 3661 2922 venit

413 2960 625 3026 eiebus,
649 2977 790 3031 quas
809 2960 867 3014 in
895 2966 1049 3014 terra
1081 2964 1206 3013 cum
1230 2958 1513 3019 detulerit,
1546 2956 1643 3010 ubi
1678 2963 1846 3009 antea
1874 2972 2004 3008 nec-
2025 2996 2071 3032 ﬁ.
2090 2957 2149 3011 in
2176 2959 2427 3026 domum,
2463 2958 2519 3013 et
2561 2960 2916 3015 accesserunt
2951 2961 3022 3014 ad
3061 2975 3190 3014 eum
3245 2959 3495 3032 disipuli;
3522 2955 3662 3029 quasi

412 3048 551 3101 dmn
735 3049 975 3111 fuerant,
1009 3046 1311 3100 ostendunt
1336 3058 1509 3098 unam
1527 3061 1591 3098 ex
1620 3042 1829 3097 eisdem
1846 3043 2003 3097 valde
2022 3014 2069 3075 Ο
2086 3046 2397 3112 domestici,
2416 3014 2584 3118 [quasi
2605 3047 3047 3113 familiarissimi,-
3072 3054 3126 3103 et
3144 3048 3344 3103 dicunt
3361 3014 3660 3106 bitidiisere

412 3134 842 3205 locupletemget
860 3135 1052 3187 multis
1073 3134 1397 3187 exornatam
1412 3130 2003 3201 coloribus,quatenus
2086 3135 2239 3187 nobis
2263 3136 2594 3202 parabolam
2622 3140 2981 3190 zizaniorum
3006 3138 3152 3204 ag‘ri.
3184 3137 3323 3202 Qua
3355 3138 3463 3191 nisi
3491 3134 3663 3189 Obscu-

410 3225 481 3278 ex
509 3223 615 3277 hac
641 3238 757 3278 una
785 3229 1046 3293 provocet
1084 3220 1422 3275 mercatores
1466 3218 1623 3289 regni
1656 3218 1897 3273 cdalestis
1935 3219 2005 3273 ad
2089 3221 2204 3274 rior
2239 3223 2523 3278 videretur
2551 3241 2665 3295 prae
2689 3225 2924 3292 caeteris,
2948 3232 3310 3296 nequaquam
3342 3227 3413 3285 de
3436 3226 3536 3279 hac
3561 3222 3666 3277 sola

409 3317 614 3366 cetera
634 3316 759 3383 Quae
772 3310 926 3365 intus
943 3310 1233 3363 obscurius
1243 3308 1514 3362 obtolvun
1523 3315 1631 3361 tur.
1650 3309 1719 3362 Et
1746 3308 1871 3361 ideo
1888 3314 2004 3362 tam
2086 3309 2502 3381 interrogarent
2529 3313 2688 3383 quasi
2735 3313 2917 3378 inscii,
2942 3319 3111 3383 quam
3123 3328 3226 3369 nec
3240 3315 3484 3386 populus
3501 3311 3666 3366 mere-

407 3400 630 3454 diversa
655 3398 937 3471 pi'oponit,
952 3404 1016 3452 ut
1035 3412 1199 3451 omne
1225 3396 1511 3450 fastidium
1533 3397 1852 3466 detergeat;
1875 3397 2007 3467 quia
2087 3395 2257 3452 batur
2279 3400 2493 3466 audire,-
2526 3410 2629 3454 nec
2650 3402 2888 3472 poterat.
2914 3402 3128 3466 Quibus
3151 3402 3284 3474 pius
3300 3402 3563 3474 Magister
3577 3399 3662 3453 ait:

408 3488 564 3542 novit
592 3487 838 3542 calcatis
863 3488 1053 3541 oratur
1081 3486 1388 3540 secundum
1419 3484 1879 3539 consuetudinem
1903 3502 2003 3556 pa-
2160 3488 2265 3553 Qui
2274 3491 2599 3543 seminatest
2616 3491 2791 3544 Filius
2802 3491 3206 3557 hominis,ager
3223 3491 3506 3545 autemest
3524 3503 3667 3541 mun-

408 3576 552 3641 triae,
573 3577 633 3630 in
655 3575 934 3648 parabolis
954 3574 1219 3646 graviter,
1240 3574 1483 3644 copiose.
1516 3579 1825 3644 ornateque
1852 3574 2002 3627 dice-
2084 3575 2206 3639 dus,
2254 3578 2457 3630 bonum
2487 3593 2611 3631 vero
2647 3594 2830 3632 semen
2858 3581 2906 3632 ii
2932 3584 3064 3633 sunt
3090 3578 3207 3649 ﬁlii
3234 3584 3434 3649 regni;
3460 3578 3668 3633 zizania

408 3666 489 3721 re.
521 3665 687 3720 Novit
716 3670 774 3718 et
796 3663 1134 3735 peritissime
1167 3663 1386 3724 docere,
1418 3661 1634 3715 animos
1654 3678 2002 3750 commovere
2083 3668 2267 3717 autem
2286 3667 2397 3730 ﬁlii
2417 3671 2547 3718 sunt
2574 3682 2829 3733 nequam.
2856 3668 3128 3721 Inimicus
3157 3671 3255 3736 qui
3283 3667 3667 3737 superseminat

407 3753 700 3824 granditer
727 3752 1096 3817 audientium,
1122 3751 1421 3806 efficaciter
1444 3751 1799 3821 persuadere.
1823 3756 1887 3804 ut
1913 3751 2000 3804 dl-
2084 3755 2157 3803 est
2199 3753 2469 3816 diabolus,
2486 3758 2540 3806 et
2562 3758 2779 3807 uetera.
2798 3754 2926 3808 Haec
2944 3754 3070 3809 ideo
3086 3755 3357 3825 preemisi,
3382 3752 3671 3810 utliberior

407 3850 598 3896 vereas
619 3842 970 3896 audientium
992 3841 1308 3895 voluntates
1338 3839 1682 3893 suavissimis
1708 3839 2000 3909 parabola-
2083 3838 2314 3892 daretur
2343 3839 2579 3894 facultas
2618 3842 2902 3912 loquendi,
2936 3850 2993 3897 et
3019 3843 3395 3913 multiplicem
3427 3841 3667 3914 quaestio-

409 3936 537 3984 ruin
550 3930 789 3985 oblectet
816 3928 1233 3983 blandinientis.
1251 3929 1319 3982 Et
1332 3928 1454 3981 ideo
1468 3944 1531 3982 ex
1553 3943 1667 3981 una
1680 3928 1875 3981 eadem
1896 3933 2008 3980 ter-
2086 3942 2217 3979 nem
2247 3942 2313 3980 ex
2334 3928 2422 3982 his
2444 3929 2636 3999 paucis
2667 3946 2789 4000 qua
2806 3936 3056 3985 reserata
3069 3932 3204 3985 sunt
3226 3948 3261 3986 a
3284 3932 3671 4001 Domino,per-

408 4022 494 4083 τε,
523 4018 873 4072 tricesimum
902 4024 959 4071 et
987 4016 1396 4086 sexagesimum
1442 4023 1612 4085 atque
1633 4014 1998 4069 centesimum
2083 4014 2352 4085 Spicacius
2370 4016 2830 4088 intelligeremus.
2853 4020 3131 4083 Quoniam
3142 4035 3269 4091 quae
3290 4020 3670 4092 expositasunt

406 4104 653 4158 fructum
676 4105 1040 4175 repromittit,
1066 4106 1228 4173 juxta
1253 4102 1482 4157 culturae
1505 4105 1855 4174 qualitatem.
1893 4103 2002 4157 Sed
2084 4109 2142 4156 et
2160 4104 2364 4158 nostra:
2391 4104 2775 4177 intelligentiae
2813 4106 3097 4175 derelicta,
3127 4110 3482 4164 enucleatius
3505 4106 3671 4178 requi-

412 4197 625 4262 quanta
650 4192 726 4244 sit
760 4192 965 4245 horum
1009 4192 1291 4261 graduum
1340 4189 1652 4257 diversitas,
1681 4197 2003 4262 quantaque
2085 4192 2261 4246 renda
2281 4199 2413 4247 sunt
2425 4199 2483 4247 et
2510 4194 2752 4249 breviter
2779 4197 3121 4251 annotanda;
3146 4197 3295 4261 Quia
3315 4200 3392 4253 ad
3422 4196 3527 4253 hoc
3545 4190 3673 4250 divi-

411 4278 612 4333 divinee
638 4278 926 4348 sapientiae
971 4280 1257 4348 maiestas,
1288 4284 1345 4331 et
1373 4286 1584 4347 quanta
1612 4280 1860 4349 potestas
1887 4281 2003 4333 elo-
2020 4312 2069 4356 n-
2087 4297 2193 4335 nus
2209 4281 2421 4336 arbiter
2445 4283 2646 4337 clausis
2666 4285 3110 4355 tegitve‘ritatem
3124 4284 3349 4356 ﬁguris,
3372 4299 3674 4342 sacramen-

413 4366 658 4438 quentiae
676 4374 814 4432 suae,
839 4372 1225 4437 quantumque
1241 4361 1459 4435 pondus
1482 4365 1687 4419 habeat
1700 4367 1758 4420 in
1780 4368 2006 4437 loquen—
2021 4361 2159 4423 "-tis
2188 4370 2502 4436 obumbrat,
2533 4371 2794 4427 obscurat
2815 4374 3118 4445 mysteriis,
3138 4379 3202 4429 ut
3214 4374 3418 4430 fideles
3435 4381 3492 4430 et
3507 4368 3675 4429 devoti

413 4456 503 4520 do,-
529 4466 696 4510 nemo
721 4460 809 4509 est
836 4454 932 4525 qui
973 4454 1141 4524 digne
1170 4454 1439 4507 admirari
1472 4454 1665 4524 possit,
1716 4471 1881 4508 nemo
1910 4455 2006 4525 qui
2086 4458 2145 4511 in
2165 4458 2251 4512 his
2276 4466 2656 4515 exerceantur.
2678 4462 2915 4532 Exponit
2934 4461 3206 4517 nonnulla
3217 4463 3515 4530 secretius,
3535 4458 3675 4517 utad

413 4544 484 4598 ad
506 4544 782 4614 liquidum
805 4540 1266 4614 explical‘e.Unde
1286 4539 1572 4595 videamus
1583 4542 1752 4596 etiam
1774 4543 1833 4597 in
1852 4560 2002 4597 com-

412 4632 703 4704 putatione
727 4633 1070 4696 Graecorum,
1102 4631 1197 4702 qui
1230 4648 1452 4703 semper
1488 4630 1822 4702 sapientiam
1853 4649 2008 4703 quae-

412 4726 548 4774 runt
576 4718 821 4790 qualiter
843 4720 952 4774 iste
979 4720 1253 4773 formetur
1289 4736 1578 4773 numerus.
1615 4721 1757 4773 Nam
1787 4720 2005 4774 tricesi-

412 4822 569 4863 mum
599 4818 896 4863 numerum
928 4808 1094 4861 iidem
1109 4808 1180 4861 ad
1201 4808 1425 4879 nuptias
1453 4808 1719 4865 referunt.
1739 4808 2006 4878 quoniam

412 4896 472 4951 in
495 4896 724 4950 sinistra
764 4909 936 4950 manu
964 4897 1083 4968 ipsa
1123 4896 1425 4967 digitorum
1486 4898 1810 4968 complexio,
1844 4898 2005 4967 quasi

413 4986 518 5041 sub
538 4985 693 5039 molli
739 4986 927 5040 osculo
955 4987 1220 5040 maritum
1254 4986 1423 5039 simul
1446 4986 1697 5057 depingit
1722 4992 1779 5039 et
1803 4987 2002 5056 conju-

410 5092 558 5146 gem.
595 5074 1013 5145 Sexagesimum
1046 5090 1196 5140 vero,
1228 5074 1298 5127 ad
1334 5075 1531 5128 viduas
1553 5091 1649 5128 seu
1673 5072 1909 5137 caelibes,
1937 5084 2001 5127 eo

330 5222 339 5227 ,
413 5164 561 5234 quod
589 5164 693 5219 sub
716 5165 855 5235 jugo
875 5162 1254 5217 tribulationis
1284 5169 1341 5217 et
1366 5163 1752 5233 angustiarum
1779 5163 1892 5216 sint
1911 5179 2004 5233 po-

409 5248 549 5317 sitae,
571 5252 969 5306 determinant.
1014 5251 1173 5306 Unde
1216 5256 1274 5305 et
1296 5267 1330 5304 a
1358 5252 1556 5321 pollice
1585 5251 1750 5306 index
1792 5252 2002 5321 digitus

410 5336 749 5410 deprimitur
768 5340 972 5395 foedere
1002 5339 1302 5403 viduitatis,
1334 5346 1399 5393 ut
1427 5347 1636 5409 quanto
1651 5342 1833 5409 major
1849 5341 2000 5394 diffi-

2088 4562 2155 4599 ea
2175 4564 2296 4616 quae
2325 4547 2544 4603 obtecta
2571 4554 2704 4603 sunt
2728 4551 3006 4606 avidiores
3031 4551 3119 4606 sui
3141 4549 3479 4607 reddantur.
3493 4550 3676 4608 Simile

2087 4641 2180 4701 est,
2209 4635 2867 4707 inquit,586regnum
2881 4643 3139 4695 calorum
3169 4638 3676 4712 homirii,quouiam

2087 4723 2345 4777 Christus
2373 4725 2553 4779 factus
2574 4732 2659 4780 est
2686 4727 2875 4795 homo,
2906 4734 2972 4782 ut
2995 4728 3255 4799 pereunti
3284 4727 3542 4784 humatio
3585 4742 3677 4797 ge-

2086 4811 2208 4864 neri
2237 4811 2575 4868 subveniret.
2603 4815 2711 4878 Qui
2740 4815 2908 4870 homo
2931 4817 3229 4871 seminavit
3252 4810 3474 4873 sonum
3496 4816 3677 4872 semen

2087 4899 2144 4952 in
2173 4916 2309 4970 agro
2335 4917 2454 4955 suo.
2476 4902 2652 4956 Audis
2674 4904 3151 4973 quemadmodum
3176 4905 3299 4976 ip‘se
3317 4906 3478 4962 Deus
3495 4904 3673 4968 homo,

2085 4994 2240 5042 sator
2267 4990 2480 5053 mundi,
2504 5006 2696 5045 rerum
2726 4992 2997 5063 principia
3023 4991 3172 5047 bona
3198 4993 3349 5057 fecit,
3386 5008 3494 5049 nec
3508 4993 3678 5048 ullum

2086 5077 2297 5131 malum
2326 5077 2396 5131 ab
2421 5087 2648 5133 auctore
2677 5080 2870 5150 primae
2894 5081 3126 5150 originis
3156 5081 3681 5153 processigs'edom-

2083 5164 2180 5219 nia
2202 5166 2362 5219 valde
2391 5165 2537 5221 bona
2556 5168 2705 5221 fecit.
2730 5168 2939 5223 Idcirco
2976 5185 3091 5224 non
3111 5170 3246 5224 sunt
3272 5170 3549 5225 audiendi
3575 5167 3682 5223 Mh-

2083 5254 2300 5321 nichaai,
2333 5270 2432 5309 seu
2460 5255 2644 5310 caeteri
2668 5256 2935 5323 heretici,
2967 5258 3064 5329 qui
3084 5257 3277 5314 dicunt
3303 5258 3527 5330 aliquid
3554 5254 3682 5311 mali

2083 5360 2203 5396 esse
2229 5350 2479 5398 creatum
2519 5361 2554 5398 a
2607 5345 2723 5401 Deo
2767 5345 3151 5415 tenebrarum,
3179 5345 3454 5418 quoniam
3484 5346 3557 5401 ab
3582 5345 3683 5400 iui-

410 5429 590 5484 cultas
617 5429 910 5499 gravitatis
949 5433 1008 5482 et
1036 5428 1242 5492 oneris,
1274 5432 1432 5481 tanto
1479 5429 1657 5498 magis
1703 5429 1996 5499 praemium
2080 5431 2223 5484 mico
2252 5432 2762 5508 superseminatum
2807 5440 2895 5487 est
2922 5434 3153 5501 malum,
3182 5439 3242 5489 et
3268 5432 3386 5488 non
3418 5433 3679 5506 prberet-

408 5514 704 5592 aug'eatur.
738 5517 916 5574 Porro
939 5516 1295 5585 centesimus,
1310 5517 1447 5588 quia
1472 5516 1545 5572 ad
1566 5517 1811 5588 virgines
1832 5517 2000 5572 refer-
2079 5522 2201 5572 tum
2231 5518 2301 5573 ab
2339 5525 2567 5575 auctore
2601 5521 2740 5590 Deo,
2781 5521 2879 5593 qui
2905 5522 3110 5579 cuncta
3150 5521 3285 5584 facit
3314 5522 3492 5581 valde
3518 5522 3678 5580 b0!!-
