  <div class='ocr_page' id='page_1' title='image "/cluster/home/n/w/nwhite01/storage/ocr_20150623/120/hvd.32044054759824/252.png"; bbox 0 0 3918 6176; ppageno 0'>
   <div class='ocr_carea' id='block_1_1' title="bbox 245 296 349 382">
    <p class='ocr_par' dir='ltr' id='par_1_1' title="bbox 245 296 349 382">
     <span class='ocr_line' id='line_1_1' title="bbox 245 296 349 382; baseline 0.019 -2"><span class='ocrx_word' id='word_1_1' title='bbox 245 296 349 382; x_wconf 60' lang='lat' dir='ltr'>s93</span> 
     </span>
    </p>
   </div>
   <div class='ocr_carea' id='block_1_2' title="bbox 979 272 2825 392">
    <p class='ocr_par' dir='ltr' id='par_1_2' title="bbox 979 272 2825 392">
     <span class='ocr_line' id='line_1_2' title="bbox 979 272 2825 392; baseline 0.004 -14"><span class='ocrx_word' id='word_1_2' title='bbox 979 299 1360 380; x_wconf 64' lang='lat' dir='ltr'>nitrosum</span> <span class='ocrx_word' id='word_1_3' title='bbox 1398 304 1478 379; x_wconf 77' lang='lat' dir='ltr'>1‘N</span> <span class='ocrx_word' id='word_1_4' title='bbox 1515 298 1960 379; x_wconf 57' lang='lat' dir='ltr'>simsum.</span> <span class='ocrx_word' id='word_1_5' title='bbox 2002 349 2068 360; x_wconf 90' lang='grc'><strong><em>-</em></strong></span> <span class='ocrx_word' id='word_1_6' title='bbox 2106 309 2247 377; x_wconf 78' lang='lat' dir='ltr'>LIB.</span> <span class='ocrx_word' id='word_1_7' title='bbox 2288 314 2411 392; x_wconf 75' lang='lat' dir='ltr'>vii,</span> <span class='ocrx_word' id='word_1_8' title='bbox 2453 324 2610 383; x_wconf 81' lang='lat' dir='ltr'>CAP.</span> <span class='ocrx_word' id='word_1_9' title='bbox 2652 272 2825 387; x_wconf 31' lang='lat' dir='ltr'>xm.‘</span> 
     </span>
    </p>
   </div>
   <div class='ocr_carea' id='block_1_3' title="bbox 3402 326 3513 398">
    <p class='ocr_par' dir='ltr' id='par_1_3' title="bbox 3402 326 3513 398">
     <span class='ocr_line' id='line_1_3' title="bbox 3402 326 3513 398; baseline -0.009 0"><span class='ocrx_word' id='word_1_10' title='bbox 3402 326 3513 398; x_wconf 59' lang='lat' dir='ltr'>ei</span> 
     </span>
    </p>
   </div>
   <div class='ocr_carea' id='block_1_4' title="bbox 243 426 3512 531">
    <p class='ocr_par' dir='ltr' id='par_1_4' title="bbox 243 426 3512 531">
     <span class='ocr_line' id='line_1_4' title="bbox 243 426 3512 531; baseline 0.005 -29"><span class='ocrx_word' id='word_1_11' title='bbox 243 426 349 504; x_wconf 68' lang='lat' dir='ltr'>Sed</span> <span class='ocrx_word' id='word_1_12' title='bbox 379 436 649 503; x_wconf 68' lang='lat' dir='ltr'>inimicus</span> <span class='ocrx_word' id='word_1_13' title='bbox 677 448 853 513; x_wconf 84' lang='lat' dir='ltr'>homo,</span> <span class='ocrx_word' id='word_1_14' title='bbox 879 440 938 501; x_wconf 98' lang='lat' dir='ltr'>id</span> <span class='ocrx_word' id='word_1_15' title='bbox 967 452 1055 501; x_wconf 84' lang='lat' dir='ltr'>est</span> <span class='ocrx_word' id='word_1_16' title='bbox 1077 440 1349 513; x_wconf 85' lang='lat' dir='ltr'>diabolus,</span> <span class='ocrx_word' id='word_1_17' title='bbox 1382 443 2052 517; x_wconf 77' lang='lat' dir='ltr'>superseminavitAlicet</span> <span class='ocrx_word' id='word_1_18' title='bbox 2074 446 2314 500; x_wconf 87' lang='lat' dir='ltr'>seminet</span> <span class='ocrx_word' id='word_1_19' title='bbox 2342 449 2466 519; x_wconf 85' lang='lat' dir='ltr'>quis</span> <span class='ocrx_word' id='word_1_20' title='bbox 2494 442 2739 507; x_wconf 83' lang='lat' dir='ltr'>verbum‘</span> <span class='ocrx_word' id='word_1_21' title='bbox 2752 453 3183 526; x_wconf 82' lang='lat' dir='ltr'>praedicationis,</span> <span class='ocrx_word' id='word_1_22' title='bbox 3200 450 3321 531; x_wconf 79' lang='lat' dir='ltr'>ipse</span> <span class='ocrx_word' id='word_1_23' title='bbox 3344 455 3512 518; x_wconf 85' lang='lat' dir='ltr'>Chri-</span> 
     </span>
    </p>
   </div>
   <div class='ocr_carea' id='block_1_5' title="bbox 240 531 1839 608">
    <p class='ocr_par' dir='ltr' id='par_1_5' title="bbox 240 531 1839 608">
     <span class='ocr_line' id='line_1_5' title="bbox 240 531 1839 608; baseline -0.001 -19"><span class='ocrx_word' id='word_1_24' title='bbox 240 539 467 591; x_wconf 75' lang='lat' dir='ltr'>zizania</span> <span class='ocrx_word' id='word_1_25' title='bbox 494 536 712 608; x_wconf 80' lang='lat' dir='ltr'>(Matth.</span> <span class='ocrx_word' id='word_1_26' title='bbox 745 532 865 603; x_wconf 71' lang='lat' dir='ltr'>xn‘i,</span> <span class='ocrx_word' id='word_1_27' title='bbox 899 534 988 601; x_wconf 80' lang='lat'>25)</span> <span class='ocrx_word' id='word_1_28' title='bbox 1022 535 1081 589; x_wconf 91' lang='lat' dir='ltr'>in</span> <span class='ocrx_word' id='word_1_29' title='bbox 1123 531 1309 589; x_wconf 91' lang='lat' dir='ltr'>medio</span> <span class='ocrx_word' id='word_1_30' title='bbox 1344 534 1535 592; x_wconf 80' lang='lat' dir='ltr'>tritici.</span> <span class='ocrx_word' id='word_1_31' title='bbox 1585 532 1839 588; x_wconf 89' lang='lat' dir='ltr'>Primum</span> 
     </span>
    </p>
   </div>
   <div class='ocr_carea' id='block_1_6' title="bbox 239 621 1840 695">
    <p class='ocr_par' dir='ltr' id='par_1_6' title="bbox 239 621 1840 695">
     <span class='ocr_line' id='line_1_6' title="bbox 239 621 1840 695; baseline -0.003 -16"><span class='ocrx_word' id='word_1_32' title='bbox 239 622 294 679; x_wconf 90' lang='lat' dir='ltr'>in</span> <span class='ocrx_word' id='word_1_33' title='bbox 323 624 508 679; x_wconf 75' lang='lat' dir='ltr'>Adam</span> <span class='ocrx_word' id='word_1_34' title='bbox 531 624 669 679; x_wconf 88' lang='lat' dir='ltr'>dum</span> <span class='ocrx_word' id='word_1_35' title='bbox 699 630 846 680; x_wconf 87' lang='lat' dir='ltr'>esset</span> <span class='ocrx_word' id='word_1_36' title='bbox 868 624 928 679; x_wconf 90' lang='lat' dir='ltr'>in</span> <span class='ocrx_word' id='word_1_37' title='bbox 946 621 1227 695; x_wconf 77' lang='lat' dir='ltr'>paradiso,</span> <span class='ocrx_word' id='word_1_38' title='bbox 1249 622 1450 677; x_wconf 88' lang='lat' dir='ltr'>deinde</span> <span class='ocrx_word' id='word_1_39' title='bbox 1478 622 1537 675; x_wconf 91' lang='lat' dir='ltr'>in</span> <span class='ocrx_word' id='word_1_40' title='bbox 1566 621 1704 677; x_wconf 86' lang='lat' dir='ltr'>Cain</span> <span class='ocrx_word' id='word_1_41' title='bbox 1718 623 1840 691; x_wconf 85' lang='lat' dir='ltr'>jam</span> 
     </span>
    </p>
   </div>
   <div class='ocr_carea' id='block_1_7' title="bbox 238 707 1839 787">
    <p class='ocr_par' dir='ltr' id='par_1_7' title="bbox 238 707 1839 787">
     <span class='ocr_line' id='line_1_7' title="bbox 238 707 1839 787; baseline -0.003 -20"><span class='ocrx_word' id='word_1_42' title='bbox 238 713 293 767; x_wconf 82' lang='lat' dir='ltr'>in</span> <span class='ocrx_word' id='word_1_43' title='bbox 305 712 539 767; x_wconf 76' lang='lat' dir='ltr'>mundo.</span> <span class='ocrx_word' id='word_1_44' title='bbox 556 714 625 767; x_wconf 88' lang='lat' dir='ltr'>Et</span> <span class='ocrx_word' id='word_1_45' title='bbox 647 713 726 767; x_wconf 89' lang='lat' dir='ltr'>sic</span> <span class='ocrx_word' id='word_1_46' title='bbox 747 726 847 787; x_wconf 87' lang='lat' dir='ltr'>per</span> <span class='ocrx_word' id='word_1_47' title='bbox 865 729 1030 767; x_wconf 91' lang='lat' dir='ltr'>omne</span> <span class='ocrx_word' id='word_1_48' title='bbox 1051 720 1230 783; x_wconf 75' lang='lat' dir='ltr'>genas</span> <span class='ocrx_word' id='word_1_49' title='bbox 1246 711 1394 782; x_wconf 91' lang='lat' dir='ltr'>quod</span> <span class='ocrx_word' id='word_1_50' title='bbox 1410 707 1839 764; x_wconf 84' lang='lat' dir='ltr'>disseminatum</span> 
     </span>
    </p>
   </div>
   <div class='ocr_carea' id='block_1_8' title="bbox 239 792 1839 873">
    <p class='ocr_par' dir='ltr' id='par_1_8' title="bbox 239 792 1839 873">
     <span class='ocr_line' id='line_1_8' title="bbox 239 792 1839 873; baseline -0.003 -18"><span class='ocrx_word' id='word_1_51' title='bbox 239 806 323 855; x_wconf 88' lang='lat' dir='ltr'>est</span> <span class='ocrx_word' id='word_1_52' title='bbox 343 801 415 855; x_wconf 88' lang='lat' dir='ltr'>ab</span> <span class='ocrx_word' id='word_1_53' title='bbox 443 805 557 856; x_wconf 81' lang='lat' dir='ltr'>uno</span> <span class='ocrx_word' id='word_1_54' title='bbox 584 806 761 873; x_wconf 85' lang='lat' dir='ltr'>usque</span> <span class='ocrx_word' id='word_1_55' title='bbox 785 792 856 856; x_wconf 85' lang='lat' dir='ltr'>ad</span> <span class='ocrx_word' id='word_1_56' title='bbox 886 800 1056 855; x_wconf 83' lang='lat' dir='ltr'>ﬁnem</span> <span class='ocrx_word' id='word_1_57' title='bbox 1083 800 1290 855; x_wconf 66' lang='lat' dir='ltr'>saeculi.</span> <span class='ocrx_word' id='word_1_58' title='bbox 1326 800 1396 853; x_wconf 91' lang='lat' dir='ltr'>Et</span> <span class='ocrx_word' id='word_1_59' title='bbox 1421 815 1493 853; x_wconf 91' lang='lat' dir='ltr'>ne</span> <span class='ocrx_word' id='word_1_60' title='bbox 1520 797 1579 852; x_wconf 90' lang='lat' dir='ltr'>in</span> <span class='ocrx_word' id='word_1_61' title='bbox 1609 799 1839 867; x_wconf 88' lang='lat' dir='ltr'>longum</span> 
     </span>
    </p>
   </div>
   <div class='ocr_carea' id='block_1_9' title="bbox 237 882 1840 962">
    <p class='ocr_par' dir='ltr' id='par_1_9' title="bbox 237 882 1840 962">
     <span class='ocr_line' id='line_1_9' title="bbox 237 882 1840 962; baseline -0.002 -19"><span class='ocrx_word' id='word_1_62' title='bbox 237 890 566 959; x_wconf 87' lang='lat' dir='ltr'>protraham</span> <span class='ocrx_word' id='word_1_63' title='bbox 587 882 911 954; x_wconf 86' lang='lat' dir='ltr'>tractatum,</span> <span class='ocrx_word' id='word_1_64' title='bbox 926 906 1150 962; x_wconf 86' lang='lat' dir='ltr'>semper</span> <span class='ocrx_word' id='word_1_65' title='bbox 1166 888 1326 943; x_wconf 87' lang='lat' dir='ltr'>bonis</span> <span class='ocrx_word' id='word_1_66' title='bbox 1347 888 1415 941; x_wconf 90' lang='lat' dir='ltr'>ab</span> <span class='ocrx_word' id='word_1_67' title='bbox 1432 887 1594 941; x_wconf 91' lang='lat' dir='ltr'>initio</span> <span class='ocrx_word' id='word_1_68' title='bbox 1614 885 1840 941; x_wconf 87' lang='lat' dir='ltr'>miscuit</span> 
     </span>
    </p>
   </div>
   <div class='ocr_carea' id='block_1_10' title="bbox 237 968 1837 1047">
    <p class='ocr_par' dir='ltr' id='par_1_10' title="bbox 237 968 1837 1047">
     <span class='ocr_line' id='line_1_10' title="bbox 237 968 1837 1047; baseline -0.002 -17"><span class='ocrx_word' id='word_1_69' title='bbox 237 968 408 1043; x_wconf 84' lang='lat' dir='ltr'>mala,</span> <span class='ocrx_word' id='word_1_70' title='bbox 438 974 743 1031; x_wconf 84' lang='lat' dir='ltr'>virtutibus</span> <span class='ocrx_word' id='word_1_71' title='bbox 788 976 940 1031; x_wconf 87' lang='lat' dir='ltr'>vitia.</span> <span class='ocrx_word' id='word_1_72' title='bbox 983 977 1219 1031; x_wconf 82' lang='lat' dir='ltr'>Constat</span> <span class='ocrx_word' id='word_1_73' title='bbox 1249 976 1423 1046; x_wconf 84' lang='lat' dir='ltr'>igitur</span> <span class='ocrx_word' id='word_1_74' title='bbox 1460 974 1609 1047; x_wconf 89' lang='lat' dir='ltr'>quod</span> <span class='ocrx_word' id='word_1_75' title='bbox 1637 991 1702 1028; x_wconf 85' lang='lat' dir='ltr'>ex</span> <span class='ocrx_word' id='word_1_76' title='bbox 1726 990 1837 1027; x_wconf 90' lang='lat' dir='ltr'>uno</span> 
     </span>
    </p>
   </div>
   <div class='ocr_carea' id='block_1_11' title="bbox 236 1054 1838 1136">
    <p class='ocr_par' dir='ltr' id='par_1_11' title="bbox 236 1054 1838 1136">
     <span class='ocr_line' id='line_1_11' title="bbox 236 1054 1838 1136; baseline -0.001 -18"><span class='ocrx_word' id='word_1_77' title='bbox 236 1054 469 1119; x_wconf 78' lang='lat' dir='ltr'>homine</span> <span class='ocrx_word' id='word_1_78' title='bbox 480 1058 631 1120; x_wconf 83' lang='lat' dir='ltr'>Deus</span> <span class='ocrx_word' id='word_1_79' title='bbox 642 1080 866 1120; x_wconf 91' lang='lat' dir='ltr'>omnem</span> <span class='ocrx_word' id='word_1_80' title='bbox 879 1064 1113 1136; x_wconf 83' lang='lat' dir='ltr'>replevit</span> <span class='ocrx_word' id='word_1_81' title='bbox 1124 1064 1417 1131; x_wconf 84' lang='lat' dir='ltr'>terram,et</span> <span class='ocrx_word' id='word_1_82' title='bbox 1426 1063 1641 1118; x_wconf 86' lang='lat' dir='ltr'>semine</span> <span class='ocrx_word' id='word_1_83' title='bbox 1651 1079 1716 1117; x_wconf 84' lang='lat' dir='ltr'>ex</span> <span class='ocrx_word' id='word_1_84' title='bbox 1726 1079 1838 1117; x_wconf 89' lang='lat' dir='ltr'>uno</span> 
     </span>
    </p>
   </div>
   <div class='ocr_carea' id='block_1_12' title="bbox 235 1146 1834 1224">
    <p class='ocr_par' dir='ltr' id='par_1_12' title="bbox 235 1146 1834 1224">
     <span class='ocr_line' id='line_1_12' title="bbox 235 1146 1834 1224; baseline -0.002 -17"><span class='ocrx_word' id='word_1_85' title='bbox 235 1153 361 1224; x_wconf 81' lang='lat' dir='ltr'>pius</span> <span class='ocrx_word' id='word_1_86' title='bbox 378 1146 690 1208; x_wconf 75' lang='lat' dir='ltr'>seminator</span> <span class='ocrx_word' id='word_1_87' title='bbox 702 1148 883 1208; x_wconf 77' lang='lat' dir='ltr'>toturri</span> <span class='ocrx_word' id='word_1_88' title='bbox 894 1166 1072 1224; x_wconf 88' lang='lat' dir='ltr'>genus</span> <span class='ocrx_word' id='word_1_89' title='bbox 1088 1154 1397 1207; x_wconf 87' lang='lat' dir='ltr'>humanum</span> <span class='ocrx_word' id='word_1_90' title='bbox 1414 1157 1633 1207; x_wconf 84' lang='lat' dir='ltr'>tantam</span> <span class='ocrx_word' id='word_1_91' title='bbox 1650 1150 1834 1205; x_wconf 88' lang='lat' dir='ltr'>multi-</span> 
     </span>
    </p>
   </div>
   <div class='ocr_carea' id='block_1_13' title="bbox 1922 536 3513 621">
    <p class='ocr_par' dir='ltr' id='par_1_13' title="bbox 1922 536 3513 621">
     <span class='ocr_line' id='line_1_13' title="bbox 1922 536 3513 621; baseline 0.014 -36"><span class='ocrx_word' id='word_1_92' title='bbox 1922 537 2040 586; x_wconf 90' lang='lat' dir='ltr'>stus</span> <span class='ocrx_word' id='word_1_93' title='bbox 2085 539 2174 587; x_wconf 89' lang='lat' dir='ltr'>est</span> <span class='ocrx_word' id='word_1_94' title='bbox 2201 536 2297 605; x_wconf 88' lang='lat' dir='ltr'>qui</span> <span class='ocrx_word' id='word_1_95' title='bbox 2342 538 2602 606; x_wconf 84' lang='lat' dir='ltr'>seminat,</span> <span class='ocrx_word' id='word_1_96' title='bbox 2635 538 2768 611; x_wconf 88' lang='lat' dir='ltr'>quia</span> <span class='ocrx_word' id='word_1_97' title='bbox 2803 544 2938 621; x_wconf 84' lang='lat' dir='ltr'>exiit</span> <span class='ocrx_word' id='word_1_98' title='bbox 2966 546 3245 603; x_wconf 86' lang='lat' dir='ltr'>seminare</span> <span class='ocrx_word' id='word_1_99' title='bbox 3272 549 3412 621; x_wconf 83' lang='lat' dir='ltr'>ipse,</span> <span class='ocrx_word' id='word_1_100' title='bbox 3453 540 3513 607; x_wconf 72' lang='lat' dir='ltr'>et</span> 
     </span>
    </p>
   </div>
   <div class='ocr_carea' id='block_1_14' title="bbox 1922 620 3174 691">
    <p class='ocr_par' dir='ltr' id='par_1_14' title="bbox 1922 620 3174 691">
     <span class='ocr_line' id='line_1_14' title="bbox 1922 620 3174 691; baseline 0.013 -18"><span class='ocrx_word' id='word_1_101' title='bbox 1922 622 2071 691; x_wconf 90' lang='lat' dir='ltr'>quod</span> <span class='ocrx_word' id='word_1_102' title='bbox 2098 623 2410 679; x_wconf 80' lang='lat' dir='ltr'>seminatur</span> <span class='ocrx_word' id='word_1_103' title='bbox 2432 626 2491 680; x_wconf 92' lang='lat' dir='ltr'>in</span> <span class='ocrx_word' id='word_1_104' title='bbox 2520 629 2778 684; x_wconf 87' lang='lat' dir='ltr'>cordibus</span> <span class='ocrx_word' id='word_1_105' title='bbox 2807 620 3174 689; x_wconf 78' lang='lat' dir='ltr'>credentium.</span> 
     </span>
    </p>
   </div>
   <div class='ocr_carea' id='block_1_15' title="bbox 1991 708 3511 794">
    <p class='ocr_par' dir='ltr' id='par_1_15' title="bbox 1991 708 3511 794">
     <span class='ocr_line' id='line_1_15' title="bbox 1991 708 3511 794; baseline 0.014 -33"><span class='ocrx_word' id='word_1_106' title='bbox 1991 708 2129 763; x_wconf 83' lang='lat' dir='ltr'>Cum</span> <span class='ocrx_word' id='word_1_107' title='bbox 2182 718 2387 777; x_wconf 86' lang='lat' dir='ltr'>autem,</span> <span class='ocrx_word' id='word_1_108' title='bbox 2435 713 2637 786; x_wconf 86' lang='lat' dir='ltr'>inquit.</span> <span class='ocrx_word' id='word_1_109' title='bbox 2681 722 2927 773; x_wconf 76' lang='lat' dir='ltr'>crevisset</span> <span class='ocrx_word' id='word_1_110' title='bbox 2980 722 3165 790; x_wconf 84' lang='lat' dir='ltr'>herba,</span> <span class='ocrx_word' id='word_1_111' title='bbox 3216 731 3266 779; x_wconf 82' lang='lat' dir='ltr'>et</span> <span class='ocrx_word' id='word_1_112' title='bbox 3301 727 3511 794; x_wconf 70' lang='lat' dir='ltr'>fecisset</span> 
     </span>
    </p>
   </div>
   <div class='ocr_carea' id='block_1_16' title="bbox 1918 800 3514 881">
    <p class='ocr_par' dir='ltr' id='par_1_16' title="bbox 1918 800 3514 881">
     <span class='ocr_line' id='line_1_16' title="bbox 1918 800 3514 881; baseline 0.013 -32"><span class='ocrx_word' id='word_1_113' title='bbox 1918 800 2111 865; x_wconf 83' lang='lat' dir='ltr'>spicas.</span> <span class='ocrx_word' id='word_1_114' title='bbox 2138 804 2271 854; x_wconf 85' lang='lat' dir='ltr'>tunc</span> <span class='ocrx_word' id='word_1_115' title='bbox 2297 810 2684 869; x_wconf 82' lang='lat' dir='ltr'>apparuerunt</span> <span class='ocrx_word' id='word_1_116' title='bbox 2695 809 2940 862; x_wconf 78' lang='lat' dir='ltr'>zizania.</span> <span class='ocrx_word' id='word_1_117' title='bbox 2966 808 3112 872; x_wconf 85' lang='lat' dir='ltr'>Quia</span> <span class='ocrx_word' id='word_1_118' title='bbox 3131 814 3279 881; x_wconf 90' lang='lat' dir='ltr'>quod</span> <span class='ocrx_word' id='word_1_119' title='bbox 3299 814 3514 870; x_wconf 78' lang='lat' dir='ltr'>latebat</span> 
     </span>
    </p>
   </div>
   <div class='ocr_carea' id='block_1_17' title="bbox 1920 883 3513 967">
    <p class='ocr_par' dir='ltr' id='par_1_17' title="bbox 1920 883 3513 967">
     <span class='ocr_line' id='line_1_17' title="bbox 1920 883 3513 967; baseline 0.013 -31"><span class='ocrx_word' id='word_1_120' title='bbox 1920 883 1979 937; x_wconf 89' lang='lat' dir='ltr'>in</span> <span class='ocrx_word' id='word_1_121' title='bbox 2008 883 2183 939; x_wconf 84' lang='lat' dir='ltr'>herba</span> <span class='ocrx_word' id='word_1_122' title='bbox 2225 888 2617 944; x_wconf 84' lang='lat' dir='ltr'>manifestatur</span> <span class='ocrx_word' id='word_1_123' title='bbox 2642 892 2701 945; x_wconf 91' lang='lat' dir='ltr'>in</span> <span class='ocrx_word' id='word_1_124' title='bbox 2731 892 2900 964; x_wconf 81' lang='lat' dir='ltr'>spica.</span> <span class='ocrx_word' id='word_1_125' title='bbox 2935 886 2993 949; x_wconf 88' lang='lat' dir='ltr'>et</span> <span class='ocrx_word' id='word_1_126' title='bbox 3022 896 3169 967; x_wconf 91' lang='lat' dir='ltr'>quod</span> <span class='ocrx_word' id='word_1_127' title='bbox 3207 900 3424 955; x_wconf 84' lang='lat' dir='ltr'>celatur</span> <span class='ocrx_word' id='word_1_128' title='bbox 3452 903 3513 957; x_wconf 88' lang='lat' dir='ltr'>in</span> 
     </span>
    </p>
   </div>
   <div class='ocr_carea' id='block_1_18' title="bbox 1918 973 3512 1056">
    <p class='ocr_par' dir='ltr' id='par_1_18' title="bbox 1918 973 3512 1056">
     <span class='ocr_line' id='line_1_18' title="bbox 1918 973 3512 1056; baseline 0.012 -31"><span class='ocrx_word' id='word_1_129' title='bbox 1918 973 2186 1042; x_wconf 82' lang='lat' dir='ltr'>germine,</span> <span class='ocrx_word' id='word_1_130' title='bbox 2220 975 2470 1046; x_wconf 88' lang='lat' dir='ltr'>aperitur</span> <span class='ocrx_word' id='word_1_131' title='bbox 2496 979 2556 1032; x_wconf 91' lang='lat' dir='ltr'>in</span> <span class='ocrx_word' id='word_1_132' title='bbox 2584 979 2788 1035; x_wconf 89' lang='lat' dir='ltr'>fructu.</span> <span class='ocrx_word' id='word_1_133' title='bbox 2813 980 2954 1036; x_wconf 84' lang='lat' dir='ltr'>Hinc</span> <span class='ocrx_word' id='word_1_134' title='bbox 2983 1000 3203 1056; x_wconf 91' lang='lat' dir='ltr'>quoque</span> <span class='ocrx_word' id='word_1_135' title='bbox 3237 987 3512 1045; x_wconf 84' lang='lat' dir='ltr'>Dominus</span> 
     </span>
    </p>
   </div>
   <div class='ocr_carea' id='block_1_19' title="bbox 1921 1061 3508 1146">
    <p class='ocr_par' dir='ltr' id='par_1_19' title="bbox 1921 1061 3508 1146">
     <span class='ocr_line' id='line_1_19' title="bbox 1921 1061 3508 1146; baseline 0.013 -33"><span class='ocrx_word' id='word_1_136' title='bbox 1921 1061 2000 1115; x_wconf 88' lang='lat' dir='ltr'>ait</span> <span class='ocrx_word' id='word_1_137' title='bbox 2032 1081 2043 1115; x_wconf 85' lang='lat'><strong>:</strong></span> <span class='ocrx_word' id='word_1_138' title='bbox 2077 1064 2117 1116; x_wconf 84' lang='lat' dir='ltr'><strong><em>A</em></strong></span> <span class='ocrx_word' id='word_1_139' title='bbox 2150 1066 2424 1130; x_wconf 81' lang='lat' dir='ltr'>fructibus</span> <span class='ocrx_word' id='word_1_140' title='bbox 2475 1082 2665 1121; x_wconf 83' lang='lat' dir='ltr'>eorum</span> <span class='ocrx_word' id='word_1_141' title='bbox 2694 1076 3015 1135; x_wconf 75' lang='lat' dir='ltr'>cognoscetis</span> <span class='ocrx_word' id='word_1_142' title='bbox 3045 1089 3127 1126; x_wconf 78' lang='lat' dir='ltr'>eos</span> <span class='ocrx_word' id='word_1_143' title='bbox 3157 1075 3377 1140; x_wconf 82' lang='lat' dir='ltr'>(Matth.</span> <span class='ocrx_word' id='word_1_144' title='bbox 3409 1085 3508 1146; x_wconf 78' lang='lat' dir='ltr'>vu,</span> 
     </span>
    </p>
   </div>
   <div class='ocr_carea' id='block_1_20' title="bbox 1927 1147 3512 1221">
    <p class='ocr_par' dir='ltr' id='par_1_20' title="bbox 1927 1147 3512 1221">
     <span class='ocr_line' id='line_1_20' title="bbox 1927 1147 3512 1221; baseline 0.01 -17"><span class='ocrx_word' id='word_1_145' title='bbox 1927 1147 2035 1217; x_wconf 82' lang='lat'>16);</span> <span class='ocrx_word' id='word_1_146' title='bbox 2069 1152 2334 1221; x_wconf 89' lang='lat' dir='ltr'>quoniam</span> <span class='ocrx_word' id='word_1_147' title='bbox 2374 1153 2433 1206; x_wconf 90' lang='lat' dir='ltr'>in</span> <span class='ocrx_word' id='word_1_148' title='bbox 2472 1154 2718 1209; x_wconf 88' lang='lat' dir='ltr'>Ecclesia</span> <span class='ocrx_word' id='word_1_149' title='bbox 2741 1148 2949 1213; x_wconf 81' lang='lat' dir='ltr'>Christi</span> <span class='ocrx_word' id='word_1_150' title='bbox 2978 1161 3140 1214; x_wconf 87' lang='lat' dir='ltr'>multi</span> <span class='ocrx_word' id='word_1_151' title='bbox 3169 1158 3336 1218; x_wconf 72' lang='lat' dir='ltr'>flores</span> <span class='ocrx_word' id='word_1_152' title='bbox 3363 1167 3512 1220; x_wconf 85' lang='lat' dir='ltr'>mul-</span> 
     </span>
    </p>
   </div>
   <div class='ocr_carea' id='block_1_21' title="bbox 233 1234 3512 1314">
    <p class='ocr_par' dir='ltr' id='par_1_21' title="bbox 233 1234 3512 1314">
     <span class='ocr_line' id='line_1_21' title="bbox 233 1234 3512 1314; baseline 0.005 -20"><span class='ocrx_word' id='word_1_153' title='bbox 233 1236 531 1312; x_wconf 80' lang='lat' dir='ltr'>plicavitin</span> <span class='ocrx_word' id='word_1_154' title='bbox 546 1234 1192 1298; x_wconf 61' lang='lat' dir='ltr'>messemﬁedinimicus</span> <span class='ocrx_word' id='word_1_155' title='bbox 1207 1240 1497 1311; x_wconf 89' lang='lat' dir='ltr'>homo,qui</span> <span class='ocrx_word' id='word_1_156' title='bbox 1510 1239 1635 1293; x_wconf 88' lang='lat' dir='ltr'>ideo</span> <span class='ocrx_word' id='word_1_157' title='bbox 1650 1238 1834 1292; x_wconf 89' lang='lat' dir='ltr'>inimi—</span> <span class='ocrx_word' id='word_1_158' title='bbox 1913 1238 2214 1293; x_wconf 89' lang='lat' dir='ltr'>titudinem</span> <span class='ocrx_word' id='word_1_159' title='bbox 2244 1242 2526 1297; x_wconf 88' lang='lat' dir='ltr'>fructuum</span> <span class='ocrx_word' id='word_1_160' title='bbox 2555 1244 2909 1314; x_wconf 88' lang='lat' dir='ltr'>pollicentur.</span> <span class='ocrx_word' id='word_1_161' title='bbox 2927 1248 3035 1302; x_wconf 88' lang='lat' dir='ltr'>Sed</span> <span class='ocrx_word' id='word_1_162' title='bbox 3055 1254 3179 1304; x_wconf 85' lang='lat' dir='ltr'>orta</span> <span class='ocrx_word' id='word_1_163' title='bbox 3200 1242 3512 1310; x_wconf 69' lang='lat' dir='ltr'>tentatic‘me</span> 
     </span>
    </p>
   </div>
   <div class='ocr_carea' id='block_1_22' title="bbox 234 1316 3513 1402">
    <p class='ocr_par' dir='ltr' id='par_1_22' title="bbox 234 1316 3513 1402">
     <span class='ocr_line' id='line_1_22' title="bbox 234 1316 3513 1402; baseline 0.004 -19"><span class='ocrx_word' id='word_1_164' title='bbox 234 1346 330 1383; x_wconf 91' lang='lat' dir='ltr'>cus</span> <span class='ocrx_word' id='word_1_165' title='bbox 351 1326 691 1400; x_wconf 81' lang='lat' dir='ltr'>appellatur,</span> <span class='ocrx_word' id='word_1_166' title='bbox 715 1324 849 1399; x_wconf 81' lang='lat' dir='ltr'>quia</span> <span class='ocrx_word' id='word_1_167' title='bbox 869 1324 1017 1383; x_wconf 89' lang='lat' dir='ltr'>Deus</span> <span class='ocrx_word' id='word_1_168' title='bbox 1033 1325 1153 1383; x_wconf 82' lang='lat' dir='ltr'>esse</span> <span class='ocrx_word' id='word_1_169' title='bbox 1179 1316 1404 1394; x_wconf 82' lang='lat' dir='ltr'>desinit,</span> <span class='ocrx_word' id='word_1_170' title='bbox 1430 1328 1579 1399; x_wconf 88' lang='lat' dir='ltr'>quod</span> <span class='ocrx_word' id='word_1_171' title='bbox 1598 1343 1720 1381; x_wconf 91' lang='lat' dir='ltr'>esse</span> <span class='ocrx_word' id='word_1_172' title='bbox 1736 1344 1832 1380; x_wconf 79' lang='grc' dir='ltr'>νο·</span> <span class='ocrx_word' id='word_1_173' title='bbox 1916 1327 1986 1380; x_wconf 88' lang='lat' dir='ltr'>ad</span> <span class='ocrx_word' id='word_1_174' title='bbox 2015 1326 2255 1383; x_wconf 89' lang='lat' dir='ltr'>fructum</span> <span class='ocrx_word' id='word_1_175' title='bbox 2290 1329 2420 1383; x_wconf 90' lang='lat' dir='ltr'>boni</span> <span class='ocrx_word' id='word_1_176' title='bbox 2452 1333 2636 1401; x_wconf 87' lang='lat' dir='ltr'>cperis</span> <span class='ocrx_word' id='word_1_177' title='bbox 2666 1333 2995 1402; x_wconf 89' lang='lat' dir='ltr'>paucissimi</span> <span class='ocrx_word' id='word_1_178' title='bbox 3025 1348 3337 1393; x_wconf 88' lang='lat' dir='ltr'>remanent.</span> <span class='ocrx_word' id='word_1_179' title='bbox 3370 1332 3513 1398; x_wconf 80' lang='lat' dir='ltr'>Hinc</span> 
     </span>
    </p>
   </div>
   <div class='ocr_carea' id='block_1_23' title="bbox 230 1412 3509 1499">
    <p class='ocr_par' dir='ltr' id='par_1_23' title="bbox 230 1412 3509 1499">
     <span class='ocr_line' id='line_1_23' title="bbox 230 1412 3509 1499; baseline 0.004 -28"><span class='ocrx_word' id='word_1_180' title='bbox 230 1418 485 1484; x_wconf 87' lang='lat' dir='ltr'>luit,sem</span> <span class='ocrx_word' id='word_1_181' title='bbox 493 1412 592 1489; x_wconf 85' lang='lat' dir='ltr'>per</span> <span class='ocrx_word' id='word_1_182' title='bbox 608 1419 802 1471; x_wconf 75' lang='lat' dir='ltr'>vitalia</span> <span class='ocrx_word' id='word_1_183' title='bbox 818 1423 1009 1472; x_wconf 85' lang='lat' dir='ltr'>nostra</span> <span class='ocrx_word' id='word_1_184' title='bbox 1020 1416 1187 1471; x_wconf 85' lang='lat' dir='ltr'>vertit</span> <span class='ocrx_word' id='word_1_185' title='bbox 1206 1418 1279 1471; x_wconf 90' lang='lat' dir='ltr'>ad</span> <span class='ocrx_word' id='word_1_186' title='bbox 1298 1418 1603 1481; x_wconf 88' lang='lat' dir='ltr'>ruinam,et</span> <span class='ocrx_word' id='word_1_187' title='bbox 1618 1421 1833 1469; x_wconf 88' lang='lat' dir='ltr'>creatu-</span> <span class='ocrx_word' id='word_1_188' title='bbox 1915 1420 2003 1469; x_wconf 88' lang='lat' dir='ltr'>est</span> <span class='ocrx_word' id='word_1_189' title='bbox 2030 1416 2177 1486; x_wconf 89' lang='lat' dir='ltr'>quod</span> <span class='ocrx_word' id='word_1_190' title='bbox 2206 1417 2337 1471; x_wconf 87' lang='lat' dir='ltr'>boni</span> <span class='ocrx_word' id='word_1_191' title='bbox 2359 1434 2635 1474; x_wconf 89' lang='lat' dir='ltr'>messores</span> <span class='ocrx_word' id='word_1_192' title='bbox 2654 1436 2877 1491; x_wconf 88' lang='lat' dir='ltr'>semper</span> <span class='ocrx_word' id='word_1_193' title='bbox 2892 1422 3127 1492; x_wconf 86' lang='lat' dir='ltr'>vigilant</span> <span class='ocrx_word' id='word_1_194' title='bbox 3146 1433 3203 1480; x_wconf 90' lang='lat' dir='ltr'>et</span> <span class='ocrx_word' id='word_1_195' title='bbox 3230 1434 3509 1499; x_wconf 83' lang='lat' dir='ltr'>metuunt,</span> 
     </span>
    </p>
   </div>
   <div class='ocr_carea' id='block_1_24' title="bbox 229 1503 3517 1576">
    <p class='ocr_par' dir='ltr' id='par_1_24' title="bbox 229 1503 3517 1576">
     <span class='ocr_line' id='line_1_24' title="bbox 229 1503 3517 1576; baseline 0.004 -17"><span class='ocrx_word' id='word_1_196' title='bbox 229 1521 351 1559; x_wconf 89' lang='lat' dir='ltr'>ram</span> <span class='ocrx_word' id='word_1_197' title='bbox 379 1506 452 1560; x_wconf 90' lang='lat' dir='ltr'>ad</span> <span class='ocrx_word' id='word_1_198' title='bbox 473 1503 821 1576; x_wconf 81' lang='lat' dir='ltr'>agnitionem</span> <span class='ocrx_word' id='word_1_199' title='bbox 844 1504 945 1560; x_wconf 88' lang='lat' dir='ltr'>Dei</span> <span class='ocrx_word' id='word_1_200' title='bbox 963 1510 1302 1572; x_wconf 89' lang='lat' dir='ltr'>creatam,et</span> <span class='ocrx_word' id='word_1_201' title='bbox 1320 1505 1542 1559; x_wconf 89' lang='lat' dir='ltr'>laudem</span> <span class='ocrx_word' id='word_1_202' title='bbox 1562 1503 1834 1558; x_wconf 79' lang='lat' dir='ltr'>convertit</span> <span class='ocrx_word' id='word_1_203' title='bbox 1914 1520 1986 1558; x_wconf 89' lang='lat' dir='ltr'>ne</span> <span class='ocrx_word' id='word_1_204' title='bbox 2016 1504 2158 1558; x_wconf 88' lang='lat' dir='ltr'>forte</span> <span class='ocrx_word' id='word_1_205' title='bbox 2196 1505 2307 1559; x_wconf 91' lang='lat' dir='ltr'>illis</span> <span class='ocrx_word' id='word_1_206' title='bbox 2348 1507 2773 1575; x_wconf 89' lang='lat' dir='ltr'>dormientibus,</span> <span class='ocrx_word' id='word_1_207' title='bbox 2817 1510 3069 1565; x_wconf 88' lang='lat' dir='ltr'>triticum</span> <span class='ocrx_word' id='word_1_208' title='bbox 3113 1514 3431 1571; x_wconf 79' lang='lat' dir='ltr'>sordidatur</span> <span class='ocrx_word' id='word_1_209' title='bbox 3455 1523 3517 1573; x_wconf 82' lang='lat' dir='ltr'>et</span> 
     </span>
    </p>
   </div>
   <div class='ocr_carea' id='block_1_25' title="bbox 232 1588 3516 1672">
    <p class='ocr_par' dir='ltr' id='par_1_25' title="bbox 232 1588 3516 1672">
     <span class='ocr_line' id='line_1_25' title="bbox 232 1588 3516 1672; baseline 0.004 -24"><span class='ocrx_word' id='word_1_210' title='bbox 232 1593 301 1648; x_wconf 88' lang='lat' dir='ltr'>ad</span> <span class='ocrx_word' id='word_1_211' title='bbox 323 1595 381 1647; x_wconf 89' lang='lat' dir='ltr'>in</span> <span class='ocrx_word' id='word_1_212' title='bbox 382 1596 405 1665; x_wconf 87' lang='lat' dir='ltr'><strong>j</strong></span> <span class='ocrx_word' id='word_1_213' title='bbox 415 1592 620 1648; x_wconf 88' lang='lat' dir='ltr'>uriam.</span> <span class='ocrx_word' id='word_1_214' title='bbox 638 1595 726 1650; x_wconf 88' lang='lat' dir='ltr'>Ita</span> <span class='ocrx_word' id='word_1_215' title='bbox 742 1588 802 1649; x_wconf 85' lang='lat' dir='ltr'>in</span> <span class='ocrx_word' id='word_1_216' title='bbox 825 1594 1034 1649; x_wconf 89' lang='lat' dir='ltr'>mundo</span> <span class='ocrx_word' id='word_1_217' title='bbox 1062 1600 1129 1649; x_wconf 89' lang='lat' dir='ltr'>ut</span> <span class='ocrx_word' id='word_1_218' title='bbox 1162 1594 1475 1649; x_wconf 88' lang='lat' dir='ltr'>nesciretur</span> <span class='ocrx_word' id='word_1_219' title='bbox 1500 1593 1667 1658; x_wconf 88' lang='lat' dir='ltr'>Deus,</span> <span class='ocrx_word' id='word_1_220' title='bbox 1693 1608 1832 1663; x_wconf 85' lang='lat' dir='ltr'>quo-</span> <span class='ocrx_word' id='word_1_221' title='bbox 1922 1595 2558 1650; x_wconf 86' lang='lat' dir='ltr'>commisceatursemini</span> <span class='ocrx_word' id='word_1_222' title='bbox 2568 1598 2770 1653; x_wconf 88' lang='lat' dir='ltr'>alieno.</span> <span class='ocrx_word' id='word_1_223' title='bbox 2791 1599 2934 1653; x_wconf 88' lang='lat' dir='ltr'>Hinc</span> <span class='ocrx_word' id='word_1_224' title='bbox 2946 1601 3115 1655; x_wconf 90' lang='lat' dir='ltr'>etiam</span> <span class='ocrx_word' id='word_1_225' title='bbox 3131 1604 3277 1672; x_wconf 92' lang='lat' dir='ltr'>quod</span> <span class='ocrx_word' id='word_1_226' title='bbox 3297 1604 3516 1661; x_wconf 83' lang='lat' dir='ltr'>aditum</span> 
     </span>
    </p>
   </div>
   <div class='ocr_carea' id='block_1_26' title="bbox 228 1680 3514 1755">
    <p class='ocr_par' dir='ltr' id='par_1_26' title="bbox 228 1680 3514 1755">
     <span class='ocr_line' id='line_1_26' title="bbox 228 1680 3514 1755; baseline 0.003 -17"><span class='ocrx_word' id='word_1_227' title='bbox 228 1682 388 1738; x_wconf 84' lang='lat' dir='ltr'>niam</span> <span class='ocrx_word' id='word_1_228' title='bbox 399 1699 462 1738; x_wconf 91' lang='lat' dir='ltr'>se</span> <span class='ocrx_word' id='word_1_229' title='bbox 476 1684 658 1738; x_wconf 90' lang='lat' dir='ltr'>Deum</span> <span class='ocrx_word' id='word_1_230' title='bbox 673 1680 793 1738; x_wconf 73' lang='lat' dir='ltr'>ease</span> <span class='ocrx_word' id='word_1_231' title='bbox 812 1682 1083 1738; x_wconf 91' lang='lat' dir='ltr'>mentitus</span> <span class='ocrx_word' id='word_1_232' title='bbox 1100 1687 1202 1738; x_wconf 85' lang='lat' dir='ltr'>est.</span> <span class='ocrx_word' id='word_1_233' title='bbox 1226 1680 1362 1737; x_wconf 86' lang='lat' dir='ltr'>Hinc</span> <span class='ocrx_word' id='word_1_234' title='bbox 1373 1681 1655 1753; x_wconf 83' lang='lat' dir='ltr'>sapientes</span> <span class='ocrx_word' id='word_1_235' title='bbox 1671 1695 1841 1735; x_wconf 64' lang='lat' dir='ltr'>saecu-</span> <span class='ocrx_word' id='word_1_236' title='bbox 1857 1748 1898 1755; x_wconf 86' lang='lat'><em>_</em></span> <span class='ocrx_word' id='word_1_237' title='bbox 1922 1682 2010 1736; x_wconf 87' lang='lat' dir='ltr'>sui</span> <span class='ocrx_word' id='word_1_238' title='bbox 2048 1683 2270 1737; x_wconf 92' lang='lat' dir='ltr'>Domini</span> <span class='ocrx_word' id='word_1_239' title='bbox 2301 1685 2663 1755; x_wconf 73' lang='lat' dir='ltr'>praeveniunt,</span> <span class='ocrx_word' id='word_1_240' title='bbox 2698 1703 2801 1741; x_wconf 92' lang='lat' dir='ltr'>nec</span> <span class='ocrx_word' id='word_1_241' title='bbox 2831 1688 3011 1743; x_wconf 90' lang='lat' dir='ltr'>securi</span> <span class='ocrx_word' id='word_1_242' title='bbox 3057 1695 3195 1744; x_wconf 90' lang='lat' dir='ltr'>sunt</span> <span class='ocrx_word' id='word_1_243' title='bbox 3239 1692 3309 1747; x_wconf 88' lang='lat' dir='ltr'>de</span> <span class='ocrx_word' id='word_1_244' title='bbox 3348 1693 3514 1750; x_wconf 84' lang='lat' dir='ltr'>inno-</span> 
     </span>
    </p>
   </div>
   <div class='ocr_carea' id='block_1_27' title="bbox 227 1748 3411 1842">
    <p class='ocr_par' dir='ltr' id='par_1_27' title="bbox 227 1748 3411 1842">
     <span class='ocr_line' id='line_1_27' title="bbox 227 1748 3411 1842; baseline 0.003 -16"><span class='ocrx_word' id='word_1_245' title='bbox 227 1764 416 1826; x_wconf 83' lang='lat' dir='ltr'>lifecit</span> <span class='ocrx_word' id='word_1_246' title='bbox 434 1764 1044 1842; x_wconf 74' lang='lat' dir='ltr'>stultos;speculatores</span> <span class='ocrx_word' id='word_1_247' title='bbox 1062 1772 1258 1826; x_wconf 89' lang='lat' dir='ltr'>mundi</span> <span class='ocrx_word' id='word_1_248' title='bbox 1272 1748 1831 1837; x_wconf 80' lang='lat' dir='ltr'>docuitnihilvidere;</span> <span class='ocrx_word' id='word_1_249' title='bbox 1857 1748 1904 1807; x_wconf 81' lang='grc' dir='ltr'>Β</span> <span class='ocrx_word' id='word_1_250' title='bbox 1923 1758 2121 1835; x_wconf 86' lang='lat' dir='ltr'>centia,</span> <span class='ocrx_word' id='word_1_251' title='bbox 2157 1748 2486 1837; x_wconf 78' lang='lat' dir='ltr'>auttiment</span> <span class='ocrx_word' id='word_1_252' title='bbox 2514 1748 2734 1829; x_wconf 86' lang='lat' dir='ltr'>reatum</span> <span class='ocrx_word' id='word_1_253' title='bbox 2757 1777 3043 1831; x_wconf 86' lang='lat' dir='ltr'>incurrere</span> <span class='ocrx_word' id='word_1_254' title='bbox 3070 1777 3140 1832; x_wconf 90' lang='lat' dir='ltr'>de</span> <span class='ocrx_word' id='word_1_255' title='bbox 3167 1770 3411 1838; x_wconf 80' lang='lat' dir='ltr'>silentio;</span> 
     </span>
    </p>
   </div>
   <div class='ocr_carea' id='block_1_28' title="bbox 226 1856 3507 1933">
    <p class='ocr_par' dir='ltr' id='par_1_28' title="bbox 226 1856 3507 1933">
     <span class='ocr_line' id='line_1_28' title="bbox 226 1856 3507 1933; baseline 0.003 -21"><span class='ocrx_word' id='word_1_256' title='bbox 226 1859 581 1929; x_wconf 84' lang='lat' dir='ltr'>professores</span> <span class='ocrx_word' id='word_1_257' title='bbox 605 1856 967 1915; x_wconf 73' lang='lat' dir='ltr'>scientiaruin</span> <span class='ocrx_word' id='word_1_258' title='bbox 994 1858 1127 1914; x_wconf 88' lang='lat' dir='ltr'>fecit</span> <span class='ocrx_word' id='word_1_259' title='bbox 1144 1860 1437 1933; x_wconf 88' lang='lat' dir='ltr'>scientiam</span> <span class='ocrx_word' id='word_1_260' title='bbox 1462 1875 1576 1913; x_wconf 90' lang='lat' dir='ltr'>non</span> <span class='ocrx_word' id='word_1_261' title='bbox 1608 1857 1833 1923; x_wconf 88' lang='lat' dir='ltr'>habere,</span> <span class='ocrx_word' id='word_1_262' title='bbox 1991 1860 2307 1917; x_wconf 86' lang='lat' dir='ltr'>Accedentes</span> <span class='ocrx_word' id='word_1_263' title='bbox 2320 1869 2506 1916; x_wconf 85' lang='lat' dir='ltr'>autem</span> <span class='ocrx_word' id='word_1_264' title='bbox 2517 1867 2661 1917; x_wconf 80' lang='lat' dir='ltr'>servi</span> <span class='ocrx_word' id='word_1_265' title='bbox 2676 1867 3132 1932; x_wconf 73' lang='lat' dir='ltr'>patrisfamilias,</span> <span class='ocrx_word' id='word_1_266' title='bbox 3154 1869 3420 1922; x_wconf 69' lang='lat' dir='ltr'>dixerunt</span> <span class='ocrx_word' id='word_1_267' title='bbox 3439 1872 3507 1923; x_wconf 72' lang='lat' dir='ltr'>ei.</span> 
     </span>
    </p>
   </div>
   <div class='ocr_carea' id='block_1_29' title="bbox 226 1944 3515 2025">
    <p class='ocr_par' dir='ltr' id='par_1_29' title="bbox 226 1944 3515 2025">
     <span class='ocr_line' id='line_1_29' title="bbox 226 1944 3515 2025; baseline 0.003 -24"><span class='ocrx_word' id='word_1_268' title='bbox 226 1944 601 2018; x_wconf 84' lang='lat' dir='ltr'>inquisitores</span> <span class='ocrx_word' id='word_1_269' title='bbox 611 1949 985 2018; x_wconf 75' lang='lat' dir='ltr'>rerum,ju&#39;xta</span> <span class='ocrx_word' id='word_1_270' title='bbox 997 1948 1347 2018; x_wconf 77' lang='lat' dir='ltr'>Apostolum,</span> <span class='ocrx_word' id='word_1_271' title='bbox 1362 1946 1833 2015; x_wconf 87' lang='lat' dir='ltr'>dimisitignaros.</span> <span class='ocrx_word' id='word_1_272' title='bbox 1919 1950 2206 2004; x_wconf 88' lang='lat' dir='ltr'>Accedunt</span> <span class='ocrx_word' id='word_1_273' title='bbox 2230 1950 2419 2021; x_wconf 88' lang='lat' dir='ltr'>itaque</span> <span class='ocrx_word' id='word_1_274' title='bbox 2441 1956 2631 2005; x_wconf 88' lang='lat' dir='ltr'>mente</span> <span class='ocrx_word' id='word_1_275' title='bbox 2651 1956 2708 2006; x_wconf 93' lang='lat' dir='ltr'>et</span> <span class='ocrx_word' id='word_1_276' title='bbox 2726 1968 2839 2007; x_wconf 91' lang='lat' dir='ltr'>non</span> <span class='ocrx_word' id='word_1_277' title='bbox 2867 1966 3121 2025; x_wconf 85' lang='lat' dir='ltr'>corpore,</span> <span class='ocrx_word' id='word_1_278' title='bbox 3148 1971 3252 2009; x_wconf 90' lang='lat' dir='ltr'>nec</span> <span class='ocrx_word' id='word_1_279' title='bbox 3280 1948 3515 2012; x_wconf 80' lang='lat' dir='ltr'>locosed</span> 
     </span>
    </p>
   </div>
   <div class='ocr_carea' id='block_1_30' title="bbox 231 2030 1840 2107">
    <p class='ocr_par' dir='ltr' id='par_1_30' title="bbox 231 2030 1840 2107">
     <span class='ocr_line' id='line_1_30' title="bbox 231 2030 1840 2107; baseline -0.002 -17"><span class='ocrx_word' id='word_1_280' title='bbox 231 2035 439 2107; x_wconf 89' lang='lat' dir='ltr'>Sicque</span> <span class='ocrx_word' id='word_1_281' title='bbox 457 2030 638 2090; x_wconf 87' lang='lat' dir='ltr'>totam</span> <span class='ocrx_word' id='word_1_282' title='bbox 660 2042 909 2107; x_wconf 83' lang='lat' dir='ltr'>segetem</span> <span class='ocrx_word' id='word_1_283' title='bbox 928 2040 1112 2090; x_wconf 78' lang='lat' dir='ltr'>satam</span> <span class='ocrx_word' id='word_1_284' title='bbox 1131 2037 1191 2090; x_wconf 91' lang='lat' dir='ltr'>in</span> <span class='ocrx_word' id='word_1_285' title='bbox 1213 2036 1423 2090; x_wconf 89' lang='lat' dir='ltr'>mundo</span> <span class='ocrx_word' id='word_1_286' title='bbox 1443 2035 1654 2089; x_wconf 72' lang='lat' dir='ltr'>caelesti</span> <span class='ocrx_word' id='word_1_287' title='bbox 1673 2034 1840 2089; x_wconf 87' lang='lat' dir='ltr'>semi-</span> 
     </span>
    </p>
   </div>
   <div class='ocr_carea' id='block_1_31' title="bbox 226 2123 1837 2196">
    <p class='ocr_par' dir='ltr' id='par_1_31' title="bbox 226 2123 1837 2196">
     <span class='ocr_line' id='line_1_31' title="bbox 226 2123 1837 2196; baseline -0.001 -18"><span class='ocrx_word' id='word_1_288' title='bbox 226 2126 608 2193; x_wconf 65' lang='lat' dir='ltr'>ne,lhze’retica</span> <span class='ocrx_word' id='word_1_289' title='bbox 621 2124 1009 2196; x_wconf 83' lang='lat' dir='ltr'>pravitate,vel</span> <span class='ocrx_word' id='word_1_290' title='bbox 1027 2123 1316 2179; x_wconf 87' lang='lat' dir='ltr'>fallacibus</span> <span class='ocrx_word' id='word_1_291' title='bbox 1331 2124 1628 2195; x_wconf 69' lang='lat' dir='ltr'>praestigiis</span> <span class='ocrx_word' id='word_1_292' title='bbox 1644 2139 1837 2194; x_wconf 88' lang='lat' dir='ltr'>super-</span> 
     </span>
    </p>
   </div>
   <div class='ocr_carea' id='block_1_32' title="bbox 228 2207 1836 2288">
    <p class='ocr_par' dir='ltr' id='par_1_32' title="bbox 228 2207 1836 2288">
     <span class='ocr_line' id='line_1_32' title="bbox 228 2207 1836 2288; baseline -0.001 -21"><span class='ocrx_word' id='word_1_293' title='bbox 228 2207 565 2267; x_wconf 77' lang='lat' dir='ltr'>Seminando</span> <span class='ocrx_word' id='word_1_294' title='bbox 587 2212 855 2281; x_wconf 84' lang='lat' dir='ltr'>confudit,</span> <span class='ocrx_word' id='word_1_295' title='bbox 884 2218 948 2269; x_wconf 92' lang='lat' dir='ltr'>ut</span> <span class='ocrx_word' id='word_1_296' title='bbox 966 2214 1284 2288; x_wconf 87' lang='lat' dir='ltr'>manipulos</span> <span class='ocrx_word' id='word_1_297' title='bbox 1300 2214 1419 2267; x_wconf 94' lang='lat' dir='ltr'>loro</span> <span class='ocrx_word' id='word_1_298' title='bbox 1440 2213 1570 2267; x_wconf 83' lang='lat' dir='ltr'>ﬁdei</span> <span class='ocrx_word' id='word_1_299' title='bbox 1587 2214 1644 2266; x_wconf 90' lang='lat' dir='ltr'>et</span> <span class='ocrx_word' id='word_1_300' title='bbox 1659 2212 1836 2266; x_wconf 88' lang='lat' dir='ltr'>chari-</span> 
     </span>
    </p>
   </div>
   <div class='ocr_carea' id='block_1_33' title="bbox 226 2300 1835 2371">
    <p class='ocr_par' dir='ltr' id='par_1_33' title="bbox 226 2300 1835 2371">
     <span class='ocr_line' id='line_1_33' title="bbox 226 2300 1835 2371; baseline -0.002 -16"><span class='ocrx_word' id='word_1_301' title='bbox 226 2302 364 2355; x_wconf 82' lang='lat' dir='ltr'>tatis</span> <span class='ocrx_word' id='word_1_302' title='bbox 386 2301 941 2371; x_wconf 67' lang='lat' dir='ltr'>alligatos,gehennae</span> <span class='ocrx_word' id='word_1_303' title='bbox 957 2300 1246 2356; x_wconf 86' lang='lat' dir='ltr'>fasciculos</span> <span class='ocrx_word' id='word_1_304' title='bbox 1264 2301 1493 2367; x_wconf 88' lang='lat' dir='ltr'>faceret,</span> <span class='ocrx_word' id='word_1_305' title='bbox 1516 2306 1573 2355; x_wconf 92' lang='lat' dir='ltr'>et</span> <span class='ocrx_word' id='word_1_306' title='bbox 1588 2300 1835 2371; x_wconf 87' lang='lat' dir='ltr'>igniper—</span> 
     </span>
    </p>
   </div>
   <div class='ocr_carea' id='block_1_34' title="bbox 230 2388 1881 2460">
    <p class='ocr_par' dir='ltr' id='par_1_34' title="bbox 230 2388 1881 2460">
     <span class='ocr_line' id='line_1_34' title="bbox 230 2388 1881 2460; baseline -0.001 -17"><span class='ocrx_word' id='word_1_307' title='bbox 230 2395 406 2460; x_wconf 87' lang='lat' dir='ltr'>petuo</span> <span class='ocrx_word' id='word_1_308' title='bbox 425 2389 880 2457; x_wconf 83' lang='lat' dir='ltr'>concremandos,</span> <span class='ocrx_word' id='word_1_309' title='bbox 904 2407 975 2445; x_wconf 90' lang='lat' dir='ltr'>ne</span> <span class='ocrx_word' id='word_1_310' title='bbox 1002 2390 1256 2444; x_wconf 89' lang='lat' dir='ltr'>triticum</span> <span class='ocrx_word' id='word_1_311' title='bbox 1277 2390 1501 2443; x_wconf 66' lang='lat' dir='ltr'>caeleste</span> <span class='ocrx_word' id='word_1_312' title='bbox 1520 2388 1837 2459; x_wconf 88' lang='lat' dir='ltr'>perveniret</span> <span class='ocrx_word' id='word_1_313' title='bbox 1878 2392 1881 2395; x_wconf 75' lang='grc'><em>’</em></span> 
     </span>
    </p>
   </div>
   <div class='ocr_carea' id='block_1_35' title="bbox 221 2476 1834 2550">
    <p class='ocr_par' dir='ltr' id='par_1_35' title="bbox 221 2476 1834 2550">
     <span class='ocr_line' id='line_1_35' title="bbox 221 2476 1834 2550; baseline -0.001 -20"><span class='ocrx_word' id='word_1_314' title='bbox 221 2477 292 2531; x_wconf 87' lang='lat' dir='ltr'>ad</span> <span class='ocrx_word' id='word_1_315' title='bbox 321 2478 616 2532; x_wconf 86' lang='lat' dir='ltr'>horreum.</span> <span class='ocrx_word' id='word_1_316' title='bbox 640 2479 765 2532; x_wconf 86' lang='lat' dir='ltr'>Non</span> <span class='ocrx_word' id='word_1_317' title='bbox 787 2478 935 2550; x_wconf 90' lang='lat' dir='ltr'>quod</span> <span class='ocrx_word' id='word_1_318' title='bbox 958 2478 1221 2533; x_wconf 85' lang='lat' dir='ltr'>naturam</span> <span class='ocrx_word' id='word_1_319' title='bbox 1248 2482 1495 2532; x_wconf 91' lang='lat' dir='ltr'>mutaret</span> <span class='ocrx_word' id='word_1_320' title='bbox 1511 2477 1706 2542; x_wconf 89' lang='lat' dir='ltr'>tritici,</span> <span class='ocrx_word' id='word_1_321' title='bbox 1736 2476 1834 2530; x_wconf 90' lang='lat' dir='ltr'>sed</span> 
     </span>
    </p>
   </div>
   <div class='ocr_carea' id='block_1_36' title="bbox 223 2565 1837 2639">
    <p class='ocr_par' dir='ltr' id='par_1_36' title="bbox 223 2565 1837 2639">
     <span class='ocr_line' id='line_1_36' title="bbox 223 2565 1837 2639; baseline 0 -20"><span class='ocrx_word' id='word_1_322' title='bbox 223 2566 360 2636; x_wconf 89' lang='lat' dir='ltr'>quia</span> <span class='ocrx_word' id='word_1_323' title='bbox 379 2565 535 2619; x_wconf 89' lang='lat' dir='ltr'>vitiis</span> <span class='ocrx_word' id='word_1_324' title='bbox 554 2566 747 2620; x_wconf 81' lang='lat' dir='ltr'>infecit</span> <span class='ocrx_word' id='word_1_325' title='bbox 767 2584 916 2632; x_wconf 89' lang='lat' dir='ltr'>eum,</span> <span class='ocrx_word' id='word_1_326' title='bbox 940 2583 1011 2621; x_wconf 89' lang='lat' dir='ltr'>ne</span> <span class='ocrx_word' id='word_1_327' title='bbox 1027 2566 1175 2639; x_wconf 92' lang='lat' dir='ltr'>quod</span> <span class='ocrx_word' id='word_1_328' title='bbox 1193 2566 1404 2621; x_wconf 85' lang='lat' dir='ltr'>bonum</span> <span class='ocrx_word' id='word_1_329' title='bbox 1428 2571 1681 2620; x_wconf 88' lang='lat' dir='ltr'>creatum</span> <span class='ocrx_word' id='word_1_330' title='bbox 1713 2569 1837 2619; x_wconf 90' lang='lat' dir='ltr'>erat</span> 
     </span>
    </p>
   </div>
   <div class='ocr_carea' id='block_1_37' title="bbox 223 2650 1833 2731">
    <p class='ocr_par' dir='ltr' id='par_1_37' title="bbox 223 2650 1833 2731">
     <span class='ocr_line' id='line_1_37' title="bbox 223 2650 1833 2731; baseline 0.001 -24"><span class='ocrx_word' id='word_1_331' title='bbox 223 2650 284 2708; x_wconf 89' lang='lat' dir='ltr'>in</span> <span class='ocrx_word' id='word_1_332' title='bbox 308 2652 809 2717; x_wconf 82' lang='lat' dir='ltr'>mundo,obediret</span> <span class='ocrx_word' id='word_1_333' title='bbox 824 2655 1038 2710; x_wconf 84' lang='lat' dir='ltr'>auctori</span> <span class='ocrx_word' id='word_1_334' title='bbox 1050 2660 1115 2709; x_wconf 88' lang='lat' dir='ltr'>ut</span> <span class='ocrx_word' id='word_1_335' title='bbox 1126 2655 1442 2726; x_wconf 87' lang='lat' dir='ltr'>perveniret</span> <span class='ocrx_word' id='word_1_336' title='bbox 1455 2653 1525 2707; x_wconf 90' lang='lat' dir='ltr'>ad</span> <span class='ocrx_word' id='word_1_337' title='bbox 1546 2654 1833 2731; x_wconf 88' lang='lat' dir='ltr'>horreum.</span> 
     </span>
    </p>
   </div>
   <div class='ocr_carea' id='block_1_38' title="bbox 232 2740 1833 2814">
    <p class='ocr_par' dir='ltr' id='par_1_38' title="bbox 232 2740 1833 2814">
     <span class='ocr_line' id='line_1_38' title="bbox 232 2740 1833 2814; baseline -0.001 -17"><span class='ocrx_word' id='word_1_338' title='bbox 232 2742 353 2797; x_wconf 83' lang='lat' dir='ltr'>Hoc</span> <span class='ocrx_word' id='word_1_339' title='bbox 376 2742 590 2814; x_wconf 88' lang='lat' dir='ltr'>quippe</span> <span class='ocrx_word' id='word_1_340' title='bbox 611 2743 727 2813; x_wconf 88' lang='lat' dir='ltr'>egit</span> <span class='ocrx_word' id='word_1_341' title='bbox 755 2740 915 2809; x_wconf 86' lang='lat' dir='ltr'>dolis,</span> <span class='ocrx_word' id='word_1_342' title='bbox 942 2742 1233 2810; x_wconf 86' lang='lat' dir='ltr'>machinis,</span> <span class='ocrx_word' id='word_1_343' title='bbox 1256 2742 1566 2806; x_wconf 88' lang='lat' dir='ltr'>fraudibus,</span> <span class='ocrx_word' id='word_1_344' title='bbox 1590 2748 1655 2797; x_wconf 90' lang='lat' dir='ltr'>ut</span> <span class='ocrx_word' id='word_1_345' title='bbox 1671 2742 1833 2812; x_wconf 83' lang='lat' dir='ltr'>dege-</span> 
     </span>
    </p>
   </div>
   <div class='ocr_carea' id='block_1_39' title="bbox 236 2826 1833 2897">
    <p class='ocr_par' dir='ltr' id='par_1_39' title="bbox 236 2826 1833 2897">
     <span class='ocr_line' id='line_1_39' title="bbox 236 2826 1833 2897; baseline -0.001 -12"><span class='ocrx_word' id='word_1_346' title='bbox 236 2830 548 2886; x_wconf 76' lang='lat' dir='ltr'>neraretur</span> <span class='ocrx_word' id='word_1_347' title='bbox 568 2826 816 2886; x_wconf 87' lang='lat' dir='ltr'>triticum</span> <span class='ocrx_word' id='word_1_348' title='bbox 853 2838 910 2886; x_wconf 90' lang='lat' dir='ltr'>et</span> <span class='ocrx_word' id='word_1_349' title='bbox 937 2832 1099 2886; x_wconf 86' lang='lat' dir='ltr'>ﬁeret</span> <span class='ocrx_word' id='word_1_350' title='bbox 1124 2832 1457 2897; x_wconf 90' lang='lat' dir='ltr'>lolium,non</span> <span class='ocrx_word' id='word_1_351' title='bbox 1486 2836 1709 2896; x_wconf 87' lang='lat' dir='ltr'>natura,</span> <span class='ocrx_word' id='word_1_352' title='bbox 1736 2830 1833 2884; x_wconf 91' lang='lat' dir='ltr'>sed</span> 
     </span>
    </p>
   </div>
   <div class='ocr_carea' id='block_1_40' title="bbox 1920 2038 3507 2112">
    <p class='ocr_par' dir='ltr' id='par_1_40' title="bbox 1920 2038 3507 2112">
     <span class='ocr_line' id='line_1_40' title="bbox 1920 2038 3507 2112; baseline 0.005 -21"><span class='ocrx_word' id='word_1_353' title='bbox 1920 2038 2051 2103; x_wconf 83' lang='lat' dir='ltr'>ﬁde,</span> <span class='ocrx_word' id='word_1_354' title='bbox 2083 2041 2141 2091; x_wconf 90' lang='lat' dir='ltr'>et</span> <span class='ocrx_word' id='word_1_355' title='bbox 2158 2038 2353 2091; x_wconf 91' lang='lat' dir='ltr'>dicunt</span> <span class='ocrx_word' id='word_1_356' title='bbox 2374 2055 2487 2092; x_wconf 90' lang='lat' dir='ltr'>non</span> <span class='ocrx_word' id='word_1_357' title='bbox 2509 2039 2750 2093; x_wconf 89' lang='lat' dir='ltr'>clamore</span> <span class='ocrx_word' id='word_1_358' title='bbox 2778 2040 2947 2104; x_wconf 83' lang='lat' dir='ltr'>vocis,</span> <span class='ocrx_word' id='word_1_359' title='bbox 2969 2042 3103 2112; x_wconf 85' lang='lat' dir='ltr'>quia</span> <span class='ocrx_word' id='word_1_360' title='bbox 3121 2038 3385 2112; x_wconf 90' lang='lat' dir='ltr'>parabola</span> <span class='ocrx_word' id='word_1_361' title='bbox 3404 2038 3507 2110; x_wconf 80' lang='lat' dir='ltr'>est,</span> 
     </span>
    </p>
   </div>
   <div class='ocr_carea' id='block_1_41' title="bbox 1916 2120 3509 2201">
    <p class='ocr_par' dir='ltr' id='par_1_41' title="bbox 1916 2120 3509 2201">
     <span class='ocr_line' id='line_1_41' title="bbox 1916 2120 3509 2201; baseline 0.004 -22"><span class='ocrx_word' id='word_1_362' title='bbox 1916 2126 2015 2180; x_wconf 88' lang='lat' dir='ltr'>sed</span> <span class='ocrx_word' id='word_1_363' title='bbox 2036 2125 2201 2179; x_wconf 89' lang='lat' dir='ltr'>corde</span> <span class='ocrx_word' id='word_1_364' title='bbox 2220 2125 2388 2179; x_wconf 89' lang='lat' dir='ltr'>tacito</span> <span class='ocrx_word' id='word_1_365' title='bbox 2412 2142 2539 2180; x_wconf 91' lang='lat' dir='ltr'>cum</span> <span class='ocrx_word' id='word_1_366' title='bbox 2554 2120 2771 2181; x_wconf 85' lang='lat' dir='ltr'>dolore:</span> <span class='ocrx_word' id='word_1_367' title='bbox 2792 2129 3005 2195; x_wconf 84' lang='lat' dir='ltr'>Nonne,</span> <span class='ocrx_word' id='word_1_368' title='bbox 3023 2126 3210 2195; x_wconf 63' lang='lat'>539</span> <span class='ocrx_word' id='word_1_369' title='bbox 3228 2124 3509 2201; x_wconf 76' lang='lat' dir='ltr'>inquiunt,</span> 
     </span>
    </p>
   </div>
   <div class='ocr_carea' id='block_1_42' title="bbox 1918 2210 3513 2293">
    <p class='ocr_par' dir='ltr' id='par_1_42' title="bbox 1918 2210 3513 2293">
     <span class='ocr_line' id='line_1_42' title="bbox 1918 2210 3513 2293; baseline 0.004 -26"><span class='ocrx_word' id='word_1_370' title='bbox 1918 2216 2121 2268; x_wconf 84' lang='lat' dir='ltr'>bonum</span> <span class='ocrx_word' id='word_1_371' title='bbox 2141 2230 2322 2268; x_wconf 85' lang='lat' dir='ltr'>semen</span> <span class='ocrx_word' id='word_1_372' title='bbox 2334 2218 2623 2293; x_wconf 77' lang='lat' dir='ltr'>seminasti</span> <span class='ocrx_word' id='word_1_373' title='bbox 2638 2221 2662 2268; x_wconf 76' lang='lat'><em>7</em></span> <span class='ocrx_word' id='word_1_374' title='bbox 2682 2216 3004 2282; x_wconf 87' lang='lat' dir='ltr'>Seminasti,</span> <span class='ocrx_word' id='word_1_375' title='bbox 3029 2210 3273 2287; x_wconf 84' lang='lat' dir='ltr'>aiunt,et</span> <span class='ocrx_word' id='word_1_376' title='bbox 3296 2234 3409 2273; x_wconf 89' lang='lat' dir='ltr'>non</span> <span class='ocrx_word' id='word_1_377' title='bbox 3430 2230 3513 2275; x_wconf 85' lang='lat' dir='ltr'>se-</span> 
     </span>
    </p>
   </div>
   <div class='ocr_carea' id='block_1_43' title="bbox 1915 2296 3514 2377">
    <p class='ocr_par' dir='ltr' id='par_1_43' title="bbox 1915 2296 3514 2377">
     <span class='ocr_line' id='line_1_43' title="bbox 1915 2296 3514 2377; baseline 0.004 -23"><span class='ocrx_word' id='word_1_378' title='bbox 1915 2300 2271 2355; x_wconf 89' lang='lat' dir='ltr'>minavimus.</span> <span class='ocrx_word' id='word_1_379' title='bbox 2300 2302 2579 2365; x_wconf 84' lang='lat' dir='ltr'>Quoniam</span> <span class='ocrx_word' id='word_1_380' title='bbox 2608 2296 2881 2375; x_wconf 86' lang='lat' dir='ltr'>quidquid</span> <span class='ocrx_word' id='word_1_381' title='bbox 2905 2308 2992 2358; x_wconf 88' lang='lat' dir='ltr'>est</span> <span class='ocrx_word' id='word_1_382' title='bbox 3016 2300 3170 2369; x_wconf 88' lang='lat' dir='ltr'>boni,</span> <span class='ocrx_word' id='word_1_383' title='bbox 3205 2307 3354 2377; x_wconf 86' lang='lat' dir='ltr'>quod</span> <span class='ocrx_word' id='word_1_384' title='bbox 3391 2307 3514 2377; x_wconf 82' lang='lat' dir='ltr'>agi-</span> 
     </span>
    </p>
   </div>
   <div class='ocr_carea' id='block_1_44' title="bbox 1918 2390 3516 2458">
    <p class='ocr_par' dir='ltr' id='par_1_44' title="bbox 1918 2390 3516 2458">
     <span class='ocr_line' id='line_1_44' title="bbox 1918 2390 3516 2458; baseline 0.004 -15"><span class='ocrx_word' id='word_1_385' title='bbox 1918 2405 2061 2455; x_wconf 90' lang='lat' dir='ltr'>mus,</span> <span class='ocrx_word' id='word_1_386' title='bbox 2089 2394 2270 2444; x_wconf 89' lang='lat' dir='ltr'>totum</span> <span class='ocrx_word' id='word_1_387' title='bbox 2301 2392 2536 2458; x_wconf 87' lang='lat' dir='ltr'>auctori,</span> <span class='ocrx_word' id='word_1_388' title='bbox 2569 2397 2627 2446; x_wconf 92' lang='lat' dir='ltr'>et</span> <span class='ocrx_word' id='word_1_389' title='bbox 2654 2408 2767 2446; x_wconf 87' lang='lat' dir='ltr'>non</span> <span class='ocrx_word' id='word_1_390' title='bbox 2796 2390 2975 2458; x_wconf 91' lang='lat' dir='ltr'>nobis,</span> <span class='ocrx_word' id='word_1_391' title='bbox 3008 2393 3316 2449; x_wconf 83' lang='lat' dir='ltr'>attribuere</span> <span class='ocrx_word' id='word_1_392' title='bbox 3344 2395 3516 2450; x_wconf 75' lang='lat' dir='ltr'>debe-</span> 
     </span>
    </p>
   </div>
   <div class='ocr_carea' id='block_1_45' title="bbox 1918 2476 3517 2545">
    <p class='ocr_par' dir='ltr' id='par_1_45' title="bbox 1918 2476 3517 2545">
     <span class='ocr_line' id='line_1_45' title="bbox 1918 2476 3517 2545; baseline 0.004 -14"><span class='ocrx_word' id='word_1_393' title='bbox 1918 2494 2063 2532; x_wconf 89' lang='lat' dir='ltr'>mus.</span> <span class='ocrx_word' id='word_1_394' title='bbox 2103 2480 2248 2532; x_wconf 82' lang='lat' dir='ltr'>Unde</span> <span class='ocrx_word' id='word_1_395' title='bbox 2279 2494 2405 2545; x_wconf 87' lang='lat' dir='ltr'>ergo</span> <span class='ocrx_word' id='word_1_396' title='bbox 2432 2478 2590 2533; x_wconf 81' lang='lat' dir='ltr'>habet</span> <span class='ocrx_word' id='word_1_397' title='bbox 2630 2483 2861 2534; x_wconf 81' lang='lat' dir='ltr'>zizania</span> <span class='ocrx_word' id='word_1_398' title='bbox 2887 2487 2911 2534; x_wconf 84' lang='lat'><strong><em>?</em></strong></span> <span class='ocrx_word' id='word_1_399' title='bbox 2939 2481 3072 2544; x_wconf 66' lang='lat' dir='ltr'>Quae</span> <span class='ocrx_word' id='word_1_400' title='bbox 3102 2476 3369 2537; x_wconf 81' lang='lat' dir='ltr'>nimirum</span> <span class='ocrx_word' id='word_1_401' title='bbox 3410 2492 3517 2539; x_wconf 73' lang='lat' dir='ltr'>vox</span> 
     </span>
    </p>
   </div>
   <div class='ocr_carea' id='block_1_46' title="bbox 1916 2562 3509 2640">
    <p class='ocr_par' dir='ltr' id='par_1_46' title="bbox 1916 2562 3509 2640">
     <span class='ocr_line' id='line_1_46' title="bbox 1916 2562 3509 2640; baseline 0.005 -22"><span class='ocrx_word' id='word_1_402' title='bbox 1916 2566 2084 2636; x_wconf 90' lang='lat' dir='ltr'>plena</span> <span class='ocrx_word' id='word_1_403' title='bbox 2115 2566 2504 2621; x_wconf 84' lang='lat' dir='ltr'>admirationis</span> <span class='ocrx_word' id='word_1_404' title='bbox 2552 2562 2655 2632; x_wconf 87' lang='lat' dir='ltr'>est,</span> <span class='ocrx_word' id='word_1_405' title='bbox 2706 2568 2874 2637; x_wconf 90' lang='lat' dir='ltr'>plena</span> <span class='ocrx_word' id='word_1_406' title='bbox 2904 2573 3132 2639; x_wconf 88' lang='lat' dir='ltr'>stupore</span> <span class='ocrx_word' id='word_1_407' title='bbox 3180 2572 3239 2624; x_wconf 87' lang='lat' dir='ltr'>et</span> <span class='ocrx_word' id='word_1_408' title='bbox 3284 2566 3509 2640; x_wconf 75' lang='lat' dir='ltr'>pavore.</span> 
     </span>
    </p>
   </div>
   <div class='ocr_carea' id='block_1_47' title="bbox 1917 2654 3518 2725">
    <p class='ocr_par' dir='ltr' id='par_1_47' title="bbox 1917 2654 3518 2725">
     <span class='ocr_line' id='line_1_47' title="bbox 1917 2654 3518 2725; baseline 0.004 -19"><span class='ocrx_word' id='word_1_409' title='bbox 1917 2654 2208 2717; x_wconf 85' lang='lat' dir='ltr'>Quomodo</span> <span class='ocrx_word' id='word_1_410' title='bbox 2238 2658 2442 2707; x_wconf 87' lang='lat' dir='ltr'>natura</span> <span class='ocrx_word' id='word_1_411' title='bbox 2472 2655 2742 2720; x_wconf 89' lang='lat' dir='ltr'>humana,</span> <span class='ocrx_word' id='word_1_412' title='bbox 2779 2671 2902 2725; x_wconf 67' lang='lat' dir='ltr'>qua:</span> <span class='ocrx_word' id='word_1_413' title='bbox 2948 2655 3096 2710; x_wconf 89' lang='lat' dir='ltr'>bona</span> <span class='ocrx_word' id='word_1_414' title='bbox 3144 2656 3333 2711; x_wconf 84' lang='lat' dir='ltr'>creata</span> <span class='ocrx_word' id='word_1_415' title='bbox 3361 2658 3437 2712; x_wconf 85' lang='lat' dir='ltr'>sit</span> <span class='ocrx_word' id='word_1_416' title='bbox 3479 2664 3518 2714; x_wconf 64' lang='grc' dir='ltr'>ὰ</span> 
     </span>
    </p>
   </div>
   <div class='ocr_carea' id='block_1_48' title="bbox 1914 2740 3517 2814">
    <p class='ocr_par' dir='ltr' id='par_1_48' title="bbox 1914 2740 3517 2814">
     <span class='ocr_line' id='line_1_48' title="bbox 1914 2740 3517 2814; baseline 0.004 -19"><span class='ocrx_word' id='word_1_417' title='bbox 1914 2741 2061 2796; x_wconf 91' lang='lat' dir='ltr'>bono</span> <span class='ocrx_word' id='word_1_418' title='bbox 2088 2743 2222 2809; x_wconf 90' lang='lat' dir='ltr'>Deo,</span> <span class='ocrx_word' id='word_1_419' title='bbox 2242 2742 2320 2796; x_wconf 92' lang='lat' dir='ltr'>sic</span> <span class='ocrx_word' id='word_1_420' title='bbox 2340 2742 2523 2799; x_wconf 88' lang='lat' dir='ltr'>vitiari</span> <span class='ocrx_word' id='word_1_421' title='bbox 2539 2744 2788 2813; x_wconf 90' lang='lat' dir='ltr'>potuerit</span> <span class='ocrx_word' id='word_1_422' title='bbox 2816 2749 2873 2797; x_wconf 91' lang='lat' dir='ltr'>et</span> <span class='ocrx_word' id='word_1_423' title='bbox 2897 2744 3247 2814; x_wconf 86' lang='lat' dir='ltr'>degenerari,</span> <span class='ocrx_word' id='word_1_424' title='bbox 3278 2740 3342 2800; x_wconf 84' lang='lat' dir='ltr'>ut</span> <span class='ocrx_word' id='word_1_425' title='bbox 3359 2740 3517 2803; x_wconf 80' lang='lat' dir='ltr'>aliud</span> 
     </span>
    </p>
   </div>
   <div class='ocr_carea' id='block_1_49' title="bbox 1923 2828 3517 2906">
    <p class='ocr_par' dir='ltr' id='par_1_49' title="bbox 1923 2828 3517 2906">
     <span class='ocr_line' id='line_1_49' title="bbox 1923 2828 3517 2906; baseline 0.004 -22"><span class='ocrx_word' id='word_1_426' title='bbox 1923 2836 2087 2897; x_wconf 88' lang='lat' dir='ltr'>esset,</span> <span class='ocrx_word' id='word_1_427' title='bbox 2118 2847 2232 2884; x_wconf 90' lang='lat' dir='ltr'>non</span> <span class='ocrx_word' id='word_1_428' title='bbox 2259 2846 2362 2902; x_wconf 90' lang='lat' dir='ltr'>per</span> <span class='ocrx_word' id='word_1_429' title='bbox 2388 2833 2784 2898; x_wconf 89' lang='lat' dir='ltr'>naturam,sed</span> <span class='ocrx_word' id='word_1_430' title='bbox 2811 2848 2914 2903; x_wconf 90' lang='lat' dir='ltr'>per</span> <span class='ocrx_word' id='word_1_431' title='bbox 2932 2833 3150 2899; x_wconf 86' lang='lat' dir='ltr'>vitium,</span> <span class='ocrx_word' id='word_1_432' title='bbox 3171 2830 3340 2904; x_wconf 85' lang='lat' dir='ltr'>quam</span> <span class='ocrx_word' id='word_1_433' title='bbox 3364 2828 3517 2906; x_wconf 77' lang='lat' dir='ltr'>quod</span> 
     </span>
    </p>
   </div>
   <div class='ocr_carea' id='block_1_50' title="bbox 226 2918 3517 2993">
    <p class='ocr_par' dir='ltr' id='par_1_50' title="bbox 226 2918 3517 2993">
     <span class='ocr_line' id='line_1_50' title="bbox 226 2918 3517 2993; baseline 0.001 -20"><span class='ocrx_word' id='word_1_434' title='bbox 226 2919 547 2991; x_wconf 87' lang='lat' dir='ltr'>pervitium</span> <span class='ocrx_word' id='word_1_435' title='bbox 560 2918 1342 2992; x_wconf 66' lang='lat' dir='ltr'>depravatumlndeigiturin</span> <span class='ocrx_word' id='word_1_436' title='bbox 1354 2920 1834 2983; x_wconf 68' lang='lat' dir='ltr'>mundohzereses,</span> <span class='ocrx_word' id='word_1_437' title='bbox 1923 2924 2111 2974; x_wconf 90' lang='lat' dir='ltr'>creata</span> <span class='ocrx_word' id='word_1_438' title='bbox 2139 2924 2248 2976; x_wconf 89' lang='lat' dir='ltr'>est.</span> <span class='ocrx_word' id='word_1_439' title='bbox 2276 2920 2481 2974; x_wconf 90' lang='lat' dir='ltr'>Totum</span> <span class='ocrx_word' id='word_1_440' title='bbox 2507 2936 2640 2990; x_wconf 89' lang='lat' dir='ltr'>ergo</span> <span class='ocrx_word' id='word_1_441' title='bbox 2667 2936 2727 2974; x_wconf 90' lang='lat' dir='ltr'>se</span> <span class='ocrx_word' id='word_1_442' title='bbox 2758 2920 3021 2991; x_wconf 87' lang='lat' dir='ltr'>ignorare</span> <span class='ocrx_word' id='word_1_443' title='bbox 3049 2922 3369 2987; x_wconf 85' lang='lat' dir='ltr'>ostendunt,</span> <span class='ocrx_word' id='word_1_444' title='bbox 3404 2936 3517 2993; x_wconf 91' lang='lat' dir='ltr'>quo</span> 
     </span>
    </p>
   </div>
   <div class='ocr_carea' id='block_1_51' title="bbox 232 3007 3518 3082">
    <p class='ocr_par' dir='ltr' id='par_1_51' title="bbox 232 3007 3518 3082">
     <span class='ocr_line' id='line_1_51' title="bbox 232 3007 3518 3082; baseline 0.002 -21"><span class='ocrx_word' id='word_1_445' title='bbox 232 3009 388 3064; x_wconf 88' lang='lat' dir='ltr'>inter</span> <span class='ocrx_word' id='word_1_446' title='bbox 430 3010 655 3064; x_wconf 87' lang='lat' dir='ltr'>sanctos</span> <span class='ocrx_word' id='word_1_447' title='bbox 682 3012 989 3080; x_wconf 90' lang='lat' dir='ltr'>peccatum,</span> <span class='ocrx_word' id='word_1_448' title='bbox 1034 3010 1186 3063; x_wconf 89' lang='lat' dir='ltr'>inter</span> <span class='ocrx_word' id='word_1_449' title='bbox 1212 3009 1471 3080; x_wconf 79' lang='lat' dir='ltr'>paciﬁcos</span> <span class='ocrx_word' id='word_1_450' title='bbox 1502 3008 1647 3072; x_wconf 85' lang='lat' dir='ltr'>lites,</span> <span class='ocrx_word' id='word_1_451' title='bbox 1691 3007 1839 3061; x_wconf 87' lang='lat' dir='ltr'>inter</span> <span class='ocrx_word' id='word_1_452' title='bbox 1920 3008 2023 3063; x_wconf 92' lang='lat' dir='ltr'>Dei</span> <span class='ocrx_word' id='word_1_453' title='bbox 2043 3009 2255 3079; x_wconf 87' lang='lat' dir='ltr'>judicio</span> <span class='ocrx_word' id='word_1_454' title='bbox 2284 3009 2493 3064; x_wconf 86' lang='lat' dir='ltr'>factum</span> <span class='ocrx_word' id='word_1_455' title='bbox 2514 3010 2606 3073; x_wconf 89' lang='lat' dir='ltr'>sit,</span> <span class='ocrx_word' id='word_1_456' title='bbox 2622 3014 2688 3064; x_wconf 87' lang='lat' dir='ltr'>ut</span> <span class='ocrx_word' id='word_1_457' title='bbox 2707 3010 2963 3065; x_wconf 87' lang='lat' dir='ltr'>homines</span> <span class='ocrx_word' id='word_1_458' title='bbox 2990 3011 3061 3065; x_wconf 90' lang='lat' dir='ltr'>ad</span> <span class='ocrx_word' id='word_1_459' title='bbox 3080 3011 3385 3082; x_wconf 84' lang='lat' dir='ltr'>imaginem</span> <span class='ocrx_word' id='word_1_460' title='bbox 3414 3013 3518 3068; x_wconf 79' lang='lat' dir='ltr'>Dei</span> 
     </span>
    </p>
   </div>
   <div class='ocr_carea' id='block_1_52' title="bbox 223 3094 3519 3172">
    <p class='ocr_par' dir='ltr' id='par_1_52' title="bbox 223 3094 3519 3172">
     <span class='ocr_line' id='line_1_52' title="bbox 223 3094 3519 3172; baseline 0.002 -22"><span class='ocrx_word' id='word_1_461' title='bbox 223 3097 522 3168; x_wconf 86' lang='lat' dir='ltr'>simplices</span> <span class='ocrx_word' id='word_1_462' title='bbox 542 3097 674 3163; x_wconf 87' lang='lat' dir='ltr'>doli,</span> <span class='ocrx_word' id='word_1_463' title='bbox 698 3098 845 3152; x_wconf 89' lang='lat' dir='ltr'>inter</span> <span class='ocrx_word' id='word_1_464' title='bbox 868 3098 1196 3152; x_wconf 84' lang='lat' dir='ltr'>innocentes</span> <span class='ocrx_word' id='word_1_465' title='bbox 1220 3097 1502 3168; x_wconf 79' lang='lat' dir='ltr'>nequitiae.</span> <span class='ocrx_word' id='word_1_466' title='bbox 1526 3098 1641 3151; x_wconf 90' lang='lat' dir='ltr'>Nec</span> <span class='ocrx_word' id='word_1_467' title='bbox 1665 3095 1839 3166; x_wconf 84' lang='lat' dir='ltr'>igitur</span> <span class='ocrx_word' id='word_1_468' title='bbox 1855 3094 1898 3154; x_wconf 80' lang='grc' dir='ltr'><strong>Ο</strong></span> <span class='ocrx_word' id='word_1_469' title='bbox 1918 3098 2049 3153; x_wconf 88' lang='lat' dir='ltr'>facti</span> <span class='ocrx_word' id='word_1_470' title='bbox 2085 3098 2405 3166; x_wconf 88' lang='lat' dir='ltr'>rationales,</span> <span class='ocrx_word' id='word_1_471' title='bbox 2438 3103 2496 3153; x_wconf 91' lang='lat' dir='ltr'>et</span> <span class='ocrx_word' id='word_1_472' title='bbox 2521 3099 2655 3153; x_wconf 91' lang='lat' dir='ltr'>boni</span> <span class='ocrx_word' id='word_1_473' title='bbox 2688 3100 2898 3154; x_wconf 90' lang='lat' dir='ltr'>conditi</span> <span class='ocrx_word' id='word_1_474' title='bbox 2927 3100 3007 3154; x_wconf 89' lang='lat' dir='ltr'>sic</span> <span class='ocrx_word' id='word_1_475' title='bbox 3034 3099 3296 3155; x_wconf 87' lang='lat' dir='ltr'>aberrare</span> <span class='ocrx_word' id='word_1_476' title='bbox 3315 3104 3519 3172; x_wconf 82' lang='lat' dir='ltr'>potue-</span> 
     </span>
    </p>
   </div>
   <div class='ocr_carea' id='block_1_53' title="bbox 222 3185 1828 3256">
    <p class='ocr_par' dir='ltr' id='par_1_53' title="bbox 222 3185 1828 3256">
     <span class='ocr_line' id='line_1_53' title="bbox 222 3185 1828 3256; baseline 0.001 -18"><span class='ocrx_word' id='word_1_477' title='bbox 222 3190 393 3239; x_wconf 87' lang='lat' dir='ltr'>curat</span> <span class='ocrx_word' id='word_1_478' title='bbox 428 3192 495 3239; x_wconf 89' lang='lat' dir='ltr'>ut</span> <span class='ocrx_word' id='word_1_479' title='bbox 523 3185 778 3256; x_wconf 87' lang='lat' dir='ltr'>acquirat</span> <span class='ocrx_word' id='word_1_480' title='bbox 812 3185 1038 3253; x_wconf 86' lang='lat' dir='ltr'>zizania,</span> <span class='ocrx_word' id='word_1_481' title='bbox 1071 3186 1169 3240; x_wconf 83' lang='lat' dir='ltr'>sed</span> <span class='ocrx_word' id='word_1_482' title='bbox 1217 3190 1284 3240; x_wconf 91' lang='lat' dir='ltr'>ut</span> <span class='ocrx_word' id='word_1_483' title='bbox 1309 3185 1561 3239; x_wconf 89' lang='lat' dir='ltr'>triticum</span> <span class='ocrx_word' id='word_1_484' title='bbox 1610 3186 1828 3256; x_wconf 88' lang='lat' dir='ltr'>perdat,</span> 
     </span>
    </p>
   </div>
   <div class='ocr_carea' id='block_1_54' title="bbox 226 3268 1827 3344">
    <p class='ocr_par' dir='ltr' id='par_1_54' title="bbox 226 3268 1827 3344">
     <span class='ocr_line' id='line_1_54' title="bbox 226 3268 1827 3344; baseline -0.001 -16"><span class='ocrx_word' id='word_1_485' title='bbox 226 3274 345 3328; x_wconf 82' lang='lat' dir='ltr'>Nec</span> <span class='ocrx_word' id='word_1_486' title='bbox 374 3280 443 3327; x_wconf 90' lang='lat' dir='ltr'>ut</span> <span class='ocrx_word' id='word_1_487' title='bbox 470 3268 725 3328; x_wconf 89' lang='lat' dir='ltr'>obsideat</span> <span class='ocrx_word' id='word_1_488' title='bbox 748 3278 1018 3341; x_wconf 88' lang='lat' dir='ltr'>mortuos,</span> <span class='ocrx_word' id='word_1_489' title='bbox 1043 3272 1141 3329; x_wconf 90' lang='lat' dir='ltr'>sed</span> <span class='ocrx_word' id='word_1_490' title='bbox 1160 3280 1224 3329; x_wconf 91' lang='lat' dir='ltr'>ut</span> <span class='ocrx_word' id='word_1_491' title='bbox 1251 3275 1546 3344; x_wconf 83' lang='lat' dir='ltr'>impugnet</span> <span class='ocrx_word' id='word_1_492' title='bbox 1563 3273 1827 3328; x_wconf 86' lang='lat' dir='ltr'>viventes.</span> 
     </span>
    </p>
   </div>
   <div class='ocr_carea' id='block_1_55' title="bbox 220 3360 1831 3435">
    <p class='ocr_par' dir='ltr' id='par_1_55' title="bbox 220 3360 1831 3435">
     <span class='ocr_line' id='line_1_55' title="bbox 220 3360 1831 3435; baseline -0.001 -19"><span class='ocrx_word' id='word_1_493' title='bbox 220 3362 338 3417; x_wconf 87' lang='lat' dir='ltr'>Nec</span> <span class='ocrx_word' id='word_1_494' title='bbox 360 3362 568 3434; x_wconf 69' lang='lat' dir='ltr'>quaerit</span> <span class='ocrx_word' id='word_1_495' title='bbox 587 3360 771 3428; x_wconf 61' lang='lat'>587&#39;</span> <span class='ocrx_word' id='word_1_496' title='bbox 789 3379 990 3434; x_wconf 89' lang='lat' dir='ltr'>capere</span> <span class='ocrx_word' id='word_1_497' title='bbox 1007 3362 1146 3434; x_wconf 83' lang='lat' dir='ltr'>quos</span> <span class='ocrx_word' id='word_1_498' title='bbox 1161 3362 1409 3435; x_wconf 86' lang='lat' dir='ltr'>possidet</span> <span class='ocrx_word' id='word_1_499' title='bbox 1421 3362 1718 3433; x_wconf 87' lang='lat' dir='ltr'>subjectos,</span> <span class='ocrx_word' id='word_1_500' title='bbox 1733 3361 1831 3415; x_wconf 86' lang='lat' dir='ltr'>sed</span> 
     </span>
    </p>
   </div>
   <div class='ocr_carea' id='block_1_56' title="bbox 218 3450 1831 3522">
    <p class='ocr_par' dir='ltr' id='par_1_56' title="bbox 218 3450 1831 3522">
     <span class='ocr_line' id='line_1_56' title="bbox 218 3450 1831 3522; baseline -0.001 -17"><span class='ocrx_word' id='word_1_501' title='bbox 218 3454 484 3522; x_wconf 86' lang='lat' dir='ltr'>utjustos</span> <span class='ocrx_word' id='word_1_502' title='bbox 500 3450 689 3521; x_wconf 86' lang='lat' dir='ltr'>capiat</span> <span class='ocrx_word' id='word_1_503' title='bbox 705 3466 807 3506; x_wconf 90' lang='lat' dir='ltr'>suo</span> <span class='ocrx_word' id='word_1_504' title='bbox 823 3451 956 3505; x_wconf 90' lang='lat' dir='ltr'>vitio</span> <span class='ocrx_word' id='word_1_505' title='bbox 968 3451 1089 3521; x_wconf 87' lang='lat' dir='ltr'>jam</span> <span class='ocrx_word' id='word_1_506' title='bbox 1104 3457 1415 3522; x_wconf 90' lang='lat' dir='ltr'>corruptos.</span> <span class='ocrx_word' id='word_1_507' title='bbox 1439 3452 1509 3505; x_wconf 88' lang='lat' dir='ltr'>Et</span> <span class='ocrx_word' id='word_1_508' title='bbox 1528 3452 1635 3504; x_wconf 91' lang='lat' dir='ltr'>hoc</span> <span class='ocrx_word' id='word_1_509' title='bbox 1647 3454 1831 3504; x_wconf 88' lang='lat' dir='ltr'>totum</span> 
     </span>
    </p>
   </div>
   <div class='ocr_carea' id='block_1_57' title="bbox 220 3536 1829 3609">
    <p class='ocr_par' dir='ltr' id='par_1_57' title="bbox 220 3536 1829 3609">
     <span class='ocr_line' id='line_1_57' title="bbox 220 3536 1829 3609; baseline -0.002 -17"><span class='ocrx_word' id='word_1_510' title='bbox 220 3554 335 3592; x_wconf 90' lang='lat' dir='ltr'>non</span> <span class='ocrx_word' id='word_1_511' title='bbox 384 3538 448 3593; x_wconf 90' lang='lat' dir='ltr'>in</span> <span class='ocrx_word' id='word_1_512' title='bbox 482 3536 595 3605; x_wconf 87' lang='lat' dir='ltr'>die,</span> <span class='ocrx_word' id='word_1_513' title='bbox 627 3537 763 3593; x_wconf 90' lang='lat' dir='ltr'>dum</span> <span class='ocrx_word' id='word_1_514' title='bbox 790 3538 988 3608; x_wconf 85' lang='lat' dir='ltr'>vigilat</span> <span class='ocrx_word' id='word_1_515' title='bbox 1019 3539 1143 3609; x_wconf 89' lang='lat' dir='ltr'>quis</span> <span class='ocrx_word' id='word_1_516' title='bbox 1185 3539 1256 3592; x_wconf 89' lang='lat' dir='ltr'>ad</span> <span class='ocrx_word' id='word_1_517' title='bbox 1304 3542 1581 3609; x_wconf 69' lang='lat' dir='ltr'>praecepta</span> <span class='ocrx_word' id='word_1_518' title='bbox 1608 3536 1829 3590; x_wconf 91' lang='lat' dir='ltr'>Domini</span> 
     </span>
    </p>
   </div>
   <div class='ocr_carea' id='block_1_58' title="bbox 218 3626 1831 3691">
    <p class='ocr_par' dir='ltr' id='par_1_58' title="bbox 218 3626 1831 3691">
     <span class='ocr_line' id='line_1_58' title="bbox 218 3626 1831 3691; baseline -0.001 -11"><span class='ocrx_word' id='word_1_519' title='bbox 218 3626 611 3691; x_wconf 86' lang='lat' dir='ltr'>custodienda,</span> <span class='ocrx_word' id='word_1_520' title='bbox 631 3628 729 3681; x_wconf 87' lang='lat' dir='ltr'>sed</span> <span class='ocrx_word' id='word_1_521' title='bbox 749 3626 884 3682; x_wconf 85' lang='lat' dir='ltr'>dum</span> <span class='ocrx_word' id='word_1_522' title='bbox 918 3626 1207 3683; x_wconf 90' lang='lat' dir='ltr'>dormiunt</span> <span class='ocrx_word' id='word_1_523' title='bbox 1225 3627 1482 3682; x_wconf 91' lang='lat' dir='ltr'>homines</span> <span class='ocrx_word' id='word_1_524' title='bbox 1503 3634 1700 3679; x_wconf 86' lang='lat' dir='ltr'>somno</span> <span class='ocrx_word' id='word_1_525' title='bbox 1718 3631 1831 3679; x_wconf 88' lang='lat' dir='ltr'>tor-</span> 
     </span>
    </p>
   </div>
   <div class='ocr_carea' id='block_1_59' title="bbox 218 3710 1830 3785">
    <p class='ocr_par' dir='ltr' id='par_1_59' title="bbox 218 3710 1830 3785">
     <span class='ocr_line' id='line_1_59' title="bbox 218 3710 1830 3785; baseline -0.001 -17"><span class='ocrx_word' id='word_1_526' title='bbox 218 3710 373 3785; x_wconf 86' lang='lat' dir='ltr'>poris</span> <span class='ocrx_word' id='word_1_527' title='bbox 422 3712 481 3768; x_wconf 86' lang='lat' dir='ltr'>et</span> <span class='ocrx_word' id='word_1_528' title='bbox 534 3712 789 3784; x_wconf 61' lang='lat' dir='ltr'>ignavias,</span> <span class='ocrx_word' id='word_1_529' title='bbox 847 3715 1002 3770; x_wconf 91' lang='lat' dir='ltr'>venit</span> <span class='ocrx_word' id='word_1_530' title='bbox 1044 3716 1305 3770; x_wconf 91' lang='lat' dir='ltr'>inimicus</span> <span class='ocrx_word' id='word_1_531' title='bbox 1345 3715 1404 3769; x_wconf 91' lang='lat' dir='ltr'>in</span> <span class='ocrx_word' id='word_1_532' title='bbox 1435 3713 1618 3768; x_wconf 90' lang='lat' dir='ltr'>medio</span> <span class='ocrx_word' id='word_1_533' title='bbox 1661 3712 1830 3767; x_wconf 81' lang='lat' dir='ltr'>tritici</span> 
     </span>
    </p>
   </div>
   <div class='ocr_carea' id='block_1_60' title="bbox 223 3794 1824 3876">
    <p class='ocr_par' dir='ltr' id='par_1_60' title="bbox 223 3794 1824 3876">
     <span class='ocr_line' id='line_1_60' title="bbox 223 3794 1824 3876; baseline -0.001 -20"><span class='ocrx_word' id='word_1_534' title='bbox 223 3809 279 3857; x_wconf 88' lang='lat' dir='ltr'>et</span> <span class='ocrx_word' id='word_1_535' title='bbox 306 3803 482 3869; x_wconf 81' lang='lat' dir='ltr'>vadit,</span> <span class='ocrx_word' id='word_1_536' title='bbox 530 3820 645 3857; x_wconf 90' lang='lat' dir='ltr'>non</span> <span class='ocrx_word' id='word_1_537' title='bbox 676 3802 868 3874; x_wconf 87' lang='lat' dir='ltr'>itaque</span> <span class='ocrx_word' id='word_1_538' title='bbox 902 3804 1056 3859; x_wconf 88' lang='lat' dir='ltr'>alubi</span> <span class='ocrx_word' id='word_1_539' title='bbox 1089 3821 1259 3876; x_wconf 90' lang='lat' dir='ltr'>quam</span> <span class='ocrx_word' id='word_1_540' title='bbox 1311 3804 1371 3858; x_wconf 91' lang='lat' dir='ltr'>in</span> <span class='ocrx_word' id='word_1_541' title='bbox 1420 3803 1605 3857; x_wconf 92' lang='lat' dir='ltr'>medio</span> <span class='ocrx_word' id='word_1_542' title='bbox 1633 3794 1824 3867; x_wconf 87' lang='lat' dir='ltr'>tritici,</span> 
     </span>
    </p>
   </div>
   <div class='ocr_carea' id='block_1_61' title="bbox 222 3890 1829 3965">
    <p class='ocr_par' dir='ltr' id='par_1_61' title="bbox 222 3890 1829 3965">
     <span class='ocr_line' id='line_1_61' title="bbox 222 3890 1829 3965; baseline -0.001 -19"><span class='ocrx_word' id='word_1_543' title='bbox 222 3892 357 3963; x_wconf 85' lang='lat' dir='ltr'>quia</span> <span class='ocrx_word' id='word_1_544' title='bbox 380 3892 597 3946; x_wconf 67' lang='lat' dir='ltr'>malum</span> <span class='ocrx_word' id='word_1_545' title='bbox 621 3906 899 3965; x_wconf 84' lang='lat' dir='ltr'>nusquam</span> <span class='ocrx_word' id='word_1_546' title='bbox 924 3898 1009 3948; x_wconf 78' lang='lat' dir='ltr'>est</span> <span class='ocrx_word' id='word_1_547' title='bbox 1034 3893 1143 3948; x_wconf 80' lang='lat' dir='ltr'>nisi</span> <span class='ocrx_word' id='word_1_548' title='bbox 1169 3895 1229 3948; x_wconf 85' lang='lat' dir='ltr'>in</span> <span class='ocrx_word' id='word_1_549' title='bbox 1258 3894 1447 3963; x_wconf 80' lang='lat' dir='ltr'>aliquo</span> <span class='ocrx_word' id='word_1_550' title='bbox 1465 3892 1643 3958; x_wconf 89' lang='lat' dir='ltr'>bono;</span> <span class='ocrx_word' id='word_1_551' title='bbox 1674 3896 1737 3945; x_wconf 86' lang='lat' dir='ltr'>ut</span> <span class='ocrx_word' id='word_1_552' title='bbox 1760 3890 1829 3944; x_wconf 90' lang='lat' dir='ltr'>de</span> 
     </span>
    </p>
   </div>
   <div class='ocr_carea' id='block_1_62' title="bbox 218 3978 1821 4057">
    <p class='ocr_par' dir='ltr' id='par_1_62' title="bbox 218 3978 1821 4057">
     <span class='ocr_line' id='line_1_62' title="bbox 218 3978 1821 4057; baseline -0.002 -23"><span class='ocrx_word' id='word_1_553' title='bbox 218 3979 391 4045; x_wconf 89' lang='lat' dir='ltr'>bono,</span> <span class='ocrx_word' id='word_1_554' title='bbox 418 3978 556 4055; x_wconf 83' lang='lat' dir='ltr'>quia</span> <span class='ocrx_word' id='word_1_555' title='bbox 575 3980 883 4057; x_wconf 68' lang='lat' dir='ltr'>malusest,</span> <span class='ocrx_word' id='word_1_556' title='bbox 903 3998 1006 4037; x_wconf 89' lang='lat' dir='ltr'>suo</span> <span class='ocrx_word' id='word_1_557' title='bbox 1020 3981 1154 4037; x_wconf 85' lang='lat' dir='ltr'>vitio</span> <span class='ocrx_word' id='word_1_558' title='bbox 1175 3982 1344 4036; x_wconf 79' lang='lat' dir='ltr'>faciat</span> <span class='ocrx_word' id='word_1_559' title='bbox 1365 3986 1422 4037; x_wconf 90' lang='lat' dir='ltr'>et</span> <span class='ocrx_word' id='word_1_560' title='bbox 1440 3981 1560 4052; x_wconf 86' lang='lat' dir='ltr'>ipse</span> <span class='ocrx_word' id='word_1_561' title='bbox 1589 3980 1821 4034; x_wconf 89' lang='lat' dir='ltr'>malum.</span> 
     </span>
    </p>
   </div>
   <div class='ocr_carea' id='block_1_63' title="bbox 229 4068 1827 4144">
    <p class='ocr_par' dir='ltr' id='par_1_63' title="bbox 229 4068 1827 4144">
     <span class='ocr_line' id='line_1_63' title="bbox 229 4068 1827 4144; baseline -0.001 -22"><span class='ocrx_word' id='word_1_562' title='bbox 229 4068 641 4125; x_wconf 74' lang='lat' dir='ltr'>Verumtamen</span> <span class='ocrx_word' id='word_1_563' title='bbox 670 4074 727 4125; x_wconf 87' lang='lat' dir='ltr'>et</span> <span class='ocrx_word' id='word_1_564' title='bbox 743 4072 851 4126; x_wconf 84' lang='lat' dir='ltr'>hoc</span> <span class='ocrx_word' id='word_1_565' title='bbox 864 4070 1050 4144; x_wconf 84' lang='lat' dir='ltr'>ipsum</span> <span class='ocrx_word' id='word_1_566' title='bbox 1062 4086 1175 4126; x_wconf 87' lang='lat' dir='ltr'>non</span> <span class='ocrx_word' id='word_1_567' title='bbox 1194 4071 1306 4126; x_wconf 88' lang='lat' dir='ltr'>nisi</span> <span class='ocrx_word' id='word_1_568' title='bbox 1329 4072 1464 4125; x_wconf 92' lang='lat' dir='ltr'>dum</span> <span class='ocrx_word' id='word_1_569' title='bbox 1484 4070 1694 4124; x_wconf 82' lang='lat' dir='ltr'>dormit</span> <span class='ocrx_word' id='word_1_570' title='bbox 1706 4068 1827 4139; x_wconf 90' lang='lat' dir='ltr'>ipse</span> 
     </span>
    </p>
   </div>
   <div class='ocr_carea' id='block_1_64' title="bbox 226 4156 1824 4230">
    <p class='ocr_par' dir='ltr' id='par_1_64' title="bbox 226 4156 1824 4230">
     <span class='ocr_line' id='line_1_64' title="bbox 226 4156 1824 4230; baseline -0.002 -17"><span class='ocrx_word' id='word_1_571' title='bbox 226 4170 398 4229; x_wconf 87' lang='lat' dir='ltr'>quem</span> <span class='ocrx_word' id='word_1_572' title='bbox 432 4159 661 4230; x_wconf 81' lang='lat' dir='ltr'>decipit.</span> <span class='ocrx_word' id='word_1_573' title='bbox 695 4160 853 4215; x_wconf 90' lang='lat' dir='ltr'>Unde</span> <span class='ocrx_word' id='word_1_574' title='bbox 871 4160 1086 4215; x_wconf 82' lang='lat' dir='ltr'>David:</span> <span class='ocrx_word' id='word_1_575' title='bbox 1116 4162 1590 4223; x_wconf 85' lang='lat' dir='ltr'>Dormitaverunt,</span> <span class='ocrx_word' id='word_1_576' title='bbox 1622 4156 1824 4228; x_wconf 88' lang='lat' dir='ltr'>inquit,</span> 
     </span>
    </p>
   </div>
   <div class='ocr_carea' id='block_1_65' title="bbox 230 4248 1831 4314">
    <p class='ocr_par' dir='ltr' id='par_1_65' title="bbox 230 4248 1831 4314">
     <span class='ocr_line' id='line_1_65' title="bbox 230 4248 1831 4314; baseline -0.001 -15"><span class='ocrx_word' id='word_1_577' title='bbox 230 4260 435 4313; x_wconf 81' lang='lat' dir='ltr'>omnes,</span> <span class='ocrx_word' id='word_1_578' title='bbox 454 4250 508 4300; x_wconf 85' lang='lat' dir='ltr'>et</span> <span class='ocrx_word' id='word_1_579' title='bbox 526 4248 879 4302; x_wconf 72' lang='lat' dir='ltr'>dormierunt</span> <span class='ocrx_word' id='word_1_580' title='bbox 894 4264 1153 4303; x_wconf 86' lang='lat' dir='ltr'>somnum</span> <span class='ocrx_word' id='word_1_581' title='bbox 1168 4264 1356 4314; x_wconf 80' lang='lat' dir='ltr'>suum,</span> <span class='ocrx_word' id='word_1_582' title='bbox 1376 4252 1424 4301; x_wconf 87' lang='lat' dir='ltr'>et</span> <span class='ocrx_word' id='word_1_583' title='bbox 1444 4248 1591 4300; x_wconf 83' lang='lat' dir='ltr'>nihil</span> <span class='ocrx_word' id='word_1_584' title='bbox 1612 4249 1831 4300; x_wconf 84' lang='lat' dir='ltr'>invene-</span> 
     </span>
    </p>
   </div>
   <div class='ocr_carea' id='block_1_66' title="bbox 227 4335 1827 4405">
    <p class='ocr_par' dir='ltr' id='par_1_66' title="bbox 227 4335 1827 4405">
     <span class='ocr_line' id='line_1_66' title="bbox 227 4335 1827 4405; baseline -0.001 -18"><span class='ocrx_word' id='word_1_585' title='bbox 227 4336 1034 4391; x_wconf 67' lang='lat' dir='ltr'>mntomnestiridivitiaritm</span> <span class='ocrx_word' id='word_1_586' title='bbox 1045 4336 1109 4391; x_wconf 76' lang='lat' dir='ltr'>in</span> <span class='ocrx_word' id='word_1_587' title='bbox 1120 4338 1379 4391; x_wconf 83' lang='lat' dir='ltr'>manibus</span> <span class='ocrx_word' id='word_1_588' title='bbox 1389 4335 1668 4405; x_wconf 81' lang='lat' dir='ltr'>suis(Psal.</span> <span class='ocrx_word' id='word_1_589' title='bbox 1690 4348 1827 4387; x_wconf 83' lang='lat' dir='ltr'>Lxxv</span> 
     </span>
    </p>
   </div>
   <div class='ocr_carea' id='block_1_67' title="bbox 232 4418 1822 4503">
    <p class='ocr_par' dir='ltr' id='par_1_67' title="bbox 232 4418 1822 4503">
     <span class='ocr_line' id='line_1_67' title="bbox 232 4418 1822 4503; baseline -0.001 -26"><span class='ocrx_word' id='word_1_590' title='bbox 232 4419 338 4489; x_wconf 65' lang='lat'>14].</span> <span class='ocrx_word' id='word_1_591' title='bbox 367 4422 593 4503; x_wconf 36' lang='lat' dir='ltr'>Idcirco.</span> <span class='ocrx_word' id='word_1_592' title='bbox 611 4422 869 4480; x_wconf 84' lang='lat' dir='ltr'>inimicus</span> <span class='ocrx_word' id='word_1_593' title='bbox 904 4418 1074 4480; x_wconf 84' lang='lat' dir='ltr'>homo</span> <span class='ocrx_word' id='word_1_594' title='bbox 1103 4423 1567 4497; x_wconf 87' lang='lat' dir='ltr'>superseminavit</span> <span class='ocrx_word' id='word_1_595' title='bbox 1594 4422 1822 4489; x_wconf 89' lang='lat' dir='ltr'>zizania,</span> 
     </span>
    </p>
   </div>
   <div class='ocr_carea' id='block_1_68' title="bbox 230 4511 1828 4584">
    <p class='ocr_par' dir='ltr' id='par_1_68' title="bbox 230 4511 1828 4584">
     <span class='ocr_line' id='line_1_68' title="bbox 230 4511 1828 4584; baseline 0.002 -22"><span class='ocrx_word' id='word_1_596' title='bbox 230 4514 299 4563; x_wconf 88' lang='lat' dir='ltr'>ut</span> <span class='ocrx_word' id='word_1_597' title='bbox 323 4515 443 4565; x_wconf 87' lang='lat' dir='ltr'>tota</span> <span class='ocrx_word' id='word_1_598' title='bbox 468 4511 685 4583; x_wconf 85' lang='lat' dir='ltr'>periret</span> <span class='ocrx_word' id='word_1_599' title='bbox 704 4513 997 4568; x_wconf 86' lang='lat' dir='ltr'>Dominica</span> <span class='ocrx_word' id='word_1_600' title='bbox 1022 4514 1236 4569; x_wconf 88' lang='lat' dir='ltr'>messis.</span> <span class='ocrx_word' id='word_1_601' title='bbox 1265 4513 1339 4568; x_wconf 89' lang='lat' dir='ltr'>Et</span> <span class='ocrx_word' id='word_1_602' title='bbox 1352 4514 1467 4584; x_wconf 89' lang='lat' dir='ltr'>egit</span> <span class='ocrx_word' id='word_1_603' title='bbox 1491 4513 1594 4566; x_wconf 89' lang='lat' dir='ltr'>hoc</span> <span class='ocrx_word' id='word_1_604' title='bbox 1615 4512 1828 4582; x_wconf 67' lang='lat' dir='ltr'>praesti-</span> 
     </span>
    </p>
   </div>
   <div class='ocr_carea' id='block_1_69' title="bbox 228 4590 1827 4669">
    <p class='ocr_par' dir='ltr' id='par_1_69' title="bbox 228 4590 1827 4669">
     <span class='ocr_line' id='line_1_69' title="bbox 228 4590 1827 4669; baseline 0 -16"><span class='ocrx_word' id='word_1_605' title='bbox 228 4598 324 4667; x_wconf 82' lang='lat' dir='ltr'>gio</span> <span class='ocrx_word' id='word_1_606' title='bbox 350 4615 453 4654; x_wconf 86' lang='lat' dir='ltr'>suo</span> <span class='ocrx_word' id='word_1_607' title='bbox 499 4590 811 4655; x_wconf 82' lang='lat' dir='ltr'>celantibus</span> <span class='ocrx_word' id='word_1_608' title='bbox 837 4601 1103 4669; x_wconf 81' lang='lat' dir='ltr'>tenebris,</span> <span class='ocrx_word' id='word_1_609' title='bbox 1147 4606 1213 4657; x_wconf 87' lang='lat' dir='ltr'>ut</span> <span class='ocrx_word' id='word_1_610' title='bbox 1252 4602 1580 4656; x_wconf 86' lang='lat' dir='ltr'>adulteratae</span> <span class='ocrx_word' id='word_1_611' title='bbox 1629 4600 1827 4654; x_wconf 84' lang='lat' dir='ltr'>messis</span> 
     </span>
    </p>
   </div>
   <div class='ocr_carea' id='block_1_70' title="bbox 227 4688 1825 4761">
    <p class='ocr_par' dir='ltr' id='par_1_70' title="bbox 227 4688 1825 4761">
     <span class='ocr_line' id='line_1_70' title="bbox 227 4688 1825 4761; baseline 0.001 -21"><span class='ocrx_word' id='word_1_612' title='bbox 227 4700 379 4742; x_wconf 81' lang='lat' dir='ltr'>noxa</span> <span class='ocrx_word' id='word_1_613' title='bbox 400 4688 749 4744; x_wconf 82' lang='lat' dir='ltr'>redundaret</span> <span class='ocrx_word' id='word_1_614' title='bbox 777 4690 850 4744; x_wconf 89' lang='lat' dir='ltr'>ad</span> <span class='ocrx_word' id='word_1_615' title='bbox 876 4706 1081 4757; x_wconf 86' lang='lat' dir='ltr'>servos,</span> <span class='ocrx_word' id='word_1_616' title='bbox 1115 4691 1357 4761; x_wconf 84' lang='lat' dir='ltr'>hincque</span> <span class='ocrx_word' id='word_1_617' title='bbox 1386 4705 1609 4761; x_wconf 69' lang='lat' dir='ltr'>pmnam</span> <span class='ocrx_word' id='word_1_618' title='bbox 1638 4704 1825 4743; x_wconf 90' lang='lat' dir='ltr'>sume-</span> 
     </span>
    </p>
   </div>
   <div class='ocr_carea' id='block_1_71' title="bbox 226 4777 1825 4850">
    <p class='ocr_par' dir='ltr' id='par_1_71' title="bbox 226 4777 1825 4850">
     <span class='ocr_line' id='line_1_71' title="bbox 226 4777 1825 4850; baseline 0.003 -23"><span class='ocrx_word' id='word_1_619' title='bbox 226 4781 358 4830; x_wconf 89' lang='lat' dir='ltr'>rent</span> <span class='ocrx_word' id='word_1_620' title='bbox 380 4777 533 4832; x_wconf 84' lang='lat' dir='ltr'>unde</span> <span class='ocrx_word' id='word_1_621' title='bbox 563 4782 937 4849; x_wconf 73' lang='lat' dir='ltr'>speraverant</span> <span class='ocrx_word' id='word_1_622' title='bbox 965 4780 1230 4850; x_wconf 89' lang='lat' dir='ltr'>palmam.</span> <span class='ocrx_word' id='word_1_623' title='bbox 1262 4780 1499 4849; x_wconf 80' lang='lat' dir='ltr'>PrOpter</span> <span class='ocrx_word' id='word_1_624' title='bbox 1528 4778 1677 4849; x_wconf 92' lang='lat' dir='ltr'>quod</span> <span class='ocrx_word' id='word_1_625' title='bbox 1711 4777 1825 4831; x_wconf 87' lang='lat' dir='ltr'>evi-</span> 
     </span>
    </p>
   </div>
   <div class='ocr_carea' id='block_1_72' title="bbox 225 4863 1825 4939">
    <p class='ocr_par' dir='ltr' id='par_1_72' title="bbox 225 4863 1825 4939">
     <span class='ocr_line' id='line_1_72' title="bbox 225 4863 1825 4939; baseline -0.001 -20"><span class='ocrx_word' id='word_1_626' title='bbox 225 4863 467 4933; x_wconf 83' lang='lat' dir='ltr'>gilantes</span> <span class='ocrx_word' id='word_1_627' title='bbox 496 4866 643 4921; x_wconf 84' lang='lat' dir='ltr'>servi</span> <span class='ocrx_word' id='word_1_628' title='bbox 670 4880 785 4939; x_wconf 73' lang='lat' dir='ltr'>prae</span> <span class='ocrx_word' id='word_1_629' title='bbox 811 4868 1016 4923; x_wconf 85' lang='lat' dir='ltr'>timore</span> <span class='ocrx_word' id='word_1_630' title='bbox 1044 4874 1101 4923; x_wconf 88' lang='lat' dir='ltr'>et</span> <span class='ocrx_word' id='word_1_631' title='bbox 1132 4883 1268 4922; x_wconf 89' lang='lat' dir='ltr'>cura</span> <span class='ocrx_word' id='word_1_632' title='bbox 1296 4883 1362 4922; x_wconf 91' lang='lat' dir='ltr'>eo</span> <span class='ocrx_word' id='word_1_633' title='bbox 1386 4867 1535 4937; x_wconf 89' lang='lat' dir='ltr'>quod</span> <span class='ocrx_word' id='word_1_634' title='bbox 1562 4870 1825 4921; x_wconf 81' lang='lat' dir='ltr'>evenerat</span> 
     </span>
    </p>
   </div>
   <div class='ocr_carea' id='block_1_73' title="bbox 228 4951 1825 5031">
    <p class='ocr_par' dir='ltr' id='par_1_73' title="bbox 228 4951 1825 5031">
     <span class='ocr_line' id='line_1_73' title="bbox 228 4951 1825 5031; baseline 0.002 -27"><span class='ocrx_word' id='word_1_635' title='bbox 228 4951 380 5008; x_wconf 86' lang='lat' dir='ltr'>istud</span> <span class='ocrx_word' id='word_1_636' title='bbox 397 4960 789 5031; x_wconf 77' lang='lat' dir='ltr'>expavescunt,</span> <span class='ocrx_word' id='word_1_637' title='bbox 808 4956 911 5010; x_wconf 93' lang='lat' dir='ltr'>hoc</span> <span class='ocrx_word' id='word_1_638' title='bbox 925 4961 1239 5011; x_wconf 87' lang='lat' dir='ltr'>metuentes</span> <span class='ocrx_word' id='word_1_639' title='bbox 1256 4973 1326 5010; x_wconf 91' lang='lat' dir='ltr'>ne</span> <span class='ocrx_word' id='word_1_640' title='bbox 1347 4956 1685 5010; x_wconf 86' lang='lat' dir='ltr'>zizaniorum</span> <span class='ocrx_word' id='word_1_641' title='bbox 1703 4969 1825 5024; x_wconf 83' lang='lat' dir='ltr'>ger-</span> 
     </span>
    </p>
   </div>
   <div class='ocr_carea' id='block_1_74' title="bbox 232 5034 1831 5114">
    <p class='ocr_par' dir='ltr' id='par_1_74' title="bbox 232 5034 1831 5114">
     <span class='ocr_line' id='line_1_74' title="bbox 232 5034 1831 5114; baseline 0.001 -20"><span class='ocrx_word' id='word_1_642' title='bbox 232 5041 389 5096; x_wconf 86' lang='lat' dir='ltr'>mina</span> <span class='ocrx_word' id='word_1_643' title='bbox 413 5044 483 5097; x_wconf 86' lang='lat' dir='ltr'>ad</span> <span class='ocrx_word' id='word_1_644' title='bbox 509 5042 736 5100; x_wconf 81' lang='lat' dir='ltr'>illorum</span> <span class='ocrx_word' id='word_1_645' title='bbox 762 5045 1107 5100; x_wconf 85' lang='lat' dir='ltr'>redundaret</span> <span class='ocrx_word' id='word_1_646' title='bbox 1127 5034 1414 5110; x_wconf 69' lang='lat' dir='ltr'>offensam,</span> <span class='ocrx_word' id='word_1_647' title='bbox 1434 5034 1672 5114; x_wconf 89' lang='lat' dir='ltr'>quorum</span> <span class='ocrx_word' id='word_1_648' title='bbox 1702 5059 1831 5097; x_wconf 82' lang='lat' dir='ltr'>con-</span> 
     </span>
    </p>
   </div>
   <div class='ocr_carea' id='block_1_75' title="bbox 231 5129 1825 5205">
    <p class='ocr_par' dir='ltr' id='par_1_75' title="bbox 231 5129 1825 5205">
     <span class='ocr_line' id='line_1_75' title="bbox 231 5129 1825 5205; baseline 0.002 -24"><span class='ocrx_word' id='word_1_649' title='bbox 231 5129 467 5186; x_wconf 81' lang='lat' dir='ltr'>scientia</span> <span class='ocrx_word' id='word_1_650' title='bbox 494 5137 702 5204; x_wconf 73' lang='lat' dir='ltr'>praeter</span> <span class='ocrx_word' id='word_1_651' title='bbox 722 5136 939 5205; x_wconf 67' lang='lat' dir='ltr'>factum</span> <span class='ocrx_word' id='word_1_652' title='bbox 974 5134 1107 5188; x_wconf 90' lang='lat' dir='ltr'>boni</span> <span class='ocrx_word' id='word_1_653' title='bbox 1136 5133 1367 5188; x_wconf 87' lang='lat' dir='ltr'>seminis</span> <span class='ocrx_word' id='word_1_654' title='bbox 1395 5132 1536 5186; x_wconf 86' lang='lat' dir='ltr'>nihil</span> <span class='ocrx_word' id='word_1_655' title='bbox 1564 5130 1825 5185; x_wconf 86' lang='lat' dir='ltr'>habebat.</span> 
     </span>
    </p>
   </div>
   <div class='ocr_carea' id='block_1_76' title="bbox 232 5216 1830 5293">
    <p class='ocr_par' dir='ltr' id='par_1_76' title="bbox 232 5216 1830 5293">
     <span class='ocr_line' id='line_1_76' title="bbox 232 5216 1830 5293; baseline 0.002 -23"><span class='ocrx_word' id='word_1_656' title='bbox 232 5216 393 5273; x_wconf 81' lang='lat' dir='ltr'>Unde</span> <span class='ocrx_word' id='word_1_657' title='bbox 416 5222 664 5292; x_wconf 81' lang='lat' dir='ltr'>cogitare</span> <span class='ocrx_word' id='word_1_658' title='bbox 689 5227 911 5293; x_wconf 83' lang='lat' dir='ltr'>Oportet</span> <span class='ocrx_word' id='word_1_659' title='bbox 930 5230 1099 5293; x_wconf 75' lang='lat' dir='ltr'>quam</span> <span class='ocrx_word' id='word_1_660' title='bbox 1128 5222 1501 5292; x_wconf 76' lang='lat' dir='ltr'>periculosum</span> <span class='ocrx_word' id='word_1_661' title='bbox 1528 5220 1601 5274; x_wconf 88' lang='lat' dir='ltr'>sit</span> <span class='ocrx_word' id='word_1_662' title='bbox 1618 5220 1707 5274; x_wconf 89' lang='lat' dir='ltr'>his</span> <span class='ocrx_word' id='word_1_663' title='bbox 1733 5219 1830 5291; x_wconf 90' lang='lat' dir='ltr'>qui</span> 
     </span>
    </p>
   </div>
   <div class='ocr_carea' id='block_1_77' title="bbox 230 5309 1830 5380">
    <p class='ocr_par' dir='ltr' id='par_1_77' title="bbox 230 5309 1830 5380">
     <span class='ocr_line' id='line_1_77' title="bbox 230 5309 1830 5380; baseline 0.001 -19"><span class='ocrx_word' id='word_1_664' title='bbox 230 5314 498 5376; x_wconf 79' lang='lat' dir='ltr'>praesunt,</span> <span class='ocrx_word' id='word_1_665' title='bbox 539 5309 695 5364; x_wconf 87' lang='lat' dir='ltr'>aliud</span> <span class='ocrx_word' id='word_1_666' title='bbox 737 5311 1049 5375; x_wconf 82' lang='lat' dir='ltr'>intendere,</span> <span class='ocrx_word' id='word_1_667' title='bbox 1078 5311 1168 5364; x_wconf 86' lang='lat' dir='ltr'>vel</span> <span class='ocrx_word' id='word_1_668' title='bbox 1210 5310 1433 5380; x_wconf 82' lang='lat' dir='ltr'>ignavia</span> <span class='ocrx_word' id='word_1_669' title='bbox 1474 5315 1715 5379; x_wconf 88' lang='lat' dir='ltr'>torpere.</span> <span class='ocrx_word' id='word_1_670' title='bbox 1747 5309 1830 5363; x_wconf 91' lang='lat' dir='ltr'>Ne</span> 
     </span>
    </p>
   </div>
   <div class='ocr_carea' id='block_1_78' title="bbox 231 5384 1836 5469">
    <p class='ocr_par' dir='ltr' id='par_1_78' title="bbox 231 5384 1836 5469">
     <span class='ocr_line' id='line_1_78' title="bbox 231 5384 1836 5469; baseline 0.001 -20"><span class='ocrx_word' id='word_1_671' title='bbox 231 5392 378 5452; x_wconf 77' lang='lat' dir='ltr'>forte</span> <span class='ocrx_word' id='word_1_672' title='bbox 404 5398 462 5451; x_wconf 76' lang='lat' dir='ltr'>in</span> <span class='ocrx_word' id='word_1_673' title='bbox 491 5410 681 5453; x_wconf 81' lang='lat' dir='ltr'>messe</span> <span class='ocrx_word' id='word_1_674' title='bbox 697 5384 802 5453; x_wconf 79' lang='lat' dir='ltr'>sibi</span> <span class='ocrx_word' id='word_1_675' title='bbox 826 5400 1125 5454; x_wconf 83' lang='lat' dir='ltr'>commissa</span> <span class='ocrx_word' id='word_1_676' title='bbox 1142 5398 1403 5453; x_wconf 85' lang='lat' dir='ltr'>inimicus</span> <span class='ocrx_word' id='word_1_677' title='bbox 1423 5398 1836 5469; x_wconf 88' lang='lat' dir='ltr'>superseminet</span> 
     </span>
    </p>
   </div>
   <div class='ocr_carea' id='block_1_79' title="bbox 234 5482 1837 5558">
    <p class='ocr_par' dir='ltr' id='par_1_79' title="bbox 234 5482 1837 5558">
     <span class='ocr_line' id='line_1_79' title="bbox 234 5482 1837 5558; baseline 0.002 -22"><span class='ocrx_word' id='word_1_678' title='bbox 234 5482 463 5555; x_wconf 62' lang='lat' dir='ltr'>zizania,</span> <span class='ocrx_word' id='word_1_679' title='bbox 508 5487 567 5541; x_wconf 89' lang='lat' dir='ltr'>id</span> <span class='ocrx_word' id='word_1_680' title='bbox 597 5492 685 5543; x_wconf 85' lang='lat' dir='ltr'>est</span> <span class='ocrx_word' id='word_1_681' title='bbox 711 5489 966 5555; x_wconf 80' lang='lat' dir='ltr'>crimina,</span> <span class='ocrx_word' id='word_1_682' title='bbox 998 5489 1087 5543; x_wconf 75' lang='lat' dir='ltr'>vel</span> <span class='ocrx_word' id='word_1_683' title='bbox 1122 5488 1401 5553; x_wconf 63' lang='lat' dir='ltr'>hmresim,</span> <span class='ocrx_word' id='word_1_684' title='bbox 1440 5487 1588 5541; x_wconf 89' lang='lat' dir='ltr'>unde</span> <span class='ocrx_word' id='word_1_685' title='bbox 1641 5491 1837 5558; x_wconf 86' lang='lat' dir='ltr'>pereat</span> 
     </span>
    </p>
   </div>
   <div class='ocr_carea' id='block_1_80' title="bbox 236 5570 1838 5660">
    <p class='ocr_par' dir='ltr' id='par_1_80' title="bbox 236 5570 1838 5660">
     <span class='ocr_line' id='line_1_80' title="bbox 236 5570 1838 5660; baseline -0.001 -27"><span class='ocrx_word' id='word_1_686' title='bbox 236 5570 444 5633; x_wconf 75' lang='lat' dir='ltr'>bonum</span> <span class='ocrx_word' id='word_1_687' title='bbox 460 5582 677 5658; x_wconf 69' lang='lat' dir='ltr'>semen,</span> <span class='ocrx_word' id='word_1_688' title='bbox 696 5578 845 5659; x_wconf 71' lang='lat' dir='ltr'>quod</span> <span class='ocrx_word' id='word_1_689' title='bbox 868 5586 904 5660; x_wconf 56' lang='grc' dir='ltr'><em>ᾳ</em></span> <span class='ocrx_word' id='word_1_690' title='bbox 928 5577 1169 5660; x_wconf 75' lang='lat' dir='ltr'>Domino</span> <span class='ocrx_word' id='word_1_691' title='bbox 1195 5572 1538 5635; x_wconf 81' lang='lat' dir='ltr'>seminatum</span> <span class='ocrx_word' id='word_1_692' title='bbox 1556 5580 1665 5633; x_wconf 83' lang='lat' dir='ltr'>est.</span> <span class='ocrx_word' id='word_1_693' title='bbox 1692 5574 1838 5641; x_wconf 86' lang='lat' dir='ltr'>Quia</span> 
     </span>
    </p>
   </div>
   <div class='ocr_carea' id='block_1_81' title="bbox 1913 3187 3518 3255">
    <p class='ocr_par' dir='ltr' id='par_1_81' title="bbox 1913 3187 3518 3255">
     <span class='ocr_line' id='line_1_81' title="bbox 1913 3187 3518 3255; baseline 0.002 -13"><span class='ocrx_word' id='word_1_694' title='bbox 1913 3193 2049 3242; x_wconf 89' lang='lat' dir='ltr'>runt</span> <span class='ocrx_word' id='word_1_695' title='bbox 2078 3204 2112 3241; x_wconf 89' lang='lat' dir='ltr'>a</span> <span class='ocrx_word' id='word_1_696' title='bbox 2143 3189 2278 3253; x_wconf 92' lang='lat' dir='ltr'>Deo,</span> <span class='ocrx_word' id='word_1_697' title='bbox 2311 3192 2377 3241; x_wconf 90' lang='lat' dir='ltr'>ut</span> <span class='ocrx_word' id='word_1_698' title='bbox 2403 3192 2522 3241; x_wconf 90' lang='lat' dir='ltr'>tam</span> <span class='ocrx_word' id='word_1_699' title='bbox 2549 3187 2677 3241; x_wconf 91' lang='lat' dir='ltr'>vani</span> <span class='ocrx_word' id='word_1_700' title='bbox 2707 3194 2894 3242; x_wconf 85' lang='lat' dir='ltr'>essent</span> <span class='ocrx_word' id='word_1_701' title='bbox 2926 3194 2984 3242; x_wconf 91' lang='lat' dir='ltr'>et</span> <span class='ocrx_word' id='word_1_702' title='bbox 3006 3189 3241 3255; x_wconf 89' lang='lat' dir='ltr'>steriles,</span> <span class='ocrx_word' id='word_1_703' title='bbox 3271 3188 3306 3243; x_wconf 63' lang='grc' dir='ltr'>εἰ</span> <span class='ocrx_word' id='word_1_704' title='bbox 3330 3189 3518 3246; x_wconf 81' lang='lat' dir='ltr'>fructu</span> 
     </span>
    </p>
   </div>
   <div class='ocr_carea' id='block_1_82' title="bbox 1914 3268 3518 3348">
    <p class='ocr_par' dir='ltr' id='par_1_82' title="bbox 1914 3268 3518 3348">
     <span class='ocr_line' id='line_1_82' title="bbox 1914 3268 3518 3348; baseline 0.001 -18"><span class='ocrx_word' id='word_1_705' title='bbox 1914 3276 2102 3341; x_wconf 90' lang='lat' dir='ltr'>alieni,</span> <span class='ocrx_word' id='word_1_706' title='bbox 2132 3276 2215 3330; x_wconf 91' lang='lat' dir='ltr'>ita</span> <span class='ocrx_word' id='word_1_707' title='bbox 2261 3281 2327 3330; x_wconf 91' lang='lat' dir='ltr'>ut</span> <span class='ocrx_word' id='word_1_708' title='bbox 2384 3277 2524 3330; x_wconf 89' lang='lat' dir='ltr'>nihil</span> <span class='ocrx_word' id='word_1_709' title='bbox 2554 3277 2708 3331; x_wconf 91' lang='lat' dir='ltr'>aliud</span> <span class='ocrx_word' id='word_1_710' title='bbox 2745 3292 2914 3348; x_wconf 87' lang='lat' dir='ltr'>quam</span> <span class='ocrx_word' id='word_1_711' title='bbox 2959 3278 3156 3333; x_wconf 90' lang='lat' dir='ltr'>lolium</span> <span class='ocrx_word' id='word_1_712' title='bbox 3191 3268 3518 3333; x_wconf 85' lang='lat' dir='ltr'>viderentur</span> 
     </span>
    </p>
   </div>
   <div class='ocr_carea' id='block_1_83' title="bbox 1912 3364 3514 3436">
    <p class='ocr_par' dir='ltr' id='par_1_83' title="bbox 1912 3364 3514 3436">
     <span class='ocr_line' id='line_1_83' title="bbox 1912 3364 3514 3436; baseline 0.001 -18"><span class='ocrx_word' id='word_1_713' title='bbox 1912 3364 2097 3436; x_wconf 89' lang='lat' dir='ltr'>parati</span> <span class='ocrx_word' id='word_1_714' title='bbox 2123 3364 2310 3434; x_wconf 88' lang='lat' dir='ltr'>potius</span> <span class='ocrx_word' id='word_1_715' title='bbox 2339 3364 2411 3417; x_wconf 91' lang='lat' dir='ltr'>ad</span> <span class='ocrx_word' id='word_1_716' title='bbox 2438 3364 2774 3434; x_wconf 88' lang='lat' dir='ltr'>gehennam,</span> <span class='ocrx_word' id='word_1_717' title='bbox 2791 3380 2961 3435; x_wconf 90' lang='lat' dir='ltr'>quam</span> <span class='ocrx_word' id='word_1_718' title='bbox 2980 3365 3136 3436; x_wconf 87' lang='lat' dir='ltr'>digni</span> <span class='ocrx_word' id='word_1_719' title='bbox 3161 3372 3226 3420; x_wconf 90' lang='lat' dir='ltr'>ut</span> <span class='ocrx_word' id='word_1_720' title='bbox 3245 3366 3514 3420; x_wconf 86' lang='lat' dir='ltr'>reconde-</span> 
     </span>
    </p>
   </div>
   <div class='ocr_carea' id='block_1_84' title="bbox 1912 3442 3510 3522">
    <p class='ocr_par' dir='ltr' id='par_1_84' title="bbox 1912 3442 3510 3522">
     <span class='ocr_line' id='line_1_84' title="bbox 1912 3442 3510 3522; baseline 0.001 -16"><span class='ocrx_word' id='word_1_721' title='bbox 1912 3456 2111 3506; x_wconf 85' lang='lat' dir='ltr'>rentur</span> <span class='ocrx_word' id='word_1_722' title='bbox 2138 3451 2198 3503; x_wconf 89' lang='lat' dir='ltr'>in</span> <span class='ocrx_word' id='word_1_723' title='bbox 2228 3451 2491 3505; x_wconf 87' lang='lat' dir='ltr'>horreum</span> <span class='ocrx_word' id='word_1_724' title='bbox 2542 3442 2792 3522; x_wconf 87' lang='lat' dir='ltr'>paradisi</span> <span class='ocrx_word' id='word_1_725' title='bbox 2834 3450 2905 3506; x_wconf 87' lang='lat' dir='ltr'>ad</span> <span class='ocrx_word' id='word_1_726' title='bbox 2942 3454 3091 3522; x_wconf 90' lang='lat' dir='ltr'>quod</span> <span class='ocrx_word' id='word_1_727' title='bbox 3127 3454 3301 3507; x_wconf 86' lang='lat' dir='ltr'>creati</span> <span class='ocrx_word' id='word_1_728' title='bbox 3327 3459 3510 3508; x_wconf 88' lang='lat' dir='ltr'>erant.</span> 
     </span>
    </p>
   </div>
   <div class='ocr_carea' id='block_1_85' title="bbox 1912 3534 3511 3609">
    <p class='ocr_par' dir='ltr' id='par_1_85' title="bbox 1912 3534 3511 3609">
     <span class='ocr_line' id='line_1_85' title="bbox 1912 3534 3511 3609; baseline 0.003 -18"><span class='ocrx_word' id='word_1_729' title='bbox 1912 3538 2124 3592; x_wconf 90' lang='lat' dir='ltr'>Idcirco</span> <span class='ocrx_word' id='word_1_730' title='bbox 2152 3543 2331 3592; x_wconf 90' lang='lat' dir='ltr'>cesset</span> <span class='ocrx_word' id='word_1_731' title='bbox 2358 3539 2608 3592; x_wconf 86' lang='lat' dir='ltr'>humana</span> <span class='ocrx_word' id='word_1_732' title='bbox 2648 3540 3039 3609; x_wconf 70' lang='lat' dir='ltr'>praesumptio,</span> <span class='ocrx_word' id='word_1_733' title='bbox 3080 3546 3260 3595; x_wconf 89' lang='lat' dir='ltr'>cesset</span> <span class='ocrx_word' id='word_1_734' title='bbox 3286 3534 3511 3596; x_wconf 75' lang='lat' dir='ltr'>haereti-</span> 
     </span>
    </p>
   </div>
   <div class='ocr_carea' id='block_1_86' title="bbox 1913 3625 3513 3699">
    <p class='ocr_par' dir='ltr' id='par_1_86' title="bbox 1913 3625 3513 3699">
     <span class='ocr_line' id='line_1_86' title="bbox 1913 3625 3513 3699; baseline 0.002 -19"><span class='ocrx_word' id='word_1_735' title='bbox 1913 3642 2104 3680; x_wconf 90' lang='lat' dir='ltr'>corum</span> <span class='ocrx_word' id='word_1_736' title='bbox 2134 3625 2395 3696; x_wconf 86' lang='lat' dir='ltr'>pravitas,</span> <span class='ocrx_word' id='word_1_737' title='bbox 2424 3626 2519 3697; x_wconf 90' lang='lat' dir='ltr'>qui</span> <span class='ocrx_word' id='word_1_738' title='bbox 2541 3626 2610 3680; x_wconf 90' lang='lat' dir='ltr'>de</span> <span class='ocrx_word' id='word_1_739' title='bbox 2641 3626 2828 3680; x_wconf 88' lang='lat' dir='ltr'>divino</span> <span class='ocrx_word' id='word_1_740' title='bbox 2845 3626 3057 3696; x_wconf 87' lang='lat' dir='ltr'>judicio</span> <span class='ocrx_word' id='word_1_741' title='bbox 3079 3625 3137 3681; x_wconf 83' lang='lat' dir='ltr'>et</span> <span class='ocrx_word' id='word_1_742' title='bbox 3160 3629 3513 3699; x_wconf 59' lang='lat' dir='ltr'>praescientia</span> 
     </span>
    </p>
   </div>
   <div class='ocr_carea' id='block_1_87' title="bbox 1911 3714 3506 3787">
    <p class='ocr_par' dir='ltr' id='par_1_87' title="bbox 1911 3714 3506 3787">
     <span class='ocr_line' id='line_1_87' title="bbox 1911 3714 3506 3787; baseline 0.001 -18"><span class='ocrx_word' id='word_1_743' title='bbox 1911 3714 2012 3769; x_wconf 91' lang='lat' dir='ltr'>Dei</span> <span class='ocrx_word' id='word_1_744' title='bbox 2027 3720 2239 3768; x_wconf 91' lang='lat' dir='ltr'>temere</span> <span class='ocrx_word' id='word_1_745' title='bbox 2254 3714 2467 3784; x_wconf 86' lang='lat' dir='ltr'>aliquid</span> <span class='ocrx_word' id='word_1_746' title='bbox 2478 3715 2713 3768; x_wconf 84' lang='lat' dir='ltr'>deﬁnire</span> <span class='ocrx_word' id='word_1_747' title='bbox 2726 3715 2813 3767; x_wconf 91' lang='lat' dir='ltr'>vel</span> <span class='ocrx_word' id='word_1_748' title='bbox 2825 3731 3119 3770; x_wconf 89' lang='lat' dir='ltr'>susurrare</span> <span class='ocrx_word' id='word_1_749' title='bbox 3138 3722 3506 3787; x_wconf 69' lang='lat' dir='ltr'>praesumunt,</span> 
     </span>
    </p>
   </div>
   <div class='ocr_carea' id='block_1_88' title="bbox 1910 3795 3510 3874">
    <p class='ocr_par' dir='ltr' id='par_1_88' title="bbox 1910 3795 3510 3874">
     <span class='ocr_line' id='line_1_88' title="bbox 1910 3795 3510 3874; baseline 0.001 -17"><span class='ocrx_word' id='word_1_750' title='bbox 1910 3820 2037 3857; x_wconf 91' lang='lat' dir='ltr'>cum</span> <span class='ocrx_word' id='word_1_751' title='bbox 2059 3809 2116 3857; x_wconf 86' lang='lat' dir='ltr'>et</span> <span class='ocrx_word' id='word_1_752' title='bbox 2134 3802 2240 3874; x_wconf 91' lang='lat' dir='ltr'>ipsi</span> <span class='ocrx_word' id='word_1_753' title='bbox 2267 3803 2471 3872; x_wconf 88' lang='lat' dir='ltr'>angeli,</span> <span class='ocrx_word' id='word_1_754' title='bbox 2503 3802 2595 3873; x_wconf 92' lang='lat' dir='ltr'>pie</span> <span class='ocrx_word' id='word_1_755' title='bbox 2612 3803 3012 3871; x_wconf 89' lang='lat' dir='ltr'>interrogando</span> <span class='ocrx_word' id='word_1_756' title='bbox 3043 3795 3104 3857; x_wconf 71' lang='lat' dir='ltr'>ee</span> <span class='ocrx_word' id='word_1_757' title='bbox 3131 3804 3394 3873; x_wconf 86' lang='lat' dir='ltr'>ignorare</span> <span class='ocrx_word' id='word_1_758' title='bbox 3422 3806 3510 3858; x_wconf 81' lang='lat' dir='ltr'>ta-</span> 
     </span>
    </p>
   </div>
   <div class='ocr_carea' id='block_1_89' title="bbox 1910 3889 3511 3962">
    <p class='ocr_par' dir='ltr' id='par_1_89' title="bbox 1910 3889 3511 3962">
     <span class='ocr_line' id='line_1_89' title="bbox 1910 3889 3511 3962; baseline 0.001 -18"><span class='ocrx_word' id='word_1_759' title='bbox 1910 3896 2104 3945; x_wconf 90' lang='lat' dir='ltr'>tentur</span> <span class='ocrx_word' id='word_1_760' title='bbox 2134 3906 2243 3962; x_wconf 92' lang='lat' dir='ltr'>quo</span> <span class='ocrx_word' id='word_1_761' title='bbox 2285 3889 2499 3960; x_wconf 90' lang='lat' dir='ltr'>judicio</span> <span class='ocrx_word' id='word_1_762' title='bbox 2527 3890 2842 3959; x_wconf 89' lang='lat' dir='ltr'>contigerit.</span> <span class='ocrx_word' id='word_1_763' title='bbox 2896 3891 3005 3944; x_wconf 87' lang='lat' dir='ltr'>Sed</span> <span class='ocrx_word' id='word_1_764' title='bbox 3041 3890 3261 3945; x_wconf 86' lang='lat' dir='ltr'>divinus</span> <span class='ocrx_word' id='word_1_765' title='bbox 3297 3890 3511 3946; x_wconf 83' lang='lat' dir='ltr'>arbiter</span> 
     </span>
    </p>
   </div>
   <div class='ocr_carea' id='block_1_90' title="bbox 1911 3977 3506 4051">
    <p class='ocr_par' dir='ltr' id='par_1_90' title="bbox 1911 3977 3506 4051">
     <span class='ocr_line' id='line_1_90' title="bbox 1911 3977 3506 4051; baseline 0.001 -17"><span class='ocrx_word' id='word_1_766' title='bbox 1911 3980 2081 4050; x_wconf 84' lang='lat' dir='ltr'>longe</span> <span class='ocrx_word' id='word_1_767' title='bbox 2107 3996 2168 4034; x_wconf 90' lang='lat' dir='ltr'>se</span> <span class='ocrx_word' id='word_1_768' title='bbox 2194 3984 2252 4033; x_wconf 90' lang='lat' dir='ltr'>et</span> <span class='ocrx_word' id='word_1_769' title='bbox 2277 3978 2427 4050; x_wconf 88' lang='lat' dir='ltr'>ipsos</span> <span class='ocrx_word' id='word_1_770' title='bbox 2453 3977 2681 4048; x_wconf 88' lang='lat' dir='ltr'>angelos</span> <span class='ocrx_word' id='word_1_771' title='bbox 2727 3982 2951 4032; x_wconf 90' lang='lat' dir='ltr'>sanctos</span> <span class='ocrx_word' id='word_1_772' title='bbox 2978 3982 3228 4033; x_wconf 87' lang='lat' dir='ltr'>removet</span> <span class='ocrx_word' id='word_1_773' title='bbox 3256 3995 3291 4033; x_wconf 89' lang='lat' dir='ltr'>a</span> <span class='ocrx_word' id='word_1_774' title='bbox 3319 3980 3506 4051; x_wconf 87' lang='lat' dir='ltr'>culpa.</span> 
     </span>
    </p>
   </div>
   <div class='ocr_carea' id='block_1_91' title="bbox 1912 4062 3509 4137">
    <p class='ocr_par' dir='ltr' id='par_1_91' title="bbox 1912 4062 3509 4137">
     <span class='ocr_line' id='line_1_91' title="bbox 1912 4062 3509 4137; baseline 0.001 -16"><span class='ocrx_word' id='word_1_775' title='bbox 1912 4069 2184 4122; x_wconf 76' lang='lat' dir='ltr'>Inimicus</span> <span class='ocrx_word' id='word_1_776' title='bbox 2211 4067 2386 4133; x_wconf 87' lang='lat' dir='ltr'>homo,</span> <span class='ocrx_word' id='word_1_777' title='bbox 2416 4065 2619 4136; x_wconf 87' lang='lat' dir='ltr'>inquit,</span> <span class='ocrx_word' id='word_1_778' title='bbox 2650 4066 2747 4119; x_wconf 83' lang='lat' dir='ltr'>hoc</span> <span class='ocrx_word' id='word_1_779' title='bbox 2771 4067 2916 4132; x_wconf 80' lang='lat' dir='ltr'>fecit,</span> <span class='ocrx_word' id='word_1_780' title='bbox 2955 4066 3088 4137; x_wconf 89' lang='lat' dir='ltr'>quia</span> <span class='ocrx_word' id='word_1_781' title='bbox 3114 4066 3307 4122; x_wconf 77' lang='lat' dir='ltr'>infecit</span> <span class='ocrx_word' id='word_1_782' title='bbox 3350 4074 3408 4123; x_wconf 94' lang='lat' dir='ltr'>et</span> <span class='ocrx_word' id='word_1_783' title='bbox 3430 4062 3509 4123; x_wconf 84' lang='lat' dir='ltr'>vi-</span> 
     </span>
    </p>
   </div>
   <div class='ocr_carea' id='block_1_92' title="bbox 1910 4154 3508 4225">
    <p class='ocr_par' dir='ltr' id='par_1_92' title="bbox 1910 4154 3508 4225">
     <span class='ocr_line' id='line_1_92' title="bbox 1910 4154 3508 4225; baseline 0.003 -17"><span class='ocrx_word' id='word_1_784' title='bbox 1910 4156 2074 4209; x_wconf 89' lang='lat' dir='ltr'>tiavit</span> <span class='ocrx_word' id='word_1_785' title='bbox 2099 4155 2309 4210; x_wconf 91' lang='lat' dir='ltr'>bonum</span> <span class='ocrx_word' id='word_1_786' title='bbox 2342 4155 2490 4225; x_wconf 90' lang='lat' dir='ltr'>quod</span> <span class='ocrx_word' id='word_1_787' title='bbox 2518 4171 2553 4208; x_wconf 86' lang='lat' dir='ltr'>a</span> <span class='ocrx_word' id='word_1_788' title='bbox 2579 4154 2725 4209; x_wconf 88' lang='lat' dir='ltr'>bono</span> <span class='ocrx_word' id='word_1_789' title='bbox 2754 4160 3007 4210; x_wconf 90' lang='lat' dir='ltr'>creatum</span> <span class='ocrx_word' id='word_1_790' title='bbox 3048 4161 3151 4223; x_wconf 89' lang='lat' dir='ltr'>est,</span> <span class='ocrx_word' id='word_1_791' title='bbox 3184 4161 3243 4211; x_wconf 90' lang='lat' dir='ltr'>et</span> <span class='ocrx_word' id='word_1_792' title='bbox 3269 4157 3508 4213; x_wconf 73' lang='lat' dir='ltr'>semina~</span> 
     </span>
    </p>
   </div>
   <div class='ocr_carea' id='block_1_93' title="bbox 1908 4242 3513 4318">
    <p class='ocr_par' dir='ltr' id='par_1_93' title="bbox 1908 4242 3513 4318">
     <span class='ocr_line' id='line_1_93' title="bbox 1908 4242 3513 4318; baseline 0.002 -20"><span class='ocrx_word' id='word_1_793' title='bbox 1908 4249 2031 4298; x_wconf 92' lang='lat' dir='ltr'>tum</span> <span class='ocrx_word' id='word_1_794' title='bbox 2062 4244 2120 4298; x_wconf 92' lang='lat' dir='ltr'>in</span> <span class='ocrx_word' id='word_1_795' title='bbox 2149 4243 2379 4298; x_wconf 91' lang='lat' dir='ltr'>mundo.</span> <span class='ocrx_word' id='word_1_796' title='bbox 2415 4243 2571 4307; x_wconf 89' lang='lat' dir='ltr'>Quod</span> <span class='ocrx_word' id='word_1_797' title='bbox 2603 4242 2651 4297; x_wconf 90' lang='lat' dir='ltr'>si</span> <span class='ocrx_word' id='word_1_798' title='bbox 2681 4243 2942 4314; x_wconf 89' lang='lat' dir='ltr'>deinceps</span> <span class='ocrx_word' id='word_1_799' title='bbox 2971 4244 3103 4299; x_wconf 88' lang='lat' dir='ltr'>velit</span> <span class='ocrx_word' id='word_1_800' title='bbox 3128 4246 3331 4318; x_wconf 86' lang='lat' dir='ltr'>aliquis</span> <span class='ocrx_word' id='word_1_801' title='bbox 3358 4248 3513 4302; x_wconf 80' lang='lat' dir='ltr'>ultra</span> 
     </span>
    </p>
   </div>
   <div class='ocr_carea' id='block_1_94' title="bbox 1912 4332 3513 4404">
    <p class='ocr_par' dir='ltr' id='par_1_94' title="bbox 1912 4332 3513 4404">
     <span class='ocr_line' id='line_1_94' title="bbox 1912 4332 3513 4404; baseline 0.004 -19"><span class='ocrx_word' id='word_1_802' title='bbox 1912 4332 2278 4403; x_wconf 84' lang='lat' dir='ltr'>interrogare,</span> <span class='ocrx_word' id='word_1_803' title='bbox 2304 4348 2477 4404; x_wconf 90' lang='lat' dir='ltr'>quare</span> <span class='ocrx_word' id='word_1_804' title='bbox 2505 4348 2673 4402; x_wconf 89' lang='lat' dir='ltr'>quem</span> <span class='ocrx_word' id='word_1_805' title='bbox 2713 4332 2870 4386; x_wconf 89' lang='lat' dir='ltr'>nulla</span> <span class='ocrx_word' id='word_1_806' title='bbox 2900 4332 3095 4400; x_wconf 88' lang='lat' dir='ltr'>latent,</span> <span class='ocrx_word' id='word_1_807' title='bbox 3130 4334 3299 4389; x_wconf 90' lang='lat' dir='ltr'>etiam</span> <span class='ocrx_word' id='word_1_808' title='bbox 3341 4341 3513 4390; x_wconf 85' lang='lat' dir='ltr'>ante-</span> 
     </span>
    </p>
   </div>
   <div class='ocr_carea' id='block_1_95' title="bbox 1912 4421 3510 4493">
    <p class='ocr_par' dir='ltr' id='par_1_95' title="bbox 1912 4421 3510 4493">
     <span class='ocr_line' id='line_1_95' title="bbox 1912 4421 3510 4493; baseline 0.003 -18"><span class='ocrx_word' id='word_1_809' title='bbox 1912 4437 2081 4492; x_wconf 85' lang='lat' dir='ltr'>quam</span> <span class='ocrx_word' id='word_1_810' title='bbox 2111 4422 2268 4487; x_wconf 84' lang='lat' dir='ltr'>ﬁant,</span> <span class='ocrx_word' id='word_1_811' title='bbox 2300 4421 2406 4475; x_wconf 89' lang='lat' dir='ltr'>hoc</span> <span class='ocrx_word' id='word_1_812' title='bbox 2441 4421 2797 4492; x_wconf 87' lang='lat' dir='ltr'>permiserit?</span> <span class='ocrx_word' id='word_1_813' title='bbox 2825 4421 3079 4476; x_wconf 87' lang='lat' dir='ltr'>Profecto</span> <span class='ocrx_word' id='word_1_814' title='bbox 3105 4423 3238 4493; x_wconf 89' lang='lat' dir='ltr'>quia</span> <span class='ocrx_word' id='word_1_815' title='bbox 3268 4424 3408 4478; x_wconf 91' lang='lat' dir='ltr'>nihil</span> <span class='ocrx_word' id='word_1_816' title='bbox 3455 4424 3510 4480; x_wconf 85' lang='lat' dir='ltr'>ei</span> 
     </span>
    </p>
   </div>
   <div class='ocr_carea' id='block_1_96' title="bbox 1909 4508 3510 4583">
    <p class='ocr_par' dir='ltr' id='par_1_96' title="bbox 1909 4508 3510 4583">
     <span class='ocr_line' id='line_1_96' title="bbox 1909 4508 3510 4583; baseline 0.003 -20"><span class='ocrx_word' id='word_1_817' title='bbox 1909 4510 2162 4581; x_wconf 89' lang='lat' dir='ltr'>deperire</span> <span class='ocrx_word' id='word_1_818' title='bbox 2174 4514 2376 4581; x_wconf 90' lang='lat' dir='ltr'>potest,</span> <span class='ocrx_word' id='word_1_819' title='bbox 2394 4515 2452 4565; x_wconf 91' lang='lat' dir='ltr'>et</span> <span class='ocrx_word' id='word_1_820' title='bbox 2469 4509 2594 4580; x_wconf 87' lang='lat' dir='ltr'>plus</span> <span class='ocrx_word' id='word_1_821' title='bbox 2623 4508 2729 4563; x_wconf 83' lang='lat' dir='ltr'>fuit</span> <span class='ocrx_word' id='word_1_822' title='bbox 2745 4510 2983 4581; x_wconf 85' lang='lat' dir='ltr'>mystica</span> <span class='ocrx_word' id='word_1_823' title='bbox 2998 4511 3317 4567; x_wconf 88' lang='lat' dir='ltr'>discernere</span> <span class='ocrx_word' id='word_1_824' title='bbox 3339 4524 3510 4583; x_wconf 82' lang='lat' dir='ltr'>quam</span> 
     </span>
    </p>
   </div>
   <div class='ocr_carea' id='block_1_97' title="bbox 1909 4597 3511 4672">
    <p class='ocr_par' dir='ltr' id='par_1_97' title="bbox 1909 4597 3511 4672">
     <span class='ocr_line' id='line_1_97' title="bbox 1909 4597 3511 4672; baseline 0.002 -21"><span class='ocrx_word' id='word_1_825' title='bbox 1909 4598 2239 4669; x_wconf 85' lang='lat' dir='ltr'>mysterium</span> <span class='ocrx_word' id='word_1_826' title='bbox 2269 4597 2584 4669; x_wconf 89' lang='lat' dir='ltr'>prohibere.</span> <span class='ocrx_word' id='word_1_827' title='bbox 2605 4597 2748 4661; x_wconf 90' lang='lat' dir='ltr'>Quia</span> <span class='ocrx_word' id='word_1_828' title='bbox 2778 4600 2961 4669; x_wconf 88' lang='lat' dir='ltr'>majus</span> <span class='ocrx_word' id='word_1_829' title='bbox 2992 4605 3078 4653; x_wconf 90' lang='lat' dir='ltr'>est</span> <span class='ocrx_word' id='word_1_830' title='bbox 3102 4614 3366 4671; x_wconf 87' lang='lat' dir='ltr'>reparare</span> <span class='ocrx_word' id='word_1_831' title='bbox 3387 4598 3511 4672; x_wconf 82' lang='lat' dir='ltr'>per-</span> 
     </span>
    </p>
   </div>
   <div class='ocr_carea' id='block_1_98' title="bbox 1909 4686 3511 4761">
    <p class='ocr_par' dir='ltr' id='par_1_98' title="bbox 1909 4686 3511 4761">
     <span class='ocr_line' id='line_1_98' title="bbox 1909 4686 3511 4761; baseline 0.003 -21"><span class='ocrx_word' id='word_1_832' title='bbox 1909 4687 2047 4751; x_wconf 90' lang='lat' dir='ltr'>dita,</span> <span class='ocrx_word' id='word_1_833' title='bbox 2080 4702 2250 4757; x_wconf 91' lang='lat' dir='ltr'>quam</span> <span class='ocrx_word' id='word_1_834' title='bbox 2276 4702 2499 4740; x_wconf 89' lang='lat' dir='ltr'>servare</span> <span class='ocrx_word' id='word_1_835' title='bbox 2527 4686 2716 4739; x_wconf 60' lang='lat' dir='ltr'>illaesa.</span> <span class='ocrx_word' id='word_1_836' title='bbox 2754 4686 3046 4757; x_wconf 91' lang='lat' dir='ltr'>Simulque</span> <span class='ocrx_word' id='word_1_837' title='bbox 3077 4687 3314 4743; x_wconf 89' lang='lat' dir='ltr'>observa</span> <span class='ocrx_word' id='word_1_838' title='bbox 3362 4690 3511 4761; x_wconf 91' lang='lat' dir='ltr'>quod</span> 
     </span>
    </p>
   </div>
   <div class='ocr_carea' id='block_1_99' title="bbox 1902 4775 3511 4847">
    <p class='ocr_par' dir='ltr' id='par_1_99' title="bbox 1902 4775 3511 4847">
     <span class='ocr_line' id='line_1_99' title="bbox 1902 4775 3511 4847; baseline 0.003 -18"><span class='ocrx_word' id='word_1_839' title='bbox 1902 4776 2024 4847; x_wconf 80' lang='lat' dir='ltr'>jam</span> <span class='ocrx_word' id='word_1_840' title='bbox 2053 4790 2384 4845; x_wconf 90' lang='lat' dir='ltr'>responsum</span> <span class='ocrx_word' id='word_1_841' title='bbox 2409 4780 2512 4840; x_wconf 89' lang='lat' dir='ltr'>est,</span> <span class='ocrx_word' id='word_1_842' title='bbox 2535 4775 2669 4844; x_wconf 89' lang='lat' dir='ltr'>quia</span> <span class='ocrx_word' id='word_1_843' title='bbox 2697 4780 2920 4844; x_wconf 88' lang='lat' dir='ltr'>oportet</span> <span class='ocrx_word' id='word_1_844' title='bbox 2940 4775 3167 4842; x_wconf 88' lang='lat' dir='ltr'>zizania,</span> <span class='ocrx_word' id='word_1_845' title='bbox 3200 4777 3259 4832; x_wconf 90' lang='lat' dir='ltr'>id</span> <span class='ocrx_word' id='word_1_846' title='bbox 3282 4776 3370 4833; x_wconf 87' lang='lat' dir='ltr'>est</span> <span class='ocrx_word' id='word_1_847' title='bbox 3393 4780 3511 4834; x_wconf 69' lang='lat' dir='ltr'>hae-</span> 
     </span>
    </p>
   </div>
   <div class='ocr_carea' id='block_1_100' title="bbox 1908 4862 3508 4934">
    <p class='ocr_par' dir='ltr' id='par_1_100' title="bbox 1908 4862 3508 4934">
     <span class='ocr_line' id='line_1_100' title="bbox 1908 4862 3508 4934; baseline 0.004 -17"><span class='ocrx_word' id='word_1_848' title='bbox 1908 4880 2059 4919; x_wconf 86' lang='lat' dir='ltr'>reses</span> <span class='ocrx_word' id='word_1_849' title='bbox 2090 4880 2231 4927; x_wconf 90' lang='lat' dir='ltr'>esse,</span> <span class='ocrx_word' id='word_1_850' title='bbox 2270 4868 2336 4918; x_wconf 90' lang='lat' dir='ltr'>ut</span> <span class='ocrx_word' id='word_1_851' title='bbox 2371 4862 2594 4934; x_wconf 88' lang='lat' dir='ltr'>probati</span> <span class='ocrx_word' id='word_1_852' title='bbox 2634 4862 2915 4918; x_wconf 78' lang='lat' dir='ltr'>manifesti</span> <span class='ocrx_word' id='word_1_853' title='bbox 2940 4864 3099 4919; x_wconf 87' lang='lat' dir='ltr'>ﬁant.</span> <span class='ocrx_word' id='word_1_854' title='bbox 3132 4865 3291 4921; x_wconf 90' lang='lat' dir='ltr'>Tunc</span> <span class='ocrx_word' id='word_1_855' title='bbox 3322 4868 3508 4923; x_wconf 87' lang='lat' dir='ltr'>devoti</span> 
     </span>
    </p>
   </div>
   <div class='ocr_carea' id='block_1_101' title="bbox 1910 4948 3514 5022">
    <p class='ocr_par' dir='ltr' id='par_1_101' title="bbox 1910 4948 3514 5022">
     <span class='ocr_line' id='line_1_101' title="bbox 1910 4948 3514 5022; baseline 0.002 -15"><span class='ocrx_word' id='word_1_856' title='bbox 1910 4953 2073 5018; x_wconf 89' lang='lat' dir='ltr'>servi,</span> <span class='ocrx_word' id='word_1_857' title='bbox 2102 4954 2182 5007; x_wconf 87' lang='lat' dir='ltr'>Vis</span> <span class='ocrx_word' id='word_1_858' title='bbox 2210 4955 2377 5018; x_wconf 87' lang='lat' dir='ltr'>imus,</span> <span class='ocrx_word' id='word_1_859' title='bbox 2395 4951 2676 5022; x_wconf 84' lang='lat' dir='ltr'>inquiunt,</span> <span class='ocrx_word' id='word_1_860' title='bbox 2712 4957 2760 5006; x_wconf 87' lang='lat' dir='ltr'>et</span> <span class='ocrx_word' id='word_1_861' title='bbox 2791 4955 3105 5020; x_wconf 80' lang='lat' dir='ltr'>colligimus</span> <span class='ocrx_word' id='word_1_862' title='bbox 3133 4958 3402 5010; x_wconf 80' lang='lat' dir='ltr'>zizania?</span> <span class='ocrx_word' id='word_1_863' title='bbox 3430 4948 3514 5011; x_wconf 81' lang='lat' dir='ltr'>ln-</span> 
     </span>
    </p>
   </div>
   <div class='ocr_carea' id='block_1_102' title="bbox 1910 5040 3506 5115">
    <p class='ocr_par' dir='ltr' id='par_1_102' title="bbox 1910 5040 3506 5115">
     <span class='ocr_line' id='line_1_102' title="bbox 1910 5040 3506 5115; baseline 0.002 -21"><span class='ocrx_word' id='word_1_864' title='bbox 1910 5041 2111 5095; x_wconf 85' lang='lat' dir='ltr'>defessi</span> <span class='ocrx_word' id='word_1_865' title='bbox 2129 5042 2335 5112; x_wconf 90' lang='lat' dir='ltr'>quippe</span> <span class='ocrx_word' id='word_1_866' title='bbox 2351 5056 2514 5094; x_wconf 83' lang='lat' dir='ltr'>suum</span> <span class='ocrx_word' id='word_1_867' title='bbox 2530 5040 2773 5094; x_wconf 80' lang='lat' dir='ltr'>offerunt</span> <span class='ocrx_word' id='word_1_868' title='bbox 2787 5040 3057 5110; x_wconf 87' lang='lat' dir='ltr'>laborem,</span> <span class='ocrx_word' id='word_1_869' title='bbox 3072 5059 3175 5097; x_wconf 92' lang='lat' dir='ltr'>nec</span> <span class='ocrx_word' id='word_1_870' title='bbox 3192 5043 3506 5115; x_wconf 88' lang='lat' dir='ltr'>patiuntur,</span> 
     </span>
    </p>
   </div>
   <div class='ocr_carea' id='block_1_103' title="bbox 1912 5128 3516 5200">
    <p class='ocr_par' dir='ltr' id='par_1_103' title="bbox 1912 5128 3516 5200">
     <span class='ocr_line' id='line_1_103' title="bbox 1912 5128 3516 5200; baseline 0.003 -16"><span class='ocrx_word' id='word_1_871' title='bbox 1912 5129 2216 5184; x_wconf 66' lang='lat' dir='ltr'>Dominicaa</span> <span class='ocrx_word' id='word_1_872' title='bbox 2233 5128 2449 5193; x_wconf 81' lang='lat' dir='ltr'>messis,</span> <span class='ocrx_word' id='word_1_873' title='bbox 2466 5129 2667 5182; x_wconf 90' lang='lat' dir='ltr'>saltem</span> <span class='ocrx_word' id='word_1_874' title='bbox 2681 5129 3285 5200; x_wconf 88' lang='lat' dir='ltr'>temporaliter,videre</span> <span class='ocrx_word' id='word_1_875' title='bbox 3295 5137 3516 5189; x_wconf 88' lang='lat' dir='ltr'>tantam</span> 
     </span>
    </p>
   </div>
   <div class='ocr_carea' id='block_1_104' title="bbox 1911 5217 3517 5291">
    <p class='ocr_par' dir='ltr' id='par_1_104' title="bbox 1911 5217 3517 5291">
     <span class='ocr_line' id='line_1_104' title="bbox 1911 5217 3517 5291; baseline 0.004 -20"><span class='ocrx_word' id='word_1_876' title='bbox 1911 5217 2240 5271; x_wconf 66' lang='lat' dir='ltr'>foeditatem.</span> <span class='ocrx_word' id='word_1_877' title='bbox 2263 5217 2666 5271; x_wconf 86' lang='lat' dir='ltr'>Verumtamen</span> <span class='ocrx_word' id='word_1_878' title='bbox 2700 5217 2824 5287; x_wconf 90' lang='lat' dir='ltr'>pius</span> <span class='ocrx_word' id='word_1_879' title='bbox 2853 5218 3147 5287; x_wconf 90' lang='lat' dir='ltr'>Dominus,</span> <span class='ocrx_word' id='word_1_880' title='bbox 3180 5236 3347 5291; x_wconf 87' lang='lat' dir='ltr'>quem</span> <span class='ocrx_word' id='word_1_881' title='bbox 3374 5226 3517 5279; x_wconf 81' lang='lat' dir='ltr'>tem-</span> 
     </span>
    </p>
   </div>
   <div class='ocr_carea' id='block_1_105' title="bbox 1913 5306 3517 5381">
    <p class='ocr_par' dir='ltr' id='par_1_105' title="bbox 1913 5306 3517 5381">
     <span class='ocr_line' id='line_1_105' title="bbox 1913 5306 3517 5381; baseline 0.004 -22"><span class='ocrx_word' id='word_1_882' title='bbox 1913 5318 2051 5378; x_wconf 85' lang='lat' dir='ltr'>pora</span> <span class='ocrx_word' id='word_1_883' title='bbox 2079 5321 2191 5360; x_wconf 89' lang='lat' dir='ltr'>non</span> <span class='ocrx_word' id='word_1_884' title='bbox 2222 5306 2479 5376; x_wconf 84' lang='lat' dir='ltr'>fatigant,</span> <span class='ocrx_word' id='word_1_885' title='bbox 2500 5306 2597 5376; x_wconf 81' lang='lat' dir='ltr'>qui</span> <span class='ocrx_word' id='word_1_886' title='bbox 2626 5307 2848 5376; x_wconf 88' lang='lat' dir='ltr'>quando</span> <span class='ocrx_word' id='word_1_887' title='bbox 2873 5309 2993 5362; x_wconf 90' lang='lat' dir='ltr'>vult</span> <span class='ocrx_word' id='word_1_888' title='bbox 3023 5326 3154 5363; x_wconf 88' lang='lat' dir='ltr'>suas</span> <span class='ocrx_word' id='word_1_889' title='bbox 3174 5315 3359 5381; x_wconf 88' lang='lat' dir='ltr'>potest</span> <span class='ocrx_word' id='word_1_890' title='bbox 3387 5313 3517 5367; x_wconf 77' lang='lat' dir='ltr'>abo—</span> 
     </span>
    </p>
   </div>
   <div class='ocr_carea' id='block_1_106' title="bbox 1916 5394 3518 5466">
    <p class='ocr_par' dir='ltr' id='par_1_106' title="bbox 1916 5394 3518 5466">
     <span class='ocr_line' id='line_1_106' title="bbox 1916 5394 3518 5466; baseline 0.004 -17"><span class='ocrx_word' id='word_1_891' title='bbox 1916 5396 2033 5450; x_wconf 91' lang='lat' dir='ltr'>lere</span> <span class='ocrx_word' id='word_1_892' title='bbox 2054 5394 2312 5465; x_wconf 89' lang='lat' dir='ltr'>injurias,</span> <span class='ocrx_word' id='word_1_893' title='bbox 2336 5396 2534 5460; x_wconf 72' lang='lat' dir='ltr'>Sinite,</span> <span class='ocrx_word' id='word_1_894' title='bbox 2567 5394 2768 5466; x_wconf 89' lang='lat' dir='ltr'>inquit,</span> <span class='ocrx_word' id='word_1_895' title='bbox 2784 5412 2953 5466; x_wconf 84' lang='lat' dir='ltr'>usque</span> <span class='ocrx_word' id='word_1_896' title='bbox 2965 5400 3041 5452; x_wconf 86' lang='lat' dir='ltr'>ad</span> <span class='ocrx_word' id='word_1_897' title='bbox 3052 5414 3292 5466; x_wconf 82' lang='lat' dir='ltr'>messem,</span> <span class='ocrx_word' id='word_1_898' title='bbox 3317 5404 3375 5455; x_wconf 91' lang='lat' dir='ltr'>et</span> <span class='ocrx_word' id='word_1_899' title='bbox 3390 5404 3518 5456; x_wconf 74' lang='lat' dir='ltr'>cou-</span> 
     </span>
    </p>
   </div>
   <div class='ocr_carea' id='block_1_107' title="bbox 1914 5483 2905 5556">
    <p class='ocr_par' dir='ltr' id='par_1_107' title="bbox 1914 5483 2905 5556">
     <span class='ocr_line' id='line_1_107' title="bbox 1914 5483 2905 5556; baseline 0.001 -18"><span class='ocrx_word' id='word_1_900' title='bbox 1914 5484 2077 5540; x_wconf 86' lang='lat' dir='ltr'>tinuo</span> <span class='ocrx_word' id='word_1_901' title='bbox 2105 5483 2319 5538; x_wconf 85' lang='lat' dir='ltr'>addidit</span> <span class='ocrx_word' id='word_1_902' title='bbox 2343 5498 2444 5537; x_wconf 90' lang='lat' dir='ltr'>cur</span> <span class='ocrx_word' id='word_1_903' title='bbox 2476 5483 2578 5539; x_wconf 88' lang='lat' dir='ltr'>hoc</span> <span class='ocrx_word' id='word_1_904' title='bbox 2596 5484 2905 5556; x_wconf 82' lang='lat' dir='ltr'>praecipiat.</span> 
     </span>
    </p>
   </div>
   <div class='ocr_carea' id='block_1_108' title="bbox 1979 5564 3518 5643">
    <p class='ocr_par' dir='ltr' id='par_1_108' title="bbox 1979 5564 3518 5643">
     <span class='ocr_line' id='line_1_108' title="bbox 1979 5564 3518 5643; baseline -0.001 -14"><span class='ocrx_word' id='word_1_905' title='bbox 1979 5574 2059 5630; x_wconf 87' lang='lat' dir='ltr'>Ne</span> <span class='ocrx_word' id='word_1_906' title='bbox 2081 5575 2251 5642; x_wconf 76' lang='lat' dir='ltr'>forte,</span> <span class='ocrx_word' id='word_1_907' title='bbox 2278 5564 2480 5642; x_wconf 79' lang='lat' dir='ltr'>inquit,</span> <span class='ocrx_word' id='word_1_908' title='bbox 2512 5573 2653 5628; x_wconf 75' lang='lat' dir='ltr'>dum</span> <span class='ocrx_word' id='word_1_909' title='bbox 2682 5575 2853 5632; x_wconf 63' lang='lat' dir='ltr'>auiti:</span> <span class='ocrx_word' id='word_1_910' title='bbox 2870 5568 3097 5633; x_wconf 64' lang='lat' dir='ltr'>evellere</span> <span class='ocrx_word' id='word_1_911' title='bbox 3115 5588 3366 5643; x_wconf 73' lang='lat' dir='ltr'>suanm,</span> <span class='ocrx_word' id='word_1_912' title='bbox 3391 5575 3518 5628; x_wconf 65' lang='lat' dir='ltr'>erd—</span> 
     </span>
    </p>
   </div>
  </div>
