  <div class='ocr_page' id='page_1' title='image "/cluster/home/n/w/nwhite01/storage/ocr_20150623/120/hvd.32044054759824/253.png"; bbox 0 0 3918 6176; ppageno 0'>
   <div class='ocr_carea' id='block_1_1' title="bbox 483 349 591 409">
    <p class='ocr_par' dir='ltr' id='par_1_1' title="bbox 483 349 591 409">
     <span class='ocr_line' id='line_1_1' title="bbox 483 349 591 409; baseline 0.028 -3"><span class='ocrx_word' id='word_1_1' title='bbox 483 349 591 409; x_wconf 70' lang='grc'><strong>495</strong></span> 
     </span>
    </p>
   </div>
   <div class='ocr_carea' id='block_1_2' title="bbox 1251 334 2998 402">
    <p class='ocr_par' dir='ltr' id='par_1_2' title="bbox 1251 334 2998 402">
     <span class='ocr_line' id='line_1_2' title="bbox 1251 334 2998 402; baseline -0.004 -1"><span class='ocrx_word' id='word_1_2' title='bbox 1251 347 1309 402; x_wconf 92' lang='lat' dir='ltr'><strong>S.</strong></span> <span class='ocrx_word' id='word_1_3' title='bbox 1350 344 1723 400; x_wconf 79' lang='lat' dir='ltr'><strong>PASCHASII</strong></span> <span class='ocrx_word' id='word_1_4' title='bbox 1763 334 2131 398; x_wconf 83' lang='lat' dir='ltr'><strong>RADBERTI</strong></span> <span class='ocrx_word' id='word_1_5' title='bbox 2166 336 2470 394; x_wconf 80' lang='lat' dir='ltr'><strong>ABBATIS</strong></span> <span class='ocrx_word' id='word_1_6' title='bbox 2507 339 2998 397; x_wconf 85' lang='lat' dir='ltr'><strong>CORBEIENSIS.</strong></span> 
     </span>
    </p>
   </div>
   <div class='ocr_carea' id='block_1_3' title="bbox 3598 346 3682 403">
    <p class='ocr_par' dir='ltr' id='par_1_3' title="bbox 3598 346 3682 403">
     <span class='ocr_line' id='line_1_3' title="bbox 3598 346 3682 403; baseline 0.024 -2"><span class='ocrx_word' id='word_1_7' title='bbox 3598 346 3682 403; x_wconf 74' lang='grc'><strong>496</strong></span> 
     </span>
    </p>
   </div>
   <div class='ocr_carea' id='block_1_4' title="bbox 486 464 3681 541">
    <p class='ocr_par' dir='ltr' id='par_1_4' title="bbox 486 464 3681 541">
     <span class='ocr_line' id='line_1_4' title="bbox 486 464 3681 541; baseline -0.003 -9"><span class='ocrx_word' id='word_1_8' title='bbox 486 477 676 532; x_wconf 82' lang='lat' dir='ltr'><strong>dicetis</strong></span> <span class='ocrx_word' id='word_1_9' title='bbox 718 477 890 529; x_wconf 85' lang='lat' dir='ltr'><strong>simul</strong></span> <span class='ocrx_word' id='word_1_10' title='bbox 926 478 975 528; x_wconf 85' lang='lat' dir='ltr'><strong>et</strong></span> <span class='ocrx_word' id='word_1_11' title='bbox 1015 474 1286 526; x_wconf 75' lang='lat' dir='ltr'><strong>triticum.</strong></span> <span class='ocrx_word' id='word_1_12' title='bbox 1316 468 1578 541; x_wconf 82' lang='lat' dir='ltr'><strong>Alioquin</strong></span> <span class='ocrx_word' id='word_1_13' title='bbox 1606 466 2073 522; x_wconf 70' lang='lat' dir='ltr'><strong>clementissimus</strong></span> <span class='ocrx_word' id='word_1_14' title='bbox 2089 464 2141 522; x_wconf 83' lang='grc' dir='ltr'><strong>Α</strong></span> <span class='ocrx_word' id='word_1_15' title='bbox 2160 478 2394 533; x_wconf 83' lang='lat' dir='ltr'><strong>regnum</strong></span> <span class='ocrx_word' id='word_1_16' title='bbox 2407 464 2670 519; x_wconf 71' lang='lat' dir='ltr'><strong>caelorum</strong></span> <span class='ocrx_word' id='word_1_17' title='bbox 2691 480 2795 519; x_wconf 89' lang='lat' dir='ltr'><strong>sua</strong></span> <span class='ocrx_word' id='word_1_18' title='bbox 2808 464 3201 535; x_wconf 86' lang='lat' dir='ltr'><strong>singularitate</strong></span> <span class='ocrx_word' id='word_1_19' title='bbox 3213 468 3681 538; x_wconf 69' lang='lat' dir='ltr'><strong>potens,aaternitate</strong></span> 
     </span>
    </p>
   </div>
   <div class='ocr_carea' id='block_1_5' title="bbox 485 555 2076 630">
    <p class='ocr_par' dir='ltr' id='par_1_5' title="bbox 485 555 2076 630">
     <span class='ocr_line' id='line_1_5' title="bbox 485 555 2076 630; baseline -0.008 -11"><span class='ocrx_word' id='word_1_20' title='bbox 485 563 780 627; x_wconf 84' lang='lat' dir='ltr'><strong>Dominus,</strong></span> <span class='ocrx_word' id='word_1_21' title='bbox 795 562 901 617; x_wconf 85' lang='lat' dir='ltr'>nisi</span> <span class='ocrx_word' id='word_1_22' title='bbox 922 562 1025 614; x_wconf 91' lang='lat' dir='ltr'><strong>hoc</strong></span> <span class='ocrx_word' id='word_1_23' title='bbox 1042 560 1268 630; x_wconf 90' lang='lat' dir='ltr'><strong>juberet</strong></span> <span class='ocrx_word' id='word_1_24' title='bbox 1288 559 1566 611; x_wconf 78' lang='lat' dir='ltr'><strong>videretur</strong></span> <span class='ocrx_word' id='word_1_25' title='bbox 1584 558 1779 610; x_wconf 85' lang='lat' dir='ltr'><strong>tollere</strong></span> <span class='ocrx_word' id='word_1_26' title='bbox 1798 555 2076 626; x_wconf 71' lang='lat' dir='ltr'><strong>poeniten-</strong></span> 
     </span>
    </p>
   </div>
   <div class='ocr_carea' id='block_1_6' title="bbox 487 642 2069 719">
    <p class='ocr_par' dir='ltr' id='par_1_6' title="bbox 487 642 2069 719">
     <span class='ocr_line' id='line_1_6' title="bbox 487 642 2069 719; baseline -0.008 -13"><span class='ocrx_word' id='word_1_27' title='bbox 487 652 648 706; x_wconf 88' lang='lat' dir='ltr'><strong>tiam.</strong></span> <span class='ocrx_word' id='word_1_28' title='bbox 696 652 804 705; x_wconf 89' lang='lat' dir='ltr'><strong>Sed</strong></span> <span class='ocrx_word' id='word_1_29' title='bbox 858 648 1104 719; x_wconf 81' lang='lat' dir='ltr'><strong>imperiti</strong></span> <span class='ocrx_word' id='word_1_30' title='bbox 1135 648 1374 701; x_wconf 77' lang='lat' dir='ltr'><strong>cultores</strong></span> <span class='ocrx_word' id='word_1_31' title='bbox 1402 650 1460 699; x_wconf 90' lang='lat' dir='ltr'><strong>et</strong></span> <span class='ocrx_word' id='word_1_32' title='bbox 1511 645 1695 716; x_wconf 85' lang='lat' dir='ltr'><strong>operis</strong></span> <span class='ocrx_word' id='word_1_33' title='bbox 1744 643 1845 698; x_wconf 86' lang='lat' dir='ltr'><strong>Dei</strong></span> <span class='ocrx_word' id='word_1_34' title='bbox 1881 642 2069 704; x_wconf 84' lang='lat' dir='ltr'><strong>nescii,</strong></span> 
     </span>
    </p>
   </div>
   <div class='ocr_carea' id='block_1_7' title="bbox 486 731 2073 811">
    <p class='ocr_par' dir='ltr' id='par_1_7' title="bbox 486 731 2073 811">
     <span class='ocr_line' id='line_1_7' title="bbox 486 731 2073 811; baseline -0.008 -15"><span class='ocrx_word' id='word_1_35' title='bbox 486 757 670 811; x_wconf 86' lang='lat' dir='ltr'><strong>neque</strong></span> <span class='ocrx_word' id='word_1_36' title='bbox 726 738 1009 792; x_wconf 84' lang='lat' dir='ltr'><strong>scientiam</strong></span> <span class='ocrx_word' id='word_1_37' title='bbox 1056 734 1411 788; x_wconf 77' lang='lat' dir='ltr'><strong>discretionis</strong></span> <span class='ocrx_word' id='word_1_38' title='bbox 1449 733 1737 797; x_wconf 80' lang='lat' dir='ltr'><strong>habentes,</strong></span> <span class='ocrx_word' id='word_1_39' title='bbox 1770 731 2073 802; x_wconf 84' lang='lat' dir='ltr'><strong>aliquando</strong></span> 
     </span>
    </p>
   </div>
   <div class='ocr_carea' id='block_1_8' title="bbox 486 820 2074 897">
    <p class='ocr_par' dir='ltr' id='par_1_8' title="bbox 486 820 2074 897">
     <span class='ocr_line' id='line_1_8' title="bbox 486 820 2074 897; baseline -0.008 -14"><span class='ocrx_word' id='word_1_40' title='bbox 486 831 621 883; x_wconf 89' lang='lat' dir='ltr'><strong>dum</strong></span> <span class='ocrx_word' id='word_1_41' title='bbox 670 826 905 897; x_wconf 87' lang='lat' dir='ltr'><strong>cupiunt</strong></span> <span class='ocrx_word' id='word_1_42' title='bbox 939 824 1173 877; x_wconf 86' lang='lat' dir='ltr'><strong>evellere</strong></span> <span class='ocrx_word' id='word_1_43' title='bbox 1215 822 1430 886; x_wconf 88' lang='lat' dir='ltr'><strong>lolium,</strong></span> <span class='ocrx_word' id='word_1_44' title='bbox 1478 822 1765 874; x_wconf 82' lang='lat' dir='ltr'><strong>eradicant</strong></span> <span class='ocrx_word' id='word_1_45' title='bbox 1803 820 1969 872; x_wconf 85' lang='lat' dir='ltr'><strong>simul</strong></span> <span class='ocrx_word' id='word_1_46' title='bbox 2017 825 2074 871; x_wconf 91' lang='lat' dir='ltr'><strong>et</strong></span> 
     </span>
    </p>
   </div>
   <div class='ocr_carea' id='block_1_9' title="bbox 487 908 2066 978">
    <p class='ocr_par' dir='ltr' id='par_1_9' title="bbox 487 908 2066 978">
     <span class='ocr_line' id='line_1_9' title="bbox 487 908 2066 978; baseline -0.007 -8"><span class='ocrx_word' id='word_1_47' title='bbox 487 917 761 970; x_wconf 85' lang='lat' dir='ltr'><strong>triticum.</strong></span> <span class='ocrx_word' id='word_1_48' title='bbox 800 915 924 968; x_wconf 82' lang='lat' dir='ltr'><strong>Non</strong></span> <span class='ocrx_word' id='word_1_49' title='bbox 966 913 1088 966; x_wconf 92' lang='lat' dir='ltr'><strong>dico</strong></span> <span class='ocrx_word' id='word_1_50' title='bbox 1119 917 1184 965; x_wconf 91' lang='lat' dir='ltr'><strong>ut</strong></span> <span class='ocrx_word' id='word_1_51' title='bbox 1218 910 1593 964; x_wconf 82' lang='lat' dir='ltr'><strong>contradicam</strong></span> <span class='ocrx_word' id='word_1_52' title='bbox 1630 909 1765 962; x_wconf 90' lang='lat' dir='ltr'><strong>illud</strong></span> <span class='ocrx_word' id='word_1_53' title='bbox 1795 908 2066 978; x_wconf 87' lang='lat' dir='ltr'><strong>Apostoli,</strong></span> 
     </span>
    </p>
   </div>
   <div class='ocr_carea' id='block_1_10' title="bbox 482 997 2071 1071">
    <p class='ocr_par' dir='ltr' id='par_1_10' title="bbox 482 997 2071 1071">
     <span class='ocr_line' id='line_1_10' title="bbox 482 997 2071 1071; baseline -0.006 -12"><span class='ocrx_word' id='word_1_54' title='bbox 482 1006 708 1071; x_wconf 80' lang='lat' dir='ltr'><strong>Auferte</strong></span> <span class='ocrx_word' id='word_1_55' title='bbox 736 1006 949 1055; x_wconf 79' lang='lat' dir='ltr'><strong>malum</strong></span> <span class='ocrx_word' id='word_1_56' title='bbox 980 1018 1044 1054; x_wconf 69' lang='lat' dir='ltr'><strong>ea;</strong></span> <span class='ocrx_word' id='word_1_57' title='bbox 1071 1002 1217 1054; x_wconf 82' lang='lat' dir='ltr'><strong>robis</strong></span> <span class='ocrx_word' id='word_1_58' title='bbox 1242 1002 1289 1055; x_wconf 76' lang='lat' dir='ltr'><strong>ll</strong></span> <span class='ocrx_word' id='word_1_59' title='bbox 1303 1001 1424 1051; x_wconf 67' lang='lat' dir='ltr'><strong>(Sor.</strong></span> <span class='ocrx_word' id='word_1_60' title='bbox 1447 1016 1498 1057; x_wconf 86' lang='lat' dir='ltr'><strong>v,</strong></span> <span class='ocrx_word' id='word_1_61' title='bbox 1530 997 1619 1063; x_wconf 83' lang='lat'><strong>13)</strong></span> <span class='ocrx_word' id='word_1_62' title='bbox 1642 1016 1654 1063; x_wconf 86' lang='lat'><strong>;</strong></span> <span class='ocrx_word' id='word_1_63' title='bbox 1681 997 1825 1067; x_wconf 89' lang='lat' dir='ltr'><strong>quod</strong></span> <span class='ocrx_word' id='word_1_64' title='bbox 1855 1005 2071 1050; x_wconf 85' lang='lat' dir='ltr'><strong>contra-</strong></span> 
     </span>
    </p>
   </div>
   <div class='ocr_carea' id='block_1_11' title="bbox 481 1085 2072 1149">
    <p class='ocr_par' dir='ltr' id='par_1_11' title="bbox 481 1085 2072 1149">
     <span class='ocr_line' id='line_1_11' title="bbox 481 1085 2072 1149; baseline -0.004 -4"><span class='ocrx_word' id='word_1_65' title='bbox 481 1092 628 1146; x_wconf 88' lang='lat' dir='ltr'><strong>rium</strong></span> <span class='ocrx_word' id='word_1_66' title='bbox 660 1090 788 1144; x_wconf 89' lang='lat' dir='ltr'><strong>huic</strong></span> <span class='ocrx_word' id='word_1_67' title='bbox 816 1090 935 1145; x_wconf 93' lang='lat' dir='ltr'><strong>loco</strong></span> <span class='ocrx_word' id='word_1_68' title='bbox 960 1106 1160 1143; x_wconf 89' lang='lat' dir='ltr'><strong>sonare</strong></span> <span class='ocrx_word' id='word_1_69' title='bbox 1190 1088 1410 1141; x_wconf 84' lang='lat' dir='ltr'><strong>videtur</strong></span> <span class='ocrx_word' id='word_1_70' title='bbox 1453 1085 1559 1140; x_wconf 97' lang='lat' dir='ltr'><strong>Sed</strong></span> <span class='ocrx_word' id='word_1_71' title='bbox 1595 1086 1746 1139; x_wconf 81' lang='lat' dir='ltr'><strong>aliud</strong></span> <span class='ocrx_word' id='word_1_72' title='bbox 1769 1090 1959 1149; x_wconf 58' lang='grc' dir='ltr'><strong>ἥδε)</strong></span> <span class='ocrx_word' id='word_1_73' title='bbox 1987 1092 2072 1139; x_wconf 92' lang='lat' dir='ltr'><strong>est</strong></span> 
     </span>
    </p>
   </div>
   <div class='ocr_carea' id='block_1_12' title="bbox 480 1173 2070 1247">
    <p class='ocr_par' dir='ltr' id='par_1_12' title="bbox 480 1173 2070 1247">
     <span class='ocr_line' id='line_1_12' title="bbox 480 1173 2070 1247; baseline -0.004 -14"><span class='ocrx_word' id='word_1_74' title='bbox 480 1180 550 1234; x_wconf 89' lang='lat' dir='ltr'><strong>de</strong></span> <span class='ocrx_word' id='word_1_75' title='bbox 605 1178 914 1232; x_wconf 84' lang='lat' dir='ltr'><strong>manifestis</strong></span> <span class='ocrx_word' id='word_1_76' title='bbox 968 1176 1289 1247; x_wconf 82' lang='lat' dir='ltr'><strong>apertisque</strong></span> <span class='ocrx_word' id='word_1_77' title='bbox 1336 1173 1663 1228; x_wconf 88' lang='lat' dir='ltr'><strong>criminibus</strong></span> <span class='ocrx_word' id='word_1_78' title='bbox 1710 1174 1965 1243; x_wconf 86' lang='lat' dir='ltr'><strong>judicare</strong></span> <span class='ocrx_word' id='word_1_79' title='bbox 2010 1173 2070 1227; x_wconf 90' lang='lat' dir='ltr'><strong>in</strong></span> 
     </span>
    </p>
   </div>
   <div class='ocr_carea' id='block_1_13' title="bbox 481 1261 2072 1334">
    <p class='ocr_par' dir='ltr' id='par_1_13' title="bbox 481 1261 2072 1334">
     <span class='ocr_line' id='line_1_13' title="bbox 481 1261 2072 1334; baseline -0.005 -12"><span class='ocrx_word' id='word_1_80' title='bbox 481 1267 744 1331; x_wconf 78' lang='lat' dir='ltr'><strong>Ecclesia,</strong></span> <span class='ocrx_word' id='word_1_81' title='bbox 778 1266 927 1320; x_wconf 84' lang='lat' dir='ltr'><strong>aliud</strong></span> <span class='ocrx_word' id='word_1_82' title='bbox 977 1266 1046 1318; x_wconf 87' lang='lat' dir='ltr'><strong>de</strong></span> <span class='ocrx_word' id='word_1_83' title='bbox 1094 1265 1181 1317; x_wconf 85' lang='lat' dir='ltr'><strong>his</strong></span> <span class='ocrx_word' id='word_1_84' title='bbox 1219 1281 1341 1334; x_wconf 66' lang='lat' dir='ltr'><strong>quae</strong></span> <span class='ocrx_word' id='word_1_85' title='bbox 1371 1263 1552 1316; x_wconf 90' lang='lat' dir='ltr'><strong>adhuc</strong></span> <span class='ocrx_word' id='word_1_86' title='bbox 1582 1263 1741 1333; x_wconf 88' lang='lat' dir='ltr'><strong>quasi</strong></span> <span class='ocrx_word' id='word_1_87' title='bbox 1788 1262 1842 1315; x_wconf 89' lang='lat' dir='ltr'><strong>in</strong></span> <span class='ocrx_word' id='word_1_88' title='bbox 1900 1261 2072 1315; x_wconf 89' lang='lat' dir='ltr'><strong>herba</strong></span> 
     </span>
    </p>
   </div>
   <div class='ocr_carea' id='block_1_14' title="bbox 479 1350 2066 1422">
    <p class='ocr_par' dir='ltr' id='par_1_14' title="bbox 479 1350 2066 1422">
     <span class='ocr_line' id='line_1_14' title="bbox 479 1350 2066 1422; baseline -0.006 -12"><span class='ocrx_word' id='word_1_89' title='bbox 479 1357 676 1410; x_wconf 83' lang='lat' dir='ltr'><strong>latent.</strong></span> <span class='ocrx_word' id='word_1_90' title='bbox 708 1357 851 1408; x_wconf 75' lang='lat' dir='ltr'><strong>Nam</strong></span> <span class='ocrx_word' id='word_1_91' title='bbox 891 1353 1115 1415; x_wconf 88' lang='lat' dir='ltr'><strong>zizania,</strong></span> <span class='ocrx_word' id='word_1_92' title='bbox 1147 1352 1291 1422; x_wconf 90' lang='lat' dir='ltr'><strong>quod</strong></span> <span class='ocrx_word' id='word_1_93' title='bbox 1325 1368 1426 1405; x_wconf 79' lang='lat' dir='ltr'><strong>nos</strong></span> <span class='ocrx_word' id='word_1_94' title='bbox 1456 1351 1647 1404; x_wconf 89' lang='lat' dir='ltr'><strong>lolium</strong></span> <span class='ocrx_word' id='word_1_95' title='bbox 1671 1368 1792 1404; x_wconf 88' lang='lat' dir='ltr'><strong>esse</strong></span> <span class='ocrx_word' id='word_1_96' title='bbox 1812 1350 2066 1411; x_wconf 76' lang='lat' dir='ltr'><strong>dicimus,</strong></span> 
     </span>
    </p>
   </div>
   <div class='ocr_carea' id='block_1_15' title="bbox 478 1439 2067 1514">
    <p class='ocr_par' dir='ltr' id='par_1_15' title="bbox 478 1439 2067 1514">
     <span class='ocr_line' id='line_1_15' title="bbox 478 1439 2067 1514; baseline -0.004 -16"><span class='ocrx_word' id='word_1_97' title='bbox 478 1450 781 1514; x_wconf 83' lang='lat' dir='ltr'><strong>antequam</strong></span> <span class='ocrx_word' id='word_1_98' title='bbox 815 1442 873 1496; x_wconf 92' lang='lat' dir='ltr'><strong>in</strong></span> <span class='ocrx_word' id='word_1_99' title='bbox 903 1442 1150 1495; x_wconf 90' lang='lat' dir='ltr'><strong>culmum</strong></span> <span class='ocrx_word' id='word_1_100' title='bbox 1188 1440 1431 1499; x_wconf 88' lang='lat' dir='ltr'><strong>veniant,</strong></span> <span class='ocrx_word' id='word_1_101' title='bbox 1464 1440 1596 1493; x_wconf 90' lang='lat' dir='ltr'><strong>dum</strong></span> <span class='ocrx_word' id='word_1_102' title='bbox 1620 1440 1675 1493; x_wconf 89' lang='lat' dir='ltr'><strong>in</strong></span> <span class='ocrx_word' id='word_1_103' title='bbox 1714 1439 1886 1493; x_wconf 88' lang='lat' dir='ltr'><strong>herba</strong></span> <span class='ocrx_word' id='word_1_104' title='bbox 1916 1445 2067 1500; x_wconf 79' lang='lat' dir='ltr'><strong>sunt,</strong></span> 
     </span>
    </p>
   </div>
   <div class='ocr_carea' id='block_1_16' title="bbox 478 1528 2067 1589">
    <p class='ocr_par' dir='ltr' id='par_1_16' title="bbox 478 1528 2067 1589">
     <span class='ocr_line' id='line_1_16' title="bbox 478 1528 2067 1589; baseline -0.004 -2"><span class='ocrx_word' id='word_1_105' title='bbox 478 1538 641 1588; x_wconf 87' lang='lat' dir='ltr'><strong>tanta</strong></span> <span class='ocrx_word' id='word_1_106' title='bbox 666 1531 974 1584; x_wconf 91' lang='lat' dir='ltr'><strong>similitudo</strong></span> <span class='ocrx_word' id='word_1_107' title='bbox 995 1530 1052 1582; x_wconf 90' lang='lat' dir='ltr'><strong>in</strong></span> <span class='ocrx_word' id='word_1_108' title='bbox 1083 1529 1162 1582; x_wconf 89' lang='lat' dir='ltr'><strong>eis</strong></span> <span class='ocrx_word' id='word_1_109' title='bbox 1191 1534 1294 1589; x_wconf 89' lang='lat' dir='ltr'><strong>est,</strong></span> <span class='ocrx_word' id='word_1_110' title='bbox 1327 1534 1391 1581; x_wconf 90' lang='lat' dir='ltr'><strong>ut</strong></span> <span class='ocrx_word' id='word_1_111' title='bbox 1418 1528 1655 1581; x_wconf 83' lang='lat' dir='ltr'><strong>discerni</strong></span> <span class='ocrx_word' id='word_1_112' title='bbox 1674 1528 1762 1581; x_wconf 81' lang='lat' dir='ltr'><strong>vix</strong></span> <span class='ocrx_word' id='word_1_113' title='bbox 1792 1534 1891 1581; x_wconf 86' lang='lat' dir='ltr'><strong>aut</strong></span> <span class='ocrx_word' id='word_1_114' title='bbox 1921 1545 2067 1581; x_wconf 90' lang='lat' dir='ltr'><strong>nun-</strong></span> 
     </span>
    </p>
   </div>
   <div class='ocr_carea' id='block_1_17' title="bbox 480 1616 2060 1691">
    <p class='ocr_par' dir='ltr' id='par_1_17' title="bbox 480 1616 2060 1691">
     <span class='ocr_line' id='line_1_17' title="bbox 480 1616 2060 1691; baseline -0.003 -18"><span class='ocrx_word' id='word_1_115' title='bbox 480 1636 650 1691; x_wconf 84' lang='lat' dir='ltr'><strong>quam</strong></span> <span class='ocrx_word' id='word_1_116' title='bbox 698 1618 934 1689; x_wconf 85' lang='lat' dir='ltr'><strong>possint.</strong></span> <span class='ocrx_word' id='word_1_117' title='bbox 992 1618 1062 1670; x_wconf 90' lang='lat' dir='ltr'><strong>Et</strong></span> <span class='ocrx_word' id='word_1_118' title='bbox 1124 1617 1248 1670; x_wconf 90' lang='lat' dir='ltr'><strong>ideo</strong></span> <span class='ocrx_word' id='word_1_119' title='bbox 1278 1617 1569 1679; x_wconf 82' lang='lat' dir='ltr'><strong>Dominus,</strong></span> <span class='ocrx_word' id='word_1_120' title='bbox 1618 1617 1817 1682; x_wconf 81' lang='lat' dir='ltr'><strong>Sinite,</strong></span> <span class='ocrx_word' id='word_1_121' title='bbox 1860 1616 2060 1686; x_wconf 86' lang='lat' dir='ltr'><strong>inquit,</strong></span> 
     </span>
    </p>
   </div>
   <div class='ocr_carea' id='block_1_18' title="bbox 478 1704 2067 1776">
    <p class='ocr_par' dir='ltr' id='par_1_18' title="bbox 478 1704 2067 1776">
     <span class='ocr_line' id='line_1_18' title="bbox 478 1704 2067 1776; baseline -0.002 -15"><span class='ocrx_word' id='word_1_122' title='bbox 478 1724 646 1776; x_wconf 84' lang='lat' dir='ltr'><strong>usque</strong></span> <span class='ocrx_word' id='word_1_123' title='bbox 669 1708 744 1761; x_wconf 87' lang='lat' dir='ltr'><strong>ad</strong></span> <span class='ocrx_word' id='word_1_124' title='bbox 771 1723 1012 1760; x_wconf 67' lang='lat' dir='ltr'><strong>messem.</strong></span> <span class='ocrx_word' id='word_1_125' title='bbox 1040 1705 1315 1769; x_wconf 88' lang='lat' dir='ltr'><strong>Quoniam</strong></span> <span class='ocrx_word' id='word_1_126' title='bbox 1367 1711 1549 1775; x_wconf 87' lang='lat' dir='ltr'><strong>potest</strong></span> <span class='ocrx_word' id='word_1_127' title='bbox 1578 1705 1695 1757; x_wconf 80' lang='lat' dir='ltr'><strong>fieri</strong></span> <span class='ocrx_word' id='word_1_128' title='bbox 1726 1705 1873 1775; x_wconf 82' lang='lat' dir='ltr'><strong>quod</strong></span> <span class='ocrx_word' id='word_1_129' title='bbox 1901 1704 2067 1759; x_wconf 86' lang='lat' dir='ltr'><strong>hodie</strong></span> 
     </span>
    </p>
   </div>
   <div class='ocr_carea' id='block_1_19' title="bbox 2159 551 3681 627">
    <p class='ocr_par' dir='ltr' id='par_1_19' title="bbox 2159 551 3681 627">
     <span class='ocr_line' id='line_1_19' title="bbox 2159 551 3681 627; baseline 0.004 -22"><span class='ocrx_word' id='word_1_130' title='bbox 2159 551 2307 618; x_wconf 92' lang='lat' dir='ltr'><strong>felix,</strong></span> <span class='ocrx_word' id='word_1_131' title='bbox 2364 553 2651 608; x_wconf 82' lang='lat' dir='ltr'><strong>divinitate</strong></span> <span class='ocrx_word' id='word_1_132' title='bbox 2702 556 3057 627; x_wconf 66' lang='lat' dir='ltr'><strong>praefulgens,</strong></span> <span class='ocrx_word' id='word_1_133' title='bbox 3104 561 3224 609; x_wconf 91' lang='lat' dir='ltr'><strong>toto</strong></span> <span class='ocrx_word' id='word_1_134' title='bbox 3265 554 3508 610; x_wconf 68' lang='lat' dir='ltr'><strong>diffusum</strong></span> <span class='ocrx_word' id='word_1_135' title='bbox 3553 558 3681 625; x_wconf 68' lang='lat' dir='ltr'><strong>celo,</strong></span> 
     </span>
    </p>
   </div>
   <div class='ocr_carea' id='block_1_20' title="bbox 2156 643 3683 715">
    <p class='ocr_par' dir='ltr' id='par_1_20' title="bbox 2156 643 3683 715">
     <span class='ocr_line' id='line_1_20' title="bbox 2156 643 3683 715; baseline 0.004 -22"><span class='ocrx_word' id='word_1_136' title='bbox 2156 645 2277 694; x_wconf 89' lang='lat' dir='ltr'><strong>tota</strong></span> <span class='ocrx_word' id='word_1_137' title='bbox 2304 647 2455 695; x_wconf 85' lang='lat' dir='ltr'><strong>terra</strong></span> <span class='ocrx_word' id='word_1_138' title='bbox 2476 643 2793 697; x_wconf 79' lang='lat' dir='ltr'><strong>dilatatam.</strong></span> <span class='ocrx_word' id='word_1_139' title='bbox 2824 643 2932 697; x_wconf 91' lang='lat' dir='ltr'><strong>Sed</strong></span> <span class='ocrx_word' id='word_1_140' title='bbox 2961 643 3206 712; x_wconf 84' lang='lat' dir='ltr'><strong>cogitare</strong></span> <span class='ocrx_word' id='word_1_141' title='bbox 3236 660 3343 697; x_wconf 90' lang='lat' dir='ltr'><strong>non</strong></span> <span class='ocrx_word' id='word_1_142' title='bbox 3367 643 3573 708; x_wconf 77' lang='lat' dir='ltr'><strong>sufﬁcio,</strong></span> <span class='ocrx_word' id='word_1_143' title='bbox 3605 662 3683 715; x_wconf 84' lang='lat' dir='ltr'><strong>pe-</strong></span> 
     </span>
    </p>
   </div>
   <div class='ocr_carea' id='block_1_21' title="bbox 2155 731 3685 803">
    <p class='ocr_par' dir='ltr' id='par_1_21' title="bbox 2155 731 3685 803">
     <span class='ocr_line' id='line_1_21' title="bbox 2155 731 3685 803; baseline 0.004 -21"><span class='ocrx_word' id='word_1_144' title='bbox 2155 734 2377 784; x_wconf 88' lang='lat' dir='ltr'><strong>netrare</strong></span> <span class='ocrx_word' id='word_1_145' title='bbox 2406 747 2519 784; x_wconf 88' lang='lat' dir='ltr'><strong>non</strong></span> <span class='ocrx_word' id='word_1_146' title='bbox 2549 732 2721 795; x_wconf 84' lang='lat' dir='ltr'><strong>valeo,</strong></span> <span class='ocrx_word' id='word_1_147' title='bbox 2752 731 2846 785; x_wconf 90' lang='lat' dir='ltr'><strong>illa</strong></span> <span class='ocrx_word' id='word_1_148' title='bbox 2881 732 3157 802; x_wconf 86' lang='lat' dir='ltr'><strong>sapientia</strong></span> <span class='ocrx_word' id='word_1_149' title='bbox 3179 732 3379 795; x_wconf 83' lang='lat' dir='ltr'><strong>divina,</strong></span> <span class='ocrx_word' id='word_1_150' title='bbox 3417 733 3535 803; x_wconf 90' lang='lat' dir='ltr'><strong>quid</strong></span> <span class='ocrx_word' id='word_1_151' title='bbox 3566 734 3685 803; x_wconf 86' lang='lat' dir='ltr'><strong>quod</strong></span> 
     </span>
    </p>
   </div>
   <div class='ocr_carea' id='block_1_22' title="bbox 2153 818 3685 891">
    <p class='ocr_par' dir='ltr' id='par_1_22' title="bbox 2153 818 3685 891">
     <span class='ocr_line' id='line_1_22' title="bbox 2153 818 3685 891; baseline 0.003 -21"><span class='ocrx_word' id='word_1_152' title='bbox 2153 824 2267 871; x_wconf 80' lang='lat' dir='ltr'><strong>tam</strong></span> <span class='ocrx_word' id='word_1_153' title='bbox 2297 818 2686 872; x_wconf 69' lang='lat' dir='ltr'><strong>inazstimabile</strong></span> <span class='ocrx_word' id='word_1_154' title='bbox 2733 827 3168 885; x_wconf 80' lang='lat' dir='ltr'><strong>sacramentum,</strong></span> <span class='ocrx_word' id='word_1_155' title='bbox 3209 827 3431 891; x_wconf 83' lang='lat' dir='ltr'><strong>tamque</strong></span> <span class='ocrx_word' id='word_1_156' title='bbox 3456 821 3685 875; x_wconf 71' lang='lat' dir='ltr'><strong>ineffabile</strong></span> 
     </span>
    </p>
   </div>
   <div class='ocr_carea' id='block_1_23' title="bbox 2150 907 3687 980">
    <p class='ocr_par' dir='ltr' id='par_1_23' title="bbox 2150 907 3687 980">
     <span class='ocr_line' id='line_1_23' title="bbox 2150 907 3687 980; baseline 0.002 -21"><span class='ocrx_word' id='word_1_157' title='bbox 2150 923 2327 976; x_wconf 89' lang='lat' dir='ltr'><strong>grano</strong></span> <span class='ocrx_word' id='word_1_158' title='bbox 2355 907 2565 978; x_wconf 85' lang='lat' dir='ltr'><strong>sinapis</strong></span> <span class='ocrx_word' id='word_1_159' title='bbox 2592 913 2857 973; x_wconf 88' lang='lat' dir='ltr'><strong>coarctat,</strong></span> <span class='ocrx_word' id='word_1_160' title='bbox 2891 914 2949 963; x_wconf 90' lang='lat' dir='ltr'><strong>et</strong></span> <span class='ocrx_word' id='word_1_161' title='bbox 2984 910 3129 963; x_wconf 87' lang='lat' dir='ltr'><strong>infra</strong></span> <span class='ocrx_word' id='word_1_162' title='bbox 3169 915 3383 963; x_wconf 86' lang='lat' dir='ltr'><strong>tantam</strong></span> <span class='ocrx_word' id='word_1_163' title='bbox 3424 910 3687 980; x_wconf 83' lang='lat' dir='ltr'><strong>parvissimi</strong></span> 
     </span>
    </p>
   </div>
   <div class='ocr_carea' id='block_1_24' title="bbox 2152 995 3691 1068">
    <p class='ocr_par' dir='ltr' id='par_1_24' title="bbox 2152 995 3691 1068">
     <span class='ocr_line' id='line_1_24' title="bbox 2152 995 3691 1068; baseline 0.003 -22"><span class='ocrx_word' id='word_1_164' title='bbox 2152 995 2379 1047; x_wconf 81' lang='lat' dir='ltr'><strong>seminis</strong></span> <span class='ocrx_word' id='word_1_165' title='bbox 2416 996 2698 1050; x_wconf 86' lang='lat' dir='ltr'><strong>concludit</strong></span> <span class='ocrx_word' id='word_1_166' title='bbox 2727 997 3066 1066; x_wconf 82' lang='lat' dir='ltr'><strong>angustiam.</strong></span> <span class='ocrx_word' id='word_1_167' title='bbox 3117 998 3277 1059; x_wconf 83' lang='lat' dir='ltr'><strong>Hinc,</strong></span> <span class='ocrx_word' id='word_1_168' title='bbox 3329 1015 3521 1068; x_wconf 60' lang='lat' dir='ltr'><strong>quaso,</strong></span> <span class='ocrx_word' id='word_1_169' title='bbox 3546 1004 3691 1051; x_wconf 89' lang='lat' dir='ltr'><strong>cesset</strong></span> 
     </span>
    </p>
   </div>
   <div class='ocr_carea' id='block_1_25' title="bbox 2151 1082 3690 1156">
    <p class='ocr_par' dir='ltr' id='par_1_25' title="bbox 2151 1082 3690 1156">
     <span class='ocr_line' id='line_1_25' title="bbox 2151 1082 3690 1156; baseline 0.002 -20"><span class='ocrx_word' id='word_1_170' title='bbox 2151 1082 2430 1137; x_wconf 84' lang='lat' dir='ltr'><strong>oblatrare</strong></span> <span class='ocrx_word' id='word_1_171' title='bbox 2462 1085 2721 1139; x_wconf 69' lang='lat' dir='ltr'><strong>haeretica</strong></span> <span class='ocrx_word' id='word_1_172' title='bbox 2748 1086 2992 1155; x_wconf 85' lang='lat' dir='ltr'><strong>pravitas</strong></span> <span class='ocrx_word' id='word_1_173' title='bbox 3020 1087 3168 1156; x_wconf 90' lang='lat' dir='ltr'><strong>quod</strong></span> <span class='ocrx_word' id='word_1_174' title='bbox 3198 1087 3346 1141; x_wconf 88' lang='lat' dir='ltr'><strong>Deus</strong></span> <span class='ocrx_word' id='word_1_175' title='bbox 3383 1087 3495 1140; x_wconf 83' lang='lat' dir='ltr'><strong>fieri</strong></span> <span class='ocrx_word' id='word_1_176' title='bbox 3527 1086 3690 1155; x_wconf 84' lang='lat' dir='ltr'><strong>digna-</strong></span> 
     </span>
    </p>
   </div>
   <div class='ocr_carea' id='block_1_26' title="bbox 2152 1173 3693 1245">
    <p class='ocr_par' dir='ltr' id='par_1_26' title="bbox 2152 1173 3693 1245">
     <span class='ocr_line' id='line_1_26' title="bbox 2152 1173 3693 1245; baseline 0.002 -21"><span class='ocrx_word' id='word_1_177' title='bbox 2152 1176 2244 1225; x_wconf 89' lang='lat' dir='ltr'><strong>tus</strong></span> <span class='ocrx_word' id='word_1_178' title='bbox 2265 1178 2351 1226; x_wconf 91' lang='lat' dir='ltr'><strong>est</strong></span> <span class='ocrx_word' id='word_1_179' title='bbox 2377 1173 2563 1237; x_wconf 89' lang='lat' dir='ltr'><strong>homo,</strong></span> <span class='ocrx_word' id='word_1_180' title='bbox 2595 1173 2642 1226; x_wconf 90' lang='lat' dir='ltr'><strong>si</strong></span> <span class='ocrx_word' id='word_1_181' title='bbox 2673 1174 2914 1227; x_wconf 72' lang='lat' dir='ltr'><strong>cmlestis</strong></span> <span class='ocrx_word' id='word_1_182' title='bbox 2943 1174 3101 1245; x_wconf 83' lang='lat' dir='ltr'><strong>regni</strong></span> <span class='ocrx_word' id='word_1_183' title='bbox 3140 1176 3405 1245; x_wconf 85' lang='lat' dir='ltr'><strong>majestas</strong></span> <span class='ocrx_word' id='word_1_184' title='bbox 3445 1174 3603 1228; x_wconf 89' lang='lat' dir='ltr'><strong>omnis</strong></span> <span class='ocrx_word' id='word_1_185' title='bbox 3623 1191 3693 1227; x_wconf 82' lang='lat' dir='ltr'><strong>us-</strong></span> 
     </span>
    </p>
   </div>
   <div class='ocr_carea' id='block_1_27' title="bbox 2154 1260 3693 1332">
    <p class='ocr_par' dir='ltr' id='par_1_27' title="bbox 2154 1260 3693 1332">
     <span class='ocr_line' id='line_1_27' title="bbox 2154 1260 3693 1332; baseline 0.003 -22"><span class='ocrx_word' id='word_1_186' title='bbox 2154 1276 2261 1329; x_wconf 86' lang='lat' dir='ltr'><strong>que</strong></span> <span class='ocrx_word' id='word_1_187' title='bbox 2301 1260 2369 1312; x_wconf 90' lang='lat' dir='ltr'><strong>ad</strong></span> <span class='ocrx_word' id='word_1_188' title='bbox 2412 1261 2576 1330; x_wconf 86' lang='lat' dir='ltr'><strong>grani</strong></span> <span class='ocrx_word' id='word_1_189' title='bbox 2630 1260 3053 1315; x_wconf 82' lang='lat' dir='ltr'><strong>similitudinem</strong></span> <span class='ocrx_word' id='word_1_190' title='bbox 3102 1263 3268 1317; x_wconf 83' lang='lat' dir='ltr'><strong>venit.</strong></span> <span class='ocrx_word' id='word_1_191' title='bbox 3301 1262 3441 1327; x_wconf 89' lang='lat' dir='ltr'><strong>Quid</strong></span> <span class='ocrx_word' id='word_1_192' title='bbox 3468 1262 3693 1332; x_wconf 66' lang='lat' dir='ltr'><strong>quaeritur</strong></span> 
     </span>
    </p>
   </div>
   <div class='ocr_carea' id='block_1_28' title="bbox 2154 1349 3693 1421">
    <p class='ocr_par' dir='ltr' id='par_1_28' title="bbox 2154 1349 3693 1421">
     <span class='ocr_line' id='line_1_28' title="bbox 2154 1349 3693 1421; baseline 0.002 -21"><span class='ocrx_word' id='word_1_193' title='bbox 2154 1349 2299 1417; x_wconf 88' lang='lat' dir='ltr'><strong>quod</strong></span> <span class='ocrx_word' id='word_1_194' title='bbox 2320 1349 2589 1403; x_wconf 90' lang='lat' dir='ltr'><strong>Dominus</strong></span> <span class='ocrx_word' id='word_1_195' title='bbox 2606 1350 2776 1404; x_wconf 89' lang='lat' dir='ltr'><strong>totius</strong></span> <span class='ocrx_word' id='word_1_196' title='bbox 2799 1350 2993 1404; x_wconf 88' lang='lat' dir='ltr'><strong>mundi</strong></span> <span class='ocrx_word' id='word_1_197' title='bbox 3015 1351 3254 1405; x_wconf 86' lang='lat' dir='ltr'><strong>formam</strong></span> <span class='ocrx_word' id='word_1_198' title='bbox 3275 1351 3415 1405; x_wconf 86' lang='lat' dir='ltr'><strong>servi</strong></span> <span class='ocrx_word' id='word_1_199' title='bbox 3428 1350 3693 1421; x_wconf 81' lang='lat' dir='ltr'><strong>acceperit?</strong></span> 
     </span>
    </p>
   </div>
   <div class='ocr_carea' id='block_1_29' title="bbox 2153 1437 3692 1510">
    <p class='ocr_par' dir='ltr' id='par_1_29' title="bbox 2153 1437 3692 1510">
     <span class='ocr_line' id='line_1_29' title="bbox 2153 1437 3692 1510; baseline 0.002 -22"><span class='ocrx_word' id='word_1_200' title='bbox 2153 1437 2325 1489; x_wconf 83' lang='lat' dir='ltr'><strong>Porro</strong></span> <span class='ocrx_word' id='word_1_201' title='bbox 2366 1454 2598 1507; x_wconf 90' lang='lat' dir='ltr'><strong>regnum</strong></span> <span class='ocrx_word' id='word_1_202' title='bbox 2625 1439 2909 1501; x_wconf 66' lang='lat' dir='ltr'><strong>cmlorum,</strong></span> <span class='ocrx_word' id='word_1_203' title='bbox 2944 1440 3089 1493; x_wconf 89' lang='lat' dir='ltr'><strong>sicut</strong></span> <span class='ocrx_word' id='word_1_204' title='bbox 3110 1441 3231 1509; x_wconf 88' lang='lat' dir='ltr'><strong>jam</strong></span> <span class='ocrx_word' id='word_1_205' title='bbox 3271 1456 3438 1510; x_wconf 87' lang='lat' dir='ltr'><strong>supra</strong></span> <span class='ocrx_word' id='word_1_206' title='bbox 3463 1439 3581 1503; x_wconf 86' lang='lat' dir='ltr'><strong>dixi,</strong></span> <span class='ocrx_word' id='word_1_207' title='bbox 3614 1438 3692 1491; x_wconf 81' lang='lat' dir='ltr'><strong>tri-</strong></span> 
     </span>
    </p>
   </div>
   <div class='ocr_carea' id='block_1_30' title="bbox 2150 1525 3695 1599">
    <p class='ocr_par' dir='ltr' id='par_1_30' title="bbox 2150 1525 3695 1599">
     <span class='ocr_line' id='line_1_30' title="bbox 2150 1525 3695 1599; baseline 0.001 -22"><span class='ocrx_word' id='word_1_208' title='bbox 2150 1525 2369 1594; x_wconf 89' lang='lat' dir='ltr'><strong>pliciter</strong></span> <span class='ocrx_word' id='word_1_209' title='bbox 2404 1526 2694 1596; x_wconf 76' lang='lat' dir='ltr'><strong>accipitur;</strong></span> <span class='ocrx_word' id='word_1_210' title='bbox 2748 1528 2961 1581; x_wconf 85' lang='lat' dir='ltr'><strong>scilicet</strong></span> <span class='ocrx_word' id='word_1_211' title='bbox 3009 1534 3108 1582; x_wconf 89' lang='lat' dir='ltr'><strong>aut</strong></span> <span class='ocrx_word' id='word_1_212' title='bbox 3137 1528 3255 1599; x_wconf 79' lang='lat' dir='ltr'><strong>ipse</strong></span> <span class='ocrx_word' id='word_1_213' title='bbox 3286 1528 3548 1591; x_wconf 89' lang='lat' dir='ltr'><strong>Christus,</strong></span> <span class='ocrx_word' id='word_1_214' title='bbox 3580 1528 3695 1580; x_wconf 86' lang='lat' dir='ltr'><strong>sicut</strong></span> 
     </span>
    </p>
   </div>
   <div class='ocr_carea' id='block_1_31' title="bbox 2148 1614 3697 1687">
    <p class='ocr_par' dir='ltr' id='par_1_31' title="bbox 2148 1614 3697 1687">
     <span class='ocr_line' id='line_1_31' title="bbox 2148 1614 3697 1687; baseline 0.001 -21"><span class='ocrx_word' id='word_1_215' title='bbox 2148 1614 2254 1666; x_wconf 89' lang='lat' dir='ltr'><strong>hoc</strong></span> <span class='ocrx_word' id='word_1_216' title='bbox 2278 1615 2419 1676; x_wconf 79' lang='lat' dir='ltr'><strong>loco,</strong></span> <span class='ocrx_word' id='word_1_217' title='bbox 2448 1622 2547 1668; x_wconf 88' lang='lat' dir='ltr'><strong>aut</strong></span> <span class='ocrx_word' id='word_1_218' title='bbox 2573 1632 2814 1686; x_wconf 64' lang='lat' dir='ltr'><strong>praesens</strong></span> <span class='ocrx_word' id='word_1_219' title='bbox 2834 1617 3078 1670; x_wconf 84' lang='lat' dir='ltr'><strong>Ecclesia</strong></span> <span class='ocrx_word' id='word_1_220' title='bbox 3105 1616 3250 1671; x_wconf 88' lang='lat' dir='ltr'><strong>sicut</strong></span> <span class='ocrx_word' id='word_1_221' title='bbox 3274 1617 3332 1670; x_wconf 93' lang='lat' dir='ltr'><strong>in</strong></span> <span class='ocrx_word' id='word_1_222' title='bbox 3368 1633 3526 1687; x_wconf 88' lang='lat' dir='ltr'><strong>quam</strong></span> <span class='ocrx_word' id='word_1_223' title='bbox 3561 1614 3697 1686; x_wconf 83' lang='lat' dir='ltr'><strong>pluri-</strong></span> 
     </span>
    </p>
   </div>
   <div class='ocr_carea' id='block_1_32' title="bbox 2149 1701 3696 1775">
    <p class='ocr_par' dir='ltr' id='par_1_32' title="bbox 2149 1701 3696 1775">
     <span class='ocr_line' id='line_1_32' title="bbox 2149 1701 3696 1775; baseline 0.001 -21"><span class='ocrx_word' id='word_1_224' title='bbox 2149 1701 2254 1754; x_wconf 88' lang='lat' dir='ltr'><strong>mis</strong></span> <span class='ocrx_word' id='word_1_225' title='bbox 2283 1721 2295 1768; x_wconf 89' lang='lat'><strong>;</strong></span> <span class='ocrx_word' id='word_1_226' title='bbox 2337 1708 2486 1755; x_wconf 89' lang='lat' dir='ltr'><strong>certe</strong></span> <span class='ocrx_word' id='word_1_227' title='bbox 2508 1709 2607 1756; x_wconf 87' lang='lat' dir='ltr'><strong>aut</strong></span> <span class='ocrx_word' id='word_1_228' title='bbox 2636 1704 3018 1773; x_wconf 86' lang='lat' dir='ltr'><strong>Evangelium,</strong></span> <span class='ocrx_word' id='word_1_229' title='bbox 3051 1705 3198 1775; x_wconf 90' lang='lat' dir='ltr'><strong>quod</strong></span> <span class='ocrx_word' id='word_1_230' title='bbox 3220 1711 3276 1759; x_wconf 88' lang='lat' dir='ltr'><strong>et</strong></span> <span class='ocrx_word' id='word_1_231' title='bbox 3307 1705 3396 1759; x_wconf 90' lang='lat' dir='ltr'><strong>hic</strong></span> <span class='ocrx_word' id='word_1_232' title='bbox 3424 1705 3580 1758; x_wconf 89' lang='lat' dir='ltr'><strong>etiam</strong></span> <span class='ocrx_word' id='word_1_233' title='bbox 3608 1720 3696 1756; x_wconf 88' lang='lat' dir='ltr'><strong>non</strong></span> 
     </span>
    </p>
   </div>
   <div class='ocr_carea' id='block_1_33' title="bbox 476 1790 3695 1864">
    <p class='ocr_par' dir='ltr' id='par_1_33' title="bbox 476 1790 3695 1864">
     <span class='ocr_line' id='line_1_33' title="bbox 476 1790 3695 1864; baseline -0.001 -16"><span class='ocrx_word' id='word_1_234' title='bbox 476 1794 688 1849; x_wconf 83' lang='lat' dir='ltr'><strong>zizania</strong></span> <span class='ocrx_word' id='word_1_235' title='bbox 737 1793 975 1859; x_wconf 88' lang='lat' dir='ltr'><strong>videtur,</strong></span> <span class='ocrx_word' id='word_1_236' title='bbox 1039 1810 1162 1847; x_wconf 88' lang='lat' dir='ltr'><strong>cras</strong></span> <span class='ocrx_word' id='word_1_237' title='bbox 1212 1793 1461 1846; x_wconf 89' lang='lat' dir='ltr'><strong>triticum</strong></span> <span class='ocrx_word' id='word_1_238' title='bbox 1521 1795 1636 1857; x_wconf 83' lang='lat' dir='ltr'><strong>fiat,</strong></span> <span class='ocrx_word' id='word_1_239' title='bbox 1686 1800 1741 1846; x_wconf 88' lang='lat' dir='ltr'><strong>et</strong></span> <span class='ocrx_word' id='word_1_240' title='bbox 1792 1793 1936 1863; x_wconf 90' lang='lat' dir='ltr'><strong>quod</strong></span> <span class='ocrx_word' id='word_1_241' title='bbox 1993 1790 2582 1864; x_wconf 85' lang='lat' dir='ltr'><strong>adBincongruenter</strong></span> <span class='ocrx_word' id='word_1_242' title='bbox 2608 1791 2971 1861; x_wconf 78' lang='lat' dir='ltr'><strong>significatur.</strong></span> <span class='ocrx_word' id='word_1_243' title='bbox 2995 1794 3135 1857; x_wconf 90' lang='lat' dir='ltr'><strong>Quia</strong></span> <span class='ocrx_word' id='word_1_244' title='bbox 3159 1793 3309 1847; x_wconf 89' lang='lat' dir='ltr'><strong>ultra</strong></span> <span class='ocrx_word' id='word_1_245' title='bbox 3336 1793 3573 1847; x_wconf 90' lang='lat' dir='ltr'><strong>omnium</strong></span> <span class='ocrx_word' id='word_1_246' title='bbox 3598 1791 3695 1861; x_wconf 89' lang='lat' dir='ltr'><strong>phi-</strong></span> 
     </span>
    </p>
   </div>
   <div class='ocr_carea' id='block_1_34' title="bbox 475 1881 2061 1954">
    <p class='ocr_par' dir='ltr' id='par_1_34' title="bbox 475 1881 2061 1954">
     <span class='ocr_line' id='line_1_34' title="bbox 475 1881 2061 1954; baseline -0.002 -17"><span class='ocrx_word' id='word_1_247' title='bbox 475 1899 722 1954; x_wconf 70' lang='lat' dir='ltr'><strong>przesens</strong></span> <span class='ocrx_word' id='word_1_248' title='bbox 741 1888 901 1953; x_wconf 89' lang='lat' dir='ltr'><strong>paret</strong></span> <span class='ocrx_word' id='word_1_249' title='bbox 917 1882 1185 1944; x_wconf 84' lang='lat' dir='ltr'><strong>triticum,</strong></span> <span class='ocrx_word' id='word_1_250' title='bbox 1202 1882 1259 1935; x_wconf 93' lang='lat' dir='ltr'><strong>in</strong></span> <span class='ocrx_word' id='word_1_251' title='bbox 1281 1881 1468 1935; x_wconf 83' lang='lat' dir='ltr'><strong>futuro</strong></span> <span class='ocrx_word' id='word_1_252' title='bbox 1488 1887 1739 1935; x_wconf 87' lang='lat' dir='ltr'><strong>vertatur</strong></span> <span class='ocrx_word' id='word_1_253' title='bbox 1759 1881 1817 1934; x_wconf 92' lang='lat' dir='ltr'><strong>in</strong></span> <span class='ocrx_word' id='word_1_254' title='bbox 1848 1882 2061 1946; x_wconf 88' lang='lat' dir='ltr'><strong>lolium,</strong></span> 
     </span>
    </p>
   </div>
   <div class='ocr_carea' id='block_1_35' title="bbox 473 1969 2062 2042">
    <p class='ocr_par' dir='ltr' id='par_1_35' title="bbox 473 1969 2062 2042">
     <span class='ocr_line' id='line_1_35' title="bbox 473 1969 2062 2042; baseline -0.001 -16"><span class='ocrx_word' id='word_1_255' title='bbox 473 1971 608 2026; x_wconf 88' lang='lat' dir='ltr'><strong>dum</strong></span> <span class='ocrx_word' id='word_1_256' title='bbox 633 1972 785 2025; x_wconf 88' lang='lat' dir='ltr'><strong>aliud</strong></span> <span class='ocrx_word' id='word_1_257' title='bbox 823 1971 1106 2042; x_wconf 87' lang='lat' dir='ltr'><strong>protendit</strong></span> <span class='ocrx_word' id='word_1_258' title='bbox 1133 1970 1189 2024; x_wconf 91' lang='lat' dir='ltr'><strong>in</strong></span> <span class='ocrx_word' id='word_1_259' title='bbox 1213 1970 1415 2041; x_wconf 91' lang='lat' dir='ltr'><strong>specie,</strong></span> <span class='ocrx_word' id='word_1_260' title='bbox 1439 1976 1496 2024; x_wconf 89' lang='lat' dir='ltr'><strong>et</strong></span> <span class='ocrx_word' id='word_1_261' title='bbox 1532 1969 1683 2024; x_wconf 88' lang='lat' dir='ltr'><strong>aliud</strong></span> <span class='ocrx_word' id='word_1_262' title='bbox 1717 1970 2062 2024; x_wconf 83' lang='lat' dir='ltr'><strong>ministrabi-</strong></span> 
     </span>
    </p>
   </div>
   <div class='ocr_carea' id='block_1_36' title="bbox 470 2059 2063 2130">
    <p class='ocr_par' dir='ltr' id='par_1_36' title="bbox 470 2059 2063 2130">
     <span class='ocr_line' id='line_1_36' title="bbox 470 2059 2063 2130; baseline -0.001 -16"><span class='ocrx_word' id='word_1_263' title='bbox 470 2064 567 2114; x_wconf 84' lang='lat' dir='ltr'><strong>tur</strong></span> <span class='ocrx_word' id='word_1_264' title='bbox 594 2060 651 2114; x_wconf 90' lang='lat' dir='ltr'><strong>in</strong></span> <span class='ocrx_word' id='word_1_265' title='bbox 666 2061 822 2115; x_wconf 88' lang='lat' dir='ltr'><strong>flore.</strong></span> <span class='ocrx_word' id='word_1_266' title='bbox 848 2062 990 2129; x_wconf 85' lang='lat' dir='ltr'><strong>Ergo</strong></span> <span class='ocrx_word' id='word_1_267' title='bbox 1013 2064 1196 2130; x_wconf 90' lang='lat' dir='ltr'><strong>potest</strong></span> <span class='ocrx_word' id='word_1_268' title='bbox 1216 2059 1335 2113; x_wconf 81' lang='lat' dir='ltr'><strong>fieri</strong></span> <span class='ocrx_word' id='word_1_269' title='bbox 1366 2060 1431 2112; x_wconf 83' lang='lat' dir='ltr'><strong>ut&#39;</strong></span> <span class='ocrx_word' id='word_1_270' title='bbox 1459 2059 1555 2128; x_wconf 88' lang='lat' dir='ltr'><strong>qui</strong></span> <span class='ocrx_word' id='word_1_271' title='bbox 1584 2059 1748 2112; x_wconf 86' lang='lat' dir='ltr'><strong>hodie</strong></span> <span class='ocrx_word' id='word_1_272' title='bbox 1774 2065 1859 2113; x_wconf 89' lang='lat' dir='ltr'><strong>est</strong></span> <span class='ocrx_word' id='word_1_273' title='bbox 1885 2059 2063 2112; x_wconf 64' lang='lat' dir='ltr'><strong>haere-</strong></span> 
     </span>
    </p>
   </div>
   <div class='ocr_carea' id='block_1_37' title="bbox 469 2147 2063 2213">
    <p class='ocr_par' dir='ltr' id='par_1_37' title="bbox 469 2147 2063 2213">
     <span class='ocr_line' id='line_1_37' title="bbox 469 2147 2063 2213; baseline -0.002 -10"><span class='ocrx_word' id='word_1_274' title='bbox 469 2149 635 2213; x_wconf 88' lang='lat' dir='ltr'><strong>ticus,</strong></span> <span class='ocrx_word' id='word_1_275' title='bbox 652 2149 896 2203; x_wconf 88' lang='lat' dir='ltr'><strong>crastina</strong></span> <span class='ocrx_word' id='word_1_276' title='bbox 914 2148 1003 2202; x_wconf 91' lang='lat' dir='ltr'><strong>die</strong></span> <span class='ocrx_word' id='word_1_277' title='bbox 1024 2148 1099 2201; x_wconf 91' lang='lat' dir='ltr'><strong>sit</strong></span> <span class='ocrx_word' id='word_1_278' title='bbox 1116 2163 1228 2200; x_wconf 90' lang='lat' dir='ltr'><strong>non</strong></span> <span class='ocrx_word' id='word_1_279' title='bbox 1249 2148 1427 2200; x_wconf 91' lang='lat' dir='ltr'><strong>solum</strong></span> <span class='ocrx_word' id='word_1_280' title='bbox 1460 2147 1657 2211; x_wconf 79' lang='lat' dir='ltr'><strong>fidelis,</strong></span> <span class='ocrx_word' id='word_1_281' title='bbox 1675 2163 1863 2200; x_wconf 89' lang='lat' dir='ltr'><strong>verum</strong></span> <span class='ocrx_word' id='word_1_282' title='bbox 1894 2147 2063 2200; x_wconf 89' lang='lat' dir='ltr'><strong>etiam</strong></span> 
     </span>
    </p>
   </div>
   <div class='ocr_carea' id='block_1_38' title="bbox 471 2234 2065 2291">
    <p class='ocr_par' dir='ltr' id='par_1_38' title="bbox 471 2234 2065 2291">
     <span class='ocr_line' id='line_1_38' title="bbox 471 2234 2065 2291; baseline -0.002 0"><span class='ocrx_word' id='word_1_283' title='bbox 471 2243 529 2291; x_wconf 86' lang='lat' dir='ltr'><strong>et</strong></span> <span class='ocrx_word' id='word_1_284' title='bbox 558 2236 818 2291; x_wconf 81' lang='lat' dir='ltr'><strong>defensor</strong></span> <span class='ocrx_word' id='word_1_285' title='bbox 845 2236 991 2289; x_wconf 80' lang='lat' dir='ltr'><strong>fidei.</strong></span> <span class='ocrx_word' id='word_1_286' title='bbox 1009 2236 1100 2290; x_wconf 92' lang='lat' dir='ltr'><strong>Sic</strong></span> <span class='ocrx_word' id='word_1_287' title='bbox 1125 2242 1182 2289; x_wconf 87' lang='lat' dir='ltr'><strong>et</strong></span> <span class='ocrx_word' id='word_1_288' title='bbox 1201 2236 1270 2289; x_wconf 89' lang='lat' dir='ltr'><strong>de</strong></span> <span class='ocrx_word' id='word_1_289' title='bbox 1292 2235 1505 2289; x_wconf 55' lang='lat' dir='ltr'><strong>caeteris</strong></span> <span class='ocrx_word' id='word_1_290' title='bbox 1532 2234 1681 2288; x_wconf 89' lang='lat' dir='ltr'><strong>vitiis</strong></span> <span class='ocrx_word' id='word_1_291' title='bbox 1700 2252 1835 2289; x_wconf 90' lang='lat' dir='ltr'><strong>sane</strong></span> <span class='ocrx_word' id='word_1_292' title='bbox 1863 2235 2065 2289; x_wconf 90' lang='lat' dir='ltr'><strong>intelli-</strong></span> 
     </span>
    </p>
   </div>
   <div class='ocr_carea' id='block_1_39' title="bbox 467 2322 2062 2394">
    <p class='ocr_par' dir='ltr' id='par_1_39' title="bbox 467 2322 2062 2394">
     <span class='ocr_line' id='line_1_39' title="bbox 467 2322 2062 2394; baseline -0.001 -16"><span class='ocrx_word' id='word_1_293' title='bbox 467 2325 737 2394; x_wconf 86' lang='lat' dir='ltr'><strong>gendum.</strong></span> <span class='ocrx_word' id='word_1_294' title='bbox 784 2324 924 2388; x_wconf 89' lang='lat' dir='ltr'><strong>Quia</strong></span> <span class='ocrx_word' id='word_1_295' title='bbox 975 2324 1083 2378; x_wconf 89' lang='lat' dir='ltr'><strong>nisi</strong></span> <span class='ocrx_word' id='word_1_296' title='bbox 1114 2323 1214 2378; x_wconf 89' lang='lat' dir='ltr'><strong>Dei</strong></span> <span class='ocrx_word' id='word_1_297' title='bbox 1245 2322 1515 2394; x_wconf 86' lang='lat' dir='ltr'><strong>patientia</strong></span> <span class='ocrx_word' id='word_1_298' title='bbox 1543 2322 1861 2378; x_wconf 87' lang='lat' dir='ltr'><strong>subveniret</strong></span> <span class='ocrx_word' id='word_1_299' title='bbox 1891 2324 2062 2377; x_wconf 90' lang='lat' dir='ltr'><strong>etiam</strong></span> 
     </span>
    </p>
   </div>
   <div class='ocr_carea' id='block_1_40' title="bbox 471 2412 2059 2482">
    <p class='ocr_par' dir='ltr' id='par_1_40' title="bbox 471 2412 2059 2482">
     <span class='ocr_line' id='line_1_40' title="bbox 471 2412 2059 2482; baseline 0.001 -16"><span class='ocrx_word' id='word_1_300' title='bbox 471 2412 792 2467; x_wconf 71' lang='lat' dir='ltr'><strong>Matthieum</strong></span> <span class='ocrx_word' id='word_1_301' title='bbox 836 2412 996 2480; x_wconf 90' lang='lat' dir='ltr'><strong>cujus</strong></span> <span class='ocrx_word' id='word_1_302' title='bbox 1028 2412 1133 2466; x_wconf 92' lang='lat' dir='ltr'><strong>hoc</strong></span> <span class='ocrx_word' id='word_1_303' title='bbox 1161 2412 1521 2482; x_wconf 88' lang='lat' dir='ltr'><strong>Evangelium</strong></span> <span class='ocrx_word' id='word_1_304' title='bbox 1544 2415 1646 2477; x_wconf 90' lang='lat' dir='ltr'><strong>est)</strong></span> <span class='ocrx_word' id='word_1_305' title='bbox 1673 2428 1782 2466; x_wconf 90' lang='lat' dir='ltr'><strong>non</strong></span> <span class='ocrx_word' id='word_1_306' title='bbox 1810 2412 2059 2480; x_wconf 88' lang='lat' dir='ltr'><strong>haberet,</strong></span> 
     </span>
    </p>
   </div>
   <div class='ocr_carea' id='block_1_41' title="bbox 469 2501 2052 2573">
    <p class='ocr_par' dir='ltr' id='par_1_41' title="bbox 469 2501 2052 2573">
     <span class='ocr_line' id='line_1_41' title="bbox 469 2501 2052 2573; baseline 0.002 -19"><span class='ocrx_word' id='word_1_307' title='bbox 469 2516 572 2555; x_wconf 90' lang='lat' dir='ltr'><strong>nec</strong></span> <span class='ocrx_word' id='word_1_308' title='bbox 611 2501 849 2555; x_wconf 89' lang='lat' dir='ltr'><strong>Paulum</strong></span> <span class='ocrx_word' id='word_1_309' title='bbox 874 2501 942 2554; x_wconf 88' lang='lat' dir='ltr'><strong>de</strong></span> <span class='ocrx_word' id='word_1_310' title='bbox 983 2507 1338 2571; x_wconf 89' lang='lat' dir='ltr'><strong>persecutore</strong></span> <span class='ocrx_word' id='word_1_311' title='bbox 1368 2502 1682 2571; x_wconf 83' lang='lat' dir='ltr'><strong>apostolum</strong></span> <span class='ocrx_word' id='word_1_312' title='bbox 1718 2502 2052 2573; x_wconf 88' lang='lat' dir='ltr'><strong>possideret.</strong></span> 
     </span>
    </p>
   </div>
   <div class='ocr_carea' id='block_1_42' title="bbox 465 2587 2059 2661">
    <p class='ocr_par' dir='ltr' id='par_1_42' title="bbox 465 2587 2059 2661">
     <span class='ocr_line' id='line_1_42' title="bbox 465 2587 2059 2661; baseline -0.001 -16"><span class='ocrx_word' id='word_1_313' title='bbox 465 2589 626 2645; x_wconf 91' lang='lat' dir='ltr'><strong>Unde</strong></span> <span class='ocrx_word' id='word_1_314' title='bbox 656 2589 936 2660; x_wconf 81' lang='lat' dir='ltr'><strong>colligitur</strong></span> <span class='ocrx_word' id='word_1_315' title='bbox 964 2606 1053 2653; x_wconf 87' lang='lat' dir='ltr'><strong>ne,</strong></span> <span class='ocrx_word' id='word_1_316' title='bbox 1085 2588 1179 2643; x_wconf 90' lang='lat' dir='ltr'><strong>ubi</strong></span> <span class='ocrx_word' id='word_1_317' title='bbox 1208 2589 1338 2660; x_wconf 88' lang='lat' dir='ltr'><strong>quid</strong></span> <span class='ocrx_word' id='word_1_318' title='bbox 1366 2587 1694 2661; x_wconf 89' lang='lat' dir='ltr'><strong>ambiguum</strong></span> <span class='ocrx_word' id='word_1_319' title='bbox 1723 2595 1826 2652; x_wconf 89' lang='lat' dir='ltr'><strong>est,</strong></span> <span class='ocrx_word' id='word_1_320' title='bbox 1850 2590 2059 2661; x_wconf 86' lang='lat' dir='ltr'><strong>magis-</strong></span> 
     </span>
    </p>
   </div>
   <div class='ocr_carea' id='block_1_43' title="bbox 464 2678 2059 2749">
    <p class='ocr_par' dir='ltr' id='par_1_43' title="bbox 464 2678 2059 2749">
     <span class='ocr_line' id='line_1_43' title="bbox 464 2678 2059 2749; baseline -0.001 -17"><span class='ocrx_word' id='word_1_321' title='bbox 464 2682 554 2732; x_wconf 89' lang='lat' dir='ltr'><strong>ter</strong></span> <span class='ocrx_word' id='word_1_322' title='bbox 598 2678 853 2733; x_wconf 82' lang='lat' dir='ltr'><strong>Ecclesiae</strong></span> <span class='ocrx_word' id='word_1_323' title='bbox 910 2678 1248 2734; x_wconf 88' lang='lat' dir='ltr'><strong>sententiam</strong></span> <span class='ocrx_word' id='word_1_324' title='bbox 1306 2679 1415 2732; x_wconf 89' lang='lat' dir='ltr'><strong>cito</strong></span> <span class='ocrx_word' id='word_1_325' title='bbox 1469 2678 1735 2749; x_wconf 88' lang='lat' dir='ltr'><strong>proferat.</strong></span> <span class='ocrx_word' id='word_1_326' title='bbox 1794 2679 1892 2733; x_wconf 91' lang='lat' dir='ltr'><strong>sed</strong></span> <span class='ocrx_word' id='word_1_327' title='bbox 1944 2680 2059 2733; x_wconf 92' lang='lat' dir='ltr'><strong>Deo</strong></span> 
     </span>
    </p>
   </div>
   <div class='ocr_carea' id='block_1_44' title="bbox 456 2766 2058 2837">
    <p class='ocr_par' dir='ltr' id='par_1_44' title="bbox 456 2766 2058 2837">
     <span class='ocr_line' id='line_1_44' title="bbox 456 2766 2058 2837; baseline -0.001 -16"><span class='ocrx_word' id='word_1_328' title='bbox 456 2766 655 2837; x_wconf 89' lang='lat' dir='ltr'><strong>judicii</strong></span> <span class='ocrx_word' id='word_1_329' title='bbox 704 2768 1008 2822; x_wconf 90' lang='lat' dir='ltr'><strong>terminum</strong></span> <span class='ocrx_word' id='word_1_330' title='bbox 1055 2783 1418 2829; x_wconf 80' lang='lat' dir='ltr'><strong>reservemus,</strong></span> <span class='ocrx_word' id='word_1_331' title='bbox 1448 2773 1511 2820; x_wconf 90' lang='lat' dir='ltr'><strong>ut</strong></span> <span class='ocrx_word' id='word_1_332' title='bbox 1539 2784 1669 2820; x_wconf 92' lang='lat' dir='ltr'><strong>cum</strong></span> <span class='ocrx_word' id='word_1_333' title='bbox 1718 2767 1838 2820; x_wconf 92' lang='lat' dir='ltr'><strong>dies</strong></span> <span class='ocrx_word' id='word_1_334' title='bbox 1861 2767 2058 2835; x_wconf 91' lang='lat' dir='ltr'><strong>judicii</strong></span> 
     </span>
    </p>
   </div>
   <div class='ocr_carea' id='block_1_45' title="bbox 459 2855 2054 2925">
    <p class='ocr_par' dir='ltr' id='par_1_45' title="bbox 459 2855 2054 2925">
     <span class='ocr_line' id='line_1_45' title="bbox 459 2855 2054 2925; baseline -0.001 -16"><span class='ocrx_word' id='word_1_335' title='bbox 459 2855 768 2919; x_wconf 85' lang='lat' dir='ltr'><strong>advenerit,</strong></span> <span class='ocrx_word' id='word_1_336' title='bbox 794 2856 886 2909; x_wconf 91' lang='lat' dir='ltr'><strong>ille</strong></span> <span class='ocrx_word' id='word_1_337' title='bbox 916 2872 1027 2909; x_wconf 90' lang='lat' dir='ltr'><strong>non</strong></span> <span class='ocrx_word' id='word_1_338' title='bbox 1048 2855 1355 2909; x_wconf 91' lang='lat' dir='ltr'><strong>secundum</strong></span> <span class='ocrx_word' id='word_1_339' title='bbox 1378 2855 1754 2925; x_wconf 80' lang='lat' dir='ltr'><strong>suspicionem</strong></span> <span class='ocrx_word' id='word_1_340' title='bbox 1784 2855 2054 2919; x_wconf 89' lang='lat' dir='ltr'><strong>criminis,</strong></span> 
     </span>
    </p>
   </div>
   <div class='ocr_carea' id='block_1_46' title="bbox 460 2943 2057 3012">
    <p class='ocr_par' dir='ltr' id='par_1_46' title="bbox 460 2943 2057 3012">
     <span class='ocr_line' id='line_1_46' title="bbox 460 2943 2057 3012; baseline 0.001 -17"><span class='ocrx_word' id='word_1_341' title='bbox 460 2944 555 2996; x_wconf 91' lang='lat' dir='ltr'><strong>sed</strong></span> <span class='ocrx_word' id='word_1_342' title='bbox 583 2944 745 3012; x_wconf 81' lang='lat' dir='ltr'><strong>juxta</strong></span> <span class='ocrx_word' id='word_1_343' title='bbox 774 2943 1130 2996; x_wconf 83' lang='lat' dir='ltr'><strong>manifestum</strong></span> <span class='ocrx_word' id='word_1_344' title='bbox 1176 2950 1412 3005; x_wconf 88' lang='lat' dir='ltr'><strong>reatum,</strong></span> <span class='ocrx_word' id='word_1_345' title='bbox 1443 2944 1511 2995; x_wconf 91' lang='lat' dir='ltr'><strong>de</strong></span> <span class='ocrx_word' id='word_1_346' title='bbox 1541 2950 1861 2996; x_wconf 90' lang='lat' dir='ltr'><strong>sanctorum</strong></span> <span class='ocrx_word' id='word_1_347' title='bbox 1907 2948 2057 2997; x_wconf 84' lang='lat' dir='ltr'><strong>coetu</strong></span> 
     </span>
    </p>
   </div>
   <div class='ocr_carea' id='block_1_47' title="bbox 460 3018 2044 3101">
    <p class='ocr_par' dir='ltr' id='par_1_47' title="bbox 460 3018 2044 3101">
     <span class='ocr_line' id='line_1_47' title="bbox 460 3018 2044 3101; baseline 0.001 -19"><span class='ocrx_word' id='word_1_348' title='bbox 460 3045 622 3083; x_wconf 89' lang='lat' dir='ltr'><strong>reum</strong></span> <span class='ocrx_word' id='word_1_349' title='bbox 642 3031 691 3098; x_wconf 90' lang='lat' dir='ltr'><strong>ej</strong></span> <span class='ocrx_word' id='word_1_350' title='bbox 701 3030 849 3089; x_wconf 87' lang='lat' dir='ltr'><strong>iciat;</strong></span> <span class='ocrx_word' id='word_1_351' title='bbox 867 3037 1086 3083; x_wconf 85' lang='lat' dir='ltr'><strong>sanctos</strong></span> <span class='ocrx_word' id='word_1_352' title='bbox 1100 3047 1245 3090; x_wconf 86' lang='lat' dir='ltr'><strong>vero,</strong></span> <span class='ocrx_word' id='word_1_353' title='bbox 1264 3030 1397 3100; x_wconf 91' lang='lat' dir='ltr'><strong>quia</strong></span> <span class='ocrx_word' id='word_1_354' title='bbox 1408 3031 1758 3101; x_wconf 84' lang='lat' dir='ltr'><strong>appellantur</strong></span> <span class='ocrx_word' id='word_1_355' title='bbox 1776 3018 2044 3095; x_wconf 90' lang='lat' dir='ltr'><strong>triticum,</strong></span> 
     </span>
    </p>
   </div>
   <div class='ocr_carea' id='block_1_48' title="bbox 2148 1880 3697 1952">
    <p class='ocr_par' dir='ltr' id='par_1_48' title="bbox 2148 1880 3697 1952">
     <span class='ocr_line' id='line_1_48' title="bbox 2148 1880 3697 1952; baseline 0 -20"><span class='ocrx_word' id='word_1_356' title='bbox 2148 1880 2508 1949; x_wconf 78' lang='lat' dir='ltr'><strong>1030phorum</strong></span> <span class='ocrx_word' id='word_1_357' title='bbox 2549 1880 2833 1950; x_wconf 79' lang='lat' dir='ltr'><strong>dogmata,</strong></span> <span class='ocrx_word' id='word_1_358' title='bbox 2867 1887 2925 1935; x_wconf 90' lang='lat' dir='ltr'><strong>et</strong></span> <span class='ocrx_word' id='word_1_359' title='bbox 2969 1881 3388 1952; x_wconf 87' lang='lat' dir='ltr'><strong>Scripturarum</strong></span> <span class='ocrx_word' id='word_1_360' title='bbox 3418 1887 3697 1935; x_wconf 84' lang='lat' dir='ltr'><strong>sanctarum</strong></span> 
     </span>
    </p>
   </div>
   <div class='ocr_carea' id='block_1_49' title="bbox 2147 1968 3696 2048">
    <p class='ocr_par' dir='ltr' id='par_1_49' title="bbox 2147 1968 3696 2048">
     <span class='ocr_line' id='line_1_49' title="bbox 2147 1968 3696 2048; baseline 0.001 -28"><span class='ocrx_word' id='word_1_361' title='bbox 2147 1968 2679 2048; x_wconf 82' lang='lat' dir='ltr'><strong>mysteria,crevisse</strong></span> <span class='ocrx_word' id='word_1_362' title='bbox 2699 1970 3055 2023; x_wconf 86' lang='lat' dir='ltr'><strong>manifestum</strong></span> <span class='ocrx_word' id='word_1_363' title='bbox 3076 1978 3178 2023; x_wconf 87' lang='lat' dir='ltr'><strong>est.</strong></span> <span class='ocrx_word' id='word_1_364' title='bbox 3202 1971 3312 2025; x_wconf 89' lang='lat' dir='ltr'><strong>Sed</strong></span> <span class='ocrx_word' id='word_1_365' title='bbox 3333 1971 3522 2024; x_wconf 88' lang='lat' dir='ltr'><strong>melius</strong></span> <span class='ocrx_word' id='word_1_366' title='bbox 3539 1975 3696 2022; x_wconf 85' lang='lat' dir='ltr'><strong>tamen</strong></span> 
     </span>
    </p>
   </div>
   <div class='ocr_carea' id='block_1_50' title="bbox 2145 2056 3697 2130">
    <p class='ocr_par' dir='ltr' id='par_1_50' title="bbox 2145 2056 3697 2130">
     <span class='ocr_line' id='line_1_50' title="bbox 2145 2056 3697 2130; baseline -0.001 -20"><span class='ocrx_word' id='word_1_367' title='bbox 2145 2056 2214 2110; x_wconf 91' lang='lat' dir='ltr'><strong>de</strong></span> <span class='ocrx_word' id='word_1_368' title='bbox 2235 2057 2458 2111; x_wconf 86' lang='lat' dir='ltr'><strong>Christo</strong></span> <span class='ocrx_word' id='word_1_369' title='bbox 2479 2057 2813 2127; x_wconf 83' lang='lat' dir='ltr'><strong>intelligitur</strong></span> <span class='ocrx_word' id='word_1_370' title='bbox 2831 2058 3135 2117; x_wconf 80' lang='lat' dir='ltr'><strong>dictum.ex</strong></span> <span class='ocrx_word' id='word_1_371' title='bbox 3171 2076 3302 2129; x_wconf 90' lang='lat' dir='ltr'><strong>quo,</strong></span> <span class='ocrx_word' id='word_1_372' title='bbox 3336 2066 3393 2113; x_wconf 90' lang='lat' dir='ltr'><strong>et</strong></span> <span class='ocrx_word' id='word_1_373' title='bbox 3420 2075 3515 2130; x_wconf 86' lang='lat' dir='ltr'><strong>per</strong></span> <span class='ocrx_word' id='word_1_374' title='bbox 3539 2072 3697 2128; x_wconf 87' lang='lat' dir='ltr'><strong>quem,</strong></span> 
     </span>
    </p>
   </div>
   <div class='ocr_carea' id='block_1_51' title="bbox 2145 2144 3701 2216">
    <p class='ocr_par' dir='ltr' id='par_1_51' title="bbox 2145 2144 3701 2216">
     <span class='ocr_line' id='line_1_51' title="bbox 2145 2144 3701 2216; baseline -0.001 -18"><span class='ocrx_word' id='word_1_375' title='bbox 2145 2145 2326 2216; x_wconf 90' lang='lat' dir='ltr'><strong>ipsum</strong></span> <span class='ocrx_word' id='word_1_376' title='bbox 2360 2146 2717 2216; x_wconf 87' lang='lat' dir='ltr'><strong>Evangelium</strong></span> <span class='ocrx_word' id='word_1_377' title='bbox 2739 2148 2911 2201; x_wconf 85' lang='lat' dir='ltr'><strong>crevit</strong></span> <span class='ocrx_word' id='word_1_378' title='bbox 2930 2154 2988 2201; x_wconf 91' lang='lat' dir='ltr'><strong>et</strong></span> <span class='ocrx_word' id='word_1_379' title='bbox 3024 2148 3323 2201; x_wconf 79' lang='lat' dir='ltr'><strong>dilatatam</strong></span> <span class='ocrx_word' id='word_1_380' title='bbox 3357 2154 3457 2202; x_wconf 88' lang='lat' dir='ltr'><strong>est.</strong></span> <span class='ocrx_word' id='word_1_381' title='bbox 3495 2146 3622 2210; x_wconf 86' lang='lat' dir='ltr'><strong>Quia</strong></span> <span class='ocrx_word' id='word_1_382' title='bbox 3644 2144 3701 2197; x_wconf 85' lang='lat' dir='ltr'><strong>si-</strong></span> 
     </span>
    </p>
   </div>
   <div class='ocr_carea' id='block_1_52' title="bbox 2144 2235 3697 2302">
    <p class='ocr_par' dir='ltr' id='par_1_52' title="bbox 2144 2235 3697 2302">
     <span class='ocr_line' id='line_1_52' title="bbox 2144 2235 3697 2302; baseline -0.002 -15"><span class='ocrx_word' id='word_1_383' title='bbox 2144 2239 2239 2288; x_wconf 90' lang='lat' dir='ltr'><strong>cut</strong></span> <span class='ocrx_word' id='word_1_384' title='bbox 2266 2236 2409 2302; x_wconf 87' lang='lat' dir='ltr'><strong>quod</strong></span> <span class='ocrx_word' id='word_1_385' title='bbox 2439 2238 2731 2302; x_wconf 82' lang='lat' dir='ltr'><strong>inﬁrmum</strong></span> <span class='ocrx_word' id='word_1_386' title='bbox 2757 2240 2829 2288; x_wconf 90' lang='lat' dir='ltr'><strong>est</strong></span> <span class='ocrx_word' id='word_1_387' title='bbox 2861 2238 2975 2299; x_wconf 83' lang='lat' dir='ltr'><strong>Dei,</strong></span> <span class='ocrx_word' id='word_1_388' title='bbox 2993 2239 3197 2302; x_wconf 75' lang='lat' dir='ltr'><strong>fortius</strong></span> <span class='ocrx_word' id='word_1_389' title='bbox 3226 2243 3303 2290; x_wconf 86' lang='lat' dir='ltr'><strong>est</strong></span> <span class='ocrx_word' id='word_1_390' title='bbox 3328 2236 3638 2289; x_wconf 80' lang='lat' dir='ltr'><strong>hominibus.</strong></span> <span class='ocrx_word' id='word_1_391' title='bbox 3659 2235 3697 2285; x_wconf 79' lang='lat' dir='ltr'><strong>et</strong></span> 
     </span>
    </p>
   </div>
   <div class='ocr_carea' id='block_1_53' title="bbox 2145 2324 3695 2392">
    <p class='ocr_par' dir='ltr' id='par_1_53' title="bbox 2145 2324 3695 2392">
     <span class='ocr_line' id='line_1_53' title="bbox 2145 2324 3695 2392; baseline 0.004 -17"><span class='ocrx_word' id='word_1_392' title='bbox 2145 2325 2288 2392; x_wconf 83' lang='lat' dir='ltr'><strong>quod</strong></span> <span class='ocrx_word' id='word_1_393' title='bbox 2312 2327 2546 2377; x_wconf 81' lang='lat' dir='ltr'><strong>stultum</strong></span> <span class='ocrx_word' id='word_1_394' title='bbox 2575 2330 2669 2383; x_wconf 86' lang='lat' dir='ltr'><strong>est.</strong></span> <span class='ocrx_word' id='word_1_395' title='bbox 2692 2328 2997 2392; x_wconf 83' lang='lat' dir='ltr'><strong>sapientius</strong></span> <span class='ocrx_word' id='word_1_396' title='bbox 3018 2330 3093 2378; x_wconf 82' lang='lat' dir='ltr'><strong>est</strong></span> <span class='ocrx_word' id='word_1_397' title='bbox 3121 2325 3439 2378; x_wconf 80' lang='lat' dir='ltr'><strong>hominibus</strong></span> <span class='ocrx_word' id='word_1_398' title='bbox 3468 2325 3516 2387; x_wconf 91' lang='lat' dir='ltr'><strong>(l</strong></span> <span class='ocrx_word' id='word_1_399' title='bbox 3540 2324 3643 2377; x_wconf 77' lang='lat' dir='ltr'><strong>Cor.</strong></span> <span class='ocrx_word' id='word_1_400' title='bbox 3664 2334 3695 2381; x_wconf 68' lang='grc' dir='ltr'><strong>Ῐν</strong></span> 
     </span>
    </p>
   </div>
   <div class='ocr_carea' id='block_1_54' title="bbox 2140 2406 3696 2482">
    <p class='ocr_par' dir='ltr' id='par_1_54' title="bbox 2140 2406 3696 2482">
     <span class='ocr_line' id='line_1_54' title="bbox 2140 2406 3696 2482; baseline -0.003 -18"><span class='ocrx_word' id='word_1_401' title='bbox 2140 2409 2232 2479; x_wconf 75' lang='grc'><strong>25)</strong></span> <span class='ocrx_word' id='word_1_402' title='bbox 2265 2429 2276 2464; x_wconf 87' lang='grc'>;</span> <span class='ocrx_word' id='word_1_403' title='bbox 2308 2412 2388 2465; x_wconf 87' lang='lat' dir='ltr'><strong>ita</strong></span> <span class='ocrx_word' id='word_1_404' title='bbox 2406 2411 2509 2465; x_wconf 92' lang='lat' dir='ltr'><strong>hoc</strong></span> <span class='ocrx_word' id='word_1_405' title='bbox 2537 2412 2832 2465; x_wconf 83' lang='lat' dir='ltr'><strong>minimum</strong></span> <span class='ocrx_word' id='word_1_406' title='bbox 2853 2412 2972 2475; x_wconf 88' lang='lat' dir='ltr'><strong>Dei,</strong></span> <span class='ocrx_word' id='word_1_407' title='bbox 2996 2418 3116 2466; x_wconf 90' lang='lat' dir='ltr'><strong>tota</strong></span> <span class='ocrx_word' id='word_1_408' title='bbox 3145 2410 3527 2482; x_wconf 83' lang='lat' dir='ltr'><strong>magnitudine</strong></span> <span class='ocrx_word' id='word_1_409' title='bbox 3548 2406 3696 2462; x_wconf 87' lang='lat' dir='ltr'><strong>homi-</strong></span> 
     </span>
    </p>
   </div>
   <div class='ocr_carea' id='block_1_55' title="bbox 2144 2497 3696 2571">
    <p class='ocr_par' dir='ltr' id='par_1_55' title="bbox 2144 2497 3696 2571">
     <span class='ocr_line' id='line_1_55' title="bbox 2144 2497 3696 2571; baseline -0.004 -18"><span class='ocrx_word' id='word_1_410' title='bbox 2144 2516 2280 2553; x_wconf 92' lang='lat' dir='ltr'><strong>num</strong></span> <span class='ocrx_word' id='word_1_411' title='bbox 2310 2502 2480 2555; x_wconf 88' lang='lat' dir='ltr'><strong>etiam</strong></span> <span class='ocrx_word' id='word_1_412' title='bbox 2511 2506 2569 2553; x_wconf 92' lang='lat' dir='ltr'><strong>et</strong></span> <span class='ocrx_word' id='word_1_413' title='bbox 2595 2500 2925 2570; x_wconf 85' lang='lat' dir='ltr'><strong>angelorum</strong></span> <span class='ocrx_word' id='word_1_414' title='bbox 2954 2500 3407 2571; x_wconf 84' lang='lat' dir='ltr'><strong>magnificentius</strong></span> <span class='ocrx_word' id='word_1_415' title='bbox 3435 2497 3696 2552; x_wconf 83' lang='lat' dir='ltr'><strong>invenitur.</strong></span> 
     </span>
    </p>
   </div>
   <div class='ocr_carea' id='block_1_56' title="bbox 2144 2583 3699 2660">
    <p class='ocr_par' dir='ltr' id='par_1_56' title="bbox 2144 2583 3699 2660">
     <span class='ocr_line' id='line_1_56' title="bbox 2144 2583 3699 2660; baseline -0.003 -19"><span class='ocrx_word' id='word_1_416' title='bbox 2144 2588 2230 2642; x_wconf 89' lang='lat' dir='ltr'><strong>Ita</strong></span> <span class='ocrx_word' id='word_1_417' title='bbox 2257 2594 2443 2643; x_wconf 90' lang='lat' dir='ltr'><strong>tamen</strong></span> <span class='ocrx_word' id='word_1_418' title='bbox 2473 2589 2519 2642; x_wconf 91' lang='lat' dir='ltr'><strong>si</strong></span> <span class='ocrx_word' id='word_1_419' title='bbox 2551 2590 2652 2642; x_wconf 91' lang='lat' dir='ltr'><strong>hoc</strong></span> <span class='ocrx_word' id='word_1_420' title='bbox 2679 2606 2921 2659; x_wconf 85' lang='lat' dir='ltr'><strong>granum</strong></span> <span class='ocrx_word' id='word_1_421' title='bbox 2960 2588 3173 2660; x_wconf 84' lang='lat' dir='ltr'><strong>sinapis</strong></span> <span class='ocrx_word' id='word_1_422' title='bbox 3204 2605 3309 2643; x_wconf 91' lang='lat' dir='ltr'><strong>nos</strong></span> <span class='ocrx_word' id='word_1_423' title='bbox 3340 2588 3395 2642; x_wconf 92' lang='lat' dir='ltr'><strong>in</strong></span> <span class='ocrx_word' id='word_1_424' title='bbox 3425 2585 3611 2641; x_wconf 91' lang='lat' dir='ltr'><strong>nostris</strong></span> <span class='ocrx_word' id='word_1_425' title='bbox 3635 2583 3699 2638; x_wconf 89' lang='lat' dir='ltr'><strong>sic</strong></span> 
     </span>
    </p>
   </div>
   <div class='ocr_carea' id='block_1_57' title="bbox 2143 2674 3697 2747">
    <p class='ocr_par' dir='ltr' id='par_1_57' title="bbox 2143 2674 3697 2747">
     <span class='ocr_line' id='line_1_57' title="bbox 2143 2674 3697 2747; baseline -0.002 -18"><span class='ocrx_word' id='word_1_426' title='bbox 2143 2678 2484 2730; x_wconf 89' lang='lat' dir='ltr'><strong>seminemus</strong></span> <span class='ocrx_word' id='word_1_427' title='bbox 2519 2677 2857 2747; x_wconf 86' lang='lat' dir='ltr'><strong>pectoribus,</strong></span> <span class='ocrx_word' id='word_1_428' title='bbox 2888 2684 2951 2732; x_wconf 92' lang='lat' dir='ltr'><strong>ut</strong></span> <span class='ocrx_word' id='word_1_429' title='bbox 2979 2677 3365 2746; x_wconf 67' lang='lat' dir='ltr'><strong>intelligentiae</strong></span> <span class='ocrx_word' id='word_1_430' title='bbox 3409 2674 3697 2747; x_wconf 85' lang='lat' dir='ltr'><strong>magnitudo</strong></span> 
     </span>
    </p>
   </div>
   <div class='ocr_carea' id='block_1_58' title="bbox 2140 2764 3696 2836">
    <p class='ocr_par' dir='ltr' id='par_1_58' title="bbox 2140 2764 3696 2836">
     <span class='ocr_line' id='line_1_58' title="bbox 2140 2764 3696 2836; baseline -0.003 -18"><span class='ocrx_word' id='word_1_431' title='bbox 2140 2765 2300 2819; x_wconf 89' lang='lat' dir='ltr'><strong>nobis</strong></span> <span class='ocrx_word' id='word_1_432' title='bbox 2339 2765 2489 2819; x_wconf 91' lang='lat' dir='ltr'><strong>intus</strong></span> <span class='ocrx_word' id='word_1_433' title='bbox 2511 2766 2570 2819; x_wconf 93' lang='lat' dir='ltr'><strong>in</strong></span> <span class='ocrx_word' id='word_1_434' title='bbox 2605 2765 2862 2819; x_wconf 88' lang='lat' dir='ltr'><strong>arborem</strong></span> <span class='ocrx_word' id='word_1_435' title='bbox 2892 2773 3123 2819; x_wconf 88' lang='lat' dir='ltr'><strong>crescat.</strong></span> <span class='ocrx_word' id='word_1_436' title='bbox 3151 2767 3218 2820; x_wconf 84' lang='lat' dir='ltr'><strong>Et</strong></span> <span class='ocrx_word' id='word_1_437' title='bbox 3248 2783 3365 2821; x_wconf 91' lang='lat' dir='ltr'><strong>non</strong></span> <span class='ocrx_word' id='word_1_438' title='bbox 3393 2767 3449 2819; x_wconf 90' lang='lat' dir='ltr'><strong>in</strong></span> <span class='ocrx_word' id='word_1_439' title='bbox 3478 2764 3696 2836; x_wconf 84' lang='lat' dir='ltr'><strong>qualem-</strong></span> 
     </span>
    </p>
   </div>
   <div class='ocr_carea' id='block_1_59' title="bbox 2139 2854 3695 2924">
    <p class='ocr_par' dir='ltr' id='par_1_59' title="bbox 2139 2854 3695 2924">
     <span class='ocr_line' id='line_1_59' title="bbox 2139 2854 3695 2924; baseline 0.002 -19"><span class='ocrx_word' id='word_1_440' title='bbox 2139 2870 2358 2924; x_wconf 90' lang='lat' dir='ltr'><strong>cunque</strong></span> <span class='ocrx_word' id='word_1_441' title='bbox 2400 2854 2678 2921; x_wconf 84' lang='lat' dir='ltr'><strong>arborem,</strong></span> <span class='ocrx_word' id='word_1_442' title='bbox 2710 2856 2809 2909; x_wconf 87' lang='lat' dir='ltr'><strong>sed</strong></span> <span class='ocrx_word' id='word_1_443' title='bbox 2838 2854 2895 2909; x_wconf 88' lang='lat' dir='ltr'><strong>in</strong></span> <span class='ocrx_word' id='word_1_444' title='bbox 2927 2872 3052 2909; x_wconf 88' lang='lat' dir='ltr'><strong>eam</strong></span> <span class='ocrx_word' id='word_1_445' title='bbox 3085 2860 3142 2909; x_wconf 89' lang='lat' dir='ltr'><strong>et</strong></span> <span class='ocrx_word' id='word_1_446' title='bbox 3164 2855 3338 2909; x_wconf 87' lang='lat' dir='ltr'><strong>talem</strong></span> <span class='ocrx_word' id='word_1_447' title='bbox 3388 2872 3452 2909; x_wconf 72' lang='lat' dir='ltr'><strong>ac.</strong></span> <span class='ocrx_word' id='word_1_448' title='bbox 3492 2858 3695 2908; x_wconf 77' lang='lat' dir='ltr'><strong>tantam.</strong></span> 
     </span>
    </p>
   </div>
   <div class='ocr_carea' id='block_1_60' title="bbox 2139 2936 3697 3015">
    <p class='ocr_par' dir='ltr' id='par_1_60' title="bbox 2139 2936 3697 3015">
     <span class='ocr_line' id='line_1_60' title="bbox 2139 2936 3697 3015; baseline -0.003 -21"><span class='ocrx_word' id='word_1_449' title='bbox 2139 2944 2241 2995; x_wconf 86' lang='lat' dir='ltr'><strong>sub</strong></span> <span class='ocrx_word' id='word_1_450' title='bbox 2271 2959 2383 3012; x_wconf 91' lang='lat' dir='ltr'><strong>qua</strong></span> <span class='ocrx_word' id='word_1_451' title='bbox 2427 2943 2484 2996; x_wconf 91' lang='lat' dir='ltr'><strong>in</strong></span> <span class='ocrx_word' id='word_1_452' title='bbox 2515 2944 2686 2997; x_wconf 88' lang='lat' dir='ltr'><strong>ramis</strong></span> <span class='ocrx_word' id='word_1_453' title='bbox 2724 2944 3078 3015; x_wconf 87' lang='lat' dir='ltr'><strong>requiescant</strong></span> <span class='ocrx_word' id='word_1_454' title='bbox 3115 2944 3307 2998; x_wconf 89' lang='lat' dir='ltr'><strong>omnia</strong></span> <span class='ocrx_word' id='word_1_455' title='bbox 3335 2943 3569 2997; x_wconf 84' lang='lat' dir='ltr'><strong>volatilia</strong></span> <span class='ocrx_word' id='word_1_456' title='bbox 3594 2936 3697 2992; x_wconf 82' lang='lat' dir='ltr'><strong>cccli</strong></span> 
     </span>
    </p>
   </div>
   <div class='ocr_carea' id='block_1_61' title="bbox 2133 3030 3693 3095">
    <p class='ocr_par' dir='ltr' id='par_1_61' title="bbox 2133 3030 3693 3095">
     <span class='ocr_line' id='line_1_61' title="bbox 2133 3030 3693 3095; baseline -0.002 -12"><span class='ocrx_word' id='word_1_457' title='bbox 2133 3032 2344 3084; x_wconf 67' lang='lat' dir='ltr'><strong>(Matth.</strong></span> <span class='ocrx_word' id='word_1_458' title='bbox 2372 3046 2489 3095; x_wconf 83' lang='lat' dir='ltr'><strong>xm,</strong></span> <span class='ocrx_word' id='word_1_459' title='bbox 2506 3030 2610 3095; x_wconf 72' lang='lat'><strong>3&#39;2),</strong></span> <span class='ocrx_word' id='word_1_460' title='bbox 2636 3038 2693 3086; x_wconf 92' lang='lat' dir='ltr'><strong>et</strong></span> <span class='ocrx_word' id='word_1_461' title='bbox 2711 3050 2906 3087; x_wconf 89' lang='lat' dir='ltr'><strong>sensus</strong></span> <span class='ocrx_word' id='word_1_462' title='bbox 2924 3033 3099 3087; x_wconf 89' lang='lat' dir='ltr'><strong>nostri</strong></span> <span class='ocrx_word' id='word_1_463' title='bbox 3126 3032 3385 3087; x_wconf 88' lang='lat' dir='ltr'><strong>leventur</strong></span> <span class='ocrx_word' id='word_1_464' title='bbox 3404 3032 3471 3086; x_wconf 89' lang='lat' dir='ltr'><strong>ad</strong></span> <span class='ocrx_word' id='word_1_465' title='bbox 3500 3031 3693 3087; x_wconf 76' lang='lat' dir='ltr'><strong>coelum,</strong></span> 
     </span>
    </p>
   </div>
   <div class='ocr_carea' id='block_1_62' title="bbox 456 3109 3697 3180">
    <p class='ocr_par' dir='ltr' id='par_1_62' title="bbox 456 3109 3697 3180">
     <span class='ocr_line' id='line_1_62' title="bbox 456 3109 3697 3180; baseline 0.001 -11"><span class='ocrx_word' id='word_1_466' title='bbox 456 3115 518 3170; x_wconf 90' lang='lat' dir='ltr'><strong>in</strong></span> <span class='ocrx_word' id='word_1_467' title='bbox 545 3116 779 3180; x_wconf 89' lang='lat' dir='ltr'><strong>horreis,</strong></span> <span class='ocrx_word' id='word_1_468' title='bbox 814 3117 869 3169; x_wconf 92' lang='lat' dir='ltr'><strong>id</strong></span> <span class='ocrx_word' id='word_1_469' title='bbox 900 3122 985 3170; x_wconf 89' lang='lat' dir='ltr'><strong>est</strong></span> <span class='ocrx_word' id='word_1_470' title='bbox 1019 3117 1075 3170; x_wconf 93' lang='lat' dir='ltr'><strong>in</strong></span> <span class='ocrx_word' id='word_1_471' title='bbox 1104 3118 1486 3171; x_wconf 88' lang='lat' dir='ltr'><strong>mansionibus</strong></span> <span class='ocrx_word' id='word_1_472' title='bbox 1512 3125 1732 3172; x_wconf 65' lang='lat' dir='ltr'><strong>internae</strong></span> <span class='ocrx_word' id='word_1_473' title='bbox 1765 3118 1887 3173; x_wconf 72' lang='lat' dir='ltr'><strong>vitae</strong></span> <span class='ocrx_word' id='word_1_474' title='bbox 1925 3137 2047 3173; x_wconf 88' lang='lat' dir='ltr'><strong>sus-</strong></span> <span class='ocrx_word' id='word_1_475' title='bbox 2068 3109 2112 3167; x_wconf 86' lang='lat' dir='ltr'><strong>C</strong></span> <span class='ocrx_word' id='word_1_476' title='bbox 2135 3125 2391 3173; x_wconf 90' lang='lat' dir='ltr'><strong>actotum</strong></span> <span class='ocrx_word' id='word_1_477' title='bbox 2413 3120 2770 3175; x_wconf 86' lang='lat' dir='ltr'><strong>scientiarum</strong></span> <span class='ocrx_word' id='word_1_478' title='bbox 2803 3120 3149 3175; x_wconf 71' lang='lat' dir='ltr'><strong>ditiundatur</strong></span> <span class='ocrx_word' id='word_1_479' title='bbox 3176 3121 3234 3175; x_wconf 90' lang='lat' dir='ltr'><strong>in</strong></span> <span class='ocrx_word' id='word_1_480' title='bbox 3266 3138 3472 3175; x_wconf 88' lang='lat' dir='ltr'><strong>ramos.</strong></span> <span class='ocrx_word' id='word_1_481' title='bbox 3506 3115 3697 3173; x_wconf 88' lang='lat' dir='ltr'><strong>Deinde</strong></span> 
     </span>
    </p>
   </div>
   <div class='ocr_carea' id='block_1_63' title="bbox 457 3204 2051 3275">
    <p class='ocr_par' dir='ltr' id='par_1_63' title="bbox 457 3204 2051 3275">
     <span class='ocr_line' id='line_1_63' title="bbox 457 3204 2051 3275; baseline 0.003 -18"><span class='ocrx_word' id='word_1_482' title='bbox 457 3204 682 3275; x_wconf 87' lang='lat' dir='ltr'><strong>ciperet.</strong></span> <span class='ocrx_word' id='word_1_483' title='bbox 714 3204 887 3258; x_wconf 88' lang='lat' dir='ltr'><strong>Porro</strong></span> <span class='ocrx_word' id='word_1_484' title='bbox 913 3206 1058 3275; x_wconf 90' lang='lat' dir='ltr'><strong>quod</strong></span> <span class='ocrx_word' id='word_1_485' title='bbox 1084 3206 1299 3269; x_wconf 88' lang='lat' dir='ltr'><strong>messis,</strong></span> <span class='ocrx_word' id='word_1_486' title='bbox 1328 3208 1735 3260; x_wconf 87' lang='lat' dir='ltr'><strong>consummatio</strong></span> <span class='ocrx_word' id='word_1_487' title='bbox 1756 3207 1943 3261; x_wconf 77' lang='lat' dir='ltr'><strong>saeculi</strong></span> <span class='ocrx_word' id='word_1_488' title='bbox 1965 3208 2051 3261; x_wconf 89' lang='lat' dir='ltr'><strong>di-</strong></span> 
     </span>
    </p>
   </div>
   <div class='ocr_carea' id='block_1_64' title="bbox 457 3292 2053 3365">
    <p class='ocr_par' dir='ltr' id='par_1_64' title="bbox 457 3292 2053 3365">
     <span class='ocr_line' id='line_1_64' title="bbox 457 3292 2053 3365; baseline 0.002 -19"><span class='ocrx_word' id='word_1_489' title='bbox 457 3292 623 3353; x_wconf 82' lang='lat' dir='ltr'><strong>citur.</strong></span> <span class='ocrx_word' id='word_1_490' title='bbox 651 3292 783 3364; x_wconf 90' lang='lat' dir='ltr'><strong>quia</strong></span> <span class='ocrx_word' id='word_1_491' title='bbox 803 3293 953 3347; x_wconf 89' lang='lat' dir='ltr'><strong>ultra</strong></span> <span class='ocrx_word' id='word_1_492' title='bbox 983 3310 1085 3347; x_wconf 85' lang='lat' dir='ltr'><strong>nec</strong></span> <span class='ocrx_word' id='word_1_493' title='bbox 1114 3294 1259 3347; x_wconf 88' lang='lat' dir='ltr'><strong>satio</strong></span> <span class='ocrx_word' id='word_1_494' title='bbox 1279 3294 1388 3348; x_wconf 90' lang='lat' dir='ltr'><strong>erit</strong></span> <span class='ocrx_word' id='word_1_495' title='bbox 1414 3296 1555 3365; x_wconf 90' lang='lat' dir='ltr'><strong>agri,</strong></span> <span class='ocrx_word' id='word_1_496' title='bbox 1580 3312 1683 3349; x_wconf 89' lang='lat' dir='ltr'><strong>nec</strong></span> <span class='ocrx_word' id='word_1_497' title='bbox 1714 3296 1927 3349; x_wconf 90' lang='lat' dir='ltr'><strong>fructus</strong></span> <span class='ocrx_word' id='word_1_498' title='bbox 1952 3296 2053 3350; x_wconf 85' lang='lat' dir='ltr'><strong>hu-</strong></span> 
     </span>
    </p>
   </div>
   <div class='ocr_carea' id='block_1_65' title="bbox 453 3381 2049 3456">
    <p class='ocr_par' dir='ltr' id='par_1_65' title="bbox 453 3381 2049 3456">
     <span class='ocr_line' id='line_1_65' title="bbox 453 3381 2049 3456; baseline 0.003 -22"><span class='ocrx_word' id='word_1_499' title='bbox 453 3381 610 3435; x_wconf 86' lang='lat' dir='ltr'><strong>mani</strong></span> <span class='ocrx_word' id='word_1_500' title='bbox 655 3382 887 3436; x_wconf 89' lang='lat' dir='ltr'><strong>seminis</strong></span> <span class='ocrx_word' id='word_1_501' title='bbox 928 3384 1077 3436; x_wconf 90' lang='lat' dir='ltr'><strong>ultra</strong></span> <span class='ocrx_word' id='word_1_502' title='bbox 1133 3382 1448 3452; x_wconf 86' lang='lat' dir='ltr'><strong>augebitur.</strong></span> <span class='ocrx_word' id='word_1_503' title='bbox 1498 3384 1606 3438; x_wconf 91' lang='lat' dir='ltr'><strong>Sed</strong></span> <span class='ocrx_word' id='word_1_504' title='bbox 1644 3390 1779 3438; x_wconf 92' lang='lat' dir='ltr'><strong>tunc</strong></span> <span class='ocrx_word' id='word_1_505' title='bbox 1825 3391 2049 3456; x_wconf 87' lang='lat' dir='ltr'><strong>tempus</strong></span> 
     </span>
    </p>
   </div>
   <div class='ocr_carea' id='block_1_66' title="bbox 456 3470 2049 3544">
    <p class='ocr_par' dir='ltr' id='par_1_66' title="bbox 456 3470 2049 3544">
     <span class='ocr_line' id='line_1_66' title="bbox 456 3470 2049 3544; baseline 0.003 -21"><span class='ocrx_word' id='word_1_506' title='bbox 456 3470 707 3539; x_wconf 86' lang='lat' dir='ltr'><strong>ejusdem</strong></span> <span class='ocrx_word' id='word_1_507' title='bbox 735 3470 930 3524; x_wconf 90' lang='lat' dir='ltr'><strong>messis</strong></span> <span class='ocrx_word' id='word_1_508' title='bbox 960 3471 1085 3536; x_wconf 91' lang='lat' dir='ltr'><strong>erit,</strong></span> <span class='ocrx_word' id='word_1_509' title='bbox 1118 3470 1170 3523; x_wconf 87' lang='lat' dir='ltr'><strong>id</strong></span> <span class='ocrx_word' id='word_1_510' title='bbox 1205 3478 1289 3525; x_wconf 89' lang='lat' dir='ltr'><strong>est</strong></span> <span class='ocrx_word' id='word_1_511' title='bbox 1328 3471 1526 3542; x_wconf 91' lang='lat' dir='ltr'><strong>judicii</strong></span> <span class='ocrx_word' id='word_1_512' title='bbox 1552 3472 1691 3537; x_wconf 88' lang='lat' dir='ltr'><strong>dies,</strong></span> <span class='ocrx_word' id='word_1_513' title='bbox 1725 3474 1949 3544; x_wconf 88' lang='lat' dir='ltr'><strong>quando</strong></span> <span class='ocrx_word' id='word_1_514' title='bbox 1980 3474 2049 3529; x_wconf 89' lang='lat' dir='ltr'><strong>de</strong></span> 
     </span>
    </p>
   </div>
   <div class='ocr_carea' id='block_1_67' title="bbox 453 3558 2049 3632">
    <p class='ocr_par' dir='ltr' id='par_1_67' title="bbox 453 3558 2049 3632">
     <span class='ocr_line' id='line_1_67' title="bbox 453 3558 2049 3632; baseline 0.002 -19"><span class='ocrx_word' id='word_1_515' title='bbox 453 3558 692 3628; x_wconf 85' lang='lat' dir='ltr'><strong>singulis</strong></span> <span class='ocrx_word' id='word_1_516' title='bbox 709 3559 1071 3629; x_wconf 90' lang='lat' dir='ltr'><strong>judicabitur.</strong></span> <span class='ocrx_word' id='word_1_517' title='bbox 1106 3561 1382 3614; x_wconf 66' lang='lat' dir='ltr'><strong>Praeterea</strong></span> <span class='ocrx_word' id='word_1_518' title='bbox 1409 3578 1698 3620; x_wconf 84' lang='lat' dir='ltr'><strong>messores.</strong></span> <span class='ocrx_word' id='word_1_519' title='bbox 1736 3562 1937 3632; x_wconf 89' lang='lat' dir='ltr'><strong>quibus</strong></span> <span class='ocrx_word' id='word_1_520' title='bbox 1962 3564 2049 3616; x_wconf 90' lang='lat' dir='ltr'><strong>di-</strong></span> 
     </span>
    </p>
   </div>
   <div class='ocr_carea' id='block_1_68' title="bbox 454 3646 2050 3721">
    <p class='ocr_par' dir='ltr' id='par_1_68' title="bbox 454 3646 2050 3721">
     <span class='ocr_line' id='line_1_68' title="bbox 454 3646 2050 3721; baseline 0.003 -20"><span class='ocrx_word' id='word_1_521' title='bbox 454 3646 618 3713; x_wconf 90' lang='lat' dir='ltr'><strong>citur,</strong></span> <span class='ocrx_word' id='word_1_522' title='bbox 650 3648 895 3715; x_wconf 72' lang='lat' dir='ltr'><strong>Colligite</strong></span> <span class='ocrx_word' id='word_1_523' title='bbox 919 3651 1173 3716; x_wconf 81' lang='lat' dir='ltr'><strong>primum</strong></span> <span class='ocrx_word' id='word_1_524' title='bbox 1200 3652 1445 3712; x_wconf 82' lang='lat' dir='ltr'><strong>zizania,</strong></span> <span class='ocrx_word' id='word_1_525' title='bbox 1468 3655 1609 3703; x_wconf 88' lang='lat' dir='ltr'><strong>teste</strong></span> <span class='ocrx_word' id='word_1_526' title='bbox 1642 3652 1775 3711; x_wconf 84' lang='lat' dir='ltr'><strong>Deo,</strong></span> <span class='ocrx_word' id='word_1_527' title='bbox 1809 3651 1915 3721; x_wconf 88' lang='lat' dir='ltr'><strong>ipsi</strong></span> <span class='ocrx_word' id='word_1_528' title='bbox 1948 3668 2050 3706; x_wconf 88' lang='lat' dir='ltr'><strong>an-</strong></span> 
     </span>
    </p>
   </div>
   <div class='ocr_carea' id='block_1_69' title="bbox 451 3737 2051 3811">
    <p class='ocr_par' dir='ltr' id='par_1_69' title="bbox 451 3737 2051 3811">
     <span class='ocr_line' id='line_1_69' title="bbox 451 3737 2051 3811; baseline 0.003 -22"><span class='ocrx_word' id='word_1_529' title='bbox 451 3737 564 3806; x_wconf 84' lang='lat' dir='ltr'><strong>geli</strong></span> <span class='ocrx_word' id='word_1_530' title='bbox 612 3742 760 3798; x_wconf 87' lang='lat' dir='ltr'><strong>sunt,</strong></span> <span class='ocrx_word' id='word_1_531' title='bbox 801 3738 893 3806; x_wconf 88' lang='lat' dir='ltr'><strong>qui</strong></span> <span class='ocrx_word' id='word_1_532' title='bbox 940 3743 1071 3790; x_wconf 92' lang='lat' dir='ltr'><strong>sunt</strong></span> <span class='ocrx_word' id='word_1_533' title='bbox 1118 3737 1174 3790; x_wconf 91' lang='lat' dir='ltr'><strong>in</strong></span> <span class='ocrx_word' id='word_1_534' title='bbox 1205 3738 1411 3791; x_wconf 86' lang='lat' dir='ltr'><strong>auxilio</strong></span> <span class='ocrx_word' id='word_1_535' title='bbox 1444 3737 1702 3794; x_wconf 72' lang='lat' dir='ltr'><strong>Ecclesiae</strong></span> <span class='ocrx_word' id='word_1_536' title='bbox 1751 3740 1870 3803; x_wconf 87' lang='lat' dir='ltr'><strong>Dei,</strong></span> <span class='ocrx_word' id='word_1_537' title='bbox 1911 3758 2051 3811; x_wconf 87' lang='lat' dir='ltr'><strong>quos</strong></span> 
     </span>
    </p>
   </div>
   <div class='ocr_carea' id='block_1_70' title="bbox 451 3824 2049 3898">
    <p class='ocr_par' dir='ltr' id='par_1_70' title="bbox 451 3824 2049 3898">
     <span class='ocr_line' id='line_1_70' title="bbox 451 3824 2049 3898; baseline 0.002 -20"><span class='ocrx_word' id='word_1_538' title='bbox 451 3826 739 3896; x_wconf 86' lang='lat' dir='ltr'><strong>apostolus</strong></span> <span class='ocrx_word' id='word_1_539' title='bbox 758 3824 965 3878; x_wconf 89' lang='lat' dir='ltr'><strong>Paulus</strong></span> <span class='ocrx_word' id='word_1_540' title='bbox 989 3825 1055 3877; x_wconf 88' lang='lat' dir='ltr'><strong>ad</strong></span> <span class='ocrx_word' id='word_1_541' title='bbox 1066 3825 1495 3879; x_wconf 87' lang='lat' dir='ltr'><strong>ministratorios</strong></span> <span class='ocrx_word' id='word_1_542' title='bbox 1511 3834 1669 3879; x_wconf 83' lang='lat' dir='ltr'><strong>vocat</strong></span> <span class='ocrx_word' id='word_1_543' title='bbox 1688 3827 1933 3897; x_wconf 87' lang='lat' dir='ltr'><strong>spiritus,</strong></span> <span class='ocrx_word' id='word_1_544' title='bbox 1956 3828 2049 3898; x_wconf 92' lang='lat' dir='ltr'><strong>qui</strong></span> 
     </span>
    </p>
   </div>
   <div class='ocr_carea' id='block_1_71' title="bbox 449 3913 2046 3987">
    <p class='ocr_par' dir='ltr' id='par_1_71' title="bbox 449 3913 2046 3987">
     <span class='ocr_line' id='line_1_71' title="bbox 449 3913 2046 3987; baseline 0.003 -21"><span class='ocrx_word' id='word_1_545' title='bbox 449 3913 619 3985; x_wconf 90' lang='lat' dir='ltr'><strong>positi</strong></span> <span class='ocrx_word' id='word_1_546' title='bbox 644 3919 778 3968; x_wconf 91' lang='lat' dir='ltr'><strong>sunt</strong></span> <span class='ocrx_word' id='word_1_547' title='bbox 803 3914 860 3967; x_wconf 90' lang='lat' dir='ltr'><strong>in</strong></span> <span class='ocrx_word' id='word_1_548' title='bbox 884 3913 1195 3967; x_wconf 85' lang='lat' dir='ltr'><strong>ministerio</strong></span> <span class='ocrx_word' id='word_1_549' title='bbox 1224 3918 1541 3969; x_wconf 87' lang='lat' dir='ltr'><strong>sanctorum</strong></span> <span class='ocrx_word' id='word_1_550' title='bbox 1576 3923 1805 3986; x_wconf 88' lang='lat' dir='ltr'><strong>propter</strong></span> <span class='ocrx_word' id='word_1_551' title='bbox 1832 3934 1925 3970; x_wconf 91' lang='lat' dir='ltr'><strong>eos</strong></span> <span class='ocrx_word' id='word_1_552' title='bbox 1952 3917 2046 3987; x_wconf 90' lang='lat' dir='ltr'><strong>qui</strong></span> 
     </span>
    </p>
   </div>
   <div class='ocr_carea' id='block_1_72' title="bbox 2134 3206 3696 3279">
    <p class='ocr_par' dir='ltr' id='par_1_72' title="bbox 2134 3206 3696 3279">
     <span class='ocr_line' id='line_1_72' title="bbox 2134 3206 3696 3279; baseline -0.001 -19"><span class='ocrx_word' id='word_1_553' title='bbox 2134 3208 2214 3261; x_wconf 91' lang='lat' dir='ltr'><strong>ita</strong></span> <span class='ocrx_word' id='word_1_554' title='bbox 2242 3215 2457 3263; x_wconf 87' lang='lat' dir='ltr'><strong>teratur</strong></span> <span class='ocrx_word' id='word_1_555' title='bbox 2481 3209 2539 3262; x_wconf 93' lang='lat' dir='ltr'><strong>in</strong></span> <span class='ocrx_word' id='word_1_556' title='bbox 2569 3210 2752 3275; x_wconf 85' lang='lat' dir='ltr'><strong>corde,</strong></span> <span class='ocrx_word' id='word_1_557' title='bbox 2783 3216 2846 3264; x_wconf 91' lang='lat' dir='ltr'><strong>ut</strong></span> <span class='ocrx_word' id='word_1_558' title='bbox 2886 3227 2986 3264; x_wconf 90' lang='lat' dir='ltr'><strong>ora</strong></span> <span class='ocrx_word' id='word_1_559' title='bbox 3014 3216 3205 3264; x_wconf 89' lang='lat' dir='ltr'><strong>nostra</strong></span> <span class='ocrx_word' id='word_1_560' title='bbox 3229 3216 3404 3279; x_wconf 90' lang='lat' dir='ltr'><strong>gustu</strong></span> <span class='ocrx_word' id='word_1_561' title='bbox 3457 3206 3696 3263; x_wconf 86' lang='lat' dir='ltr'><strong>ferventia</strong></span> 
     </span>
    </p>
   </div>
   <div class='ocr_carea' id='block_1_73' title="bbox 2134 3296 3693 3370">
    <p class='ocr_par' dir='ltr' id='par_1_73' title="bbox 2134 3296 3693 3370">
     <span class='ocr_line' id='line_1_73' title="bbox 2134 3296 3693 3370; baseline 0 -23"><span class='ocrx_word' id='word_1_562' title='bbox 2134 3296 2311 3349; x_wconf 84' lang='lat' dir='ltr'><strong>vivido</strong></span> <span class='ocrx_word' id='word_1_563' title='bbox 2323 3297 2536 3352; x_wconf 85' lang='lat' dir='ltr'><strong>fructus</strong></span> <span class='ocrx_word' id='word_1_564' title='bbox 2559 3299 2644 3353; x_wconf 90' lang='lat' dir='ltr'><strong>sui</strong></span> <span class='ocrx_word' id='word_1_565' title='bbox 2661 3316 2859 3370; x_wconf 88' lang='lat' dir='ltr'><strong>sapore</strong></span> <span class='ocrx_word' id='word_1_566' title='bbox 2875 3299 3193 3353; x_wconf 86' lang='lat' dir='ltr'><strong>succendat.</strong></span> <span class='ocrx_word' id='word_1_567' title='bbox 3215 3302 3274 3352; x_wconf 89' lang='lat' dir='ltr'><strong>In</strong></span> <span class='ocrx_word' id='word_1_568' title='bbox 3295 3305 3512 3353; x_wconf 88' lang='lat' dir='ltr'><strong>tantum</strong></span> <span class='ocrx_word' id='word_1_569' title='bbox 3528 3297 3693 3356; x_wconf 83' lang='lat' dir='ltr'><strong>etiam,</strong></span> 
     </span>
    </p>
   </div>
   <div class='ocr_carea' id='block_1_74' title="bbox 2132 3384 3693 3457">
    <p class='ocr_par' dir='ltr' id='par_1_74' title="bbox 2132 3384 3693 3457">
     <span class='ocr_line' id='line_1_74' title="bbox 2132 3384 3693 3457; baseline -0.001 -20"><span class='ocrx_word' id='word_1_570' title='bbox 2132 3390 2196 3438; x_wconf 89' lang='lat' dir='ltr'><strong>ut</strong></span> <span class='ocrx_word' id='word_1_571' title='bbox 2216 3384 2285 3438; x_wconf 88' lang='lat' dir='ltr'><strong>ab</strong></span> <span class='ocrx_word' id='word_1_572' title='bbox 2315 3386 2489 3439; x_wconf 91' lang='lat' dir='ltr'><strong>oculis</strong></span> <span class='ocrx_word' id='word_1_573' title='bbox 2508 3387 2787 3457; x_wconf 73' lang='lat' dir='ltr'><strong>lacrymze,</strong></span> <span class='ocrx_word' id='word_1_574' title='bbox 2812 3400 2925 3457; x_wconf 73' lang='lat' dir='ltr'><strong>prae</strong></span> <span class='ocrx_word' id='word_1_575' title='bbox 2946 3386 3118 3440; x_wconf 90' lang='lat' dir='ltr'><strong>nimio</strong></span> <span class='ocrx_word' id='word_1_576' title='bbox 3134 3386 3359 3449; x_wconf 87' lang='lat' dir='ltr'><strong>ardore,</strong></span> <span class='ocrx_word' id='word_1_577' title='bbox 3382 3387 3693 3441; x_wconf 86' lang='lat' dir='ltr'><strong>decurrant:</strong></span> 
     </span>
    </p>
   </div>
   <div class='ocr_carea' id='block_1_75' title="bbox 2132 3472 3699 3543">
    <p class='ocr_par' dir='ltr' id='par_1_75' title="bbox 2132 3472 3699 3543">
     <span class='ocr_line' id='line_1_75' title="bbox 2132 3472 3699 3543; baseline -0.001 -18"><span class='ocrx_word' id='word_1_578' title='bbox 2132 3477 2189 3525; x_wconf 91' lang='lat' dir='ltr'><strong>et</strong></span> <span class='ocrx_word' id='word_1_579' title='bbox 2217 3472 2298 3526; x_wconf 89' lang='lat' dir='ltr'><strong>ita</strong></span> <span class='ocrx_word' id='word_1_580' title='bbox 2335 3473 2464 3543; x_wconf 87' lang='lat' dir='ltr'><strong>igne</strong></span> <span class='ocrx_word' id='word_1_581' title='bbox 2510 3475 2739 3528; x_wconf 88' lang='lat' dir='ltr'><strong>seminis</strong></span> <span class='ocrx_word' id='word_1_582' title='bbox 2767 3475 2854 3529; x_wconf 92' lang='lat' dir='ltr'><strong>sui</strong></span> <span class='ocrx_word' id='word_1_583' title='bbox 2878 3480 3099 3528; x_wconf 89' lang='lat' dir='ltr'><strong>tantum</strong></span> <span class='ocrx_word' id='word_1_584' title='bbox 3124 3475 3183 3528; x_wconf 90' lang='lat' dir='ltr'><strong>in</strong></span> <span class='ocrx_word' id='word_1_585' title='bbox 3225 3475 3391 3529; x_wconf 90' lang='lat' dir='ltr'><strong>nobis</strong></span> <span class='ocrx_word' id='word_1_586' title='bbox 3418 3475 3620 3534; x_wconf 88' lang='lat' dir='ltr'><strong>ardeat.</strong></span> <span class='ocrx_word' id='word_1_587' title='bbox 3647 3476 3699 3525; x_wconf 86' lang='lat' dir='ltr'><strong>ut</strong></span> 
     </span>
    </p>
   </div>
   <div class='ocr_carea' id='block_1_76' title="bbox 2132 3562 3699 3635">
    <p class='ocr_par' dir='ltr' id='par_1_76' title="bbox 2132 3562 3699 3635">
     <span class='ocr_line' id='line_1_76' title="bbox 2132 3562 3699 3635; baseline -0.001 -20"><span class='ocrx_word' id='word_1_588' title='bbox 2132 3562 2419 3616; x_wconf 88' lang='lat' dir='ltr'><strong>cerebrum</strong></span> <span class='ocrx_word' id='word_1_589' title='bbox 2452 3570 2671 3633; x_wconf 88' lang='lat' dir='ltr'><strong>purget,</strong></span> <span class='ocrx_word' id='word_1_590' title='bbox 2704 3571 2760 3618; x_wconf 89' lang='lat' dir='ltr'><strong>et</strong></span> <span class='ocrx_word' id='word_1_591' title='bbox 2777 3564 3037 3618; x_wconf 85' lang='lat' dir='ltr'><strong>verticem</strong></span> <span class='ocrx_word' id='word_1_592' title='bbox 3068 3564 3271 3617; x_wconf 89' lang='lat' dir='ltr'><strong>mentis</strong></span> <span class='ocrx_word' id='word_1_593' title='bbox 3298 3570 3516 3635; x_wconf 83' lang='lat' dir='ltr'><strong>tangat.</strong></span> <span class='ocrx_word' id='word_1_594' title='bbox 3547 3563 3699 3617; x_wconf 83' lang='lat' dir='ltr'><strong>Flam-</strong></span> 
     </span>
    </p>
   </div>
   <div class='ocr_carea' id='block_1_77' title="bbox 2134 3648 3697 3723">
    <p class='ocr_par' dir='ltr' id='par_1_77' title="bbox 2134 3648 3697 3723">
     <span class='ocr_line' id='line_1_77' title="bbox 2134 3648 3697 3723; baseline -0.003 -18"><span class='ocrx_word' id='word_1_595' title='bbox 2134 3661 2318 3705; x_wconf 90' lang='lat' dir='ltr'><strong>metur</strong></span> <span class='ocrx_word' id='word_1_596' title='bbox 2363 3652 2419 3706; x_wconf 90' lang='lat' dir='ltr'><strong>in</strong></span> <span class='ocrx_word' id='word_1_597' title='bbox 2464 3658 2704 3722; x_wconf 89' lang='lat' dir='ltr'><strong>pectore,</strong></span> <span class='ocrx_word' id='word_1_598' title='bbox 2739 3670 2847 3723; x_wconf 91' lang='lat' dir='ltr'><strong>quo</strong></span> <span class='ocrx_word' id='word_1_599' title='bbox 2886 3653 3215 3723; x_wconf 74' lang='lat' dir='ltr'><strong>ignorantiae</strong></span> <span class='ocrx_word' id='word_1_600' title='bbox 3261 3658 3449 3707; x_wconf 89' lang='lat' dir='ltr'><strong>totum</strong></span> <span class='ocrx_word' id='word_1_601' title='bbox 3491 3669 3523 3706; x_wconf 88' lang='lat' dir='ltr'><strong>a</strong></span> <span class='ocrx_word' id='word_1_602' title='bbox 3562 3648 3697 3703; x_wconf 88' lang='lat' dir='ltr'><strong>nobis</strong></span> 
     </span>
    </p>
   </div>
   <div class='ocr_carea' id='block_1_78' title="bbox 2133 3734 3698 3810">
    <p class='ocr_par' dir='ltr' id='par_1_78' title="bbox 2133 3734 3698 3810">
     <span class='ocr_line' id='line_1_78' title="bbox 2133 3734 3698 3810; baseline -0.003 -17"><span class='ocrx_word' id='word_1_603' title='bbox 2133 3742 2351 3795; x_wconf 81' lang='lat' dir='ltr'><strong>auferat</strong></span> <span class='ocrx_word' id='word_1_604' title='bbox 2370 3757 2473 3794; x_wconf 89' lang='lat' dir='ltr'><strong>sua</strong></span> <span class='ocrx_word' id='word_1_605' title='bbox 2490 3740 2880 3810; x_wconf 87' lang='lat' dir='ltr'><strong>degustatione</strong></span> <span class='ocrx_word' id='word_1_606' title='bbox 2900 3742 3205 3804; x_wconf 75' lang='lat' dir='ltr'><strong>fastidium,</strong></span> <span class='ocrx_word' id='word_1_607' title='bbox 3231 3747 3288 3795; x_wconf 93' lang='lat' dir='ltr'><strong>et</strong></span> <span class='ocrx_word' id='word_1_608' title='bbox 3305 3741 3578 3795; x_wconf 82' lang='lat' dir='ltr'><strong>ferventes</strong></span> <span class='ocrx_word' id='word_1_609' title='bbox 3597 3734 3698 3791; x_wconf 87' lang='lat' dir='ltr'><strong>red-</strong></span> 
     </span>
    </p>
   </div>
   <div class='ocr_carea' id='block_1_79' title="bbox 2133 3826 3695 3899">
    <p class='ocr_par' dir='ltr' id='par_1_79' title="bbox 2133 3826 3695 3899">
     <span class='ocr_line' id='line_1_79' title="bbox 2133 3826 3695 3899; baseline -0.002 -18"><span class='ocrx_word' id='word_1_610' title='bbox 2133 3830 2245 3882; x_wconf 91' lang='lat' dir='ltr'><strong>dat.</strong></span> <span class='ocrx_word' id='word_1_611' title='bbox 2282 3830 2431 3883; x_wconf 88' lang='lat' dir='ltr'><strong>Talis</strong></span> <span class='ocrx_word' id='word_1_612' title='bbox 2464 3829 2635 3898; x_wconf 84' lang='lat' dir='ltr'><strong>igitur</strong></span> <span class='ocrx_word' id='word_1_613' title='bbox 2654 3836 2711 3883; x_wconf 92' lang='lat' dir='ltr'><strong>et</strong></span> <span class='ocrx_word' id='word_1_614' title='bbox 2734 3830 3122 3899; x_wconf 87' lang='lat' dir='ltr'><strong>hujuscemodi</strong></span> <span class='ocrx_word' id='word_1_615' title='bbox 3151 3835 3374 3885; x_wconf 74' lang='lat' dir='ltr'><strong>natura:</strong></span> <span class='ocrx_word' id='word_1_616' title='bbox 3403 3829 3603 3899; x_wconf 88' lang='lat' dir='ltr'><strong>sinapis</strong></span> <span class='ocrx_word' id='word_1_617' title='bbox 3625 3826 3695 3878; x_wconf 89' lang='lat' dir='ltr'><strong>in-</strong></span> 
     </span>
    </p>
   </div>
   <div class='ocr_carea' id='block_1_80' title="bbox 2131 3916 3696 3988">
    <p class='ocr_par' dir='ltr' id='par_1_80' title="bbox 2131 3916 3696 3988">
     <span class='ocr_line' id='line_1_80' title="bbox 2131 3916 3696 3988; baseline -0.003 -17"><span class='ocrx_word' id='word_1_618' title='bbox 2131 3918 2442 3988; x_wconf 87' lang='lat' dir='ltr'><strong>telligentia</strong></span> <span class='ocrx_word' id='word_1_619' title='bbox 2478 3919 2745 3981; x_wconf 85' lang='lat' dir='ltr'><strong>insinuat,</strong></span> <span class='ocrx_word' id='word_1_620' title='bbox 2777 3934 2890 3972; x_wconf 92' lang='lat' dir='ltr'><strong>non</strong></span> <span class='ocrx_word' id='word_1_621' title='bbox 2928 3935 2989 3972; x_wconf 87' lang='lat' dir='ltr'><strong>se</strong></span> <span class='ocrx_word' id='word_1_622' title='bbox 3014 3935 3193 3988; x_wconf 90' lang='lat' dir='ltr'><strong>grano</strong></span> <span class='ocrx_word' id='word_1_623' title='bbox 3214 3919 3389 3988; x_wconf 86' lang='lat' dir='ltr'><strong>hujus</strong></span> <span class='ocrx_word' id='word_1_624' title='bbox 3417 3919 3574 3973; x_wconf 88' lang='lat' dir='ltr'><strong>oleris</strong></span> <span class='ocrx_word' id='word_1_625' title='bbox 3595 3916 3696 3969; x_wconf 87' lang='lat' dir='ltr'><strong>sine</strong></span> 
     </span>
    </p>
   </div>
   <div class='ocr_carea' id='block_1_81' title="bbox 450 4000 3698 4078">
    <p class='ocr_par' dir='ltr' id='par_1_81' title="bbox 450 4000 3698 4078">
     <span class='ocr_line' id='line_1_81' title="bbox 450 4000 3698 4078; baseline 0.001 -25"><span class='ocrx_word' id='word_1_626' title='bbox 450 4000 835 4055; x_wconf 73' lang='lat' dir='ltr'><strong>hznreditatem</strong></span> <span class='ocrx_word' id='word_1_627' title='bbox 885 4002 1165 4071; x_wconf 89' lang='lat' dir='ltr'><strong>accepturi</strong></span> <span class='ocrx_word' id='word_1_628' title='bbox 1197 4009 1329 4056; x_wconf 89' lang='lat' dir='ltr'><strong>sunt</strong></span> <span class='ocrx_word' id='word_1_629' title='bbox 1373 4004 1588 4057; x_wconf 89' lang='lat' dir='ltr'><strong>salutis.</strong></span> <span class='ocrx_word' id='word_1_630' title='bbox 1625 4004 1843 4059; x_wconf 82' lang='lat' dir='ltr'><strong>Interea</strong></span> <span class='ocrx_word' id='word_1_631' title='bbox 1899 4006 2044 4076; x_wconf 90' lang='lat' dir='ltr'><strong>quod</strong></span> <span class='ocrx_word' id='word_1_632' title='bbox 2128 4024 2297 4061; x_wconf 89' lang='lat' dir='ltr'><strong>causa</strong></span> <span class='ocrx_word' id='word_1_633' title='bbox 2321 4023 2692 4078; x_wconf 88' lang='lat' dir='ltr'><strong>comparasse,</strong></span> <span class='ocrx_word' id='word_1_634' title='bbox 2718 4007 2862 4076; x_wconf 87' lang='lat' dir='ltr'><strong>quod</strong></span> <span class='ocrx_word' id='word_1_635' title='bbox 2884 4012 3162 4074; x_wconf 84' lang='lat' dir='ltr'><strong>acceptum</strong></span> <span class='ocrx_word' id='word_1_636' title='bbox 3183 4008 3367 4073; x_wconf 86' lang='lat' dir='ltr'><strong>homo,</strong></span> <span class='ocrx_word' id='word_1_637' title='bbox 3390 4009 3536 4062; x_wconf 89' lang='lat' dir='ltr'><strong>Deus</strong></span> <span class='ocrx_word' id='word_1_638' title='bbox 3555 4006 3698 4059; x_wconf 83' lang='lat' dir='ltr'><strong>Pater</strong></span> 
     </span>
    </p>
   </div>
   <div class='ocr_carea' id='block_1_82' title="bbox 451 4087 3696 4165">
    <p class='ocr_par' dir='ltr' id='par_1_82' title="bbox 451 4087 3696 4165">
     <span class='ocr_line' id='line_1_82' title="bbox 451 4087 3696 4165; baseline 0.002 -26"><span class='ocrx_word' id='word_1_639' title='bbox 451 4087 551 4149; x_wconf 88' lang='lat' dir='ltr'><strong>ait,</strong></span> <span class='ocrx_word' id='word_1_640' title='bbox 581 4090 830 4153; x_wconf 76' lang='lat' dir='ltr'><strong>Colligite</strong></span> <span class='ocrx_word' id='word_1_641' title='bbox 858 4091 1110 4155; x_wconf 84' lang='lat' dir='ltr'><strong>primum</strong></span> <span class='ocrx_word' id='word_1_642' title='bbox 1139 4093 1388 4151; x_wconf 80' lang='lat' dir='ltr'><strong>zizania,</strong></span> <span class='ocrx_word' id='word_1_643' title='bbox 1431 4107 1541 4144; x_wconf 91' lang='lat' dir='ltr'><strong>non</strong></span> <span class='ocrx_word' id='word_1_644' title='bbox 1570 4092 1714 4163; x_wconf 89' lang='lat' dir='ltr'><strong>quod</strong></span> <span class='ocrx_word' id='word_1_645' title='bbox 1753 4094 1929 4147; x_wconf 89' lang='lat' dir='ltr'><strong>altera</strong></span> <span class='ocrx_word' id='word_1_646' title='bbox 1973 4095 2049 4148; x_wconf 89' lang='lat' dir='ltr'><strong>sit</strong></span> <span class='ocrx_word' id='word_1_647' title='bbox 2130 4096 2397 4159; x_wconf 88' lang='lat' dir='ltr'><strong>videlicet,</strong></span> <span class='ocrx_word' id='word_1_648' title='bbox 2434 4099 2586 4150; x_wconf 82' lang='lat' dir='ltr'><strong>misit</strong></span> <span class='ocrx_word' id='word_1_649' title='bbox 2614 4100 2679 4150; x_wconf 87' lang='lat' dir='ltr'><strong>in</strong></span> <span class='ocrx_word' id='word_1_650' title='bbox 2706 4112 2839 4165; x_wconf 82' lang='lat' dir='ltr'><strong>agro</strong></span> <span class='ocrx_word' id='word_1_651' title='bbox 2853 4112 2969 4156; x_wconf 87' lang='lat' dir='ltr'><strong>suo,</strong></span> <span class='ocrx_word' id='word_1_652' title='bbox 2992 4095 3080 4149; x_wconf 83' lang='lat' dir='ltr'><strong>vel</strong></span> <span class='ocrx_word' id='word_1_653' title='bbox 3095 4095 3241 4149; x_wconf 91' lang='lat' dir='ltr'><strong>sicut</strong></span> <span class='ocrx_word' id='word_1_654' title='bbox 3261 4096 3360 4150; x_wconf 90' lang='lat' dir='ltr'><strong>alii</strong></span> <span class='ocrx_word' id='word_1_655' title='bbox 3394 4096 3599 4151; x_wconf 90' lang='lat' dir='ltr'><strong>codices</strong></span> <span class='ocrx_word' id='word_1_656' title='bbox 3620 4095 3696 4147; x_wconf 80' lang='lat' dir='ltr'><strong>ha-</strong></span> 
     </span>
    </p>
   </div>
   <div class='ocr_carea' id='block_1_83' title="bbox 451 4175 3697 4250">
    <p class='ocr_par' dir='ltr' id='par_1_83' title="bbox 451 4175 3697 4250">
     <span class='ocr_line' id='line_1_83' title="bbox 451 4175 3697 4250; baseline 0.004 -24"><span class='ocrx_word' id='word_1_657' title='bbox 451 4175 787 4227; x_wconf 88' lang='lat' dir='ltr'><strong>resurrectio</strong></span> <span class='ocrx_word' id='word_1_658' title='bbox 806 4175 1114 4242; x_wconf 88' lang='lat' dir='ltr'><strong>justorum,</strong></span> <span class='ocrx_word' id='word_1_659' title='bbox 1147 4181 1204 4229; x_wconf 91' lang='lat' dir='ltr'><strong>et</strong></span> <span class='ocrx_word' id='word_1_660' title='bbox 1232 4179 1412 4231; x_wconf 89' lang='lat' dir='ltr'><strong>altera</strong></span> <span class='ocrx_word' id='word_1_661' title='bbox 1440 4186 1792 4248; x_wconf 86' lang='lat' dir='ltr'><strong>peccatorum</strong></span> <span class='ocrx_word' id='word_1_662' title='bbox 1822 4183 1905 4236; x_wconf 90' lang='lat' dir='ltr'><strong>vel</strong></span> <span class='ocrx_word' id='word_1_663' title='bbox 1944 4183 2043 4236; x_wconf 85' lang='lat' dir='ltr'><strong>im-</strong></span> <span class='ocrx_word' id='word_1_664' title='bbox 2124 4184 2275 4250; x_wconf 87' lang='lat' dir='ltr'><strong>bent,</strong></span> <span class='ocrx_word' id='word_1_665' title='bbox 2294 4186 2352 4239; x_wconf 90' lang='lat' dir='ltr'><strong>in</strong></span> <span class='ocrx_word' id='word_1_666' title='bbox 2382 4186 2544 4240; x_wconf 89' lang='lat' dir='ltr'><strong>horto</strong></span> <span class='ocrx_word' id='word_1_667' title='bbox 2573 4203 2694 4246; x_wconf 87' lang='lat' dir='ltr'><strong>suo.</strong></span> <span class='ocrx_word' id='word_1_668' title='bbox 2726 4185 2784 4240; x_wconf 88' lang='lat' dir='ltr'><strong>id</strong></span> <span class='ocrx_word' id='word_1_669' title='bbox 2823 4190 2909 4240; x_wconf 91' lang='lat' dir='ltr'><strong>est</strong></span> <span class='ocrx_word' id='word_1_670' title='bbox 2926 4185 3176 4250; x_wconf 66' lang='grc'><strong>111591</strong></span> <span class='ocrx_word' id='word_1_671' title='bbox 3214 4184 3466 4241; x_wconf 90' lang='lat' dir='ltr'><strong>Ecclesia</strong></span> <span class='ocrx_word' id='word_1_672' title='bbox 3492 4202 3603 4248; x_wconf 85' lang='lat' dir='ltr'><strong>sua,</strong></span> <span class='ocrx_word' id='word_1_673' title='bbox 3627 4181 3697 4236; x_wconf 71' lang='lat' dir='ltr'><strong>vel</strong></span> 
     </span>
    </p>
   </div>
   <div class='ocr_carea' id='block_1_84' title="bbox 450 4261 3696 4339">
    <p class='ocr_par' dir='ltr' id='par_1_84' title="bbox 450 4261 3696 4339">
     <span class='ocr_line' id='line_1_84' title="bbox 450 4261 3696 4339; baseline 0.003 -26"><span class='ocrx_word' id='word_1_674' title='bbox 450 4261 695 4333; x_wconf 89' lang='lat' dir='ltr'><strong>piorum,</strong></span> <span class='ocrx_word' id='word_1_675' title='bbox 728 4262 824 4315; x_wconf 90' lang='lat' dir='ltr'><strong>sed</strong></span> <span class='ocrx_word' id='word_1_676' title='bbox 865 4261 995 4331; x_wconf 85' lang='lat' dir='ltr'><strong>quia</strong></span> <span class='ocrx_word' id='word_1_677' title='bbox 1024 4262 1268 4332; x_wconf 88' lang='lat' dir='ltr'><strong>primum</strong></span> <span class='ocrx_word' id='word_1_678' title='bbox 1315 4268 1647 4335; x_wconf 77' lang='lat' dir='ltr'><strong>segregandi</strong></span> <span class='ocrx_word' id='word_1_679' title='bbox 1685 4278 1816 4323; x_wconf 89' lang='lat' dir='ltr'><strong>sunt</strong></span> <span class='ocrx_word' id='word_1_680' title='bbox 1844 4272 1978 4326; x_wconf 91' lang='lat' dir='ltr'><strong>mali</strong></span> <span class='ocrx_word' id='word_1_681' title='bbox 2009 4290 2043 4327; x_wconf 89' lang='lat' dir='ltr'><strong>a</strong></span> <span class='ocrx_word' id='word_1_682' title='bbox 2124 4276 2179 4330; x_wconf 91' lang='lat' dir='ltr'><strong>in</strong></span> <span class='ocrx_word' id='word_1_683' title='bbox 2217 4275 2620 4339; x_wconf 89' lang='lat' dir='ltr'><strong>mundo.Quod</strong></span> <span class='ocrx_word' id='word_1_684' title='bbox 2643 4280 2832 4329; x_wconf 79' lang='lat' dir='ltr'><strong>autem</strong></span> <span class='ocrx_word' id='word_1_685' title='bbox 2856 4274 3151 4329; x_wconf 90' lang='lat' dir='ltr'><strong>minimum</strong></span> <span class='ocrx_word' id='word_1_686' title='bbox 3170 4291 3231 4328; x_wconf 92' lang='lat' dir='ltr'><strong>se</strong></span> <span class='ocrx_word' id='word_1_687' title='bbox 3250 4274 3393 4331; x_wconf 89' lang='lat' dir='ltr'><strong>dicit</strong></span> <span class='ocrx_word' id='word_1_688' title='bbox 3411 4275 3613 4331; x_wconf 90' lang='lat' dir='ltr'><strong>cunctis</strong></span> <span class='ocrx_word' id='word_1_689' title='bbox 3629 4288 3696 4325; x_wconf 85' lang='lat' dir='ltr'><strong>se-</strong></span> 
     </span>
    </p>
   </div>
   <div class='ocr_carea' id='block_1_85' title="bbox 450 4348 3697 4431">
    <p class='ocr_par' dir='ltr' id='par_1_85' title="bbox 450 4348 3697 4431">
     <span class='ocr_line' id='line_1_85' title="bbox 450 4348 3697 4431; baseline 0.003 -29"><span class='ocrx_word' id='word_1_690' title='bbox 450 4348 632 4413; x_wconf 88' lang='lat' dir='ltr'><strong>bonis,</strong></span> <span class='ocrx_word' id='word_1_691' title='bbox 656 4355 713 4403; x_wconf 91' lang='lat' dir='ltr'><strong>et</strong></span> <span class='ocrx_word' id='word_1_692' title='bbox 740 4354 874 4403; x_wconf 88' lang='lat' dir='ltr'><strong>tunc</strong></span> <span class='ocrx_word' id='word_1_693' title='bbox 888 4350 1065 4403; x_wconf 79' lang='lat' dir='ltr'><strong>sancti</strong></span> <span class='ocrx_word' id='word_1_694' title='bbox 1096 4351 1261 4403; x_wconf 88' lang='lat' dir='ltr'><strong>simul</strong></span> <span class='ocrx_word' id='word_1_695' title='bbox 1290 4352 1584 4421; x_wconf 89' lang='lat' dir='ltr'><strong>colligendi</strong></span> <span class='ocrx_word' id='word_1_696' title='bbox 1606 4365 1737 4410; x_wconf 88' lang='lat' dir='ltr'><strong>sunt</strong></span> <span class='ocrx_word' id='word_1_697' title='bbox 1766 4358 1823 4411; x_wconf 92' lang='lat' dir='ltr'><strong>in</strong></span> <span class='ocrx_word' id='word_1_698' title='bbox 1846 4377 2036 4431; x_wconf 88' lang='lat' dir='ltr'><strong>regno.</strong></span> <span class='ocrx_word' id='word_1_699' title='bbox 2058 4413 2106 4431; x_wconf 48' lang='lat' dir='ltr'><strong>ﬁ</strong></span> <span class='ocrx_word' id='word_1_700' title='bbox 2125 4365 2367 4419; x_wconf 87' lang='lat' dir='ltr'><strong>minibus</strong></span> <span class='ocrx_word' id='word_1_701' title='bbox 2398 4365 2633 4428; x_wconf 90' lang='lat' dir='ltr'><strong>olerum,</strong></span> <span class='ocrx_word' id='word_1_702' title='bbox 2666 4380 2770 4418; x_wconf 89' lang='lat' dir='ltr'><strong>nec</strong></span> <span class='ocrx_word' id='word_1_703' title='bbox 2797 4363 3006 4417; x_wconf 90' lang='lat' dir='ltr'><strong>mirum</strong></span> <span class='ocrx_word' id='word_1_704' title='bbox 3036 4380 3163 4418; x_wconf 90' lang='lat' dir='ltr'><strong>cum</strong></span> <span class='ocrx_word' id='word_1_705' title='bbox 3194 4363 3273 4418; x_wconf 88' lang='lat' dir='ltr'><strong>ait</strong></span> <span class='ocrx_word' id='word_1_706' title='bbox 3303 4363 3366 4418; x_wconf 88' lang='lat' dir='ltr'><strong>in</strong></span> <span class='ocrx_word' id='word_1_707' title='bbox 3407 4365 3619 4419; x_wconf 87' lang='lat' dir='ltr'><strong>Psalmo</strong></span> <span class='ocrx_word' id='word_1_708' title='bbox 3641 4361 3697 4413; x_wconf 86' lang='lat' dir='ltr'><strong>de</strong></span> 
     </span>
    </p>
   </div>
   <div class='ocr_carea' id='block_1_86' title="bbox 449 4438 3697 4523">
    <p class='ocr_par' dir='ltr' id='par_1_86' title="bbox 449 4438 3697 4523">
     <span class='ocr_line' id='line_1_86' title="bbox 449 4438 3697 4523; baseline 0.002 -30"><span class='ocrx_word' id='word_1_709' title='bbox 449 4438 520 4493; x_wconf 89' lang='lat' dir='ltr'><strong>Et</strong></span> <span class='ocrx_word' id='word_1_710' title='bbox 536 4443 668 4492; x_wconf 90' lang='lat' dir='ltr'><strong>tunc</strong></span> <span class='ocrx_word' id='word_1_711' title='bbox 677 4440 1211 4505; x_wconf 81' lang='lat' dir='ltr'><strong>fulgebuntsicutsot</strong></span> <span class='ocrx_word' id='word_1_712' title='bbox 1230 4442 1289 4492; x_wconf 86' lang='lat' dir='ltr'><strong>in</strong></span> <span class='ocrx_word' id='word_1_713' title='bbox 1308 4455 1475 4507; x_wconf 80' lang='lat' dir='ltr'><strong>regno</strong></span> <span class='ocrx_word' id='word_1_714' title='bbox 1492 4444 2036 4517; x_wconf 72' lang='lat' dir='ltr'><strong>Patris(Matt/i.xm),</strong></span> <span class='ocrx_word' id='word_1_715' title='bbox 2059 4438 2182 4509; x_wconf 73' lang='lat' dir='ltr'><strong>“se</strong></span> <span class='ocrx_word' id='word_1_716' title='bbox 2217 4472 2228 4506; x_wconf 89' lang='lat'><strong>:</strong></span> <span class='ocrx_word' id='word_1_717' title='bbox 2256 4456 2362 4523; x_wconf 81' lang='lat' dir='ltr'><strong>Ego</strong></span> <span class='ocrx_word' id='word_1_718' title='bbox 2394 4470 2519 4506; x_wconf 85' lang='lat' dir='ltr'><strong>sum</strong></span> <span class='ocrx_word' id='word_1_719' title='bbox 2548 4455 2748 4507; x_wconf 73' lang='lat' dir='ltr'><strong>vermis</strong></span> <span class='ocrx_word' id='word_1_720' title='bbox 2777 4458 2825 4506; x_wconf 90' lang='lat' dir='ltr'><strong>et</strong></span> <span class='ocrx_word' id='word_1_721' title='bbox 2856 4469 2966 4506; x_wconf 84' lang='lat' dir='ltr'><strong>non</strong></span> <span class='ocrx_word' id='word_1_722' title='bbox 3018 4453 3194 4520; x_wconf 82' lang='lat' dir='ltr'><strong>homo,</strong></span> <span class='ocrx_word' id='word_1_723' title='bbox 3242 4456 3596 4522; x_wconf 83' lang='lat' dir='ltr'><strong>opprobrium</strong></span> <span class='ocrx_word' id='word_1_724' title='bbox 3623 4451 3697 4503; x_wconf 82' lang='lat' dir='ltr'><strong>ho-</strong></span> 
     </span>
    </p>
   </div>
   <div class='ocr_carea' id='block_1_87' title="bbox 452 4526 3693 4611">
    <p class='ocr_par' dir='ltr' id='par_1_87' title="bbox 452 4526 3693 4611">
     <span class='ocr_line' id='line_1_87' title="bbox 452 4526 3693 4611; baseline 0.003 -31"><span class='ocrx_word' id='word_1_725' title='bbox 452 4526 585 4597; x_wconf 91' lang='lat' dir='ltr'><strong>quia</strong></span> <span class='ocrx_word' id='word_1_726' title='bbox 629 4526 879 4596; x_wconf 81' lang='lat' dir='ltr'><strong>adoptati</strong></span> <span class='ocrx_word' id='word_1_727' title='bbox 926 4532 1059 4580; x_wconf 90' lang='lat' dir='ltr'><strong>sunt</strong></span> <span class='ocrx_word' id='word_1_728' title='bbox 1086 4526 1141 4579; x_wconf 91' lang='lat' dir='ltr'><strong>in</strong></span> <span class='ocrx_word' id='word_1_729' title='bbox 1178 4527 1321 4581; x_wconf 75' lang='lat' dir='ltr'><strong>filios</strong></span> <span class='ocrx_word' id='word_1_730' title='bbox 1351 4545 1451 4599; x_wconf 86' lang='lat' dir='ltr'><strong>per</strong></span> <span class='ocrx_word' id='word_1_731' title='bbox 1489 4537 1725 4586; x_wconf 89' lang='lat' dir='ltr'><strong>mortem</strong></span> <span class='ocrx_word' id='word_1_732' title='bbox 1761 4535 1884 4589; x_wconf 89' lang='lat' dir='ltr'><strong>Filii</strong></span> <span class='ocrx_word' id='word_1_733' title='bbox 1916 4538 2037 4592; x_wconf 74' lang='lat' dir='ltr'><strong>Dei.</strong></span> <span class='ocrx_word' id='word_1_734' title='bbox 2124 4547 2364 4607; x_wconf 73' lang='lat' dir='ltr'><strong>mimcm,</strong></span> <span class='ocrx_word' id='word_1_735' title='bbox 2397 4547 2445 4596; x_wconf 89' lang='lat' dir='ltr'><strong>et</strong></span> <span class='ocrx_word' id='word_1_736' title='bbox 2474 4544 2699 4609; x_wconf 85' lang='lat' dir='ltr'><strong>abjectio</strong></span> <span class='ocrx_word' id='word_1_737' title='bbox 2722 4542 2893 4609; x_wconf 85' lang='lat' dir='ltr'><strong>plebis</strong></span> <span class='ocrx_word' id='word_1_738' title='bbox 2916 4543 3079 4611; x_wconf 86' lang='lat' dir='ltr'><strong>(Psat.</strong></span> <span class='ocrx_word' id='word_1_739' title='bbox 3106 4542 3311 4610; x_wconf 83' lang='lat' dir='ltr'><strong>xxI,7).</strong></span> <span class='ocrx_word' id='word_1_740' title='bbox 3346 4542 3491 4596; x_wconf 85' lang='lat' dir='ltr'><strong>Hinc</strong></span> <span class='ocrx_word' id='word_1_741' title='bbox 3508 4546 3693 4599; x_wconf 85' lang='lat' dir='ltr'><strong>autem,</strong></span> 
     </span>
    </p>
   </div>
   <div class='ocr_carea' id='block_1_88' title="bbox 447 4614 2055 4695">
    <p class='ocr_par' dir='ltr' id='par_1_88' title="bbox 447 4614 1695 4687">
     <span class='ocr_line' id='line_1_88' title="bbox 447 4614 1695 4687; baseline 0.005 -18"><span class='ocrx_word' id='word_1_742' title='bbox 447 4615 630 4669; x_wconf 86' lang='lat' dir='ltr'><strong>Aliam</strong></span> <span class='ocrx_word' id='word_1_743' title='bbox 654 4614 971 4685; x_wconf 85' lang='lat' dir='ltr'><strong>parabolam</strong></span> <span class='ocrx_word' id='word_1_744' title='bbox 1004 4617 1296 4687; x_wconf 81' lang='lat' dir='ltr'><strong>prOposuit</strong></span> <span class='ocrx_word' id='word_1_745' title='bbox 1326 4618 1426 4682; x_wconf 88' lang='lat' dir='ltr'><strong>eis,</strong></span> <span class='ocrx_word' id='word_1_746' title='bbox 1459 4618 1649 4674; x_wconf 87' lang='lat' dir='ltr'><strong>dicens</strong></span> <span class='ocrx_word' id='word_1_747' title='bbox 1682 4641 1695 4676; x_wconf 89' lang='lat'><strong>:</strong></span> 
     </span>
    </p>
   </div>
   <div class='ocr_carea' id='block_1_89' title="bbox 2139 4614 3693 4695">
    <p class='ocr_par' dir='ltr' id='par_1_89' title="bbox 2139 4627 3693 4695">
     <span class='ocr_line' id='line_1_89' title="bbox 2139 4627 3693 4695; baseline -0.001 -9"><span class='ocrx_word' id='word_1_748' title='bbox 2139 4649 2249 4686; x_wconf 83' lang='lat' dir='ltr'><strong>:um</strong></span> <span class='ocrx_word' id='word_1_749' title='bbox 2266 4630 2455 4695; x_wconf 85' lang='lat' dir='ltr'><strong>crevit,</strong></span> <span class='ocrx_word' id='word_1_750' title='bbox 2486 4631 2590 4683; x_wconf 91' lang='lat' dir='ltr'><strong>hoc</strong></span> <span class='ocrx_word' id='word_1_751' title='bbox 2617 4634 2702 4683; x_wconf 89' lang='lat' dir='ltr'><strong>est</strong></span> <span class='ocrx_word' id='word_1_752' title='bbox 2720 4646 2845 4683; x_wconf 90' lang='lat' dir='ltr'><strong>cum</strong></span> <span class='ocrx_word' id='word_1_753' title='bbox 2877 4629 3199 4695; x_wconf 82' lang='lat' dir='ltr'><strong>resurrexit,</strong></span> <span class='ocrx_word' id='word_1_754' title='bbox 3216 4628 3398 4684; x_wconf 86' lang='lat' dir='ltr'><strong>factus</strong></span> <span class='ocrx_word' id='word_1_755' title='bbox 3425 4636 3509 4685; x_wconf 87' lang='lat' dir='ltr'><strong>est</strong></span> <span class='ocrx_word' id='word_1_756' title='bbox 3533 4627 3693 4685; x_wconf 65' lang='lat' dir='ltr'><strong>arbor.</strong></span> 
     </span>
    </p>
   </div>
   <div class='ocr_carea' id='block_1_90' title="bbox 520 4705 3698 4789">
    <p class='ocr_par' dir='ltr' id='par_1_90' title="bbox 520 4705 3698 4789">
     <span class='ocr_line' id='line_1_90' title="bbox 520 4705 3698 4789; baseline 0.002 -30"><span class='ocrx_word' id='word_1_757' title='bbox 520 4705 715 4759; x_wconf 86' lang='lat' dir='ltr'><strong>Simile</strong></span> <span class='ocrx_word' id='word_1_758' title='bbox 742 4708 814 4756; x_wconf 80' lang='lat' dir='ltr'><strong>est</strong></span> <span class='ocrx_word' id='word_1_759' title='bbox 838 4720 1070 4771; x_wconf 77' lang='lat' dir='ltr'><strong>regnum</strong></span> <span class='ocrx_word' id='word_1_760' title='bbox 1087 4710 1339 4760; x_wconf 62' lang='lat' dir='ltr'><strong>actorum</strong></span> <span class='ocrx_word' id='word_1_761' title='bbox 1363 4724 1540 4773; x_wconf 79' lang='lat' dir='ltr'><strong>grano</strong></span> <span class='ocrx_word' id='word_1_762' title='bbox 1560 4713 1791 4779; x_wconf 77' lang='lat' dir='ltr'><strong>sinapis.</strong></span> <span class='ocrx_word' id='word_1_763' title='bbox 1814 4714 1953 4770; x_wconf 85' lang='lat' dir='ltr'><strong>Mira</strong></span> <span class='ocrx_word' id='word_1_764' title='bbox 1985 4723 2045 4771; x_wconf 91' lang='lat' dir='ltr'><strong>et</strong></span> <span class='ocrx_word' id='word_1_765' title='bbox 2126 4726 2183 4773; x_wconf 91' lang='lat' dir='ltr'><strong>et</strong></span> <span class='ocrx_word' id='word_1_766' title='bbox 2203 4720 2452 4773; x_wconf 90' lang='lat' dir='ltr'><strong>ascendit</strong></span> <span class='ocrx_word' id='word_1_767' title='bbox 2471 4736 2649 4789; x_wconf 90' lang='lat' dir='ltr'><strong>usque</strong></span> <span class='ocrx_word' id='word_1_768' title='bbox 2676 4718 2748 4772; x_wconf 90' lang='lat' dir='ltr'><strong>ad</strong></span> <span class='ocrx_word' id='word_1_769' title='bbox 2778 4718 2964 4773; x_wconf 63' lang='lat' dir='ltr'><strong>caelos.</strong></span> <span class='ocrx_word' id='word_1_770' title='bbox 2989 4719 3134 4789; x_wconf 82' lang='lat' dir='ltr'><strong>Ergo</strong></span> <span class='ocrx_word' id='word_1_771' title='bbox 3163 4718 3307 4773; x_wconf 89' lang='lat' dir='ltr'><strong>rami</strong></span> <span class='ocrx_word' id='word_1_772' title='bbox 3336 4720 3483 4789; x_wconf 84' lang='lat' dir='ltr'><strong>ejus,</strong></span> <span class='ocrx_word' id='word_1_773' title='bbox 3505 4716 3698 4773; x_wconf 80' lang='lat' dir='ltr'><strong>scilicet</strong></span> 
     </span>
    </p>
   </div>
   <div class='ocr_carea' id='block_1_91' title="bbox 449 4792 3697 4879">
    <p class='ocr_par' dir='ltr' id='par_1_91' title="bbox 449 4792 3697 4879">
     <span class='ocr_line' id='line_1_91' title="bbox 449 4792 3697 4879; baseline 0.002 -31"><span class='ocrx_word' id='word_1_774' title='bbox 449 4792 745 4848; x_wconf 81' lang='lat' dir='ltr'><strong>incﬂ‘abilis</strong></span> <span class='ocrx_word' id='word_1_775' title='bbox 762 4794 1136 4863; x_wconf 73' lang='lat' dir='ltr'><strong>comparatio;</strong></span> <span class='ocrx_word' id='word_1_776' title='bbox 1161 4811 1285 4848; x_wconf 63' lang='lat' dir='ltr'><strong>ecitc</strong></span> <span class='ocrx_word' id='word_1_777' title='bbox 1294 4812 1472 4865; x_wconf 87' lang='lat' dir='ltr'><strong>grano</strong></span> <span class='ocrx_word' id='word_1_778' title='bbox 1490 4798 1699 4868; x_wconf 82' lang='lat' dir='ltr'><strong>sinapis</strong></span> <span class='ocrx_word' id='word_1_779' title='bbox 1720 4812 2044 4873; x_wconf 85' lang='lat' dir='ltr'><strong>comparata</strong></span> <span class='ocrx_word' id='word_1_780' title='bbox 2124 4809 2382 4878; x_wconf 86' lang='lat' dir='ltr'><strong>apostoli,</strong></span> <span class='ocrx_word' id='word_1_781' title='bbox 2420 4808 2640 4862; x_wconf 89' lang='lat' dir='ltr'><strong>dilatati</strong></span> <span class='ocrx_word' id='word_1_782' title='bbox 2668 4814 2802 4862; x_wconf 90' lang='lat' dir='ltr'><strong>sunt</strong></span> <span class='ocrx_word' id='word_1_783' title='bbox 2828 4813 2885 4861; x_wconf 91' lang='lat' dir='ltr'><strong>et</strong></span> <span class='ocrx_word' id='word_1_784' title='bbox 2912 4813 3225 4872; x_wconf 88' lang='lat' dir='ltr'><strong>creverunt,</strong></span> <span class='ocrx_word' id='word_1_785' title='bbox 3255 4808 3391 4879; x_wconf 84' lang='lat' dir='ltr'><strong>quia</strong></span> <span class='ocrx_word' id='word_1_786' title='bbox 3418 4812 3481 4862; x_wconf 85' lang='lat' dir='ltr'><strong>in</strong></span> <span class='ocrx_word' id='word_1_787' title='bbox 3501 4818 3697 4861; x_wconf 72' lang='lat' dir='ltr'><strong>omnem</strong></span> 
     </span>
    </p>
   </div>
   <div class='ocr_carea' id='block_1_92' title="bbox 447 4880 2040 4960">
    <p class='ocr_par' dir='ltr' id='par_1_92' title="bbox 447 4880 2040 4960">
     <span class='ocr_line' id='line_1_92' title="bbox 447 4880 2040 4960; baseline 0.008 -25"><span class='ocrx_word' id='word_1_788' title='bbox 447 4886 533 4935; x_wconf 89' lang='lat' dir='ltr'><strong>est</strong></span> <span class='ocrx_word' id='word_1_789' title='bbox 560 4886 679 4934; x_wconf 87' lang='lat' dir='ltr'><strong>tota</strong></span> <span class='ocrx_word' id='word_1_790' title='bbox 707 4880 946 4933; x_wconf 65' lang='lat' dir='ltr'><strong>caelestis</strong></span> <span class='ocrx_word' id='word_1_791' title='bbox 974 4881 1321 4951; x_wconf 86' lang='lat' dir='ltr'><strong>magnitudo.</strong></span> <span class='ocrx_word' id='word_1_792' title='bbox 1357 4884 1463 4937; x_wconf 91' lang='lat' dir='ltr'><strong>Sed</strong></span> <span class='ocrx_word' id='word_1_793' title='bbox 1501 4887 1635 4955; x_wconf 88' lang='lat' dir='ltr'><strong>quid</strong></span> <span class='ocrx_word' id='word_1_794' title='bbox 1656 4889 1731 4943; x_wconf 89' lang='lat' dir='ltr'><strong>sit</strong></span> <span class='ocrx_word' id='word_1_795' title='bbox 1752 4891 1899 4960; x_wconf 90' lang='lat' dir='ltr'><strong>quod</strong></span> <span class='ocrx_word' id='word_1_796' title='bbox 1922 4910 2040 4947; x_wconf 74' lang='grc' dir='ltr'><strong>ωε,-</strong></span> 
     </span>
    </p>
   </div>
   <div class='ocr_carea' id='block_1_93' title="bbox 441 4967 2039 5039">
    <p class='ocr_par' dir='ltr' id='par_1_93' title="bbox 441 4967 2039 5039">
     <span class='ocr_line' id='line_1_93' title="bbox 441 4967 2039 5039; baseline 0.009 -17"><span class='ocrx_word' id='word_1_797' title='bbox 441 4971 619 5039; x_wconf 87' lang='lat' dir='ltr'><strong>jestas</strong></span> <span class='ocrx_word' id='word_1_798' title='bbox 647 4967 827 5035; x_wconf 75' lang='lat' dir='ltr'><strong>regni,</strong></span> <span class='ocrx_word' id='word_1_799' title='bbox 861 4973 975 5021; x_wconf 86' lang='lat' dir='ltr'><strong>tam</strong></span> <span class='ocrx_word' id='word_1_800' title='bbox 1021 4971 1195 5039; x_wconf 80' lang='lat' dir='ltr'><strong>parvi,</strong></span> <span class='ocrx_word' id='word_1_801' title='bbox 1226 4976 1342 5024; x_wconf 76' lang='lat' dir='ltr'><strong>tam</strong></span> <span class='ocrx_word' id='word_1_802' title='bbox 1374 4972 1591 5027; x_wconf 91' lang='lat' dir='ltr'><strong>minimi</strong></span> <span class='ocrx_word' id='word_1_803' title='bbox 1622 4978 1851 5032; x_wconf 88' lang='lat' dir='ltr'><strong>seminis</strong></span> <span class='ocrx_word' id='word_1_804' title='bbox 1881 4981 2039 5035; x_wconf 88' lang='lat' dir='ltr'><strong>simi-</strong></span> 
     </span>
    </p>
   </div>
   <div class='ocr_carea' id='block_1_94' title="bbox 443 5055 2041 5132">
    <p class='ocr_par' dir='ltr' id='par_1_94' title="bbox 443 5055 2041 5132">
     <span class='ocr_line' id='line_1_94' title="bbox 443 5055 2041 5132; baseline 0.008 -19"><span class='ocrx_word' id='word_1_805' title='bbox 443 5058 681 5113; x_wconf 85' lang='lat' dir='ltr'><strong>litudine</strong></span> <span class='ocrx_word' id='word_1_806' title='bbox 696 5055 1137 5121; x_wconf 87' lang='lat' dir='ltr'><strong>concluditur,ne</strong></span> <span class='ocrx_word' id='word_1_807' title='bbox 1150 5058 1358 5129; x_wconf 86' lang='lat' dir='ltr'><strong>absque</strong></span> <span class='ocrx_word' id='word_1_808' title='bbox 1377 5078 1579 5132; x_wconf 82' lang='lat' dir='ltr'><strong>magna</strong></span> <span class='ocrx_word' id='word_1_809' title='bbox 1599 5066 2041 5125; x_wconf 86' lang='lat' dir='ltr'><strong>consideratione</strong></span> 
     </span>
    </p>
   </div>
   <div class='ocr_carea' id='block_1_95' title="bbox 445 5144 2039 5219">
    <p class='ocr_par' dir='ltr' id='par_1_95' title="bbox 445 5144 2039 5219">
     <span class='ocr_line' id='line_1_95' title="bbox 445 5144 2039 5219; baseline 0.009 -19"><span class='ocrx_word' id='word_1_810' title='bbox 445 5144 894 5219; x_wconf 65' lang='lat' dir='ltr'><strong>prsetereundum</strong></span> <span class='ocrx_word' id='word_1_811' title='bbox 925 5150 1027 5198; x_wconf 87' lang='lat' dir='ltr'><strong>est.</strong></span> <span class='ocrx_word' id='word_1_812' title='bbox 1062 5144 1233 5209; x_wconf 90' lang='lat' dir='ltr'><strong>Quasi</strong></span> <span class='ocrx_word' id='word_1_813' title='bbox 1274 5148 1517 5218; x_wconf 86' lang='lat' dir='ltr'><strong>profecto</strong></span> <span class='ocrx_word' id='word_1_814' title='bbox 1548 5152 1642 5205; x_wconf 88' lang='lat' dir='ltr'><strong>illa</strong></span> <span class='ocrx_word' id='word_1_815' title='bbox 1682 5156 1921 5212; x_wconf 61' lang='lat' dir='ltr'><strong>caelestis</strong></span> <span class='ocrx_word' id='word_1_816' title='bbox 1948 5176 2039 5213; x_wconf 90' lang='lat' dir='ltr'><strong>sa-</strong></span> 
     </span>
    </p>
   </div>
   <div class='ocr_carea' id='block_1_96' title="bbox 442 5234 2037 5319">
    <p class='ocr_par' dir='ltr' id='par_1_96' title="bbox 442 5234 2037 5319">
     <span class='ocr_line' id='line_1_96' title="bbox 442 5234 2037 5319; baseline 0.009 -31"><span class='ocrx_word' id='word_1_817' title='bbox 442 5235 655 5306; x_wconf 84' lang='lat' dir='ltr'><strong>pientia</strong></span> <span class='ocrx_word' id='word_1_818' title='bbox 686 5234 825 5288; x_wconf 82' lang='lat' dir='ltr'><strong>nihil</strong></span> <span class='ocrx_word' id='word_1_819' title='bbox 844 5234 1119 5287; x_wconf 84' lang='lat' dir='ltr'><strong>invenerit</strong></span> <span class='ocrx_word' id='word_1_820' title='bbox 1139 5241 1327 5300; x_wconf 63' lang='lat'><strong>5,90</strong></span> <span class='ocrx_word' id='word_1_821' title='bbox 1349 5238 1679 5310; x_wconf 87' lang='lat' dir='ltr'><strong>locupletius</strong></span> <span class='ocrx_word' id='word_1_822' title='bbox 1710 5262 1876 5315; x_wconf 92' lang='lat' dir='ltr'><strong>quam</strong></span> <span class='ocrx_word' id='word_1_823' title='bbox 1904 5265 2037 5319; x_wconf 86' lang='lat' dir='ltr'><strong>gra-</strong></span> 
     </span>
    </p>
   </div>
   <div class='ocr_carea' id='block_1_97' title="bbox 442 5322 2037 5404">
    <p class='ocr_par' dir='ltr' id='par_1_97' title="bbox 442 5322 2037 5404">
     <span class='ocr_line' id='line_1_97' title="bbox 442 5322 2037 5404; baseline 0.01 -28"><span class='ocrx_word' id='word_1_824' title='bbox 442 5339 578 5376; x_wconf 91' lang='lat' dir='ltr'><strong>num</strong></span> <span class='ocrx_word' id='word_1_825' title='bbox 610 5323 840 5393; x_wconf 89' lang='lat' dir='ltr'><strong>sinapis,</strong></span> <span class='ocrx_word' id='word_1_826' title='bbox 866 5322 954 5377; x_wconf 91' lang='lat' dir='ltr'><strong>cui</strong></span> <span class='ocrx_word' id='word_1_827' title='bbox 985 5322 1136 5376; x_wconf 86' lang='lat' dir='ltr'><strong>illam</strong></span> <span class='ocrx_word' id='word_1_828' title='bbox 1167 5325 1631 5396; x_wconf 88' lang='lat' dir='ltr'><strong>omnipotentiam</strong></span> <span class='ocrx_word' id='word_1_829' title='bbox 1656 5349 1911 5404; x_wconf 62' lang='lat' dir='ltr'><strong>superna;</strong></span> <span class='ocrx_word' id='word_1_830' title='bbox 1933 5338 2037 5392; x_wconf 83' lang='lat' dir='ltr'><strong>vir-</strong></span> 
     </span>
    </p>
   </div>
   <div class='ocr_carea' id='block_1_98' title="bbox 440 5410 2034 5487">
    <p class='ocr_par' dir='ltr' id='par_1_98' title="bbox 440 5410 2034 5487">
     <span class='ocr_line' id='line_1_98' title="bbox 440 5410 2034 5487; baseline 0.009 -22"><span class='ocrx_word' id='word_1_831' title='bbox 440 5411 581 5465; x_wconf 88' lang='lat' dir='ltr'><strong>tutis</strong></span> <span class='ocrx_word' id='word_1_832' title='bbox 606 5415 973 5481; x_wconf 87' lang='lat' dir='ltr'><strong>compararet.</strong></span> <span class='ocrx_word' id='word_1_833' title='bbox 1009 5410 1168 5465; x_wconf 91' lang='lat' dir='ltr'><strong>Unde</strong></span> <span class='ocrx_word' id='word_1_834' title='bbox 1207 5428 1341 5481; x_wconf 88' lang='lat' dir='ltr'><strong>ergo</strong></span> <span class='ocrx_word' id='word_1_835' title='bbox 1372 5412 1737 5487; x_wconf 83' lang='lat' dir='ltr'><strong>Evangelium</strong></span> <span class='ocrx_word' id='word_1_836' title='bbox 1784 5440 1948 5479; x_wconf 90' lang='lat' dir='ltr'><strong>nemo</strong></span> <span class='ocrx_word' id='word_1_837' title='bbox 1977 5426 2034 5481; x_wconf 81' lang='lat' dir='ltr'><strong>in</strong></span> 
     </span>
    </p>
   </div>
   <div class='ocr_carea' id='block_1_99' title="bbox 438 5497 2033 5579">
    <p class='ocr_par' dir='ltr' id='par_1_99' title="bbox 438 5497 2033 5579">
     <span class='ocr_line' id='line_1_99' title="bbox 438 5497 2033 5579; baseline 0.005 -25"><span class='ocrx_word' id='word_1_838' title='bbox 438 5499 684 5555; x_wconf 84' lang='lat' dir='ltr'><strong>transitu</strong></span> <span class='ocrx_word' id='word_1_839' title='bbox 731 5500 896 5569; x_wconf 87' lang='lat' dir='ltr'><strong>legat.</strong></span> <span class='ocrx_word' id='word_1_840' title='bbox 948 5497 1250 5553; x_wconf 85' lang='lat' dir='ltr'><strong>Parabolas</strong></span> <span class='ocrx_word' id='word_1_841' title='bbox 1279 5502 1487 5556; x_wconf 85' lang='lat' dir='ltr'><strong>Christi</strong></span> <span class='ocrx_word' id='word_1_842' title='bbox 1518 5521 1684 5562; x_wconf 90' lang='lat' dir='ltr'><strong>nemo</strong></span> <span class='ocrx_word' id='word_1_843' title='bbox 1716 5512 1874 5579; x_wconf 89' lang='lat' dir='ltr'><strong>quasi</strong></span> <span class='ocrx_word' id='word_1_844' title='bbox 1931 5514 2033 5571; x_wconf 84' lang='lat' dir='ltr'><strong>vile</strong></span> 
     </span>
    </p>
   </div>
   <div class='ocr_carea' id='block_1_100' title="bbox 442 5587 2027 5661">
    <p class='ocr_par' dir='ltr' id='par_1_100' title="bbox 442 5587 2027 5661">
     <span class='ocr_line' id='line_1_100' title="bbox 442 5587 2027 5661; baseline 0.01 -17"><span class='ocrx_word' id='word_1_845' title='bbox 442 5587 657 5661; x_wconf 72' lang='lat' dir='ltr'><strong>aliquid</strong></span> <span class='ocrx_word' id='word_1_846' title='bbox 693 5588 947 5659; x_wconf 88' lang='lat' dir='ltr'><strong>accipiat.</strong></span> <span class='ocrx_word' id='word_1_847' title='bbox 990 5587 1136 5653; x_wconf 88' lang='lat' dir='ltr'><strong>Quia</strong></span> <span class='ocrx_word' id='word_1_848' title='bbox 1167 5589 1270 5643; x_wconf 85' lang='lat' dir='ltr'><strong>vile</strong></span> <span class='ocrx_word' id='word_1_849' title='bbox 1299 5606 1411 5645; x_wconf 91' lang='lat' dir='ltr'><strong>non</strong></span> <span class='ocrx_word' id='word_1_850' title='bbox 1461 5591 1627 5649; x_wconf 87' lang='lat' dir='ltr'><strong>debet</strong></span> <span class='ocrx_word' id='word_1_851' title='bbox 1678 5598 1851 5655; x_wconf 86' lang='lat' dir='ltr'><strong>videri</strong></span> <span class='ocrx_word' id='word_1_852' title='bbox 1892 5602 2027 5659; x_wconf 90' lang='lat' dir='ltr'><strong>illud</strong></span> 
     </span>
    </p>
   </div>
   <div class='ocr_carea' id='block_1_101' title="bbox 2125 4899 3695 4965">
    <p class='ocr_par' dir='ltr' id='par_1_101' title="bbox 2125 4899 3695 4965">
     <span class='ocr_line' id='line_1_101' title="bbox 2125 4899 3695 4965; baseline -0.004 -15"><span class='ocrx_word' id='word_1_853' title='bbox 2125 4902 2333 4950; x_wconf 83' lang='lat' dir='ltr'><strong>terram</strong></span> <span class='ocrx_word' id='word_1_854' title='bbox 2363 4899 2531 4951; x_wconf 71' lang='lat' dir='ltr'><strong>exivit</strong></span> <span class='ocrx_word' id='word_1_855' title='bbox 2558 4913 2723 4951; x_wconf 85' lang='lat' dir='ltr'><strong>sonus</strong></span> <span class='ocrx_word' id='word_1_856' title='bbox 2760 4912 2972 4961; x_wconf 88' lang='lat' dir='ltr'><strong>eorum,</strong></span> <span class='ocrx_word' id='word_1_857' title='bbox 3003 4902 3053 4951; x_wconf 86' lang='lat' dir='ltr'><strong>et</strong></span> <span class='ocrx_word' id='word_1_858' title='bbox 3083 4900 3147 4950; x_wconf 87' lang='lat' dir='ltr'><strong>in</strong></span> <span class='ocrx_word' id='word_1_859' title='bbox 3186 4899 3321 4965; x_wconf 80' lang='lat' dir='ltr'><strong>ﬁnes</strong></span> <span class='ocrx_word' id='word_1_860' title='bbox 3360 4899 3508 4951; x_wconf 87' lang='lat' dir='ltr'><strong>orbis</strong></span> <span class='ocrx_word' id='word_1_861' title='bbox 3538 4902 3695 4954; x_wconf 66' lang='lat' dir='ltr'><strong>terra,</strong></span> 
     </span>
    </p>
   </div>
   <div class='ocr_carea' id='block_1_102' title="bbox 2122 4978 3695 5055">
    <p class='ocr_par' dir='ltr' id='par_1_102' title="bbox 2122 4978 3695 5055">
     <span class='ocr_line' id='line_1_102' title="bbox 2122 4978 3695 5055; baseline -0.004 -17"><span class='ocrx_word' id='word_1_862' title='bbox 2122 4987 2284 5039; x_wconf 69' lang='lat' dir='ltr'><strong>verba</strong></span> <span class='ocrx_word' id='word_1_863' title='bbox 2311 5003 2499 5039; x_wconf 84' lang='lat' dir='ltr'><strong>eorum</strong></span> <span class='ocrx_word' id='word_1_864' title='bbox 2531 4988 2861 5055; x_wconf 86' lang='lat' dir='ltr'><strong>(PsaI.xvm,</strong></span> <span class='ocrx_word' id='word_1_865' title='bbox 2894 4987 2965 5040; x_wconf 83' lang='grc' dir='ltr'><strong>5ι.</strong></span> <span class='ocrx_word' id='word_1_866' title='bbox 2989 4986 3075 5042; x_wconf 88' lang='lat' dir='ltr'><strong>Ita</strong></span> <span class='ocrx_word' id='word_1_867' title='bbox 3101 4992 3165 5041; x_wconf 91' lang='lat' dir='ltr'><strong>ut</strong></span> <span class='ocrx_word' id='word_1_868' title='bbox 3180 4986 3429 5041; x_wconf 87' lang='lat' dir='ltr'><strong>volucres</strong></span> <span class='ocrx_word' id='word_1_869' title='bbox 3456 4985 3594 5047; x_wconf 62' lang='lat' dir='ltr'><strong>caeli,</strong></span> <span class='ocrx_word' id='word_1_870' title='bbox 3613 4978 3695 5052; x_wconf 89' lang='lat' dir='ltr'><strong>qui</strong></span> 
     </span>
    </p>
   </div>
   <div class='ocr_carea' id='block_1_103' title="bbox 2124 5074 3696 5146">
    <p class='ocr_par' dir='ltr' id='par_1_103' title="bbox 2124 5074 3696 5146">
     <span class='ocr_line' id='line_1_103' title="bbox 2124 5074 3696 5146; baseline -0.006 -18"><span class='ocrx_word' id='word_1_871' title='bbox 2124 5074 2300 5128; x_wconf 88' lang='lat' dir='ltr'><strong>sancti</strong></span> <span class='ocrx_word' id='word_1_872' title='bbox 2331 5075 2741 5146; x_wconf 86' lang='lat' dir='ltr'><strong>intelliguntur,</strong></span> <span class='ocrx_word' id='word_1_873' title='bbox 2755 5074 3013 5129; x_wconf 87' lang='lat' dir='ltr'><strong>habitent</strong></span> <span class='ocrx_word' id='word_1_874' title='bbox 3040 5074 3097 5128; x_wconf 90' lang='lat' dir='ltr'><strong>in</strong></span> <span class='ocrx_word' id='word_1_875' title='bbox 3122 5074 3223 5141; x_wconf 91' lang='lat' dir='ltr'><strong>eis,</strong></span> <span class='ocrx_word' id='word_1_876' title='bbox 3253 5074 3310 5129; x_wconf 92' lang='lat' dir='ltr'><strong>id</strong></span> <span class='ocrx_word' id='word_1_877' title='bbox 3339 5080 3429 5128; x_wconf 89' lang='lat' dir='ltr'><strong>est</strong></span> <span class='ocrx_word' id='word_1_878' title='bbox 3448 5074 3696 5127; x_wconf 87' lang='lat' dir='ltr'><strong>ineorum</strong></span> 
     </span>
    </p>
   </div>
   <div class='ocr_carea' id='block_1_104' title="bbox 2122 5160 3699 5235">
    <p class='ocr_par' dir='ltr' id='par_1_104' title="bbox 2122 5160 3699 5235">
     <span class='ocr_line' id='line_1_104' title="bbox 2122 5160 3699 5235; baseline -0.004 -18"><span class='ocrx_word' id='word_1_879' title='bbox 2122 5164 2378 5218; x_wconf 88' lang='lat' dir='ltr'><strong>doctrina</strong></span> <span class='ocrx_word' id='word_1_880' title='bbox 2406 5171 2463 5219; x_wconf 92' lang='lat' dir='ltr'><strong>et</strong></span> <span class='ocrx_word' id='word_1_881' title='bbox 2502 5163 2828 5235; x_wconf 56' lang='lat' dir='ltr'><strong>magisterio,</strong></span> <span class='ocrx_word' id='word_1_882' title='bbox 2873 5163 3006 5218; x_wconf 82' lang='lat' dir='ltr'><strong>dum</strong></span> <span class='ocrx_word' id='word_1_883' title='bbox 3055 5169 3283 5218; x_wconf 87' lang='lat' dir='ltr'><strong>terrena</strong></span> <span class='ocrx_word' id='word_1_884' title='bbox 3308 5162 3617 5234; x_wconf 89' lang='lat' dir='ltr'><strong>despiciunt</strong></span> <span class='ocrx_word' id='word_1_885' title='bbox 3649 5160 3699 5209; x_wconf 85' lang='lat' dir='ltr'><strong>et</strong></span> 
     </span>
    </p>
   </div>
   <div class='ocr_carea' id='block_1_105' title="bbox 2120 5250 3698 5325">
    <p class='ocr_par' dir='ltr' id='par_1_105' title="bbox 2120 5250 3698 5325">
     <span class='ocr_line' id='line_1_105' title="bbox 2120 5250 3698 5325; baseline -0.006 -17"><span class='ocrx_word' id='word_1_886' title='bbox 2120 5254 2369 5308; x_wconf 73' lang='lat' dir='ltr'><strong>caelcstia</strong></span> <span class='ocrx_word' id='word_1_887' title='bbox 2395 5260 2687 5325; x_wconf 87' lang='lat' dir='ltr'><strong>appetunt.</strong></span> <span class='ocrx_word' id='word_1_888' title='bbox 2717 5252 2876 5317; x_wconf 89' lang='lat' dir='ltr'><strong>Quod</strong></span> <span class='ocrx_word' id='word_1_889' title='bbox 2900 5252 2947 5307; x_wconf 89' lang='lat' dir='ltr'><strong>si</strong></span> <span class='ocrx_word' id='word_1_890' title='bbox 2969 5252 3039 5306; x_wconf 90' lang='lat' dir='ltr'><strong>ad</strong></span> <span class='ocrx_word' id='word_1_891' title='bbox 3061 5251 3427 5323; x_wconf 86' lang='lat' dir='ltr'><strong>Evangelium</strong></span> <span class='ocrx_word' id='word_1_892' title='bbox 3454 5250 3562 5305; x_wconf 91' lang='lat' dir='ltr'><strong>alio</strong></span> <span class='ocrx_word' id='word_1_893' title='bbox 3589 5261 3698 5300; x_wconf 86' lang='lat' dir='ltr'><strong>sen-</strong></span> 
     </span>
    </p>
   </div>
   <div class='ocr_carea' id='block_1_106' title="bbox 2119 5334 3698 5413">
    <p class='ocr_par' dir='ltr' id='par_1_106' title="bbox 2119 5334 3698 5413">
     <span class='ocr_line' id='line_1_106' title="bbox 2119 5334 3698 5413; baseline -0.006 -17"><span class='ocrx_word' id='word_1_894' title='bbox 2119 5359 2185 5397; x_wconf 91' lang='lat' dir='ltr'><strong>su</strong></span> <span class='ocrx_word' id='word_1_895' title='bbox 2217 5342 2458 5396; x_wconf 78' lang='lat' dir='ltr'><strong>refertur</strong></span> <span class='ocrx_word' id='word_1_896' title='bbox 2485 5342 2590 5396; x_wconf 91' lang='lat' dir='ltr'><strong>hoc</strong></span> <span class='ocrx_word' id='word_1_897' title='bbox 2624 5358 2863 5411; x_wconf 88' lang='lat' dir='ltr'><strong>granum</strong></span> <span class='ocrx_word' id='word_1_898' title='bbox 2894 5341 3125 5413; x_wconf 88' lang='lat' dir='ltr'><strong>sinapis,</strong></span> <span class='ocrx_word' id='word_1_899' title='bbox 3166 5347 3302 5396; x_wconf 89' lang='lat' dir='ltr'><strong>tunc</strong></span> <span class='ocrx_word' id='word_1_900' title='bbox 3325 5341 3498 5394; x_wconf 91' lang='lat' dir='ltr'><strong>homo</strong></span> <span class='ocrx_word' id='word_1_901' title='bbox 3543 5334 3698 5392; x_wconf 85' lang='lat' dir='ltr'><strong>semi-</strong></span> 
     </span>
    </p>
   </div>
   <div class='ocr_carea' id='block_1_107' title="bbox 2117 5419 3697 5500">
    <p class='ocr_par' dir='ltr' id='par_1_107' title="bbox 2117 5419 3697 5500">
     <span class='ocr_line' id='line_1_107' title="bbox 2117 5419 3697 5500; baseline -0.006 -16"><span class='ocrx_word' id='word_1_902' title='bbox 2117 5448 2259 5485; x_wconf 88' lang='lat' dir='ltr'><strong>nans</strong></span> <span class='ocrx_word' id='word_1_903' title='bbox 2287 5429 2516 5485; x_wconf 87' lang='lat' dir='ltr'><strong>verbum</strong></span> <span class='ocrx_word' id='word_1_904' title='bbox 2551 5430 2835 5500; x_wconf 82' lang='lat' dir='ltr'><strong>Evangelii</strong></span> <span class='ocrx_word' id='word_1_905' title='bbox 2867 5430 3122 5486; x_wconf 87' lang='lat' dir='ltr'><strong>Christus</strong></span> <span class='ocrx_word' id='word_1_906' title='bbox 3168 5429 3522 5499; x_wconf 86' lang='lat' dir='ltr'><strong>intelligitur.</strong></span> <span class='ocrx_word' id='word_1_907' title='bbox 3553 5419 3697 5489; x_wconf 87' lang='lat' dir='ltr'><strong>Quod</strong></span> 
     </span>
    </p>
   </div>
   <div class='ocr_carea' id='block_1_108' title="bbox 2115 5517 3698 5591">
    <p class='ocr_par' dir='ltr' id='par_1_108' title="bbox 2115 5517 3698 5591">
     <span class='ocr_line' id='line_1_108' title="bbox 2115 5517 3698 5591; baseline -0.004 -19"><span class='ocrx_word' id='word_1_908' title='bbox 2115 5520 2241 5574; x_wconf 89' lang='lat' dir='ltr'><strong>ideo</strong></span> <span class='ocrx_word' id='word_1_909' title='bbox 2267 5520 2561 5575; x_wconf 87' lang='lat' dir='ltr'><strong>minimum</strong></span> <span class='ocrx_word' id='word_1_910' title='bbox 2601 5520 2827 5587; x_wconf 89' lang='lat' dir='ltr'><strong>dicitur,</strong></span> <span class='ocrx_word' id='word_1_911' title='bbox 2848 5519 2918 5575; x_wconf 88' lang='lat' dir='ltr'><strong>ad</strong></span> <span class='ocrx_word' id='word_1_912' title='bbox 2949 5519 3424 5591; x_wconf 87' lang='lat' dir='ltr'><strong>comparationem</strong></span> <span class='ocrx_word' id='word_1_913' title='bbox 3455 5517 3698 5572; x_wconf 70' lang='lat' dir='ltr'><strong>humana</strong></span> 
     </span>
    </p>
   </div>
   <div class='ocr_carea' id='block_1_109' title="bbox 2114 5604 3691 5681">
    <p class='ocr_par' dir='ltr' id='par_1_109' title="bbox 2114 5604 3691 5681">
     <span class='ocr_line' id='line_1_109' title="bbox 2114 5604 3691 5681; baseline -0.008 -17"><span class='ocrx_word' id='word_1_914' title='bbox 2114 5609 2495 5681; x_wconf 63' lang='lat' dir='ltr'><strong>philosophiae,</strong></span> <span class='ocrx_word' id='word_1_915' title='bbox 2542 5609 2676 5681; x_wconf 90' lang='lat' dir='ltr'><strong>quia</strong></span> <span class='ocrx_word' id='word_1_916' title='bbox 2733 5625 2848 5666; x_wconf 92' lang='lat' dir='ltr'><strong>non</strong></span> <span class='ocrx_word' id='word_1_917' title='bbox 2900 5608 3256 5666; x_wconf 86' lang='lat' dir='ltr'><strong>credentibus</strong></span> <span class='ocrx_word' id='word_1_918' title='bbox 3304 5606 3415 5663; x_wconf 88' lang='lat' dir='ltr'><strong>vile</strong></span> <span class='ocrx_word' id='word_1_919' title='bbox 3468 5604 3691 5661; x_wconf 85' lang='lat' dir='ltr'><strong>videtur.</strong></span> 
     </span>
    </p>
   </div>
  </div>
