3918 6176
236 275 333 333 4θῖ

948 275 1327 336 EXPOSITIO
1365 282 1443 336 IN
1480 283 1926 341 MA'I‘THIEUM.
1968 317 2033 331 —
2073 289 2208 344 LIB.
2254 288 2371 353 VII,
2414 284 2569 339 CAP.
2612 282 2760 337 XIII.

3380 267 3487 332 498

236 400 340 457 Sed
361 416 491 455 cum
510 398 852 456 seminatum
871 401 1042 459 fuerit
1071 403 1128 459 in
1147 404 1312 459 corde
1333 405 1600 475 ﬁdelium,
1632 410 1698 464 ﬁt
1720 427 1816 465 ar-
1832 413 1879 473 A
1899 414 2166 485 piternos.
2190 412 2347 478 Quod
2359 411 2406 466 si
2424 426 2620 465 rursus
2636 407 2742 461 hoc
2762 419 3003 477 granum
3031 403 3091 458 in
3120 402 3283 458 horto
3309 400 3482 456 semi-

232 489 331 544 bor
357 490 563 544 eximia
588 491 723 545 dum
752 492 1003 546 ascendit
1024 498 1083 547 et
1116 494 1386 549 dilatatur
1412 497 1563 551 ultra
1593 515 1816 554 omnem

232 580 564 651 sapientiam
589 580 947 638 mundanam.
968 582 1201 636 Interim
1217 600 1346 637 vero
1367 584 1622 639 doctrina
1647 586 1820 641 Evan-

229 669 361 740 gelii
390 668 630 723 minima
655 668 876 723 videtur
902 670 1160 725 omnibus
1185 672 1508 742 disciplinis.
1541 675 1817 738 Quoniam

231 758 301 811 ad
330 757 573 828 primam
604 773 757 811 novte
784 757 1154 813 institutionis
1174 760 1482 821 doctrinam
1512 762 1682 817 ﬁdem
1708 780 1820 818 non

230 845 399 900 habet
418 846 689 911 veritatis,
705 845 988 900 hominem
1002 848 1496 920 Deum,Deumque
1511 856 1815 919 mortuum;

230 935 325 987 sed
381 934 514 988 inde
566 951 733 990 omne
784 936 1110 991 scandalum
1156 938 1335 992 crucis
1383 939 1516 993 oriri
1578 940 1815 994 videtur.

231 1024 412 1087 Quam
439 1039 577 1078 sane
606 1024 920 1079 doctrinam
966 1025 1157 1080 confer
1191 1026 1545 1097 dogmatibus
1586 1029 1822 1097 philoso-

228 1112 490 1183 phorum,
539 1119 598 1168 et
634 1112 791 1167 libris
818 1130 1013 1168 eorum
1056 1115 1152 1185 qui
1181 1115 1355 1169 nimio
1385 1117 1679 1186 splendore
1705 1118 1821 1170 elo-

230 1202 473 1271 quentize
492 1202 766 1267 redolent,
786 1203 1188 1273 compositione
1216 1220 1345 1258 vero
1374 1205 1648 1259 sermonis
1679 1206 1824 1259 reni-

227 1297 367 1356 tent,
393 1292 586 1362 sicque
604 1291 816 1346 videbis
836 1300 1108 1362 quantum
1128 1293 1314 1347 minus
1342 1293 1418 1345 sit
1437 1310 1627 1347 semen
1644 1295 1821 1347 Evan-

225 1380 383 1450 gelii,
435 1379 746 1434 seminibus
793 1380 1105 1435 liberalium
1144 1383 1369 1436 artium.
1407 1382 1517 1437 Sed
1562 1382 1660 1436 illa
1687 1382 1819 1436 dum

226 1475 489 1523 crescunt
524 1474 583 1523 et
622 1476 902 1538 augentur
930 1470 1158 1540 passim,
1190 1470 1327 1524 nihil
1359 1471 1526 1525 vitale
1555 1471 1815 1536 afferunt,

226 1557 485 1627 nihilque
514 1556 864 1611 salutiferum
902 1558 1307 1622 demonstrant,
1360 1575 1543 1629 neque
1579 1559 1819 1613 vividum

224 1645 439 1716 aliquid
471 1646 543 1699 ad
573 1645 1005 1716 perpetuitatem
1034 1652 1319 1701 aeternam.
1352 1647 1614 1711 Quinimo
1637 1654 1818 1702 totum

1898 508 2115 567 natum,
2164 518 2274 572 quo
2317 500 2497 570 jacuit
2532 499 2588 552 in
2637 496 2891 567 sepulcro
2937 490 3197 562 requiris,
3238 489 3483 544 invenies

1899 590 2144 660 primum
2173 590 2231 643 in
2261 595 2421 642 utero
2450 585 2699 657 virginis,
2730 582 2931 637 deinde
2959 582 3018 634 in
3040 578 3283 634 Ecclesia
3311 576 3482 631 semi-

1900 686 2116 732 natum.
2139 679 2215 732 Ex
2244 694 2354 749 quo
2374 675 2638 730 nimirum
2660 674 2823 726 horto
2851 685 3089 741 sponsus
3115 668 3174 721 in
3196 664 3440 721 Canticis
3465 681 3485 717 :

1901 768 2104 821 Hortus
2131 770 2434 830 conclusus,
2466 778 2622 817 soror
2655 777 2794 825 mea,
2819 762 3009 812 hortus
3036 759 3322 810 conclusus
3362 754 3486 820 fons

1899 857 2153 920 signatus
2195 856 2371 922 (Cant.
2423 867 2500 918 Iv,
2548 850 2652 920 1'2),
2704 848 3032 903 emissiones
3082 845 3227 907 dum,
3280 840 3483 913 inquit,

1900 943 2164 1014 paradisi.
2193 944 2256 997 In
2285 958 2395 1013 quo
2429 942 2593 1013 plane
2640 940 2821 1002 horto,
2855 936 2987 1007 quia
3023 933 3195 988 crevit
3232 932 3337 985 hoc
3362 945 3489 999 gra-

1902 1043 2058 1098 num,
2083 1032 2255 1085 totius
2282 1031 2442 1099 regni
2457 1045 2680 1083 summa
2693 1028 2747 1081 in
2766 1043 2831 1081 eo
2851 1028 3059 1078 manet.
3074 1020 3233 1086 Quod
3251 1033 3491 1089 regnum

1904 1120 2130 1184 Christi,
2162 1118 2256 1189 qui
2304 1119 2476 1172 crevit
2511 1118 2568 1171 in
2605 1116 2803 1170 arbore
2839 1112 3036 1176 crucis,
3079 1115 3137 1164 et
3170 1125 3273 1180 per
3305 1111 3491 1161 totum

1903 1208 2168 1261 dilatatus
2188 1217 2273 1261 est
2294 1206 2610 1277 orbem,qui
2632 1209 2842 1275 quanto
2859 1203 2984 1273 plus
3004 1198 3232 1255 attritus
3252 1200 3338 1250 est
3358 1208 3489 1264 pas-

1903 1296 2078 1359 sione,
2105 1300 2263 1351 tanto
2290 1296 2532 1366 amplius
2576 1294 2790 1348 fructus
2839 1291 2927 1344 sui
2964 1290 3022 1342 in
3054 1286 3262 1342 mundo
3292 1281 3492 1338 eifudit

1901 1400 2179 1454 saporem,
2231 1388 2289 1437 et
2330 1381 2588 1436 eﬁ‘erbuit
2621 1379 2865 1434 charitas
2911 1376 3163 1431 dilatata.
3215 1368 3495 1442 Apparuit

1900 1472 2176 1542 siquidem
2206 1472 2383 1525 virtus
2412 1471 2535 1539 ejus
2563 1466 2962 1531 vehementior,
2994 1461 3216 1534 quando
3257 1456 3495 1513 commi-

1902 1570 2073 1614 nutus
2101 1567 2189 1614 est
2225 1577 2401 1631 usque
2446 1559 2513 1612 ad
2550 1559 2856 1629 pulverem,
2905 1559 2967 1608 et
2992 1552 3271 1621 eliquatus
3299 1546 3490 1619 praelia

1902 1649 2193 1720 passionis.
2238 1648 2319 1703 Ex
2366 1649 2471 1701 hoc
2502 1648 2709 1718 quippe
2736 1651 2819 1699 est
2862 1648 2982 1697 tota
3010 1640 3170 1709 origo
3192 1634 3488 1707 regnandi,

224 1735 549 1799 ﬂaccidum,
581 1740 875 1806 totumque
904 1735 1231 1799 marcidum,
1247 1736 1549 1791 frondescit
1573 1742 1630 1790 et
1656 1739 1818 1791 ﬂoret
1837 1742 1880 1805 Β
1905 1742 1962 1792 et
1984 1738 2109 1792 ideo
2127 1743 2420 1791 cantamus
2435 1736 2969 1800 tideliter,Dominus
2990 1730 3239 1796 regnavit
3259 1742 3294 1780 a
3315 1728 3489 1793 tigno.

226 1824 281 1877 in
302 1824 465 1877 olera
494 1830 552 1877 et
571 1823 792 1889 herbas,
825 1840 947 1894 qua:
978 1824 1086 1878 cito
1115 1830 1393 1879 arescunt.
1410 1825 1518 1880 Sed
1541 1826 1821 1896 Evangelii

225 1912 573 1983 praedicatio,
622 1928 745 1982 quas
787 1912 1022 1966 minima
1062 1912 1374 1978 videbatur,
1419 1913 1501 1967 vel
1549 1931 1719 1985 parva
1764 1914 1822 1968 in

226 2000 390 2055 initio
411 2000 565 2062 ﬁdei,
588 2017 714 2055 cum
753 2001 811 2054 in
839 2001 1027 2055 anima
1055 2002 1333 2055 credentis
1348 2003 1431 2055 vel
1450 2002 1507 2056 in
1530 2009 1647 2057 toto
1663 2020 1824 2057 mun-

225 2088 295 2144 do
314 2089 830 2153 radicaverit,sicut
849 2089 1041 2143 fecisse
1071 2090 1370 2156 cernimus,
1389 2097 1510 2145 tota
1542 2092 1740 2146 crescit
1765 2092 1824 2146 in

222 2177 511 2244 arborem,
543 2179 626 2233 ita
652 2185 717 2233 ut
736 2179 985 2232 volucres
1013 2179 1155 2245 coeli,
1190 2180 1391 2233 animae
1420 2180 1673 2235 videlicet
1699 2197 1823 2235 cre-

223 2266 486 2321 dentium
520 2267 607 2321 vel
655 2267 887 2322 virtutes
928 2267 1028 2321 Dei
1068 2268 1291 2322 servitio
1339 2276 1684 2339 mancipatus.
1736 2286 1824 2324 ve-

223 2355 385 2409 niant
416 2361 478 2410 et
508 2356 759 2411 habitent
797 2356 856 2410 in
900 2356 1072 2410 ramis
1100 2358 1240 2426 ejus.
1270 2358 1443 2411 Porro
1472 2359 1615 2412 rami
1653 2360 1823 2429 hujus

224 2444 445 2499 arboris
464 2446 734 2515 dogmata
753 2444 1061 2516 probantur
1078 2461 1199 2499 esse
1210 2452 1530 2500 sanctorum
1561 2448 1823 2517 praedica-

222 2539 414 2588 torum
445 2534 687 2598 diversa,
719 2533 778 2588 in
822 2534 1024 2605 quibus
1052 2533 1501 2605 supradictarum
1534 2536 1821 2589 volucrum

222 2631 421 2678 sancta
447 2624 756 2694 requiescit
781 2623 1037 2677 societas.
1067 2624 1210 2677 Hinc
1232 2640 1365 2693 ergo
1393 2640 1746 2678 assumamus
1767 2630 1825 2679 et

221 2730 320 2768 nos
348 2729 578 2785 pennas
607 2712 897 2777 columbae,
919 2718 984 2766 ut
1001 2713 1071 2766 ad
1094 2712 1293 2766 altiora
1315 2712 1594 2783 possimus
1613 2714 1819 2777 volare;

223 2819 321 2857 nec
347 2819 471 2857 non
502 2801 758 2861 habitare
795 2801 855 2855 in
893 2801 1065 2855 ramis
1107 2801 1276 2872 hujus
1305 2801 1520 2856 arboris
1558 2808 1616 2855 et
1662 2802 1823 2855 nidos

224 2891 404 2946 facere
417 2891 830 2945 doctrinarum.
854 2890 1259 2944 Verumtamen
1280 2891 1440 2944 multi
1459 2891 1707 2960 legentes
1721 2892 1824 2944 hoc

222 2997 465 3051 granum
497 2980 710 3051 sinapis
740 2978 1034 3033 minimum
1066 2978 1324 3033 omnibus
1359 2980 1683 3034 seminibus.
1710 2981 1824 3034 Nec

1903 1827 2046 1881 Hinc
2075 1843 2239 1880 nemo
2269 1825 2488 1880 dubitet
2532 1840 2600 1878 ex
2646 1824 2749 1877 hoc
2780 1836 2977 1892 grano,
3024 1817 3157 1888 quia
3199 1815 3334 1869 olim
3371 1814 3494 1883 jam

1903 1916 2216 1969 radicatam
2242 1914 2401 1968 estin
2423 1911 2773 1985 patriarchis,
2791 1914 2985 1963 natum
3003 1906 3160 1960 estin
3182 1902 3489 1975 prophetis,

1904 2004 2074 2058 crevit
2103 2004 2159 2058 in
2206 2003 2496 2074 apostolis,
2534 2003 2921 2055 consummata
2961 2002 3047 2050 est
3084 1992 3252 2048 arbor
3288 2005 3494 2061 magna

1904 2093 1962 2147 in
1991 2099 2182 2160 τίθει
2201 2093 2446 2147 ecclesiis
2490 2090 2826 2161 Multiplices
2845 2086 2999 2141 dedit
3019 2085 3077 2138 in
3096 2080 3492 2137 donationibus

1905 2182 2145 2252 Spiritus
2169 2182 2344 2236 sancti
2372 2198 2561 2235 ramos
2590 2195 2730 2251 quos
2748 2174 3047 2247 Apostolus
3071 2171 3212 2226 bene
3230 2170 3492 2223 dinume-

1903 2276 2012 2326 rat.
2031 2272 2093 2326 In
2125 2271 2326 2342 quibus
2351 2270 2595 2341 profecto
2617 2266 2788 2322 ramis
2806 2266 3081 2319 donorum
3115 2257 3496 2315 mundissima:

1904 2361 2028 2414 celi
2057 2377 2184 2414 aves
2215 2361 2321 2413 ﬁde
2351 2359 2708 2430 requiescunt
2734 2354 3054 2410 securitate.

1978 2449 2041 2501 Et
2056 2451 2234 2501 aliam
2254 2450 2579 2514 parabotam
2602 2450 2812 2498 locutus
2833 2448 2907 2496 est
2930 2445 3020 2495 eis.
3047 2440 3498 2509 Quapropterro—

1901 2551 2099 2604 gemus
2129 2536 2433 2595 Christum,
2450 2549 2520 2587 ne
2540 2540 2597 2586 et
2624 2532 2781 2585 nobis
2812 2532 3077 2601 loquatur
3100 2543 3223 2581 cum
3238 2524 3418 2579 turbis
3437 2524 3497 2578 in

1904 2622 2203 2694 parabolis.
2224 2622 2367 2686 Quia
2383 2623 2514 2675 licet
2526 2620 2910 2675 delectabilius
2922 2631 3327 2685 nonnunquam
3340 2612 3498 2667 audi-

1903 2718 2015 2777 tur,
2050 2712 2199 2782 quod
2228 2711 2433 2765 dicitur
2462 2711 2518 2764 in
2559 2708 2853 2781 parabolis.
2890 2706 3049 2760 valde
3087 2705 3495 2758 infructuosum

1904 2806 2093 2854 tamen
2115 2806 2217 2866 est,
2251 2800 2359 2854 nisi
2380 2799 2768 2869 intelligantur
2788 2812 2855 2850 ea
2879 2795 2939 2849 in
2960 2795 3046 2849 his
3068 2809 3192 2864 quae
3222 2795 3497 2846 ornantur

1905 2889 2091 2952 rebus,
2124 2894 2181 2943 et
2203 2889 2544 2958 obteguntur
2570 2887 2783 2957 ﬁguris.

1978 2981 2193 3043 Simile,
2233 2978 2435 3049 inquit,
2474 2994 2705 3045 regnum
2731 2980 2991 3029 calorum
3019 2974 3310 3041 fermcnto,
3349 2967 3497 3037 quod

225 3088 332 3125 non
344 3076 405 3125 et
424 3069 582 3141 quod
607 3067 739 3122 alibi
758 3067 962 3121 dicitur
988 3085 1023 3121 a
1045 3074 1231 3135 592
1245 3067 1552 3138 discipulis,
1586 3068 1822 3122 Domine
1845 3055 1890 3115 C
1906 3074 2182 3135 acceptum
2206 3071 2410 3121 mulier
2427 3067 2705 3121 abscondit
2731 3068 2791 3118 in
2811 3066 3015 3130 farina
3026 3064 3161 3115 satis
3187 3060 3384 3123 tribus,
3409 3058 3500 3111 do-

224 3176 359 3225 augc
385 3160 550 3213 nobis
569 3159 750 3224 ﬁdem,
786 3156 987 3227 quibus
1006 3173 1337 3227 responsum
1359 3166 1445 3211 est
1471 3177 1486 3211 :
1509 3160 1681 3211 Amen
1705 3160 1823 3211 dico

225 3251 386 3309 vobis,
412 3250 470 3301 si
496 3247 804 3300 habueritis
823 3248 985 3312 ﬁdem
1014 3248 1177 3314 quasi
1203 3262 1449 3313 granum
1497 3249 1730 3314 sinapis,
1774 3252 1825 3299 et

225 3338 487 3390 dixeritis
512 3338 691 3388 monti
709 3334 857 3399 huic,
885 3336 1069 3388 transi
1105 3336 1168 3387 dc
1188 3337 1299 3388 loco
1328 3337 1448 3399 isto,
1475 3341 1525 3388 et
1562 3337 1823 3389 transibit

227 3428 370 3490 (Luc.
400 3438 546 3486 xvu,
579 3423 711 3487 5-7).
753 3423 995 3477 Omnino
1024 3428 1225 3493 putant
1251 3423 1549 3493 apostolos,
1578 3423 1662 3475 vel
1695 3439 1825 3494 par-

226 3530 343 3567 vam
384 3513 566 3567 ﬁdem
611 3511 892 3574 habuisse,
928 3511 1013 3564 vel
1044 3511 1345 3565 Dominum
1383 3511 1452 3564 de
1483 3511 1590 3564 ﬁde
1630 3527 1823 3564 eorum

227 3603 378 3674 (quia
404 3617 589 3673 parva
614 3603 754 3668 erat)
805 3616 900 3654 eos
930 3599 1215 3670 arguisse;
1271 3616 1384 3653 non
1421 3600 1816 3668 intelligentes,

229 3693 373 3763 quod
406 3690 626 3745 Paulus
654 3690 940 3760 apostolus
990 3689 1135 3742 hanc
1183 3689 1349 3741 ﬁdem
1395 3704 1573 3758 grano
1612 3688 1824 3758 sinapis

228 3786 639 3852 comparatam,
659 3778 961 3832 maximam
984 3785 1037 3832 et
1076 3777 1337 3831 eximiam
1352 3777 1689 3847 judicaverit
1720 3796 1735 3830 :
1764 3778 1827 3831 Si

230 3871 496 3933 habuero,
521 3868 727 3939 inquit,
762 3882 979 3921 omnem
1012 3869 1191 3934 ﬁdem,
1222 3870 1300 3920 ita
1330 3872 1392 3919 ut
1413 3873 1618 3921 montes
1646 3872 1827 3920 trans-

229 3959 768 4027 feram,charitatem
787 3961 972 4011 autem
991 3972 1103 4009 non
1121 3957 1534 4016 habueromihit
1552 3957 1692 4009 mihi
1703 3971 1828 4024 pro-

230 4048 337 4101 dest
370 4050 420 4113 (Ι
438 4046 574 4101 σον.
604 4059 723 4109 xm,
753 4043 831 4113 2).
863 4044 997 4108 Qua:
1028 4043 1290 4097 nimirum
1305 4043 1441 4097 ﬁdes
1459 4060 1577 4115 quas
1610 4051 1829 4097 montes

230 4134 523 4199 transfert,
547 4133 671 4204 ipsa
698 4138 788 4187 est
811 4134 906 4187 illa
935 4150 1058 4204 quae
1084 4149 1262 4203 grano
1290 4132 1501 4204 sinapis
1528 4150 1560 4187 a
1588 4134 1827 4187 Domino

230 4232 617 4295 comparatur.
648 4228 705 4275 et
733 4238 800 4275 ea
828 4229 913 4276 est
939 4228 1061 4276 tota
1089 4228 1146 4277 et
1189 4222 1410 4293 integra
1452 4222 1590 4275 ﬁdes
1630 4222 1686 4276 in
1718 4239 1831 4292 qua

231 4322 312 4367 est
338 4312 531 4367 omnis
551 4312 708 4365 ﬁdes.
734 4311 877 4375 Quia
896 4312 1043 4365 Deus
1059 4312 1304 4365 Trinitas
1338 4328 1437 4382 per
1467 4328 1589 4365 eam
1623 4329 1750 4366 vere
1773 4317 1829 4365 et

230 4401 573 4455 ﬁducialiter
626 4400 832 4454 colitur
874 4406 931 4454 et
983 4406 1224 4462 amatur,
1273 4401 1329 4455 in
1373 4417 1484 4470 qua
1535 4405 1685 4454 totus
1743 4408 1828 4455 est

231 4490 514 4555 Christus,
538 4506 639 4558 per
664 4505 829 4559 quem
853 4489 1040 4543 omnia
1058 4490 1279 4555 sunt,‘et
1302 4507 1402 4561 per
1420 4490 1603 4561 ipsum
1630 4490 1750 4560 ipsa
1770 4492 1833 4544 ﬁ-

230 4578 324 4631 des
336 4578 535 4633 omnia
555 4578 1022 4647 operatur.Porro
1038 4578 1182 4631 rami
1204 4579 1326 4648 ejus
1344 4586 1476 4632 tunc
1497 4577 1827 4643 dilatantur,

231 4683 354 4721 cum
384 4666 765 4737 expositiones
792 4672 1118 4720 sanctorum
1146 4669 1378 4721 Patrum
1401 4684 1465 4721 ex
1487 4684 1552 4722 ea
1572 4674 1831 4723 crescunt

230 4756 509 4821 doctrina,
541 4755 599 4809 in
620 4754 824 4826 quibus
852 4756 1103 4810 volucres
1132 4755 1275 4822 coeli,
1309 4757 1519 4811 scilicet
1549 4765 1831 4811 amatores

233 4861 370 4899 vere
397 4844 713 4915 sapientiae,
740 4860 936 4898 secure
960 4846 1337 4915 requiescunt.
1365 4846 1639 4910 Quoniam
1672 4848 1832 4901 desu-

229 4951 329 5004 per
354 4934 515 4987 venit
541 4933 690 5004 quod
713 4933 1053 4987 seminatum
1083 4940 1189 4999 est,
1236 4935 1441 4989 ldCIl‘CO
1483 4936 1831 4990 conﬁdenter

230 5024 539 5094 suscipitur
568 5022 847 5086 auditum,
892 5023 1002 5077 ﬁde
1045 5024 1348 5087 radicatur,
1391 5042 1489 5095 spe
1527 5026 1726 5079 crescit
1769 5026 1829 5082 iu

231 5114 432 5177 altum,
465 5112 742 5165 charitate
767 5111 1119 5173 diffunditur,
1151 5119 1209 5167 et
1230 5114 1502 5168 dilatatur
1530 5114 1587 5167 in
1619 5131 1824 5179 ramos,

232 5200 580 5255 confessione
612 5200 949 5267 extenditur,
984 5201 1279 5256 virtutibus
1302 5203 1554 5273 quotidie
1582 5203 1826 5258 virescit.

232 5291 311 5344 Ad
328 5306 499 5362 quam
519 5305 656 5343 sane
675 5290 1059 5344 amoenitatem
1072 5290 1353 5345 frondium
1383 5310 1512 5345 aves
1529 5292 1647 5345 οωὶί
1663 5292 1833 5361 jugi-

232 5385 318 5432 ter
341 5379 562 5442 invitat,
595 5379 653 5432 id
685 5384 772 5432 est
799 5379 1081 5450 spiritales
1115 5397 1347 5447 sensus;
1396 5388 1565 5451 atque
1596 5382 1746 5452 ipsos
1774 5381 1832 5433 in

234 5467 448 5521 eisdem
488 5467 679 5533 ramis,
726 5468 889 5538 quasi
925 5468 1029 5523 sub
1067 5469 1254 5541 quiete
1296 5470 1495 5541 recipit
1542 5469 1832 5524 mansione

236 5572 344 5629 quo
364 5555 672 5624 nidiﬁcant,
703 5563 761 5612 et
776 5558 1035 5613 nutriunt
1060 5558 1163 5613 sibi
1184 5559 1365 5629 pullos
1394 5560 1452 5615 in
1473 5571 1660 5615 mente
1682 5577 1832 5614 sem-

1848 4362 1899 4423 D

1907 3174 2003 3211 nec
2020 3158 2413 3224 fermentatum
2436 3161 2508 3209 cst
2540 3160 2740 3209 totum.
2780 3154 2985 3215 Bonus,
3020 3156 3077 3203 et
3095 3149 3353 3220 egregius
3382 3164 3500 3202 ma-

1904 3244 2101 3314 gister,
2132 3244 2290 3314 regni
2312 3244 2397 3297 sui
2415 3243 2815 3297 similitudines
2835 3241 2915 3295 sic
2944 3244 3189 3301 enarrat,
3209 3238 3288 3291 sic
3316 3235 3499 3291 variat

1908 3340 1965 3387 et
1980 3339 2143 3387 ornat
2160 3333 2400 3404 propriis
2417 3330 2948 3403 comparationibus,
2970 3334 3034 3382 ut
3058 3344 3167 3382 non
3189 3326 3260 3381 de
3280 3325 3497 3379 occulto

1907 3428 2095 3476 sumat
2123 3439 2237 3486 eas,
2260 3438 2442 3492 neque
2461 3422 2530 3475 de
2549 3419 2891 3479 caelestibus,
2924 3418 3020 3472 sed
3043 3417 3253 3488 profert
3281 3414 3407 3468 illas
3429 3413 3501 3467 de

1906 3511 2232 3581 quotidiano
2261 3528 2366 3565 usu
2381 3516 2437 3563 et
2465 3511 2533 3564 de
2567 3508 2847 3564 communi
2870 3505 3308 3565 conversatione,
3340 3508 3405 3557 ut
3428 3501 3505 3556 ad

1907 3616 2071 3653 omne
2102 3617 2280 3667 genus
2318 3600 2608 3653 hominum
2635 3598 2922 3669 perveniat
2948 3595 3095 3666 quod
3126 3600 3212 3648 est
3240 3591 3499 3647 omnibus

1906 3688 2258 3759 profuturum
2271 3688 2591 3759 ,juxtaillud
2606 3687 2999 3757 PrOpheticum
3015 3703 3027 3737 :
3045 3688 3079 3738 A
3094 3683 3498 3739 adite/ncomm-

1910 3795 2000 3832 ηας
2026 3782 2224 3846 gentes.
2240 3780 2474 3831 auribus
2494 3779 2775 3846 percipite,
2799 3790 2982 3827 omnes
3009 3774 3109 3841 qui
3135 3771 3398 3823 habitatis
3414 3783 3502 3822 or-

1909 3868 2020 3920 bem
2031 3869 2251 3936 .quiquc
2272 3870 2559 3932 terrigenae
2573 3870 2619 3919 et
2635 3868 2743 3926 ﬁlii
2756 3865 3043 3917 hominum
3057 3862 3228 3911 simul
3242 3860 3303 3910 in
3314 3871 3497 3910 unum

1910 3955 2053 4007 dircs
2082 3960 2130 4008 rt
2156 3971 2367 4023 pauper
2393 3957 2552 4008 (Psat.
2585 3966 2775 4013 .vam.
2808 3950 2864 4011 2,
2896 3948 2969 4015 3).
3004 3944 3266 4016 Alioquin
3287 3945 3334 3998 si
3362 3942 3499 4014 quid

1910 4060 1975 4097 ex
2005 4044 2311 4097 divinitatis
2337 4044 2571 4107 occulto,
2609 4042 2655 4095 si
2704 4040 2836 4111 quid
2888 4039 2957 4092 de
3000 4042 3215 4090 secreto
3259 4033 3403 4097 cmli,
3452 4031 3501 4085 si

1910 4133 2042 4205 quid
2059 4134 2126 4186 de
2141 4131 2657 4204 impenetrabilibus
2670 4129 2906 4185 divitum
2924 4124 3215 4181 afferretin
3233 4121 3498 4187 medium,

1910 4223 2015 4276 hoc
2051 4223 2294 4277 nesciret
2324 4239 2552 4294 pauper,
2583 4222 2689 4274 hoc
2729 4235 2839 4273 non
2870 4221 3096 4288 caperet
3124 4212 3498 4277 mediocritas,

1910 4327 2014 4366 nec
2033 4318 2228 4366 notum
2257 4311 2583 4384 simplicitas
2608 4308 3038 4364 haberet.Nunc
3069 4319 3198 4359 vero
3222 4303 3303 4357 ita
3331 4299 3506 4373 loqui-

1913 4408 2024 4467 tur,
2058 4407 2122 4455 ut
2170 4400 2428 4455 omnibus
2470 4404 2744 4470 congruat
2790 4396 3052 4468 loquendi
3089 4392 3309 4464 peritia-
3361 4389 3505 4454 Quia

1913 4491 2079 4544 homo
2102 4491 2155 4543 in
2189 4490 2289 4544 Dei
2320 4490 2605 4543 vocatione
2635 4487 2921 4559 quaeritur,
2955 4500 3064 4537 non
3094 4478 3502 4545 discerniturin

1913 4579 2013 4633 Dei
2034 4579 2426 4650 praadicatione
2456 4594 2711 4649 persona.
2746 4577 3047 4645 Propterea
3076 4584 3312 4640 regnum
3339 4581 3504 4621 suum

1913 4676 2063 4729 ante,
2098 4684 2275 4737 grano
2295 4667 2505 4739 sinapis
2532 4669 2809 4721 memorat
2825 4659 3103 4731 accepisse
3126 4653 3505 4720 hominem,id

1915 4763 2003 4810 est
2029 4758 2232 4821 virum,
2272 4773 2425 4811 nunc
2469 4771 2599 4810 vero
2646 4753 2936 4808 mulierem
2988 4747 3190 4803 asserit
3227 4743 3506 4816 accepisse

1914 4847 2297 4901 fermentum:
2338 4846 2589 4916 illudque
2632 4859 2825 4897 semen
2870 4839 3131 4908 exiguum
3162 4834 3400 4889 crevisse
3447 4832 3507 4885 in

1915 4952 2177 5005 magnam
2191 4935 2470 4999 arborem,
2491 4932 2779 4988 mulierem
2804 4929 2969 4984 modo
2990 4926 3251 4995 exiguum
3265 4922 3509 4976 fermen-

1914 5031 2034 5078 tum
2058 5025 2127 5078 ad
2160 5024 2470 5095 profectum
2499 5024 2672 5077 totius
2699 5037 2895 5074 massae
2925 5015 3247 5070 manifestat
3273 5011 3509 5065 abscon-

1914 5114 2078 5168 disse.
2100 5114 2243 5178 Quia
2263 5114 2406 5169 sicut
2436 5109 2879 5182 dicitApostolus
2907 5124 2918 5159 :
2944 5122 3110 5175 neque
3125 5106 3216 5158 vir
3240 5104 3357 5153 sine
3385 5115 3511 5151 mu-

1917 5205 2068 5265 liere,
2095 5219 2263 5271 neque
2286 5205 2624 5257 muli’crsinc
2645 5203 2763 5253 τι·νο
2780 5201 2841 5251 in
2859 5198 3089 5252 Domino
3111 5194 3159 5257 (Ι
3178 5185 3423 5253 Cor.x1,l
3442 5188 3508 5255 I),

1914 5291 2001 5345 Ad
2031 5308 2209 5345 unum
2240 5293 2446 5365 quippe
2477 5305 2711 5359 regnum
2740 5288 3019 5342 diversum
3050 5296 3240 5336 sexum
3262 5277 3417 5330 varia
3434 5277 3516 5330 si-

1918 5380 2177 5433 militudo
2198 5382 2474 5453 perducit.
2507 5374 3070 5450 Nequeigiturvirum
3091 5375 3316 5441 separat
3333 5383 3364 5419 a
3385 5381 3513 5453 mut-

1916 5470 2053 5525 liere
2077 5451 2298 5541 vacatio
2311 5470 2540 5535 Christi,
2557 5468 2651 5522 sed
2669 5474 2862 5521 contra
2873 5464 2995 5532 conj
3005 5460 3182 5531 ungit.
3207 5456 3351 5521 Quia
3364 5451 3514 5541 quod

1915 5561 2073 5625 Deus
2098 5581 2167 5635 ex
2199 5564 2472 5631 alterutro
2502 5577 2623 5616 esse
2656 5557 2804 5621 fecit,
2838 5561 2895 5608 et
2921 5559 3123 5607 natura
3142 5547 3337 5607 sociat,
3370 5538 3514 5593 mira

3426 5740 3467 5773 ᾖ
