  <div class='ocr_page' id='page_1' title='image "/cluster/home/n/w/nwhite01/storage/ocr_20150623/120/hvd.32044054759824/255.png"; bbox 0 0 3918 6176; ppageno 0'>
   <div class='ocr_carea' id='block_1_1' title="bbox 416 237 530 304">
    <p class='ocr_par' dir='ltr' id='par_1_1' title="bbox 416 237 530 304">
     <span class='ocr_line' id='line_1_1' title="bbox 416 237 530 304; baseline -0.026 0"><span class='ocrx_word' id='word_1_1' title='bbox 416 237 530 304; x_wconf 73' lang='grc'>499</span> 
     </span>
    </p>
   </div>
   <div class='ocr_carea' id='block_1_2' title="bbox 1176 235 2929 301">
    <p class='ocr_par' dir='ltr' id='par_1_2' title="bbox 1176 235 2929 301">
     <span class='ocr_line' id='line_1_2' title="bbox 1176 235 2929 301; baseline -0.005 0"><span class='ocrx_word' id='word_1_2' title='bbox 1176 244 1235 301; x_wconf 78' lang='lat'>8.</span> <span class='ocrx_word' id='word_1_3' title='bbox 1275 243 1653 301; x_wconf 83' lang='lat' dir='ltr'>PASCHASII</span> <span class='ocrx_word' id='word_1_4' title='bbox 1688 244 2051 301; x_wconf 77' lang='lat' dir='ltr'>RADBERTI</span> <span class='ocrx_word' id='word_1_5' title='bbox 2086 242 2391 300; x_wconf 79' lang='grc' dir='ltr'>ΔΒΒΑΤΙΒ</span> <span class='ocrx_word' id='word_1_6' title='bbox 2428 235 2929 297; x_wconf 79' lang='lat' dir='ltr'>COBBEIENSIS.</span> 
     </span>
    </p>
   </div>
   <div class='ocr_carea' id='block_1_3' title="bbox 3540 231 3627 295">
    <p class='ocr_par' dir='ltr' id='par_1_3' title="bbox 3540 231 3627 295">
     <span class='ocr_line' id='line_1_3' title="bbox 3540 231 3627 295; baseline 0 0"><span class='ocrx_word' id='word_1_7' title='bbox 3540 231 3627 295; x_wconf 69' lang='grc' dir='ltr'>δα)</span> 
     </span>
    </p>
   </div>
   <div class='ocr_carea' id='block_1_4' title="bbox 417 357 3629 441">
    <p class='ocr_par' dir='ltr' id='par_1_4' title="bbox 417 357 3629 441">
     <span class='ocr_line' id='line_1_4' title="bbox 417 357 3629 441; baseline -0.002 -20"><span class='ocrx_word' id='word_1_8' title='bbox 417 365 789 422; x_wconf 85' lang='lat' dir='ltr'>similitudine</span> <span class='ocrx_word' id='word_1_9' title='bbox 813 367 1025 425; x_wconf 86' lang='lat' dir='ltr'>similes</span> <span class='ocrx_word' id='word_1_10' title='bbox 1065 370 1252 427; x_wconf 84' lang='lat' dir='ltr'>reddit</span> <span class='ocrx_word' id='word_1_11' title='bbox 1290 371 1407 425; x_wconf 74' lang='lat' dir='ltr'>haec</span> <span class='ocrx_word' id='word_1_12' title='bbox 1435 368 1703 441; x_wconf 88' lang='lat' dir='ltr'>parabola</span> <span class='ocrx_word' id='word_1_13' title='bbox 1734 374 1793 423; x_wconf 94' lang='lat' dir='ltr'>et</span> <span class='ocrx_word' id='word_1_14' title='bbox 1820 369 2002 424; x_wconf 87' lang='lat' dir='ltr'>forma</span> <span class='ocrx_word' id='word_1_15' title='bbox 2019 372 2066 432; x_wconf 84' lang='lat' dir='ltr'><strong>A</strong></span> <span class='ocrx_word' id='word_1_16' title='bbox 2087 368 2287 424; x_wconf 88' lang='lat' dir='ltr'>cialem</span> <span class='ocrx_word' id='word_1_17' title='bbox 2316 372 2374 421; x_wconf 91' lang='lat' dir='ltr'>et</span> <span class='ocrx_word' id='word_1_18' title='bbox 2398 365 2705 438; x_wconf 87' lang='lat' dir='ltr'>propriam,</span> <span class='ocrx_word' id='word_1_19' title='bbox 2719 368 2779 418; x_wconf 94' lang='lat' dir='ltr'>et</span> <span class='ocrx_word' id='word_1_20' title='bbox 2790 359 2980 418; x_wconf 91' lang='lat' dir='ltr'>nescio</span> <span class='ocrx_word' id='word_1_21' title='bbox 3001 372 3172 432; x_wconf 84' lang='lat' dir='ltr'>quam</span> <span class='ocrx_word' id='word_1_22' title='bbox 3189 357 3524 414; x_wconf 68' lang='lat' dir='ltr'>acerbitatem</span> <span class='ocrx_word' id='word_1_23' title='bbox 3541 359 3629 415; x_wconf 76' lang='lat' dir='ltr'>vir-</span> 
     </span>
    </p>
   </div>
   <div class='ocr_carea' id='block_1_5' title="bbox 417 446 2004 529">
    <p class='ocr_par' dir='ltr' id='par_1_5' title="bbox 417 446 2004 529">
     <span class='ocr_line' id='line_1_5' title="bbox 417 446 2004 529; baseline 0.002 -19"><span class='ocrx_word' id='word_1_24' title='bbox 417 446 705 526; x_wconf 88' lang='lat' dir='ltr'>componit</span> <span class='ocrx_word' id='word_1_25' title='bbox 750 458 1049 528; x_wconf 86' lang='lat' dir='ltr'>profectus.</span> <span class='ocrx_word' id='word_1_26' title='bbox 1080 458 1315 513; x_wconf 90' lang='lat' dir='ltr'>Faciunt</span> <span class='ocrx_word' id='word_1_27' title='bbox 1360 459 1510 513; x_wconf 90' lang='lat' dir='ltr'>enim</span> <span class='ocrx_word' id='word_1_28' title='bbox 1554 459 1671 513; x_wconf 67' lang='lat' dir='ltr'>haec</span> <span class='ocrx_word' id='word_1_29' title='bbox 1706 459 2004 529; x_wconf 78' lang='lat' dir='ltr'>parabolae,</span> 
     </span>
    </p>
   </div>
   <div class='ocr_carea' id='block_1_6' title="bbox 418 538 2008 617">
    <p class='ocr_par' dir='ltr' id='par_1_6' title="bbox 418 538 2008 617">
     <span class='ocr_line' id='line_1_6' title="bbox 418 538 2008 617; baseline 0 -17"><span class='ocrx_word' id='word_1_30' title='bbox 418 549 486 600; x_wconf 93' lang='lat' dir='ltr'>ut</span> <span class='ocrx_word' id='word_1_31' title='bbox 505 545 622 598; x_wconf 88' lang='lat' dir='ltr'>sint</span> <span class='ocrx_word' id='word_1_32' title='bbox 631 538 742 601; x_wconf 88' lang='lat' dir='ltr'>duo</span> <span class='ocrx_word' id='word_1_33' title='bbox 759 546 818 599; x_wconf 93' lang='lat' dir='ltr'>in</span> <span class='ocrx_word' id='word_1_34' title='bbox 838 563 951 601; x_wconf 92' lang='lat' dir='ltr'>uno</span> <span class='ocrx_word' id='word_1_35' title='bbox 971 563 1200 617; x_wconf 90' lang='lat' dir='ltr'>corpore</span> <span class='ocrx_word' id='word_1_36' title='bbox 1226 563 1426 611; x_wconf 90' lang='lat' dir='ltr'>unum,</span> <span class='ocrx_word' id='word_1_37' title='bbox 1449 561 1520 599; x_wconf 91' lang='lat' dir='ltr'>ne</span> <span class='ocrx_word' id='word_1_38' title='bbox 1539 547 1615 600; x_wconf 87' lang='lat' dir='ltr'>sit</span> <span class='ocrx_word' id='word_1_39' title='bbox 1633 552 1733 601; x_wconf 89' lang='lat' dir='ltr'>aut</span> <span class='ocrx_word' id='word_1_40' title='bbox 1759 547 2008 617; x_wconf 89' lang='lat' dir='ltr'>singula-</span> 
     </span>
    </p>
   </div>
   <div class='ocr_carea' id='block_1_7' title="bbox 416 632 2010 706">
    <p class='ocr_par' dir='ltr' id='par_1_7' title="bbox 416 632 2010 706">
     <span class='ocr_line' id='line_1_7' title="bbox 416 632 2010 706; baseline 0.002 -20"><span class='ocrx_word' id='word_1_41' title='bbox 416 632 559 686; x_wconf 88' lang='lat' dir='ltr'>ritas</span> <span class='ocrx_word' id='word_1_42' title='bbox 587 634 876 699; x_wconf 84' lang='lat' dir='ltr'>destituta,</span> <span class='ocrx_word' id='word_1_43' title='bbox 904 640 1003 689; x_wconf 88' lang='lat' dir='ltr'>aut</span> <span class='ocrx_word' id='word_1_44' title='bbox 1040 636 1267 689; x_wconf 88' lang='lat' dir='ltr'>confusa</span> <span class='ocrx_word' id='word_1_45' title='bbox 1307 635 1644 704; x_wconf 88' lang='lat' dir='ltr'>conjunctio.</span> <span class='ocrx_word' id='word_1_46' title='bbox 1683 635 1791 689; x_wconf 86' lang='lat' dir='ltr'>Sed</span> <span class='ocrx_word' id='word_1_47' title='bbox 1837 652 2010 706; x_wconf 89' lang='lat' dir='ltr'>quare</span> 
     </span>
    </p>
   </div>
   <div class='ocr_carea' id='block_1_8' title="bbox 417 719 2011 795">
    <p class='ocr_par' dir='ltr' id='par_1_8' title="bbox 417 719 2011 795">
     <span class='ocr_line' id='line_1_8' title="bbox 417 719 2011 795; baseline 0.003 -21"><span class='ocrx_word' id='word_1_48' title='bbox 417 719 524 774; x_wconf 89' lang='lat' dir='ltr'>has</span> <span class='ocrx_word' id='word_1_49' title='bbox 550 721 942 777; x_wconf 88' lang='lat' dir='ltr'>similitudines</span> <span class='ocrx_word' id='word_1_50' title='bbox 973 723 1132 792; x_wconf 82' lang='lat' dir='ltr'>regni</span> <span class='ocrx_word' id='word_1_51' title='bbox 1156 723 1244 776; x_wconf 90' lang='lat' dir='ltr'>sui</span> <span class='ocrx_word' id='word_1_52' title='bbox 1282 723 1555 778; x_wconf 87' lang='lat' dir='ltr'>Dominus</span> <span class='ocrx_word' id='word_1_53' title='bbox 1597 740 1698 795; x_wconf 91' lang='lat' dir='ltr'>per</span> <span class='ocrx_word' id='word_1_54' title='bbox 1744 723 1926 778; x_wconf 89' lang='lat' dir='ltr'>virum</span> <span class='ocrx_word' id='word_1_55' title='bbox 1954 729 2011 778; x_wconf 93' lang='lat' dir='ltr'>et</span> 
     </span>
    </p>
   </div>
   <div class='ocr_carea' id='block_1_9' title="bbox 418 806 2008 883">
    <p class='ocr_par' dir='ltr' id='par_1_9' title="bbox 418 806 2008 883">
     <span class='ocr_line' id='line_1_9' title="bbox 418 806 2008 883; baseline 0.003 -20"><span class='ocrx_word' id='word_1_56' title='bbox 418 806 689 864; x_wconf 85' lang='lat' dir='ltr'>feminam</span> <span class='ocrx_word' id='word_1_57' title='bbox 718 811 1059 876; x_wconf 83' lang='lat' dir='ltr'>formaverit,</span> <span class='ocrx_word' id='word_1_58' title='bbox 1094 827 1265 881; x_wconf 88' lang='lat' dir='ltr'>quare</span> <span class='ocrx_word' id='word_1_59' title='bbox 1293 816 1510 867; x_wconf 82' lang='lat' dir='ltr'>tantam</span> <span class='ocrx_word' id='word_1_60' title='bbox 1535 814 1888 883; x_wconf 89' lang='lat' dir='ltr'>majestatem</span> <span class='ocrx_word' id='word_1_61' title='bbox 1917 829 2008 867; x_wconf 90' lang='lat' dir='ltr'>re-</span> 
     </span>
    </p>
   </div>
   <div class='ocr_carea' id='block_1_10' title="bbox 421 896 2011 972">
    <p class='ocr_par' dir='ltr' id='par_1_10' title="bbox 421 896 2011 972">
     <span class='ocr_line' id='line_1_10' title="bbox 421 896 2011 972; baseline 0.003 -22"><span class='ocrx_word' id='word_1_62' title='bbox 421 897 522 965; x_wconf 84' lang='lat' dir='ltr'>gni</span> <span class='ocrx_word' id='word_1_63' title='bbox 544 901 663 952; x_wconf 91' lang='lat' dir='ltr'>tam</span> <span class='ocrx_word' id='word_1_64' title='bbox 695 896 893 951; x_wconf 87' lang='lat' dir='ltr'>vilibus</span> <span class='ocrx_word' id='word_1_65' title='bbox 921 903 1150 969; x_wconf 84' lang='lat' dir='ltr'>tamque</span> <span class='ocrx_word' id='word_1_66' title='bbox 1178 899 1496 970; x_wconf 80' lang='lat' dir='ltr'>disparibus</span> <span class='ocrx_word' id='word_1_67' title='bbox 1508 904 1697 967; x_wconf 62' lang='lat'>59..</span> <span class='ocrx_word' id='word_1_68' title='bbox 1722 904 2011 972; x_wconf 84' lang='lat' dir='ltr'>comparet</span> 
     </span>
    </p>
   </div>
   <div class='ocr_carea' id='block_1_11' title="bbox 418 985 2009 1060">
    <p class='ocr_par' dir='ltr' id='par_1_11' title="bbox 418 985 2009 1060">
     <span class='ocr_line' id='line_1_11' title="bbox 418 985 2009 1060; baseline 0.005 -24"><span class='ocrx_word' id='word_1_69' title='bbox 418 985 685 1055; x_wconf 84' lang='lat' dir='ltr'>exemplis</span> <span class='ocrx_word' id='word_1_70' title='bbox 715 991 772 1038; x_wconf 92' lang='lat' dir='ltr'>et</span> <span class='ocrx_word' id='word_1_71' title='bbox 799 986 1123 1057; x_wconf 87' lang='lat' dir='ltr'>conjungat,</span> <span class='ocrx_word' id='word_1_72' title='bbox 1156 988 1269 1042; x_wconf 83' lang='lat' dir='ltr'>nOn</span> <span class='ocrx_word' id='word_1_73' title='bbox 1295 988 1394 1042; x_wconf 90' lang='lat' dir='ltr'>abs</span> <span class='ocrx_word' id='word_1_74' title='bbox 1413 1005 1475 1042; x_wconf 92' lang='lat' dir='ltr'>re</span> <span class='ocrx_word' id='word_1_75' title='bbox 1502 989 1627 1042; x_wconf 87' lang='lat' dir='ltr'>ﬁeri</span> <span class='ocrx_word' id='word_1_76' title='bbox 1657 989 1847 1058; x_wconf 88' lang='lat' dir='ltr'>credo,</span> <span class='ocrx_word' id='word_1_77' title='bbox 1868 1006 2009 1060; x_wconf 83' lang='lat' dir='ltr'>prae-</span> 
     </span>
    </p>
   </div>
   <div class='ocr_carea' id='block_1_12' title="bbox 415 1069 2008 1145">
    <p class='ocr_par' dir='ltr' id='par_1_12' title="bbox 415 1069 2008 1145">
     <span class='ocr_line' id='line_1_12' title="bbox 415 1069 2008 1145; baseline 0.005 -21"><span class='ocrx_word' id='word_1_78' title='bbox 415 1069 614 1125; x_wconf 87' lang='lat' dir='ltr'>sertim</span> <span class='ocrx_word' id='word_1_79' title='bbox 636 1087 761 1126; x_wconf 91' lang='lat' dir='ltr'>cum</span> <span class='ocrx_word' id='word_1_80' title='bbox 774 1073 923 1127; x_wconf 86' lang='lat' dir='ltr'>dicat</span> <span class='ocrx_word' id='word_1_81' title='bbox 941 1076 1240 1145; x_wconf 83' lang='lat' dir='ltr'>Apostolus</span> <span class='ocrx_word' id='word_1_82' title='bbox 1259 1093 1271 1129; x_wconf 90' lang='lat'><strong>:</strong></span> <span class='ocrx_word' id='word_1_83' title='bbox 1294 1078 1351 1130; x_wconf 84' lang='grc' dir='ltr'><em>Μ</em></span> <span class='ocrx_word' id='word_1_84' title='bbox 1353 1080 1523 1144; x_wconf 75' lang='lat' dir='ltr'>ystcri</span> <span class='ocrx_word' id='word_1_85' title='bbox 1524 1093 1619 1130; x_wconf 87' lang='lat' dir='ltr'>um</span> <span class='ocrx_word' id='word_1_86' title='bbox 1633 1078 1729 1131; x_wconf 90' lang='lat' dir='ltr'>hoc</span> <span class='ocrx_word' id='word_1_87' title='bbox 1739 1093 2008 1145; x_wconf 83' lang='lat' dir='ltr'>magnum</span> 
     </span>
    </p>
   </div>
   <div class='ocr_carea' id='block_1_13' title="bbox 416 1162 2009 1233">
    <p class='ocr_par' dir='ltr' id='par_1_13' title="bbox 416 1162 2009 1233">
     <span class='ocr_line' id='line_1_13' title="bbox 416 1162 2009 1233; baseline 0.004 -21"><span class='ocrx_word' id='word_1_88' title='bbox 416 1163 511 1224; x_wconf 76' lang='lat' dir='ltr'>est,</span> <span class='ocrx_word' id='word_1_89' title='bbox 540 1174 634 1227; x_wconf 82' lang='lat' dir='ltr'>ego</span> <span class='ocrx_word' id='word_1_90' title='bbox 670 1166 875 1228; x_wconf 79' lang='lat' dir='ltr'>autem,</span> <span class='ocrx_word' id='word_1_91' title='bbox 909 1162 1111 1233; x_wconf 88' lang='lat' dir='ltr'>inquit,</span> <span class='ocrx_word' id='word_1_92' title='bbox 1134 1165 1253 1217; x_wconf 87' lang='lat' dir='ltr'>dico</span> <span class='ocrx_word' id='word_1_93' title='bbox 1282 1167 1346 1217; x_wconf 79' lang='lat' dir='ltr'>in</span> <span class='ocrx_word' id='word_1_94' title='bbox 1371 1165 1584 1219; x_wconf 76' lang='lat' dir='ltr'>Christo</span> <span class='ocrx_word' id='word_1_95' title='bbox 1612 1168 1749 1219; x_wconf 78' lang='lat' dir='ltr'>etin</span> <span class='ocrx_word' id='word_1_96' title='bbox 1774 1167 2009 1220; x_wconf 74' lang='lat' dir='ltr'>Ecclesia</span> 
     </span>
    </p>
   </div>
   <div class='ocr_carea' id='block_1_14' title="bbox 419 1246 2011 1322">
    <p class='ocr_par' dir='ltr' id='par_1_14' title="bbox 419 1246 2011 1322">
     <span class='ocr_line' id='line_1_14' title="bbox 419 1246 2011 1322; baseline 0.005 -23"><span class='ocrx_word' id='word_1_97' title='bbox 419 1246 624 1315; x_wconf 79' lang='lat' dir='ltr'>(Ephes.</span> <span class='ocrx_word' id='word_1_98' title='bbox 674 1263 726 1314; x_wconf 80' lang='grc' dir='ltr'>ν,</span> <span class='ocrx_word' id='word_1_99' title='bbox 760 1247 891 1319; x_wconf 78' lang='lat'><strong>32);</strong></span> <span class='ocrx_word' id='word_1_100' title='bbox 933 1257 1068 1320; x_wconf 90' lang='lat' dir='ltr'>puto</span> <span class='ocrx_word' id='word_1_101' title='bbox 1103 1250 1278 1321; x_wconf 84' lang='lat' dir='ltr'>igitur</span> <span class='ocrx_word' id='word_1_102' title='bbox 1312 1252 1462 1321; x_wconf 91' lang='lat' dir='ltr'>quod</span> <span class='ocrx_word' id='word_1_103' title='bbox 1500 1253 1808 1322; x_wconf 89' lang='lat' dir='ltr'>pretiosum</span> <span class='ocrx_word' id='word_1_104' title='bbox 1838 1254 2011 1307; x_wconf 87' lang='lat' dir='ltr'>lateat</span> 
     </span>
    </p>
   </div>
   <div class='ocr_carea' id='block_1_15' title="bbox 414 1334 2009 1411">
    <p class='ocr_par' dir='ltr' id='par_1_15' title="bbox 414 1334 2009 1411">
     <span class='ocr_line' id='line_1_15' title="bbox 414 1334 2009 1411; baseline 0.006 -24"><span class='ocrx_word' id='word_1_105' title='bbox 414 1334 629 1406; x_wconf 89' lang='lat' dir='ltr'>aliquid</span> <span class='ocrx_word' id='word_1_106' title='bbox 657 1334 718 1390; x_wconf 88' lang='lat' dir='ltr'>in</span> <span class='ocrx_word' id='word_1_107' title='bbox 745 1337 851 1392; x_wconf 91' lang='lat' dir='ltr'>hoc</span> <span class='ocrx_word' id='word_1_108' title='bbox 878 1340 1164 1410; x_wconf 80' lang='lat' dir='ltr'>mysterio.</span> <span class='ocrx_word' id='word_1_109' title='bbox 1184 1340 1707 1410; x_wconf 86' lang='lat' dir='ltr'>Comparationibus</span> <span class='ocrx_word' id='word_1_110' title='bbox 1733 1358 1867 1411; x_wconf 86' lang='lat' dir='ltr'>ergo</span> <span class='ocrx_word' id='word_1_111' title='bbox 1886 1343 2009 1396; x_wconf 84' lang='lat' dir='ltr'>istis</span> 
     </span>
    </p>
   </div>
   <div class='ocr_carea' id='block_1_16' title="bbox 415 1423 2010 1501">
    <p class='ocr_par' dir='ltr' id='par_1_16' title="bbox 415 1423 2010 1501">
     <span class='ocr_line' id='line_1_16' title="bbox 415 1423 2010 1501; baseline 0.005 -24"><span class='ocrx_word' id='word_1_112' title='bbox 415 1423 653 1479; x_wconf 84' lang='lat' dir='ltr'>humani</span> <span class='ocrx_word' id='word_1_113' title='bbox 679 1426 903 1495; x_wconf 84' lang='lat' dir='ltr'>generis</span> <span class='ocrx_word' id='word_1_114' title='bbox 932 1428 1223 1499; x_wconf 84' lang='lat' dir='ltr'>negotium</span> <span class='ocrx_word' id='word_1_115' title='bbox 1249 1429 1484 1499; x_wconf 82' lang='lat' dir='ltr'>geritur,</span> <span class='ocrx_word' id='word_1_116' title='bbox 1517 1436 1571 1483; x_wconf 91' lang='lat' dir='ltr'>et</span> <span class='ocrx_word' id='word_1_117' title='bbox 1598 1447 1699 1501; x_wconf 90' lang='lat' dir='ltr'>per</span> <span class='ocrx_word' id='word_1_118' title='bbox 1732 1430 1915 1484; x_wconf 90' lang='lat' dir='ltr'>virum</span> <span class='ocrx_word' id='word_1_119' title='bbox 1944 1448 2010 1485; x_wconf 89' lang='lat' dir='ltr'>ac</span> 
     </span>
    </p>
   </div>
   <div class='ocr_carea' id='block_1_17' title="bbox 416 1511 2009 1590">
    <p class='ocr_par' dir='ltr' id='par_1_17' title="bbox 416 1511 2009 1590">
     <span class='ocr_line' id='line_1_17' title="bbox 416 1511 2009 1590; baseline 0.004 -24"><span class='ocrx_word' id='word_1_120' title='bbox 416 1511 683 1571; x_wconf 80' lang='lat' dir='ltr'>feminam</span> <span class='ocrx_word' id='word_1_121' title='bbox 714 1514 910 1569; x_wconf 88' lang='lat' dir='ltr'>mundi</span> <span class='ocrx_word' id='word_1_122' title='bbox 935 1532 1104 1571; x_wconf 90' lang='lat' dir='ltr'>causa</span> <span class='ocrx_word' id='word_1_123' title='bbox 1132 1516 1264 1571; x_wconf 90' lang='lat' dir='ltr'>olim</span> <span class='ocrx_word' id='word_1_124' title='bbox 1290 1534 1325 1571; x_wconf 91' lang='lat' dir='ltr'>a</span> <span class='ocrx_word' id='word_1_125' title='bbox 1341 1519 1542 1573; x_wconf 81' lang='lat' dir='ltr'>saeculo</span> <span class='ocrx_word' id='word_1_126' title='bbox 1561 1520 1921 1590; x_wconf 67' lang='lat' dir='ltr'>praeﬁgurata</span> <span class='ocrx_word' id='word_1_127' title='bbox 1947 1521 2009 1573; x_wconf 85' lang='lat' dir='ltr'>ﬁ-</span> 
     </span>
    </p>
   </div>
   <div class='ocr_carea' id='block_1_18' title="bbox 415 1598 2008 1677">
    <p class='ocr_par' dir='ltr' id='par_1_18' title="bbox 415 1598 2008 1677">
     <span class='ocr_line' id='line_1_18' title="bbox 415 1598 2008 1677; baseline 0.005 -23"><span class='ocrx_word' id='word_1_128' title='bbox 415 1598 593 1655; x_wconf 86' lang='lat' dir='ltr'>nitur.</span> <span class='ocrx_word' id='word_1_129' title='bbox 612 1601 757 1656; x_wconf 91' lang='lat' dir='ltr'>Dum</span> <span class='ocrx_word' id='word_1_130' title='bbox 777 1608 836 1658; x_wconf 91' lang='lat' dir='ltr'>et</span> <span class='ocrx_word' id='word_1_131' title='bbox 852 1620 1093 1673; x_wconf 83' lang='lat' dir='ltr'>granum</span> <span class='ocrx_word' id='word_1_132' title='bbox 1114 1605 1326 1677; x_wconf 86' lang='lat' dir='ltr'>sinapis</span> <span class='ocrx_word' id='word_1_133' title='bbox 1349 1606 1620 1661; x_wconf 91' lang='lat' dir='ltr'>crescitin</span> <span class='ocrx_word' id='word_1_134' title='bbox 1636 1607 1915 1674; x_wconf 86' lang='lat' dir='ltr'>arborem,</span> <span class='ocrx_word' id='word_1_135' title='bbox 1938 1608 2008 1662; x_wconf 91' lang='lat' dir='ltr'>de</span> 
     </span>
    </p>
   </div>
   <div class='ocr_carea' id='block_1_19' title="bbox 2088 445 3630 520">
    <p class='ocr_par' dir='ltr' id='par_1_19' title="bbox 2088 445 3630 520">
     <span class='ocr_line' id='line_1_19' title="bbox 2088 445 3630 520; baseline -0.006 -10"><span class='ocrx_word' id='word_1_136' title='bbox 2088 456 2245 520; x_wconf 89' lang='lat' dir='ltr'>tutis,</span> <span class='ocrx_word' id='word_1_137' title='bbox 2276 456 2336 508; x_wconf 89' lang='lat' dir='ltr'>in</span> <span class='ocrx_word' id='word_1_138' title='bbox 2356 459 2579 508; x_wconf 88' lang='lat' dir='ltr'>tantum</span> <span class='ocrx_word' id='word_1_139' title='bbox 2608 462 2673 506; x_wconf 84' lang='lat' dir='ltr'>ut</span> <span class='ocrx_word' id='word_1_140' title='bbox 2699 452 2768 505; x_wconf 93' lang='lat' dir='ltr'>de</span> <span class='ocrx_word' id='word_1_141' title='bbox 2814 450 3033 504; x_wconf 92' lang='lat' dir='ltr'>modico</span> <span class='ocrx_word' id='word_1_142' title='bbox 3075 446 3257 502; x_wconf 88' lang='lat' dir='ltr'>multa</span> <span class='ocrx_word' id='word_1_143' title='bbox 3292 445 3540 502; x_wconf 76' lang='lat' dir='ltr'>efficiatur</span> <span class='ocrx_word' id='word_1_144' title='bbox 3558 447 3630 501; x_wconf 87' lang='lat' dir='ltr'>sui</span> 
     </span>
    </p>
   </div>
   <div class='ocr_carea' id='block_1_20' title="bbox 2087 534 3625 615">
    <p class='ocr_par' dir='ltr' id='par_1_20' title="bbox 2087 534 3625 615">
     <span class='ocr_line' id='line_1_20' title="bbox 2087 534 3625 615; baseline -0.007 -16"><span class='ocrx_word' id='word_1_145' title='bbox 2087 543 2311 615; x_wconf 83' lang='lat' dir='ltr'>generis</span> <span class='ocrx_word' id='word_1_146' title='bbox 2336 559 2464 598; x_wconf 90' lang='lat' dir='ltr'>cum</span> <span class='ocrx_word' id='word_1_147' title='bbox 2495 541 2705 612; x_wconf 89' lang='lat' dir='ltr'>Spiritu</span> <span class='ocrx_word' id='word_1_148' title='bbox 2724 543 2949 605; x_wconf 86' lang='lat' dir='ltr'>sancto;</span> <span class='ocrx_word' id='word_1_149' title='bbox 2978 537 3062 593; x_wconf 87' lang='lat' dir='ltr'>ita</span> <span class='ocrx_word' id='word_1_150' title='bbox 3088 540 3154 590; x_wconf 91' lang='lat' dir='ltr'>ut</span> <span class='ocrx_word' id='word_1_151' title='bbox 3172 536 3261 591; x_wconf 83' lang='lat' dir='ltr'>lex</span> <span class='ocrx_word' id='word_1_152' title='bbox 3286 540 3342 590; x_wconf 92' lang='lat' dir='ltr'>et</span> <span class='ocrx_word' id='word_1_153' title='bbox 3358 534 3625 606; x_wconf 82' lang='lat' dir='ltr'>prophetia,</span> 
     </span>
    </p>
   </div>
   <div class='ocr_carea' id='block_1_21' title="bbox 2092 622 3630 703">
    <p class='ocr_par' dir='ltr' id='par_1_21' title="bbox 2092 622 3630 703">
     <span class='ocr_line' id='line_1_21' title="bbox 2092 622 3630 703; baseline -0.008 -16"><span class='ocrx_word' id='word_1_154' title='bbox 2092 638 2260 703; x_wconf 89' lang='lat' dir='ltr'>atque</span> <span class='ocrx_word' id='word_1_155' title='bbox 2285 630 2647 700; x_wconf 86' lang='lat' dir='ltr'>Evangelium</span> <span class='ocrx_word' id='word_1_156' title='bbox 2668 628 3019 683; x_wconf 73' lang='lat' dir='ltr'>resolvantur</span> <span class='ocrx_word' id='word_1_157' title='bbox 3037 625 3294 690; x_wconf 87' lang='lat' dir='ltr'>nimium,</span> <span class='ocrx_word' id='word_1_158' title='bbox 3308 628 3366 678; x_wconf 89' lang='lat' dir='ltr'>et</span> <span class='ocrx_word' id='word_1_159' title='bbox 3390 622 3531 692; x_wconf 85' lang='lat' dir='ltr'>quasi</span> <span class='ocrx_word' id='word_1_160' title='bbox 3549 622 3630 675; x_wconf 87' lang='lat' dir='ltr'>sub</span> 
     </span>
    </p>
   </div>
   <div class='ocr_carea' id='block_1_22' title="bbox 2090 711 3633 787">
    <p class='ocr_par' dir='ltr' id='par_1_22' title="bbox 2090 711 3633 787">
     <span class='ocr_line' id='line_1_22' title="bbox 2090 711 3633 787; baseline -0.006 -12"><span class='ocrx_word' id='word_1_161' title='bbox 2090 720 2271 775; x_wconf 90' lang='lat' dir='ltr'>tribus</span> <span class='ocrx_word' id='word_1_162' title='bbox 2298 718 2577 779; x_wconf 87' lang='lat' dir='ltr'>mensuris</span> <span class='ocrx_word' id='word_1_163' title='bbox 2601 721 2936 787; x_wconf 90' lang='lat' dir='ltr'>cooperatur</span> <span class='ocrx_word' id='word_1_164' title='bbox 2963 715 3085 770; x_wconf 70' lang='lat' dir='ltr'>haec</span> <span class='ocrx_word' id='word_1_165' title='bbox 3106 713 3314 768; x_wconf 86' lang='lat' dir='ltr'>omnia.</span> <span class='ocrx_word' id='word_1_166' title='bbox 3347 712 3557 786; x_wconf 81' lang='lat' dir='ltr'>Unoque</span> <span class='ocrx_word' id='word_1_167' title='bbox 3577 711 3633 766; x_wconf 87' lang='lat' dir='ltr'>de</span> 
     </span>
    </p>
   </div>
   <div class='ocr_carea' id='block_1_23' title="bbox 2086 800 3631 880">
    <p class='ocr_par' dir='ltr' id='par_1_23' title="bbox 2086 800 3631 880">
     <span class='ocr_line' id='line_1_23' title="bbox 2086 800 3631 880; baseline -0.006 -17"><span class='ocrx_word' id='word_1_168' title='bbox 2086 825 2264 880; x_wconf 88' lang='lat' dir='ltr'>grano</span> <span class='ocrx_word' id='word_1_169' title='bbox 2297 806 2558 862; x_wconf 83' lang='lat' dir='ltr'>fermenti</span> <span class='ocrx_word' id='word_1_170' title='bbox 2577 812 2756 860; x_wconf 87' lang='lat' dir='ltr'>unum</span> <span class='ocrx_word' id='word_1_171' title='bbox 2772 804 2934 870; x_wconf 77' lang='lat' dir='ltr'>facit;</span> <span class='ocrx_word' id='word_1_172' title='bbox 2949 803 3083 874; x_wconf 88' lang='lat' dir='ltr'>quia</span> <span class='ocrx_word' id='word_1_173' title='bbox 3097 802 3247 872; x_wconf 90' lang='lat' dir='ltr'>quod</span> <span class='ocrx_word' id='word_1_174' title='bbox 3264 801 3353 856; x_wconf 81' lang='lat' dir='ltr'>lex</span> <span class='ocrx_word' id='word_1_175' title='bbox 3368 800 3631 865; x_wconf 84' lang='lat' dir='ltr'>constituit,</span> 
     </span>
    </p>
   </div>
   <div class='ocr_carea' id='block_1_24' title="bbox 2089 888 3633 970">
    <p class='ocr_par' dir='ltr' id='par_1_24' title="bbox 2089 888 3633 970">
     <span class='ocr_line' id='line_1_24' title="bbox 2089 888 3633 970; baseline -0.008 -17"><span class='ocrx_word' id='word_1_176' title='bbox 2089 899 2378 970; x_wconf 63' lang='lat' dir='ltr'>prophetae</span> <span class='ocrx_word' id='word_1_177' title='bbox 2408 895 2763 960; x_wconf 86' lang='lat' dir='ltr'>nuntiarunt,</span> <span class='ocrx_word' id='word_1_178' title='bbox 2794 894 3036 965; x_wconf 85' lang='lat' dir='ltr'>idipsum</span> <span class='ocrx_word' id='word_1_179' title='bbox 3083 890 3439 961; x_wconf 79' lang='lat' dir='ltr'>Evangelium</span> <span class='ocrx_word' id='word_1_180' title='bbox 3465 888 3633 958; x_wconf 83' lang='lat' dir='ltr'>explet.</span> 
     </span>
    </p>
   </div>
   <div class='ocr_carea' id='block_1_25' title="bbox 2090 977 3641 1056">
    <p class='ocr_par' dir='ltr' id='par_1_25' title="bbox 2090 977 3641 1056">
     <span class='ocr_line' id='line_1_25' title="bbox 2090 977 3641 1056; baseline -0.006 -15"><span class='ocrx_word' id='word_1_181' title='bbox 2090 987 2371 1056; x_wconf 88' lang='lat' dir='ltr'>Fiuntque</span> <span class='ocrx_word' id='word_1_182' title='bbox 2384 984 2576 1039; x_wconf 88' lang='lat' dir='ltr'>omnia</span> <span class='ocrx_word' id='word_1_183' title='bbox 2587 1000 2688 1054; x_wconf 86' lang='lat' dir='ltr'>per</span> <span class='ocrx_word' id='word_1_184' title='bbox 2698 982 2984 1038; x_wconf 86' lang='lat' dir='ltr'>Christum</span> <span class='ocrx_word' id='word_1_185' title='bbox 2997 979 3251 1051; x_wconf 83' lang='lat' dir='ltr'>ejusdem</span> <span class='ocrx_word' id='word_1_186' title='bbox 3263 977 3474 1034; x_wconf 83' lang='lat' dir='ltr'>virtutis</span> <span class='ocrx_word' id='word_1_187' title='bbox 3483 982 3532 1033; x_wconf 87' lang='lat' dir='ltr'>et</span> <span class='ocrx_word' id='word_1_188' title='bbox 3540 993 3641 1033; x_wconf 82' lang='lat' dir='ltr'>scn-</span> 
     </span>
    </p>
   </div>
   <div class='ocr_carea' id='block_1_26' title="bbox 2092 1067 3642 1144">
    <p class='ocr_par' dir='ltr' id='par_1_26' title="bbox 2092 1067 3642 1144">
     <span class='ocr_line' id='line_1_26' title="bbox 2092 1067 3642 1144; baseline -0.006 -14"><span class='ocrx_word' id='word_1_189' title='bbox 2092 1080 2276 1142; x_wconf 88' lang='lat' dir='ltr'>sus,ut</span> <span class='ocrx_word' id='word_1_190' title='bbox 2296 1090 2471 1128; x_wconf 91' lang='lat' dir='ltr'>unum</span> <span class='ocrx_word' id='word_1_191' title='bbox 2490 1074 2730 1144; x_wconf 83' lang='lat' dir='ltr'>sapiant,</span> <span class='ocrx_word' id='word_1_192' title='bbox 2746 1072 2827 1143; x_wconf 79' lang='lat' dir='ltr'>ita</span> <span class='ocrx_word' id='word_1_193' title='bbox 2838 1076 2904 1143; x_wconf 90' lang='lat' dir='ltr'>ut</span> <span class='ocrx_word' id='word_1_194' title='bbox 2920 1070 3062 1126; x_wconf 87' lang='lat' dir='ltr'>nihil</span> <span class='ocrx_word' id='word_1_195' title='bbox 3076 1068 3229 1124; x_wconf 86' lang='lat' dir='ltr'>aliud</span> <span class='ocrx_word' id='word_1_196' title='bbox 3246 1067 3318 1124; x_wconf 85' lang='lat' dir='ltr'>ab</span> <span class='ocrx_word' id='word_1_197' title='bbox 3330 1067 3434 1125; x_wconf 80' lang='lat' dir='ltr'>alio</span> <span class='ocrx_word' id='word_1_198' title='bbox 3449 1082 3642 1121; x_wconf 88' lang='lat' dir='ltr'>mensu-</span> 
     </span>
    </p>
   </div>
   <div class='ocr_carea' id='block_1_27' title="bbox 2090 1155 3640 1233">
    <p class='ocr_par' dir='ltr' id='par_1_27' title="bbox 2090 1155 3640 1233">
     <span class='ocr_line' id='line_1_27' title="bbox 2090 1155 3640 1233; baseline -0.007 -15"><span class='ocrx_word' id='word_1_199' title='bbox 2090 1164 2169 1218; x_wconf 89' lang='lat' dir='ltr'>ris</span> <span class='ocrx_word' id='word_1_200' title='bbox 2226 1162 2537 1233; x_wconf 69' lang='lat' dir='ltr'>aaqualibus</span> <span class='ocrx_word' id='word_1_201' title='bbox 2586 1161 2987 1215; x_wconf 89' lang='lat' dir='ltr'>fermentatum</span> <span class='ocrx_word' id='word_1_202' title='bbox 3033 1157 3303 1212; x_wconf 89' lang='lat' dir='ltr'>dissidere</span> <span class='ocrx_word' id='word_1_203' title='bbox 3347 1155 3640 1225; x_wconf 83' lang='lat' dir='ltr'>reperiatur.</span> 
     </span>
    </p>
   </div>
   <div class='ocr_carea' id='block_1_28' title="bbox 2092 1243 3645 1322">
    <p class='ocr_par' dir='ltr' id='par_1_28' title="bbox 2092 1243 3645 1322">
     <span class='ocr_line' id='line_1_28' title="bbox 2092 1243 3645 1322; baseline -0.004 -16"><span class='ocrx_word' id='word_1_204' title='bbox 2092 1251 2423 1322; x_wconf 88' lang='lat' dir='ltr'>Quanquam</span> <span class='ocrx_word' id='word_1_205' title='bbox 2439 1256 2496 1305; x_wconf 92' lang='lat' dir='ltr'>et</span> <span class='ocrx_word' id='word_1_206' title='bbox 2506 1251 2576 1304; x_wconf 90' lang='lat' dir='ltr'>ad</span> <span class='ocrx_word' id='word_1_207' title='bbox 2591 1249 2847 1320; x_wconf 89' lang='lat' dir='ltr'>gentium</span> <span class='ocrx_word' id='word_1_208' title='bbox 2859 1246 3206 1301; x_wconf 90' lang='lat' dir='ltr'>vocationem</span> <span class='ocrx_word' id='word_1_209' title='bbox 3218 1262 3285 1298; x_wconf 83' lang='lat' dir='ltr'>ex</span> <span class='ocrx_word' id='word_1_210' title='bbox 3301 1245 3426 1299; x_wconf 89' lang='lat' dir='ltr'>Sem</span> <span class='ocrx_word' id='word_1_211' title='bbox 3438 1243 3645 1300; x_wconf 74' lang='lat' dir='ltr'>etCham</span> 
     </span>
    </p>
   </div>
   <div class='ocr_carea' id='block_1_29' title="bbox 2092 1331 3648 1411">
    <p class='ocr_par' dir='ltr' id='par_1_29' title="bbox 2092 1331 3648 1411">
     <span class='ocr_line' id='line_1_29' title="bbox 2092 1331 3648 1411; baseline -0.008 -16"><span class='ocrx_word' id='word_1_212' title='bbox 2092 1346 2148 1395; x_wconf 88' lang='lat' dir='ltr'>et</span> <span class='ocrx_word' id='word_1_213' title='bbox 2172 1340 2393 1411; x_wconf 83' lang='lat' dir='ltr'>Japhet,</span> <span class='ocrx_word' id='word_1_214' title='bbox 2406 1344 2523 1393; x_wconf 90' lang='lat' dir='ltr'>tres</span> <span class='ocrx_word' id='word_1_215' title='bbox 2548 1353 2841 1392; x_wconf 88' lang='lat' dir='ltr'>mensuras</span> <span class='ocrx_word' id='word_1_216' title='bbox 2861 1336 2997 1391; x_wconf 88' lang='lat' dir='ltr'>istas</span> <span class='ocrx_word' id='word_1_217' title='bbox 3016 1334 3207 1389; x_wconf 68' lang='lat' dir='ltr'>farinae</span> <span class='ocrx_word' id='word_1_218' title='bbox 3227 1333 3435 1388; x_wconf 87' lang='lat' dir='ltr'>referre</span> <span class='ocrx_word' id='word_1_219' title='bbox 3451 1331 3648 1401; x_wconf 86' lang='lat' dir='ltr'>quidam</span> 
     </span>
    </p>
   </div>
   <div class='ocr_carea' id='block_1_30' title="bbox 2089 1418 3651 1498">
    <p class='ocr_par' dir='ltr' id='par_1_30' title="bbox 2089 1418 3651 1498">
     <span class='ocr_line' id='line_1_30' title="bbox 2089 1418 3651 1498; baseline -0.008 -14"><span class='ocrx_word' id='word_1_220' title='bbox 2089 1446 2203 1484; x_wconf 91' lang='lat' dir='ltr'>non</span> <span class='ocrx_word' id='word_1_221' title='bbox 2231 1430 2539 1498; x_wconf 85' lang='lat' dir='ltr'>incongrue</span> <span class='ocrx_word' id='word_1_222' title='bbox 2580 1426 2893 1490; x_wconf 89' lang='lat' dir='ltr'>videantur,</span> <span class='ocrx_word' id='word_1_223' title='bbox 2928 1430 2995 1479; x_wconf 93' lang='lat' dir='ltr'>ut</span> <span class='ocrx_word' id='word_1_224' title='bbox 3038 1423 3112 1477; x_wconf 89' lang='lat' dir='ltr'>sit</span> <span class='ocrx_word' id='word_1_225' title='bbox 3149 1438 3350 1476; x_wconf 88' lang='lat' dir='ltr'>sensus</span> <span class='ocrx_word' id='word_1_226' title='bbox 3377 1419 3517 1491; x_wconf 84' lang='lat' dir='ltr'>quod</span> <span class='ocrx_word' id='word_1_227' title='bbox 3537 1418 3651 1473; x_wconf 88' lang='lat' dir='ltr'>dicit</span> 
     </span>
    </p>
   </div>
   <div class='ocr_carea' id='block_1_31' title="bbox 2090 1507 3651 1582">
    <p class='ocr_par' dir='ltr' id='par_1_31' title="bbox 2090 1507 3651 1582">
     <span class='ocr_line' id='line_1_31' title="bbox 2090 1507 3651 1582; baseline -0.006 -11"><span class='ocrx_word' id='word_1_228' title='bbox 2090 1518 2266 1572; x_wconf 83' lang='lat' dir='ltr'>donec</span> <span class='ocrx_word' id='word_1_229' title='bbox 2313 1517 2684 1571; x_wconf 88' lang='lat' dir='ltr'>fermentetur</span> <span class='ocrx_word' id='word_1_230' title='bbox 2720 1520 2926 1577; x_wconf 83' lang='lat' dir='ltr'>totum,</span> <span class='ocrx_word' id='word_1_231' title='bbox 2952 1511 3085 1582; x_wconf 88' lang='lat' dir='ltr'>quia</span> <span class='ocrx_word' id='word_1_232' title='bbox 3112 1528 3179 1565; x_wconf 85' lang='lat' dir='ltr'>ex</span> <span class='ocrx_word' id='word_1_233' title='bbox 3198 1514 3362 1582; x_wconf 87' lang='lat' dir='ltr'>parte</span> <span class='ocrx_word' id='word_1_234' title='bbox 3399 1507 3651 1578; x_wconf 87' lang='lat' dir='ltr'>cognosci-</span> 
     </span>
    </p>
   </div>
   <div class='ocr_carea' id='block_1_32' title="bbox 2090 1596 3654 1676">
    <p class='ocr_par' dir='ltr' id='par_1_32' title="bbox 2090 1596 3654 1676">
     <span class='ocr_line' id='line_1_32' title="bbox 2090 1596 3654 1676; baseline -0.007 -16"><span class='ocrx_word' id='word_1_235' title='bbox 2090 1623 2216 1660; x_wconf 91' lang='lat' dir='ltr'>mus</span> <span class='ocrx_word' id='word_1_236' title='bbox 2236 1611 2294 1660; x_wconf 90' lang='lat' dir='ltr'>et</span> <span class='ocrx_word' id='word_1_237' title='bbox 2326 1622 2392 1659; x_wconf 86' lang='lat' dir='ltr'>ex</span> <span class='ocrx_word' id='word_1_238' title='bbox 2422 1610 2584 1676; x_wconf 89' lang='lat' dir='ltr'>parte</span> <span class='ocrx_word' id='word_1_239' title='bbox 2605 1603 3026 1674; x_wconf 86' lang='lat' dir='ltr'>prophetamus,</span> <span class='ocrx_word' id='word_1_240' title='bbox 3048 1606 3114 1655; x_wconf 91' lang='lat' dir='ltr'>ut</span> <span class='ocrx_word' id='word_1_241' title='bbox 3130 1603 3432 1657; x_wconf 87' lang='lat' dir='ltr'>evacuetur</span> <span class='ocrx_word' id='word_1_242' title='bbox 3458 1596 3654 1668; x_wconf 78' lang='lat' dir='ltr'>quodex</span> 
     </span>
    </p>
   </div>
   <div class='ocr_carea' id='block_1_33' title="bbox 416 1682 3656 1767">
    <p class='ocr_par' dir='ltr' id='par_1_33' title="bbox 416 1682 3656 1767">
     <span class='ocr_line' id='line_1_33' title="bbox 416 1682 3656 1767; baseline 0 -25"><span class='ocrx_word' id='word_1_243' title='bbox 416 1705 530 1760; x_wconf 91' lang='lat' dir='ltr'>qua</span> <span class='ocrx_word' id='word_1_244' title='bbox 547 1696 821 1760; x_wconf 86' lang='lat' dir='ltr'>purgetur</span> <span class='ocrx_word' id='word_1_245' title='bbox 840 1696 1078 1764; x_wconf 89' lang='lat' dir='ltr'>uterque</span> <span class='ocrx_word' id='word_1_246' title='bbox 1088 1710 1274 1761; x_wconf 83' lang='lat' dir='ltr'>sexus,</span> <span class='ocrx_word' id='word_1_247' title='bbox 1295 1695 1377 1748; x_wconf 88' lang='lat' dir='ltr'>ita</span> <span class='ocrx_word' id='word_1_248' title='bbox 1396 1700 1460 1749; x_wconf 90' lang='lat' dir='ltr'>ut</span> <span class='ocrx_word' id='word_1_249' title='bbox 1481 1695 1753 1766; x_wconf 89' lang='lat' dir='ltr'>quidquid</span> <span class='ocrx_word' id='word_1_250' title='bbox 1772 1696 2012 1767; x_wconf 90' lang='lat' dir='ltr'>deliquit</span> <span class='ocrx_word' id='word_1_251' title='bbox 2033 1682 2077 1746; x_wconf 86' lang='grc' dir='ltr'><strong>Β</strong></span> <span class='ocrx_word' id='word_1_252' title='bbox 2091 1700 2250 1766; x_wconf 86' lang='lat' dir='ltr'>parte</span> <span class='ocrx_word' id='word_1_253' title='bbox 2281 1698 2385 1760; x_wconf 89' lang='lat' dir='ltr'>est,</span> <span class='ocrx_word' id='word_1_254' title='bbox 2417 1699 2475 1748; x_wconf 90' lang='lat' dir='ltr'>et</span> <span class='ocrx_word' id='word_1_255' title='bbox 2508 1692 2828 1746; x_wconf 88' lang='lat' dir='ltr'>inveniatur</span> <span class='ocrx_word' id='word_1_256' title='bbox 2853 1695 3037 1744; x_wconf 90' lang='lat' dir='ltr'>totum</span> <span class='ocrx_word' id='word_1_257' title='bbox 3078 1704 3277 1754; x_wconf 89' lang='lat' dir='ltr'>unum,</span> <span class='ocrx_word' id='word_1_258' title='bbox 3309 1686 3456 1757; x_wconf 85' lang='lat' dir='ltr'>quod</span> <span class='ocrx_word' id='word_1_259' title='bbox 3482 1684 3656 1756; x_wconf 67' lang='lat' dir='ltr'>perfac-</span> 
     </span>
    </p>
   </div>
   <div class='ocr_carea' id='block_1_34' title="bbox 415 1776 2011 1855">
    <p class='ocr_par' dir='ltr' id='par_1_34' title="bbox 415 1776 2011 1855">
     <span class='ocr_line' id='line_1_34' title="bbox 415 1776 2011 1855; baseline 0.004 -23"><span class='ocrx_word' id='word_1_260' title='bbox 415 1778 475 1832; x_wconf 89' lang='lat' dir='ltr'>in</span> <span class='ocrx_word' id='word_1_261' title='bbox 498 1777 597 1835; x_wconf 91' lang='lat' dir='ltr'>illa</span> <span class='ocrx_word' id='word_1_262' title='bbox 624 1776 747 1850; x_wconf 68' lang='lat' dir='ltr'>quae</span> <span class='ocrx_word' id='word_1_263' title='bbox 777 1780 1023 1836; x_wconf 68' lang='lat' dir='ltr'>scientiis</span> <span class='ocrx_word' id='word_1_264' title='bbox 1047 1782 1179 1837; x_wconf 90' lang='lat' dir='ltr'>boni</span> <span class='ocrx_word' id='word_1_265' title='bbox 1204 1788 1262 1838; x_wconf 92' lang='lat' dir='ltr'>et</span> <span class='ocrx_word' id='word_1_266' title='bbox 1289 1784 1422 1838; x_wconf 87' lang='lat' dir='ltr'>mali</span> <span class='ocrx_word' id='word_1_267' title='bbox 1454 1785 1787 1855; x_wconf 88' lang='lat' dir='ltr'>appellatur,</span> <span class='ocrx_word' id='word_1_268' title='bbox 1821 1785 1881 1839; x_wconf 90' lang='lat' dir='ltr'>in</span> <span class='ocrx_word' id='word_1_269' title='bbox 1905 1786 2011 1839; x_wconf 90' lang='lat' dir='ltr'>hac</span> 
     </span>
    </p>
   </div>
   <div class='ocr_carea' id='block_1_35' title="bbox 415 1866 2010 1941">
    <p class='ocr_par' dir='ltr' id='par_1_35' title="bbox 415 1866 2010 1941">
     <span class='ocr_line' id='line_1_35' title="bbox 415 1866 2010 1941; baseline 0.005 -21"><span class='ocrx_word' id='word_1_270' title='bbox 415 1866 666 1921; x_wconf 87' lang='lat' dir='ltr'>solvatur</span> <span class='ocrx_word' id='word_1_271' title='bbox 693 1883 816 1938; x_wconf 68' lang='lat' dir='ltr'>quae</span> <span class='ocrx_word' id='word_1_272' title='bbox 845 1869 1061 1941; x_wconf 86' lang='lat' dir='ltr'>lignum</span> <span class='ocrx_word' id='word_1_273' title='bbox 1088 1872 1215 1927; x_wconf 69' lang='lat' dir='ltr'>vitae</span> <span class='ocrx_word' id='word_1_274' title='bbox 1238 1872 1464 1927; x_wconf 89' lang='lat' dir='ltr'>dicitur.</span> <span class='ocrx_word' id='word_1_275' title='bbox 1494 1872 1569 1927; x_wconf 90' lang='lat' dir='ltr'>Et</span> <span class='ocrx_word' id='word_1_276' title='bbox 1592 1872 1931 1928; x_wconf 86' lang='lat' dir='ltr'>fermentum</span> <span class='ocrx_word' id='word_1_277' title='bbox 1950 1874 2010 1928; x_wconf 91' lang='lat' dir='ltr'>in</span> 
     </span>
    </p>
   </div>
   <div class='ocr_carea' id='block_1_36' title="bbox 412 1954 2011 2017">
    <p class='ocr_par' dir='ltr' id='par_1_36' title="bbox 412 1954 2011 2017">
     <span class='ocr_line' id='line_1_36' title="bbox 412 1954 2011 2017; baseline 0.005 -9"><span class='ocrx_word' id='word_1_278' title='bbox 412 1954 609 2010; x_wconf 60' lang='lat' dir='ltr'>farina</span> <span class='ocrx_word' id='word_1_279' title='bbox 636 1957 774 2011; x_wconf 90' lang='lat' dir='ltr'>satis</span> <span class='ocrx_word' id='word_1_280' title='bbox 788 1958 968 2013; x_wconf 90' lang='lat' dir='ltr'>tribus</span> <span class='ocrx_word' id='word_1_281' title='bbox 984 1958 1344 2014; x_wconf 87' lang='lat' dir='ltr'>absconditur</span> <span class='ocrx_word' id='word_1_282' title='bbox 1362 1966 1426 2015; x_wconf 91' lang='lat' dir='ltr'>ut</span> <span class='ocrx_word' id='word_1_283' title='bbox 1434 1961 1804 2017; x_wconf 88' lang='lat' dir='ltr'>fermentetur</span> <span class='ocrx_word' id='word_1_284' title='bbox 1826 1967 2011 2017; x_wconf 90' lang='lat' dir='ltr'>totum</span> 
     </span>
    </p>
   </div>
   <div class='ocr_carea' id='block_1_37' title="bbox 414 2043 2011 2122">
    <p class='ocr_par' dir='ltr' id='par_1_37' title="bbox 414 2043 2011 2122">
     <span class='ocr_line' id='line_1_37' title="bbox 414 2043 2011 2122; baseline 0.006 -25"><span class='ocrx_word' id='word_1_285' title='bbox 414 2043 687 2115; x_wconf 90' lang='lat' dir='ltr'>quidquid</span> <span class='ocrx_word' id='word_1_286' title='bbox 716 2046 1075 2117; x_wconf 90' lang='lat' dir='ltr'>conspicuum</span> <span class='ocrx_word' id='word_1_287' title='bbox 1100 2053 1187 2103; x_wconf 90' lang='lat' dir='ltr'>est</span> <span class='ocrx_word' id='word_1_288' title='bbox 1205 2055 1262 2103; x_wconf 91' lang='lat' dir='ltr'>et</span> <span class='ocrx_word' id='word_1_289' title='bbox 1290 2054 1616 2121; x_wconf 88' lang='lat' dir='ltr'>corruptum</span> <span class='ocrx_word' id='word_1_290' title='bbox 1642 2051 1836 2121; x_wconf 69' lang='lat' dir='ltr'>primae</span> <span class='ocrx_word' id='word_1_291' title='bbox 1866 2067 2011 2122; x_wconf 69' lang='lat' dir='ltr'>pra:-</span> 
     </span>
    </p>
   </div>
   <div class='ocr_carea' id='block_1_38' title="bbox 412 2132 2008 2209">
    <p class='ocr_par' dir='ltr' id='par_1_38' title="bbox 412 2132 2008 2209">
     <span class='ocr_line' id='line_1_38' title="bbox 412 2132 2008 2209; baseline 0.006 -23"><span class='ocrx_word' id='word_1_292' title='bbox 412 2132 772 2189; x_wconf 85' lang='lat' dir='ltr'>varicationis</span> <span class='ocrx_word' id='word_1_293' title='bbox 820 2140 1065 2205; x_wconf 86' lang='lat' dir='ltr'>peccato.</span> <span class='ocrx_word' id='word_1_294' title='bbox 1100 2137 1174 2191; x_wconf 94' lang='lat' dir='ltr'>Ut</span> <span class='ocrx_word' id='word_1_295' title='bbox 1220 2138 1425 2192; x_wconf 89' lang='lat' dir='ltr'>mulier</span> <span class='ocrx_word' id='word_1_296' title='bbox 1459 2155 1581 2209; x_wconf 61' lang='lat' dir='ltr'>quae</span> <span class='ocrx_word' id='word_1_297' title='bbox 1626 2139 1918 2193; x_wconf 87' lang='lat' dir='ltr'>vitiaverat</span> <span class='ocrx_word' id='word_1_298' title='bbox 1947 2141 2008 2195; x_wconf 91' lang='lat' dir='ltr'>in</span> 
     </span>
    </p>
   </div>
   <div class='ocr_carea' id='block_1_39' title="bbox 413 2222 2011 2297">
    <p class='ocr_par' dir='ltr' id='par_1_39' title="bbox 413 2222 2011 2297">
     <span class='ocr_line' id='line_1_39' title="bbox 413 2222 2011 2297; baseline 0.005 -21"><span class='ocrx_word' id='word_1_299' title='bbox 413 2222 598 2277; x_wconf 78' lang='lat' dir='ltr'>Adam</span> <span class='ocrx_word' id='word_1_300' title='bbox 624 2227 803 2277; x_wconf 88' lang='lat' dir='ltr'>totam</span> <span class='ocrx_word' id='word_1_301' title='bbox 832 2239 1075 2278; x_wconf 88' lang='lat' dir='ltr'>massam</span> <span class='ocrx_word' id='word_1_302' title='bbox 1107 2225 1340 2279; x_wconf 88' lang='lat' dir='ltr'>humani</span> <span class='ocrx_word' id='word_1_303' title='bbox 1367 2229 1611 2297; x_wconf 86' lang='lat' dir='ltr'>generis,</span> <span class='ocrx_word' id='word_1_304' title='bbox 1646 2232 1824 2282; x_wconf 87' lang='lat' dir='ltr'>totam</span> <span class='ocrx_word' id='word_1_305' title='bbox 1857 2245 2011 2284; x_wconf 89' lang='lat' dir='ltr'>mas-</span> 
     </span>
    </p>
   </div>
   <div class='ocr_carea' id='block_1_40' title="bbox 414 2311 2011 2385">
    <p class='ocr_par' dir='ltr' id='par_1_40' title="bbox 414 2311 2011 2385">
     <span class='ocr_line' id='line_1_40' title="bbox 414 2311 2011 2385; baseline 0.004 -21"><span class='ocrx_word' id='word_1_306' title='bbox 414 2327 536 2365; x_wconf 89' lang='lat' dir='ltr'>sam</span> <span class='ocrx_word' id='word_1_307' title='bbox 566 2311 749 2365; x_wconf 90' lang='lat' dir='ltr'>carnis</span> <span class='ocrx_word' id='word_1_308' title='bbox 778 2318 983 2367; x_wconf 64' lang='lat' dir='ltr'>nostra;</span> <span class='ocrx_word' id='word_1_309' title='bbox 1011 2314 1424 2385; x_wconf 86' lang='lat' dir='ltr'>redintegraret</span> <span class='ocrx_word' id='word_1_310' title='bbox 1460 2322 1515 2370; x_wconf 95' lang='lat' dir='ltr'>et</span> <span class='ocrx_word' id='word_1_311' title='bbox 1542 2316 1602 2370; x_wconf 91' lang='lat' dir='ltr'>in</span> <span class='ocrx_word' id='word_1_312' title='bbox 1627 2316 1867 2383; x_wconf 86' lang='lat' dir='ltr'>Christo,</span> <span class='ocrx_word' id='word_1_313' title='bbox 1899 2318 2011 2373; x_wconf 87' lang='lat' dir='ltr'>fer-</span> 
     </span>
    </p>
   </div>
   <div class='ocr_carea' id='block_1_41' title="bbox 413 2401 2013 2475">
    <p class='ocr_par' dir='ltr' id='par_1_41' title="bbox 413 2401 2013 2475">
     <span class='ocr_line' id='line_1_41' title="bbox 413 2401 2013 2475; baseline 0.004 -21"><span class='ocrx_word' id='word_1_314' title='bbox 413 2405 607 2454; x_wconf 88' lang='lat' dir='ltr'>mento</span> <span class='ocrx_word' id='word_1_315' title='bbox 632 2401 884 2471; x_wconf 76' lang='lat' dir='ltr'>justitiae,</span> <span class='ocrx_word' id='word_1_316' title='bbox 921 2419 1023 2473; x_wconf 90' lang='lat' dir='ltr'>per</span> <span class='ocrx_word' id='word_1_317' title='bbox 1050 2420 1251 2457; x_wconf 86' lang='lat' dir='ltr'>novam</span> <span class='ocrx_word' id='word_1_318' title='bbox 1280 2405 1766 2475; x_wconf 88' lang='lat' dir='ltr'>regenerationem</span> <span class='ocrx_word' id='word_1_319' title='bbox 1788 2406 2013 2462; x_wconf 89' lang='lat' dir='ltr'>etinno-</span> 
     </span>
    </p>
   </div>
   <div class='ocr_carea' id='block_1_42' title="bbox 413 2490 2013 2564">
    <p class='ocr_par' dir='ltr' id='par_1_42' title="bbox 413 2490 2013 2564">
     <span class='ocr_line' id='line_1_42' title="bbox 413 2490 2013 2564; baseline 0.006 -24"><span class='ocrx_word' id='word_1_320' title='bbox 413 2490 696 2543; x_wconf 90' lang='lat' dir='ltr'>vationem</span> <span class='ocrx_word' id='word_1_321' title='bbox 745 2507 900 2544; x_wconf 76' lang='lat' dir='ltr'>novae</span> <span class='ocrx_word' id='word_1_322' title='bbox 927 2492 1259 2546; x_wconf 86' lang='lat' dir='ltr'>nativitatis.</span> <span class='ocrx_word' id='word_1_323' title='bbox 1290 2493 1493 2547; x_wconf 88' lang='lat' dir='ltr'>Mulier</span> <span class='ocrx_word' id='word_1_324' title='bbox 1530 2511 1652 2564; x_wconf 81' lang='lat' dir='ltr'>quae</span> <span class='ocrx_word' id='word_1_325' title='bbox 1699 2496 2013 2550; x_wconf 82' lang='lat' dir='ltr'>confecerat</span> 
     </span>
    </p>
   </div>
   <div class='ocr_carea' id='block_1_43' title="bbox 414 2578 2011 2653">
    <p class='ocr_par' dir='ltr' id='par_1_43' title="bbox 414 2578 2011 2653">
     <span class='ocr_line' id='line_1_43' title="bbox 414 2578 2011 2653; baseline 0.006 -22"><span class='ocrx_word' id='word_1_326' title='bbox 414 2594 621 2649; x_wconf 90' lang='lat' dir='ltr'>panem</span> <span class='ocrx_word' id='word_1_327' title='bbox 644 2578 889 2649; x_wconf 89' lang='lat' dir='ltr'>gemitus</span> <span class='ocrx_word' id='word_1_328' title='bbox 921 2585 979 2634; x_wconf 90' lang='lat' dir='ltr'>et</span> <span class='ocrx_word' id='word_1_329' title='bbox 1006 2581 1247 2646; x_wconf 90' lang='lat' dir='ltr'>sudoris,</span> <span class='ocrx_word' id='word_1_330' title='bbox 1278 2599 1482 2653; x_wconf 87' lang='lat' dir='ltr'>panem</span> <span class='ocrx_word' id='word_1_331' title='bbox 1527 2584 1652 2638; x_wconf 81' lang='lat' dir='ltr'>vitae</span> <span class='ocrx_word' id='word_1_332' title='bbox 1688 2601 1883 2639; x_wconf 89' lang='lat' dir='ltr'>rursus</span> <span class='ocrx_word' id='word_1_333' title='bbox 1912 2586 2011 2640; x_wconf 93' lang='lat' dir='ltr'>de-</span> 
     </span>
    </p>
   </div>
   <div class='ocr_carea' id='block_1_44' title="bbox 416 2669 2011 2745">
    <p class='ocr_par' dir='ltr' id='par_1_44' title="bbox 416 2669 2011 2745">
     <span class='ocr_line' id='line_1_44' title="bbox 416 2669 2011 2745; baseline 0.005 -24"><span class='ocrx_word' id='word_1_334' title='bbox 416 2674 685 2739; x_wconf 88' lang='lat' dir='ltr'>coqueret</span> <span class='ocrx_word' id='word_1_335' title='bbox 708 2669 838 2739; x_wconf 89' lang='lat' dir='ltr'>igne</span> <span class='ocrx_word' id='word_1_336' title='bbox 883 2670 1061 2724; x_wconf 87' lang='lat' dir='ltr'>sancti</span> <span class='ocrx_word' id='word_1_337' title='bbox 1110 2671 1352 2742; x_wconf 88' lang='lat' dir='ltr'>Spiritus</span> <span class='ocrx_word' id='word_1_338' title='bbox 1400 2677 1457 2726; x_wconf 92' lang='lat' dir='ltr'>et</span> <span class='ocrx_word' id='word_1_339' title='bbox 1494 2674 1709 2739; x_wconf 88' lang='lat' dir='ltr'>salutis,</span> <span class='ocrx_word' id='word_1_340' title='bbox 1755 2680 2011 2745; x_wconf 90' lang='lat' dir='ltr'>essetque</span> 
     </span>
    </p>
   </div>
   <div class='ocr_carea' id='block_1_45' title="bbox 416 2757 2013 2832">
    <p class='ocr_par' dir='ltr' id='par_1_45' title="bbox 416 2757 2013 2832">
     <span class='ocr_line' id='line_1_45' title="bbox 416 2757 2013 2832; baseline 0.004 -22"><span class='ocrx_word' id='word_1_341' title='bbox 416 2757 671 2811; x_wconf 83' lang='lat' dir='ltr'>omnium</span> <span class='ocrx_word' id='word_1_342' title='bbox 699 2758 1003 2813; x_wconf 90' lang='lat' dir='ltr'>viventium</span> <span class='ocrx_word' id='word_1_343' title='bbox 1021 2765 1205 2813; x_wconf 90' lang='lat' dir='ltr'>mater</span> <span class='ocrx_word' id='word_1_344' title='bbox 1225 2777 1326 2831; x_wconf 90' lang='lat' dir='ltr'>per</span> <span class='ocrx_word' id='word_1_345' title='bbox 1355 2761 1658 2827; x_wconf 86' lang='lat' dir='ltr'>Christum,</span> <span class='ocrx_word' id='word_1_346' title='bbox 1678 2779 1800 2832; x_wconf 64' lang='lat' dir='ltr'>quae</span> <span class='ocrx_word' id='word_1_347' title='bbox 1829 2762 2013 2818; x_wconf 87' lang='lat' dir='ltr'>fuerat</span> 
     </span>
    </p>
   </div>
   <div class='ocr_carea' id='block_1_46' title="bbox 413 2845 2012 2921">
    <p class='ocr_par' dir='ltr' id='par_1_46' title="bbox 413 2845 2012 2921">
     <span class='ocr_line' id='line_1_46' title="bbox 413 2845 2012 2921; baseline 0.004 -23"><span class='ocrx_word' id='word_1_348' title='bbox 413 2845 663 2916; x_wconf 90' lang='lat' dir='ltr'>primum</span> <span class='ocrx_word' id='word_1_349' title='bbox 684 2852 867 2899; x_wconf 90' lang='lat' dir='ltr'>mater</span> <span class='ocrx_word' id='word_1_350' title='bbox 880 2848 1131 2901; x_wconf 89' lang='lat' dir='ltr'>omnium</span> <span class='ocrx_word' id='word_1_351' title='bbox 1146 2848 1653 2904; x_wconf 90' lang='lat' dir='ltr'>morientium.Hoc</span> <span class='ocrx_word' id='word_1_352' title='bbox 1670 2851 1875 2921; x_wconf 90' lang='lat' dir='ltr'>quippe</span> <span class='ocrx_word' id='word_1_353' title='bbox 1890 2852 2012 2906; x_wconf 93' lang='lat' dir='ltr'>loco</span> 
     </span>
    </p>
   </div>
   <div class='ocr_carea' id='block_1_47' title="bbox 2091 1774 3657 1852">
    <p class='ocr_par' dir='ltr' id='par_1_47' title="bbox 2091 1774 3657 1852">
     <span class='ocr_line' id='line_1_47' title="bbox 2091 1774 3657 1852; baseline -0.004 -14"><span class='ocrx_word' id='word_1_354' title='bbox 2091 1790 2212 1839; x_wconf 90' lang='lat' dir='ltr'>tum</span> <span class='ocrx_word' id='word_1_355' title='bbox 2229 1789 2332 1838; x_wconf 90' lang='lat' dir='ltr'>est.</span> <span class='ocrx_word' id='word_1_356' title='bbox 2351 1785 2476 1837; x_wconf 90' lang='lat' dir='ltr'>Non</span> <span class='ocrx_word' id='word_1_357' title='bbox 2497 1783 2621 1836; x_wconf 92' lang='lat' dir='ltr'>dico</span> <span class='ocrx_word' id='word_1_358' title='bbox 2644 1782 2792 1852; x_wconf 91' lang='lat' dir='ltr'>quod</span> <span class='ocrx_word' id='word_1_359' title='bbox 2813 1781 3066 1835; x_wconf 89' lang='lat' dir='ltr'>omnium</span> <span class='ocrx_word' id='word_1_360' title='bbox 3093 1778 3355 1849; x_wconf 88' lang='lat' dir='ltr'>gentium</span> <span class='ocrx_word' id='word_1_361' title='bbox 3374 1776 3574 1830; x_wconf 85' lang='lat' dir='ltr'>vacatio</span> <span class='ocrx_word' id='word_1_362' title='bbox 3598 1774 3657 1831; x_wconf 80' lang='lat' dir='ltr'>sit</span> 
     </span>
    </p>
   </div>
   <div class='ocr_carea' id='block_1_48' title="bbox 2090 1866 3657 1943">
    <p class='ocr_par' dir='ltr' id='par_1_48' title="bbox 2090 1866 3657 1943">
     <span class='ocr_line' id='line_1_48' title="bbox 2090 1866 3657 1943; baseline -0.006 -16"><span class='ocrx_word' id='word_1_363' title='bbox 2090 1873 2195 1927; x_wconf 89' lang='lat' dir='ltr'>hac</span> <span class='ocrx_word' id='word_1_364' title='bbox 2214 1872 2606 1943; x_wconf 89' lang='lat' dir='ltr'>conspersione</span> <span class='ocrx_word' id='word_1_365' title='bbox 2625 1870 2841 1924; x_wconf 89' lang='lat' dir='ltr'>salvata</span> <span class='ocrx_word' id='word_1_366' title='bbox 2865 1874 2923 1922; x_wconf 93' lang='lat' dir='ltr'>et</span> <span class='ocrx_word' id='word_1_367' title='bbox 2938 1867 3183 1932; x_wconf 89' lang='lat' dir='ltr'>counita,</span> <span class='ocrx_word' id='word_1_368' title='bbox 3206 1871 3272 1921; x_wconf 92' lang='lat' dir='ltr'>ut</span> <span class='ocrx_word' id='word_1_369' title='bbox 3290 1866 3657 1937; x_wconf 77' lang='lat' dir='ltr'>fermentatum</span> 
     </span>
    </p>
   </div>
   <div class='ocr_carea' id='block_1_49' title="bbox 2091 1951 3659 2031">
    <p class='ocr_par' dir='ltr' id='par_1_49' title="bbox 2091 1951 3659 2031">
     <span class='ocr_line' id='line_1_49' title="bbox 2091 1951 3659 2031; baseline -0.007 -15"><span class='ocrx_word' id='word_1_370' title='bbox 2091 1962 2166 2016; x_wconf 86' lang='lat' dir='ltr'>sit</span> <span class='ocrx_word' id='word_1_371' title='bbox 2190 1966 2373 2016; x_wconf 90' lang='lat' dir='ltr'>totum</span> <span class='ocrx_word' id='word_1_372' title='bbox 2400 1976 2577 2031; x_wconf 86' lang='lat' dir='ltr'>genus</span> <span class='ocrx_word' id='word_1_373' title='bbox 2606 1960 2939 2022; x_wconf 89' lang='lat' dir='ltr'>humanum,</span> <span class='ocrx_word' id='word_1_374' title='bbox 2963 1957 3063 2011; x_wconf 90' lang='lat' dir='ltr'>sed</span> <span class='ocrx_word' id='word_1_375' title='bbox 3083 1971 3280 2010; x_wconf 89' lang='lat' dir='ltr'>eorum</span> <span class='ocrx_word' id='word_1_376' title='bbox 3294 1954 3480 2008; x_wconf 86' lang='lat' dir='ltr'>unitas</span> <span class='ocrx_word' id='word_1_377' title='bbox 3498 1969 3559 2006; x_wconf 80' lang='lat' dir='ltr'>ex</span> <span class='ocrx_word' id='word_1_378' title='bbox 3579 1951 3659 2005; x_wconf 84' lang='lat' dir='ltr'>tri-</span> 
     </span>
    </p>
   </div>
   <div class='ocr_carea' id='block_1_50' title="bbox 2090 2041 3662 2118">
    <p class='ocr_par' dir='ltr' id='par_1_50' title="bbox 2090 2041 3662 2118">
     <span class='ocr_line' id='line_1_50' title="bbox 2090 2041 3662 2118; baseline -0.006 -14"><span class='ocrx_word' id='word_1_379' title='bbox 2090 2049 2196 2104; x_wconf 90' lang='lat' dir='ltr'>bus</span> <span class='ocrx_word' id='word_1_380' title='bbox 2224 2049 2651 2104; x_wconf 89' lang='lat' dir='ltr'>commendatur</span> <span class='ocrx_word' id='word_1_381' title='bbox 2680 2046 3001 2118; x_wconf 90' lang='lat' dir='ltr'>generibus,</span> <span class='ocrx_word' id='word_1_382' title='bbox 3018 2045 3077 2099; x_wconf 93' lang='lat' dir='ltr'>in</span> <span class='ocrx_word' id='word_1_383' title='bbox 3099 2043 3301 2115; x_wconf 87' lang='lat' dir='ltr'>quibus</span> <span class='ocrx_word' id='word_1_384' title='bbox 3320 2041 3662 2097; x_wconf 82' lang='lat' dir='ltr'>nullaextrin-</span> 
     </span>
    </p>
   </div>
   <div class='ocr_carea' id='block_1_51' title="bbox 2091 2128 3662 2200">
    <p class='ocr_par' dir='ltr' id='par_1_51' title="bbox 2091 2128 3662 2200">
     <span class='ocr_line' id='line_1_51' title="bbox 2091 2128 3662 2200; baseline -0.007 -7"><span class='ocrx_word' id='word_1_385' title='bbox 2091 2155 2250 2193; x_wconf 87' lang='lat' dir='ltr'>secus</span> <span class='ocrx_word' id='word_1_386' title='bbox 2277 2138 2545 2192; x_wconf 84' lang='lat' dir='ltr'>admixtio</span> <span class='ocrx_word' id='word_1_387' title='bbox 2577 2135 2840 2190; x_wconf 87' lang='lat' dir='ltr'>fermenti</span> <span class='ocrx_word' id='word_1_388' title='bbox 2869 2134 3171 2200; x_wconf 87' lang='lat' dir='ltr'>invenitur,</span> <span class='ocrx_word' id='word_1_389' title='bbox 3193 2132 3289 2187; x_wconf 89' lang='lat' dir='ltr'>sed</span> <span class='ocrx_word' id='word_1_390' title='bbox 3312 2136 3436 2189; x_wconf 82' lang='lat' dir='ltr'>tota</span> <span class='ocrx_word' id='word_1_391' title='bbox 3458 2128 3662 2187; x_wconf 81' lang='lat' dir='ltr'>inChri-</span> 
     </span>
    </p>
   </div>
   <div class='ocr_carea' id='block_1_52' title="bbox 2092 2218 3662 2291">
    <p class='ocr_par' dir='ltr' id='par_1_52' title="bbox 2092 2218 3662 2291">
     <span class='ocr_line' id='line_1_52' title="bbox 2092 2218 3662 2291; baseline -0.006 -10"><span class='ocrx_word' id='word_1_392' title='bbox 2092 2233 2179 2281; x_wconf 88' lang='lat' dir='ltr'>sto</span> <span class='ocrx_word' id='word_1_393' title='bbox 2194 2226 2382 2281; x_wconf 87' lang='lat' dir='ltr'>unitas</span> <span class='ocrx_word' id='word_1_394' title='bbox 2410 2225 2839 2280; x_wconf 88' lang='lat' dir='ltr'>commendatur</span> <span class='ocrx_word' id='word_1_395' title='bbox 2862 2243 2875 2291; x_wconf 89' lang='lat'><strong>;</strong></span> <span class='ocrx_word' id='word_1_396' title='bbox 2900 2223 2982 2278; x_wconf 91' lang='lat' dir='ltr'>ita</span> <span class='ocrx_word' id='word_1_397' title='bbox 3000 2228 3066 2289; x_wconf 86' lang='lat' dir='ltr'>ut</span> <span class='ocrx_word' id='word_1_398' title='bbox 3084 2238 3188 2277; x_wconf 90' lang='lat' dir='ltr'>nec</span> <span class='ocrx_word' id='word_1_399' title='bbox 3206 2222 3545 2275; x_wconf 86' lang='lat' dir='ltr'>fermentum</span> <span class='ocrx_word' id='word_1_400' title='bbox 3561 2218 3662 2272; x_wconf 87' lang='lat' dir='ltr'>sine</span> 
     </span>
    </p>
   </div>
   <div class='ocr_carea' id='block_1_53' title="bbox 2091 2308 3662 2385">
    <p class='ocr_par' dir='ltr' id='par_1_53' title="bbox 2091 2308 3662 2385">
     <span class='ocr_line' id='line_1_53' title="bbox 2091 2308 3662 2385; baseline -0.006 -15"><span class='ocrx_word' id='word_1_401' title='bbox 2091 2315 2274 2370; x_wconf 86' lang='lat' dir='ltr'>farina</span> <span class='ocrx_word' id='word_1_402' title='bbox 2300 2315 2369 2369; x_wconf 91' lang='lat' dir='ltr'>de</span> <span class='ocrx_word' id='word_1_403' title='bbox 2390 2331 2501 2385; x_wconf 90' lang='lat' dir='ltr'>qua</span> <span class='ocrx_word' id='word_1_404' title='bbox 2525 2319 2629 2379; x_wconf 83' lang='lat' dir='ltr'>est,</span> <span class='ocrx_word' id='word_1_405' title='bbox 2673 2329 2777 2367; x_wconf 93' lang='lat' dir='ltr'>nec</span> <span class='ocrx_word' id='word_1_406' title='bbox 2815 2312 2999 2366; x_wconf 85' lang='lat' dir='ltr'>farina</span> <span class='ocrx_word' id='word_1_407' title='bbox 3029 2311 3152 2365; x_wconf 90' lang='lat' dir='ltr'>sine</span> <span class='ocrx_word' id='word_1_408' title='bbox 3180 2310 3457 2365; x_wconf 85' lang='lat' dir='ltr'>fermento</span> <span class='ocrx_word' id='word_1_409' title='bbox 3482 2308 3539 2362; x_wconf 90' lang='lat' dir='ltr'>in</span> <span class='ocrx_word' id='word_1_410' title='bbox 3571 2321 3662 2378; x_wconf 88' lang='lat' dir='ltr'>quo</span> 
     </span>
    </p>
   </div>
   <div class='ocr_carea' id='block_1_54' title="bbox 2093 2399 3665 2474">
    <p class='ocr_par' dir='ltr' id='par_1_54' title="bbox 2093 2399 3665 2474">
     <span class='ocr_line' id='line_1_54' title="bbox 2093 2399 3665 2474; baseline -0.007 -15"><span class='ocrx_word' id='word_1_411' title='bbox 2093 2412 2196 2471; x_wconf 91' lang='lat' dir='ltr'>est,</span> <span class='ocrx_word' id='word_1_412' title='bbox 2230 2409 2288 2459; x_wconf 92' lang='lat' dir='ltr'>et</span> <span class='ocrx_word' id='word_1_413' title='bbox 2316 2420 2351 2457; x_wconf 91' lang='lat' dir='ltr'>a</span> <span class='ocrx_word' id='word_1_414' title='bbox 2376 2419 2485 2474; x_wconf 93' lang='lat' dir='ltr'>quo</span> <span class='ocrx_word' id='word_1_415' title='bbox 2512 2402 2852 2456; x_wconf 86' lang='lat' dir='ltr'>fermentata</span> <span class='ocrx_word' id='word_1_416' title='bbox 2894 2406 2999 2467; x_wconf 90' lang='lat' dir='ltr'>est,</span> <span class='ocrx_word' id='word_1_417' title='bbox 3044 2399 3387 2471; x_wconf 87' lang='lat' dir='ltr'>inveniatur,</span> <span class='ocrx_word' id='word_1_418' title='bbox 3414 2401 3665 2468; x_wconf 84' lang='lat' dir='ltr'>quatenus</span> 
     </span>
    </p>
   </div>
   <div class='ocr_carea' id='block_1_55' title="bbox 2092 2484 3667 2564">
    <p class='ocr_par' dir='ltr' id='par_1_55' title="bbox 2092 2484 3667 2564">
     <span class='ocr_line' id='line_1_55' title="bbox 2092 2484 3667 2564; baseline -0.006 -17"><span class='ocrx_word' id='word_1_419' title='bbox 2092 2509 2194 2564; x_wconf 91' lang='lat' dir='ltr'>per</span> <span class='ocrx_word' id='word_1_420' title='bbox 2216 2493 2320 2547; x_wconf 91' lang='lat' dir='ltr'>hoc</span> <span class='ocrx_word' id='word_1_421' title='bbox 2348 2491 2538 2545; x_wconf 89' lang='lat' dir='ltr'>omnia</span> <span class='ocrx_word' id='word_1_422' title='bbox 2566 2507 2743 2545; x_wconf 90' lang='lat' dir='ltr'>unum</span> <span class='ocrx_word' id='word_1_423' title='bbox 2768 2490 2927 2555; x_wconf 83' lang='lat' dir='ltr'>ﬁant,</span> <span class='ocrx_word' id='word_1_424' title='bbox 2962 2494 3019 2543; x_wconf 90' lang='lat' dir='ltr'>et</span> <span class='ocrx_word' id='word_1_425' title='bbox 3046 2488 3269 2559; x_wconf 89' lang='lat' dir='ltr'>sapiant</span> <span class='ocrx_word' id='word_1_426' title='bbox 3292 2503 3474 2541; x_wconf 90' lang='lat' dir='ltr'>unum</span> <span class='ocrx_word' id='word_1_427' title='bbox 3500 2486 3551 2538; x_wconf 90' lang='lat' dir='ltr'>in</span> <span class='ocrx_word' id='word_1_428' title='bbox 3567 2484 3667 2539; x_wconf 85' lang='lat' dir='ltr'>Tri-</span> 
     </span>
    </p>
   </div>
   <div class='ocr_carea' id='block_1_56' title="bbox 2092 2572 3668 2651">
    <p class='ocr_par' dir='ltr' id='par_1_56' title="bbox 2092 2572 3668 2651">
     <span class='ocr_line' id='line_1_56' title="bbox 2092 2572 3668 2651; baseline -0.006 -15"><span class='ocrx_word' id='word_1_429' title='bbox 2092 2582 2290 2648; x_wconf 90' lang='lat' dir='ltr'>nitate,</span> <span class='ocrx_word' id='word_1_430' title='bbox 2324 2581 2472 2651; x_wconf 91' lang='lat' dir='ltr'>quod</span> <span class='ocrx_word' id='word_1_431' title='bbox 2513 2579 2823 2650; x_wconf 88' lang='lat' dir='ltr'>perfectum</span> <span class='ocrx_word' id='word_1_432' title='bbox 2864 2582 2968 2632; x_wconf 89' lang='lat' dir='ltr'>est.</span> <span class='ocrx_word' id='word_1_433' title='bbox 3011 2577 3224 2631; x_wconf 88' lang='lat' dir='ltr'>Tamen</span> <span class='ocrx_word' id='word_1_434' title='bbox 3272 2576 3394 2631; x_wconf 63' lang='lat' dir='ltr'>haec</span> <span class='ocrx_word' id='word_1_435' title='bbox 3427 2572 3668 2646; x_wconf 73' lang='lat' dir='ltr'>parabole</span> 
     </span>
    </p>
   </div>
   <div class='ocr_carea' id='block_1_57' title="bbox 2095 2664 3666 2740">
    <p class='ocr_par' dir='ltr' id='par_1_57' title="bbox 2095 2664 3666 2740">
     <span class='ocr_line' id='line_1_57' title="bbox 2095 2664 3666 2740; baseline -0.006 -17"><span class='ocrx_word' id='word_1_436' title='bbox 2095 2670 2192 2740; x_wconf 89' lang='lat' dir='ltr'>qui</span> <span class='ocrx_word' id='word_1_437' title='bbox 2228 2686 2262 2722; x_wconf 89' lang='lat' dir='ltr'>a</span> <span class='ocrx_word' id='word_1_438' title='bbox 2290 2668 2530 2723; x_wconf 91' lang='lat' dir='ltr'>Domino</span> <span class='ocrx_word' id='word_1_439' title='bbox 2567 2683 2680 2720; x_wconf 91' lang='lat' dir='ltr'>non</span> <span class='ocrx_word' id='word_1_440' title='bbox 2709 2671 2797 2721; x_wconf 91' lang='lat' dir='ltr'>est</span> <span class='ocrx_word' id='word_1_441' title='bbox 2833 2665 3223 2735; x_wconf 88' lang='lat' dir='ltr'>interpretata,</span> <span class='ocrx_word' id='word_1_442' title='bbox 3253 2669 3319 2718; x_wconf 92' lang='lat' dir='ltr'>ut</span> <span class='ocrx_word' id='word_1_443' title='bbox 3347 2664 3472 2721; x_wconf 81' lang='lat' dir='ltr'>duae</span> <span class='ocrx_word' id='word_1_444' title='bbox 3499 2676 3666 2739; x_wconf 71' lang='lat' dir='ltr'>supra.</span> 
     </span>
    </p>
   </div>
   <div class='ocr_carea' id='block_1_58' title="bbox 2093 2748 3666 2828">
    <p class='ocr_par' dir='ltr' id='par_1_58' title="bbox 2093 2748 3666 2828">
     <span class='ocr_line' id='line_1_58' title="bbox 2093 2748 3666 2828; baseline -0.007 -16"><span class='ocrx_word' id='word_1_445' title='bbox 2093 2758 2162 2812; x_wconf 93' lang='lat' dir='ltr'>de</span> <span class='ocrx_word' id='word_1_446' title='bbox 2194 2757 2396 2828; x_wconf 83' lang='lat' dir='ltr'>quibus</span> <span class='ocrx_word' id='word_1_447' title='bbox 2413 2757 2533 2826; x_wconf 88' lang='lat' dir='ltr'>jam</span> <span class='ocrx_word' id='word_1_448' title='bbox 2559 2754 3033 2823; x_wconf 79' lang='lat' dir='ltr'>diximus,idcirco</span> <span class='ocrx_word' id='word_1_449' title='bbox 3062 2752 3423 2809; x_wconf 84' lang='lat' dir='ltr'>imbecillitas</span> <span class='ocrx_word' id='word_1_450' title='bbox 3453 2748 3666 2813; x_wconf 80' lang='lat' dir='ltr'>humani</span> 
     </span>
    </p>
   </div>
   <div class='ocr_carea' id='block_1_59' title="bbox 2092 2840 3671 2915">
    <p class='ocr_par' dir='ltr' id='par_1_59' title="bbox 2092 2840 3671 2915">
     <span class='ocr_line' id='line_1_59' title="bbox 2092 2840 3671 2915; baseline -0.004 -16"><span class='ocrx_word' id='word_1_451' title='bbox 2092 2845 2306 2915; x_wconf 88' lang='lat' dir='ltr'>ingenii</span> <span class='ocrx_word' id='word_1_452' title='bbox 2334 2844 2490 2898; x_wconf 89' lang='lat' dir='ltr'>varia</span> <span class='ocrx_word' id='word_1_453' title='bbox 2526 2844 2632 2898; x_wconf 89' lang='lat' dir='ltr'>sibi</span> <span class='ocrx_word' id='word_1_454' title='bbox 2658 2843 2823 2914; x_wconf 85' lang='lat' dir='ltr'>ﬁngit</span> <span class='ocrx_word' id='word_1_455' title='bbox 2841 2842 3346 2913; x_wconf 86' lang='lat' dir='ltr'>intelligentiarum</span> <span class='ocrx_word' id='word_1_456' title='bbox 3374 2857 3440 2895; x_wconf 86' lang='lat' dir='ltr'>ac</span> <span class='ocrx_word' id='word_1_457' title='bbox 3476 2840 3671 2894; x_wconf 88' lang='lat' dir='ltr'>diversa</span> 
     </span>
    </p>
   </div>
   <div class='ocr_carea' id='block_1_60' title="bbox 415 2916 3672 3007">
    <p class='ocr_par' dir='ltr' id='par_1_60' title="bbox 415 2916 3672 3007">
     <span class='ocr_line' id='line_1_60' title="bbox 415 2916 3672 3007; baseline -0.001 -22"><span class='ocrx_word' id='word_1_458' title='bbox 415 2947 509 2987; x_wconf 89' lang='lat' dir='ltr'>res</span> <span class='ocrx_word' id='word_1_459' title='bbox 523 2933 592 2985; x_wconf 91' lang='lat' dir='ltr'>de</span> <span class='ocrx_word' id='word_1_460' title='bbox 613 2949 719 2986; x_wconf 92' lang='lat' dir='ltr'>usu</span> <span class='ocrx_word' id='word_1_461' title='bbox 729 2935 982 3002; x_wconf 86' lang='lat' dir='ltr'>geritur;</span> <span class='ocrx_word' id='word_1_462' title='bbox 1016 2935 1099 2988; x_wconf 88' lang='lat' dir='ltr'>vir</span> <span class='ocrx_word' id='word_1_463' title='bbox 1117 2935 1175 2988; x_wconf 91' lang='lat' dir='ltr'>in</span> <span class='ocrx_word' id='word_1_464' title='bbox 1186 2952 1322 3005; x_wconf 87' lang='lat' dir='ltr'>agro</span> <span class='ocrx_word' id='word_1_465' title='bbox 1334 2936 1545 3007; x_wconf 90' lang='lat' dir='ltr'>sinapis</span> <span class='ocrx_word' id='word_1_466' title='bbox 1564 2937 1822 2991; x_wconf 91' lang='lat' dir='ltr'>arborem</span> <span class='ocrx_word' id='word_1_467' title='bbox 1853 2940 2008 3005; x_wconf 88' lang='lat' dir='ltr'>serit,</span> <span class='ocrx_word' id='word_1_468' title='bbox 2036 2916 2378 3007; x_wconf 30' lang='lat' dir='ltr'>Ldogmata.</span> <span class='ocrx_word' id='word_1_469' title='bbox 2409 2934 2550 2987; x_wconf 87' lang='lat' dir='ltr'>Nam</span> <span class='ocrx_word' id='word_1_470' title='bbox 2579 2932 2809 3003; x_wconf 88' lang='lat' dir='ltr'>quidam</span> <span class='ocrx_word' id='word_1_471' title='bbox 2839 2932 3090 2990; x_wconf 86' lang='lat' dir='ltr'>referunt</span> <span class='ocrx_word' id='word_1_472' title='bbox 3124 2931 3226 2986; x_wconf 88' lang='lat' dir='ltr'>has</span> <span class='ocrx_word' id='word_1_473' title='bbox 3253 2935 3373 3005; x_wconf 85' lang='lat' dir='ltr'>tres</span> <span class='ocrx_word' id='word_1_474' title='bbox 3400 2943 3672 2983; x_wconf 86' lang='lat' dir='ltr'>mensuras</span> 
     </span>
    </p>
   </div>
   <div class='ocr_carea' id='block_1_61' title="bbox 416 2997 3670 3098">
    <p class='ocr_par' dir='ltr' id='par_1_61' title="bbox 416 2997 3670 3098">
     <span class='ocr_line' id='line_1_61' title="bbox 416 2997 3670 3098; baseline -0.001 -25"><span class='ocrx_word' id='word_1_475' title='bbox 416 3020 572 3074; x_wconf 88' lang='lat' dir='ltr'>domi</span> <span class='ocrx_word' id='word_1_476' title='bbox 601 3021 805 3073; x_wconf 90' lang='lat' dir='ltr'>mulier</span> <span class='ocrx_word' id='word_1_477' title='bbox 843 3022 1180 3076; x_wconf 88' lang='lat' dir='ltr'>fermentum</span> <span class='ocrx_word' id='word_1_478' title='bbox 1229 3024 1289 3077; x_wconf 92' lang='lat' dir='ltr'>in</span> <span class='ocrx_word' id='word_1_479' title='bbox 1327 3025 1509 3078; x_wconf 79' lang='lat' dir='ltr'>farina</span> <span class='ocrx_word' id='word_1_480' title='bbox 1550 3025 1858 3093; x_wconf 87' lang='lat' dir='ltr'>abscondit,</span> <span class='ocrx_word' id='word_1_481' title='bbox 1911 2997 2074 3098; x_wconf 67' lang='grc' dir='ltr'>ρει-β</span> <span class='ocrx_word' id='word_1_482' title='bbox 2096 3023 2166 3076; x_wconf 89' lang='lat' dir='ltr'>ad</span> <span class='ocrx_word' id='word_1_483' title='bbox 2189 3022 2451 3093; x_wconf 87' lang='lat' dir='ltr'>spiritum</span> <span class='ocrx_word' id='word_1_484' title='bbox 2482 3027 2540 3076; x_wconf 92' lang='lat' dir='ltr'>et</span> <span class='ocrx_word' id='word_1_485' title='bbox 2567 3021 2909 3087; x_wconf 87' lang='lat' dir='ltr'>animam,et</span> <span class='ocrx_word' id='word_1_486' title='bbox 2931 3037 3132 3091; x_wconf 90' lang='lat' dir='ltr'>corpus</span> <span class='ocrx_word' id='word_1_487' title='bbox 3161 3019 3448 3091; x_wconf 87' lang='lat' dir='ltr'>pertinere</span> <span class='ocrx_word' id='word_1_488' title='bbox 3467 3016 3670 3081; x_wconf 83' lang='lat' dir='ltr'>debere;</span> 
     </span>
    </p>
   </div>
   <div class='ocr_carea' id='block_1_62' title="bbox 417 3102 2015 3182">
    <p class='ocr_par' dir='ltr' id='par_1_62' title="bbox 417 3102 2015 3182">
     <span class='ocr_line' id='line_1_62' title="bbox 417 3102 2015 3182; baseline 0.006 -21"><span class='ocrx_word' id='word_1_489' title='bbox 417 3123 520 3161; x_wconf 87' lang='lat' dir='ltr'>nes</span> <span class='ocrx_word' id='word_1_490' title='bbox 545 3107 825 3178; x_wconf 91' lang='lat' dir='ltr'>decoquit,</span> <span class='ocrx_word' id='word_1_491' title='bbox 848 3102 1175 3164; x_wconf 85' lang='lat' dir='ltr'>alimoniam</span> <span class='ocrx_word' id='word_1_492' title='bbox 1206 3118 1509 3182; x_wconf 75' lang='lat' dir='ltr'>praeparat.</span> <span class='ocrx_word' id='word_1_493' title='bbox 1551 3114 1694 3176; x_wconf 88' lang='lat' dir='ltr'>Quia</span> <span class='ocrx_word' id='word_1_494' title='bbox 1720 3114 1899 3169; x_wconf 91' lang='lat' dir='ltr'>virum</span> <span class='ocrx_word' id='word_1_495' title='bbox 1928 3117 2015 3170; x_wconf 89' lang='lat' dir='ltr'>fo-</span> 
     </span>
    </p>
   </div>
   <div class='ocr_carea' id='block_1_63' title="bbox 418 3195 2016 3264">
    <p class='ocr_par' dir='ltr' id='par_1_63' title="bbox 418 3195 2016 3264">
     <span class='ocr_line' id='line_1_63' title="bbox 418 3195 2016 3264; baseline 0.006 -15"><span class='ocrx_word' id='word_1_496' title='bbox 418 3196 500 3250; x_wconf 88' lang='lat' dir='ltr'>ris</span> <span class='ocrx_word' id='word_1_497' title='bbox 525 3200 613 3249; x_wconf 90' lang='lat' dir='ltr'>est</span> <span class='ocrx_word' id='word_1_498' title='bbox 638 3195 914 3264; x_wconf 90' lang='lat' dir='ltr'>laborare,</span> <span class='ocrx_word' id='word_1_499' title='bbox 939 3199 1233 3253; x_wconf 90' lang='lat' dir='ltr'>mulierem</span> <span class='ocrx_word' id='word_1_500' title='bbox 1274 3216 1402 3253; x_wconf 89' lang='lat' dir='ltr'>vero</span> <span class='ocrx_word' id='word_1_501' title='bbox 1431 3201 1742 3256; x_wconf 89' lang='lat' dir='ltr'>domestica</span> <span class='ocrx_word' id='word_1_502' title='bbox 1770 3220 1907 3258; x_wconf 89' lang='lat' dir='ltr'>cura</span> <span class='ocrx_word' id='word_1_503' title='bbox 1934 3205 2016 3260; x_wconf 89' lang='lat' dir='ltr'>in-</span> 
     </span>
    </p>
   </div>
   <div class='ocr_carea' id='block_1_64' title="bbox 419 3285 2015 3361">
    <p class='ocr_par' dir='ltr' id='par_1_64' title="bbox 419 3285 2015 3361">
     <span class='ocr_line' id='line_1_64' title="bbox 419 3285 2015 3361; baseline 0.005 -21"><span class='ocrx_word' id='word_1_504' title='bbox 419 3290 513 3340; x_wconf 89' lang='lat' dir='ltr'>tus</span> <span class='ocrx_word' id='word_1_505' title='bbox 538 3285 889 3355; x_wconf 88' lang='lat' dir='ltr'>constringit.</span> <span class='ocrx_word' id='word_1_506' title='bbox 923 3286 1068 3340; x_wconf 88' lang='lat' dir='ltr'>Hinc</span> <span class='ocrx_word' id='word_1_507' title='bbox 1091 3294 1194 3350; x_wconf 90' lang='lat' dir='ltr'>est,</span> <span class='ocrx_word' id='word_1_508' title='bbox 1222 3288 1445 3355; x_wconf 81' lang='lat' dir='ltr'>fratres,</span> <span class='ocrx_word' id='word_1_509' title='bbox 1471 3290 1619 3361; x_wconf 90' lang='lat' dir='ltr'>quod</span> <span class='ocrx_word' id='word_1_510' title='bbox 1641 3290 1782 3346; x_wconf 86' lang='lat' dir='ltr'>Sara</span> <span class='ocrx_word' id='word_1_511' title='bbox 1810 3294 2015 3348; x_wconf 90' lang='lat' dir='ltr'>sterilis</span> 
     </span>
    </p>
   </div>
   <div class='ocr_carea' id='block_1_65' title="bbox 421 3376 2015 3447">
    <p class='ocr_par' dir='ltr' id='par_1_65' title="bbox 421 3376 2015 3447">
     <span class='ocr_line' id='line_1_65' title="bbox 421 3376 2015 3447; baseline 0.007 -20"><span class='ocrx_word' id='word_1_512' title='bbox 421 3378 480 3428; x_wconf 91' lang='lat' dir='ltr'>et</span> <span class='ocrx_word' id='word_1_513' title='bbox 509 3389 670 3440; x_wconf 89' lang='lat' dir='ltr'>anus,</span> <span class='ocrx_word' id='word_1_514' title='bbox 704 3391 770 3427; x_wconf 82' lang='lat' dir='ltr'>ex</span> <span class='ocrx_word' id='word_1_515' title='bbox 798 3376 909 3429; x_wconf 86' lang='lat' dir='ltr'>ista</span> <span class='ocrx_word' id='word_1_516' title='bbox 935 3377 1343 3447; x_wconf 85' lang='lat' dir='ltr'>praeparatione</span> <span class='ocrx_word' id='word_1_517' title='bbox 1369 3378 1630 3434; x_wconf 89' lang='lat' dir='ltr'>fermenti</span> <span class='ocrx_word' id='word_1_518' title='bbox 1661 3386 1718 3434; x_wconf 91' lang='lat' dir='ltr'>et</span> <span class='ocrx_word' id='word_1_519' title='bbox 1744 3398 1808 3435; x_wconf 83' lang='lat' dir='ltr'>ex</span> <span class='ocrx_word' id='word_1_520' title='bbox 1836 3383 2015 3438; x_wconf 90' lang='lat' dir='ltr'>tribus</span> 
     </span>
    </p>
   </div>
   <div class='ocr_carea' id='block_1_66' title="bbox 420 3463 2017 3543">
    <p class='ocr_par' dir='ltr' id='par_1_66' title="bbox 420 3463 2017 3543">
     <span class='ocr_line' id='line_1_66' title="bbox 420 3463 2017 3543; baseline 0.007 -27"><span class='ocrx_word' id='word_1_521' title='bbox 420 3463 844 3528; x_wconf 84' lang='lat' dir='ltr'>mensuris,tres</span> <span class='ocrx_word' id='word_1_522' title='bbox 855 3463 1243 3521; x_wconf 89' lang='lat' dir='ltr'>subcineritios</span> <span class='ocrx_word' id='word_1_523' title='bbox 1259 3483 1431 3537; x_wconf 87' lang='lat' dir='ltr'>panes</span> <span class='ocrx_word' id='word_1_524' title='bbox 1451 3469 1755 3524; x_wconf 64' lang='lat' dir='ltr'>Dominicm</span> <span class='ocrx_word' id='word_1_525' title='bbox 1773 3471 2017 3543; x_wconf 87' lang='lat' dir='ltr'>hospita-</span> 
     </span>
    </p>
   </div>
   <div class='ocr_carea' id='block_1_67' title="bbox 420 3551 2018 3626">
    <p class='ocr_par' dir='ltr' id='par_1_67' title="bbox 420 3551 2018 3626">
     <span class='ocr_line' id='line_1_67' title="bbox 420 3551 2018 3626; baseline 0.007 -21"><span class='ocrx_word' id='word_1_526' title='bbox 420 3551 601 3606; x_wconf 91' lang='lat' dir='ltr'>litatis</span> <span class='ocrx_word' id='word_1_527' title='bbox 629 3553 865 3624; x_wconf 85' lang='lat' dir='ltr'>mystico</span> <span class='ocrx_word' id='word_1_528' title='bbox 894 3554 1058 3607; x_wconf 80' lang='lat' dir='ltr'>offert</span> <span class='ocrx_word' id='word_1_529' title='bbox 1084 3554 1370 3626; x_wconf 90' lang='lat' dir='ltr'>obsequio,</span> <span class='ocrx_word' id='word_1_530' title='bbox 1422 3562 1486 3611; x_wconf 92' lang='lat' dir='ltr'>ut</span> <span class='ocrx_word' id='word_1_531' title='bbox 1520 3559 1793 3613; x_wconf 85' lang='lat' dir='ltr'>sterilitas</span> <span class='ocrx_word' id='word_1_532' title='bbox 1822 3562 2018 3616; x_wconf 91' lang='lat' dir='ltr'>mundi</span> 
     </span>
    </p>
   </div>
   <div class='ocr_carea' id='block_1_68' title="bbox 417 3642 2019 3717">
    <p class='ocr_par' dir='ltr' id='par_1_68' title="bbox 417 3642 2019 3717">
     <span class='ocr_line' id='line_1_68' title="bbox 417 3642 2019 3717; baseline 0.006 -22"><span class='ocrx_word' id='word_1_533' title='bbox 417 3642 538 3711; x_wconf 90' lang='lat' dir='ltr'>jam</span> <span class='ocrx_word' id='word_1_534' title='bbox 564 3646 688 3695; x_wconf 72' lang='lat' dir='ltr'>tota</span> <span class='ocrx_word' id='word_1_535' title='bbox 708 3648 996 3697; x_wconf 89' lang='lat' dir='ltr'>senectute</span> <span class='ocrx_word' id='word_1_536' title='bbox 1015 3644 1292 3710; x_wconf 89' lang='lat' dir='ltr'>conclusa,</span> <span class='ocrx_word' id='word_1_537' title='bbox 1314 3645 1373 3699; x_wconf 89' lang='lat' dir='ltr'>in</span> <span class='ocrx_word' id='word_1_538' title='bbox 1396 3648 1673 3701; x_wconf 88' lang='lat' dir='ltr'>mensuris</span> <span class='ocrx_word' id='word_1_539' title='bbox 1696 3649 1895 3717; x_wconf 89' lang='lat' dir='ltr'>tribus,</span> <span class='ocrx_word' id='word_1_540' title='bbox 1914 3651 2019 3706; x_wconf 88' lang='lat' dir='ltr'>hoc</span> 
     </span>
    </p>
   </div>
   <div class='ocr_carea' id='block_1_69' title="bbox 421 3732 2013 3806">
    <p class='ocr_par' dir='ltr' id='par_1_69' title="bbox 421 3732 2013 3806">
     <span class='ocr_line' id='line_1_69' title="bbox 421 3732 2013 3806; baseline 0.006 -22"><span class='ocrx_word' id='word_1_541' title='bbox 421 3735 509 3785; x_wconf 89' lang='lat' dir='ltr'>est</span> <span class='ocrx_word' id='word_1_542' title='bbox 532 3732 591 3785; x_wconf 89' lang='lat' dir='ltr'>in</span> <span class='ocrx_word' id='word_1_543' title='bbox 617 3732 941 3802; x_wconf 64' lang='lat' dir='ltr'>aequalitate</span> <span class='ocrx_word' id='word_1_544' title='bbox 969 3732 1153 3786; x_wconf 90' lang='lat' dir='ltr'>Patris</span> <span class='ocrx_word' id='word_1_545' title='bbox 1183 3739 1241 3787; x_wconf 90' lang='lat' dir='ltr'>et</span> <span class='ocrx_word' id='word_1_546' title='bbox 1263 3733 1409 3795; x_wconf 83' lang='lat' dir='ltr'>Filii,</span> <span class='ocrx_word' id='word_1_547' title='bbox 1454 3740 1512 3789; x_wconf 91' lang='lat' dir='ltr'>et</span> <span class='ocrx_word' id='word_1_548' title='bbox 1541 3736 1783 3806; x_wconf 90' lang='lat' dir='ltr'>Spiritus</span> <span class='ocrx_word' id='word_1_549' title='bbox 1814 3740 2013 3806; x_wconf 87' lang='lat' dir='ltr'>sancti,</span> 
     </span>
    </p>
   </div>
   <div class='ocr_carea' id='block_1_70' title="bbox 420 3820 2019 3895">
    <p class='ocr_par' dir='ltr' id='par_1_70' title="bbox 420 3820 2019 3895">
     <span class='ocr_line' id='line_1_70' title="bbox 420 3820 2019 3895; baseline 0.006 -22"><span class='ocrx_word' id='word_1_550' title='bbox 420 3820 758 3876; x_wconf 74' lang='lat' dir='ltr'>fermentum</span> <span class='ocrx_word' id='word_1_551' title='bbox 791 3822 921 3877; x_wconf 89' lang='lat' dir='ltr'>ﬁdei</span> <span class='ocrx_word' id='word_1_552' title='bbox 953 3838 1066 3876; x_wconf 74' lang='lat' dir='ltr'>suae</span> <span class='ocrx_word' id='word_1_553' title='bbox 1094 3823 1180 3876; x_wconf 89' lang='lat' dir='ltr'>vel</span> <span class='ocrx_word' id='word_1_554' title='bbox 1200 3823 1511 3878; x_wconf 88' lang='lat' dir='ltr'>doctrinam</span> <span class='ocrx_word' id='word_1_555' title='bbox 1533 3826 1789 3895; x_wconf 74' lang='lat' dir='ltr'>perfectae</span> <span class='ocrx_word' id='word_1_556' title='bbox 1816 3828 2019 3883; x_wconf 87' lang='lat' dir='ltr'>intelli-</span> 
     </span>
    </p>
   </div>
   <div class='ocr_carea' id='block_1_71' title="bbox 419 3910 2019 3984">
    <p class='ocr_par' dir='ltr' id='par_1_71' title="bbox 419 3910 2019 3984">
     <span class='ocr_line' id='line_1_71' title="bbox 419 3910 2019 3984; baseline 0.006 -23"><span class='ocrx_word' id='word_1_557' title='bbox 419 3910 626 3978; x_wconf 69' lang='lat' dir='ltr'>gentiae</span> <span class='ocrx_word' id='word_1_558' title='bbox 654 3910 970 3964; x_wconf 81' lang='lat' dir='ltr'>collocaret.</span> <span class='ocrx_word' id='word_1_559' title='bbox 991 3910 1125 3974; x_wconf 66' lang='lat' dir='ltr'>Quae</span> <span class='ocrx_word' id='word_1_560' title='bbox 1154 3911 1419 3965; x_wconf 89' lang='lat' dir='ltr'>nimirum</span> <span class='ocrx_word' id='word_1_561' title='bbox 1445 3913 1647 3967; x_wconf 89' lang='lat' dir='ltr'>mulier</span> <span class='ocrx_word' id='word_1_562' title='bbox 1662 3916 1878 3984; x_wconf 88' lang='lat' dir='ltr'>justum</span> <span class='ocrx_word' id='word_1_563' title='bbox 1909 3915 2019 3970; x_wconf 89' lang='lat' dir='ltr'>fuit</span> 
     </span>
    </p>
   </div>
   <div class='ocr_carea' id='block_1_72' title="bbox 421 3995 2012 4074">
    <p class='ocr_par' dir='ltr' id='par_1_72' title="bbox 421 3995 2012 4074">
     <span class='ocr_line' id='line_1_72' title="bbox 421 3995 2012 4074; baseline 0.003 -21"><span class='ocrx_word' id='word_1_564' title='bbox 421 3995 663 4053; x_wconf 91' lang='lat' dir='ltr'>Domino</span> <span class='ocrx_word' id='word_1_565' title='bbox 682 4015 784 4053; x_wconf 92' lang='lat' dir='ltr'>suo</span> <span class='ocrx_word' id='word_1_566' title='bbox 812 4004 878 4052; x_wconf 91' lang='lat' dir='ltr'>ut</span> <span class='ocrx_word' id='word_1_567' title='bbox 904 4004 1021 4052; x_wconf 90' lang='lat' dir='ltr'>tres</span> <span class='ocrx_word' id='word_1_568' title='bbox 1052 4015 1225 4069; x_wconf 87' lang='lat' dir='ltr'>panes</span> <span class='ocrx_word' id='word_1_569' title='bbox 1263 4017 1328 4054; x_wconf 85' lang='lat' dir='ltr'>ex</span> <span class='ocrx_word' id='word_1_570' title='bbox 1360 4001 1658 4071; x_wconf 89' lang='lat' dir='ltr'>Evangelio</span> <span class='ocrx_word' id='word_1_571' title='bbox 1688 4009 2012 4074; x_wconf 87' lang='lat' dir='ltr'>apponeret,</span> 
     </span>
    </p>
   </div>
   <div class='ocr_carea' id='block_1_73' title="bbox 420 4087 2017 4163">
    <p class='ocr_par' dir='ltr' id='par_1_73' title="bbox 420 4087 2017 4163">
     <span class='ocr_line' id='line_1_73' title="bbox 420 4087 2017 4163; baseline 0.006 -24"><span class='ocrx_word' id='word_1_572' title='bbox 420 4087 480 4139; x_wconf 90' lang='lat' dir='ltr'>in</span> <span class='ocrx_word' id='word_1_573' title='bbox 499 4087 844 4140; x_wconf 83' lang='lat' dir='ltr'>confessione</span> <span class='ocrx_word' id='word_1_574' title='bbox 864 4087 1176 4153; x_wconf 89' lang='lat' dir='ltr'>Trinitatis,</span> <span class='ocrx_word' id='word_1_575' title='bbox 1196 4105 1296 4158; x_wconf 91' lang='lat' dir='ltr'>pro</span> <span class='ocrx_word' id='word_1_576' title='bbox 1317 4106 1570 4144; x_wconf 90' lang='lat' dir='ltr'>munere.</span> <span class='ocrx_word' id='word_1_577' title='bbox 1599 4092 1680 4146; x_wconf 93' lang='lat' dir='ltr'>De</span> <span class='ocrx_word' id='word_1_578' title='bbox 1709 4108 1822 4163; x_wconf 87' lang='lat' dir='ltr'>qua</span> <span class='ocrx_word' id='word_1_579' title='bbox 1849 4099 2017 4149; x_wconf 65' lang='lat' dir='ltr'>rectae</span> 
     </span>
    </p>
   </div>
   <div class='ocr_carea' id='block_1_74' title="bbox 420 4173 2019 4243">
    <p class='ocr_par' dir='ltr' id='par_1_74' title="bbox 420 4173 2019 4243">
     <span class='ocr_line' id='line_1_74' title="bbox 420 4173 2019 4243; baseline 0.007 -17"><span class='ocrx_word' id='word_1_580' title='bbox 420 4173 554 4231; x_wconf 83' lang='lat' dir='ltr'>ﬁdei</span> <span class='ocrx_word' id='word_1_581' title='bbox 579 4174 993 4243; x_wconf 90' lang='lat' dir='ltr'>conspersione,</span> <span class='ocrx_word' id='word_1_582' title='bbox 1018 4180 1139 4228; x_wconf 87' lang='lat' dir='ltr'>tota</span> <span class='ocrx_word' id='word_1_583' title='bbox 1167 4175 1467 4231; x_wconf 86' lang='lat' dir='ltr'>Christiani</span> <span class='ocrx_word' id='word_1_584' title='bbox 1512 4180 1752 4234; x_wconf 89' lang='lat' dir='ltr'>nominis</span> <span class='ocrx_word' id='word_1_585' title='bbox 1780 4181 2019 4237; x_wconf 88' lang='lat' dir='ltr'>fecunda</span> 
     </span>
    </p>
   </div>
   <div class='ocr_carea' id='block_1_75' title="bbox 422 4258 2019 4333">
    <p class='ocr_par' dir='ltr' id='par_1_75' title="bbox 422 4258 2019 4333">
     <span class='ocr_line' id='line_1_75' title="bbox 422 4258 2019 4333; baseline 0.007 -19"><span class='ocrx_word' id='word_1_586' title='bbox 422 4258 570 4315; x_wconf 82' lang='lat' dir='ltr'>facta</span> <span class='ocrx_word' id='word_1_587' title='bbox 583 4266 667 4315; x_wconf 89' lang='lat' dir='ltr'>est</span> <span class='ocrx_word' id='word_1_588' title='bbox 688 4263 890 4332; x_wconf 90' lang='lat' dir='ltr'>proles,</span> <span class='ocrx_word' id='word_1_589' title='bbox 917 4268 974 4315; x_wconf 92' lang='lat' dir='ltr'>et</span> <span class='ocrx_word' id='word_1_590' title='bbox 1003 4262 1342 4317; x_wconf 84' lang='lat' dir='ltr'>fermentata</span> <span class='ocrx_word' id='word_1_591' title='bbox 1367 4266 1426 4319; x_wconf 91' lang='lat' dir='ltr'>in</span> <span class='ocrx_word' id='word_1_592' title='bbox 1458 4267 1699 4333; x_wconf 91' lang='lat' dir='ltr'>Christo,</span> <span class='ocrx_word' id='word_1_593' title='bbox 1732 4285 1846 4323; x_wconf 87' lang='lat' dir='ltr'>una</span> <span class='ocrx_word' id='word_1_594' title='bbox 1871 4271 2019 4326; x_wconf 83' lang='lat' dir='ltr'>facta</span> 
     </span>
    </p>
   </div>
   <div class='ocr_carea' id='block_1_76' title="bbox 2094 3106 3671 3182">
    <p class='ocr_par' dir='ltr' id='par_1_76' title="bbox 2094 3106 3671 3182">
     <span class='ocr_line' id='line_1_76' title="bbox 2094 3106 3671 3182; baseline -0.005 -17"><span class='ocrx_word' id='word_1_595' title='bbox 2094 3111 2175 3165; x_wconf 88' lang='lat' dir='ltr'>ita</span> <span class='ocrx_word' id='word_1_596' title='bbox 2203 3116 2268 3164; x_wconf 93' lang='lat' dir='ltr'>ut</span> <span class='ocrx_word' id='word_1_597' title='bbox 2289 3111 2404 3165; x_wconf 85' lang='lat' dir='ltr'>haec</span> <span class='ocrx_word' id='word_1_598' title='bbox 2424 3110 2538 3164; x_wconf 89' lang='lat' dir='ltr'>tria</span> <span class='ocrx_word' id='word_1_599' title='bbox 2566 3109 2625 3165; x_wconf 90' lang='lat' dir='ltr'>in</span> <span class='ocrx_word' id='word_1_600' title='bbox 2648 3126 2823 3164; x_wconf 91' lang='lat' dir='ltr'>unum</span> <span class='ocrx_word' id='word_1_601' title='bbox 2851 3110 3082 3164; x_wconf 88' lang='lat' dir='ltr'>redacta</span> <span class='ocrx_word' id='word_1_602' title='bbox 3106 3125 3209 3182; x_wconf 85' lang='lat' dir='ltr'>per</span> <span class='ocrx_word' id='word_1_603' title='bbox 3235 3106 3671 3179; x_wconf 68' lang='lat' dir='ltr'>praedicationem</span> 
     </span>
    </p>
   </div>
   <div class='ocr_carea' id='block_1_77' title="bbox 2094 3196 3675 3270">
    <p class='ocr_par' dir='ltr' id='par_1_77' title="bbox 2094 3196 3675 3270">
     <span class='ocr_line' id='line_1_77' title="bbox 2094 3196 3675 3270; baseline -0.004 -18"><span class='ocrx_word' id='word_1_604' title='bbox 2094 3199 2268 3265; x_wconf 87' lang='lat' dir='ltr'>verbi,</span> <span class='ocrx_word' id='word_1_605' title='bbox 2300 3216 2414 3253; x_wconf 93' lang='lat' dir='ltr'>non</span> <span class='ocrx_word' id='word_1_606' title='bbox 2442 3199 2759 3270; x_wconf 87' lang='lat' dir='ltr'>discrepent</span> <span class='ocrx_word' id='word_1_607' title='bbox 2788 3198 2942 3252; x_wconf 89' lang='lat' dir='ltr'>inter</span> <span class='ocrx_word' id='word_1_608' title='bbox 2967 3215 3046 3263; x_wconf 91' lang='lat' dir='ltr'>se,</span> <span class='ocrx_word' id='word_1_609' title='bbox 3078 3198 3177 3251; x_wconf 91' lang='lat' dir='ltr'>sed</span> <span class='ocrx_word' id='word_1_610' title='bbox 3204 3202 3361 3251; x_wconf 90' lang='lat' dir='ltr'>totus</span> <span class='ocrx_word' id='word_1_611' title='bbox 3393 3204 3452 3252; x_wconf 90' lang='lat' dir='ltr'>et</span> <span class='ocrx_word' id='word_1_612' title='bbox 3476 3196 3675 3264; x_wconf 84' lang='lat' dir='ltr'>integer</span> 
     </span>
    </p>
   </div>
   <div class='ocr_carea' id='block_1_78' title="bbox 2096 3285 3673 3359">
    <p class='ocr_par' dir='ltr' id='par_1_78' title="bbox 2096 3285 3673 3359">
     <span class='ocr_line' id='line_1_78' title="bbox 2096 3285 3673 3359; baseline -0.004 -17"><span class='ocrx_word' id='word_1_613' title='bbox 2096 3288 2267 3342; x_wconf 89' lang='lat' dir='ltr'>homo</span> <span class='ocrx_word' id='word_1_614' title='bbox 2288 3289 2387 3342; x_wconf 86' lang='lat' dir='ltr'>ﬁat</span> <span class='ocrx_word' id='word_1_615' title='bbox 2416 3305 2560 3342; x_wconf 86' lang='lat' dir='ltr'>nova</span> <span class='ocrx_word' id='word_1_616' title='bbox 2581 3287 2899 3359; x_wconf 89' lang='lat' dir='ltr'>conspersio</span> <span class='ocrx_word' id='word_1_617' title='bbox 2928 3287 2989 3341; x_wconf 90' lang='lat' dir='ltr'>in</span> <span class='ocrx_word' id='word_1_618' title='bbox 3026 3286 3267 3341; x_wconf 90' lang='lat' dir='ltr'>Christo.</span> <span class='ocrx_word' id='word_1_619' title='bbox 3301 3286 3451 3351; x_wconf 92' lang='lat' dir='ltr'>Quia</span> <span class='ocrx_word' id='word_1_620' title='bbox 3481 3286 3528 3341; x_wconf 91' lang='lat' dir='ltr'>si</span> <span class='ocrx_word' id='word_1_621' title='bbox 3550 3285 3673 3339; x_wconf 89' lang='lat' dir='ltr'>duo-</span> 
     </span>
    </p>
   </div>
   <div class='ocr_carea' id='block_1_79' title="bbox 2096 3374 3673 3446">
    <p class='ocr_par' dir='ltr' id='par_1_79' title="bbox 2096 3374 3673 3446">
     <span class='ocr_line' id='line_1_79' title="bbox 2096 3374 3673 3446; baseline -0.003 -16"><span class='ocrx_word' id='word_1_622' title='bbox 2096 3376 2201 3430; x_wconf 87' lang='lat' dir='ltr'>bus</span> <span class='ocrx_word' id='word_1_623' title='bbox 2222 3377 2346 3430; x_wconf 88' lang='lat' dir='ltr'>istis</span> <span class='ocrx_word' id='word_1_624' title='bbox 2374 3377 2460 3431; x_wconf 91' lang='lat' dir='ltr'>vel</span> <span class='ocrx_word' id='word_1_625' title='bbox 2483 3376 2662 3431; x_wconf 90' lang='lat' dir='ltr'>tribus</span> <span class='ocrx_word' id='word_1_626' title='bbox 2687 3377 2839 3431; x_wconf 90' lang='lat' dir='ltr'>inter</span> <span class='ocrx_word' id='word_1_627' title='bbox 2864 3393 2946 3440; x_wconf 86' lang='lat' dir='ltr'>se,</span> <span class='ocrx_word' id='word_1_628' title='bbox 2962 3376 3125 3446; x_wconf 83' lang='lat' dir='ltr'>juxta</span> <span class='ocrx_word' id='word_1_629' title='bbox 3140 3375 3289 3446; x_wconf 89' lang='lat' dir='ltr'>quod</span> <span class='ocrx_word' id='word_1_630' title='bbox 3311 3374 3449 3429; x_wconf 90' lang='lat' dir='ltr'>alibi</span> <span class='ocrx_word' id='word_1_631' title='bbox 3466 3374 3673 3444; x_wconf 86' lang='lat' dir='ltr'>legitur,</span> 
     </span>
    </p>
   </div>
   <div class='ocr_carea' id='block_1_80' title="bbox 2097 3464 3677 3536">
    <p class='ocr_par' dir='ltr' id='par_1_80' title="bbox 2097 3464 3677 3536">
     <span class='ocr_line' id='line_1_80' title="bbox 2097 3464 3677 3536; baseline -0.003 -17"><span class='ocrx_word' id='word_1_632' title='bbox 2097 3466 2239 3520; x_wconf 90' lang='lat' dir='ltr'>bene</span> <span class='ocrx_word' id='word_1_633' title='bbox 2270 3466 2609 3531; x_wconf 87' lang='lat' dir='ltr'>convenerit,</span> <span class='ocrx_word' id='word_1_634' title='bbox 2651 3465 3040 3536; x_wconf 87' lang='lat' dir='ltr'>impetrabunt</span> <span class='ocrx_word' id='word_1_635' title='bbox 3067 3480 3103 3518; x_wconf 87' lang='lat' dir='ltr'>a</span> <span class='ocrx_word' id='word_1_636' title='bbox 3124 3465 3292 3520; x_wconf 87' lang='lat' dir='ltr'>Patre</span> <span class='ocrx_word' id='word_1_637' title='bbox 3322 3464 3677 3535; x_wconf 89' lang='lat' dir='ltr'>quodcunque</span> 
     </span>
    </p>
   </div>
   <div class='ocr_carea' id='block_1_81' title="bbox 2098 3551 3674 3627">
    <p class='ocr_par' dir='ltr' id='par_1_81' title="bbox 2098 3551 3674 3627">
     <span class='ocr_line' id='line_1_81' title="bbox 2098 3551 3674 3627; baseline -0.003 -18"><span class='ocrx_word' id='word_1_638' title='bbox 2098 3556 2382 3627; x_wconf 88' lang='lat' dir='ltr'>petierint.</span> <span class='ocrx_word' id='word_1_639' title='bbox 2416 3555 2720 3609; x_wconf 87' lang='lat' dir='ltr'>Disseritur</span> <span class='ocrx_word' id='word_1_640' title='bbox 2739 3561 2796 3609; x_wconf 90' lang='lat' dir='ltr'>et</span> <span class='ocrx_word' id='word_1_641' title='bbox 2823 3554 2988 3609; x_wconf 90' lang='lat' dir='ltr'>aliter</span> <span class='ocrx_word' id='word_1_642' title='bbox 3009 3554 3162 3608; x_wconf 90' lang='lat' dir='ltr'>locus</span> <span class='ocrx_word' id='word_1_643' title='bbox 3192 3553 3300 3608; x_wconf 87' lang='lat' dir='ltr'>iste</span> <span class='ocrx_word' id='word_1_644' title='bbox 3321 3569 3358 3607; x_wconf 91' lang='lat' dir='ltr'>a</span> <span class='ocrx_word' id='word_1_645' title='bbox 3386 3551 3674 3616; x_wconf 88' lang='lat' dir='ltr'>nonnullis,</span> 
     </span>
    </p>
   </div>
   <div class='ocr_carea' id='block_1_82' title="bbox 2099 3641 3677 3716">
    <p class='ocr_par' dir='ltr' id='par_1_82' title="bbox 2099 3641 3677 3716">
     <span class='ocr_line' id='line_1_82' title="bbox 2099 3641 3677 3716; baseline -0.004 -17"><span class='ocrx_word' id='word_1_646' title='bbox 2099 3645 2233 3716; x_wconf 91' lang='lat' dir='ltr'>quia</span> <span class='ocrx_word' id='word_1_647' title='bbox 2262 3646 2527 3710; x_wconf 83' lang='lat' dir='ltr'>humana,</span> <span class='ocrx_word' id='word_1_648' title='bbox 2545 3650 2609 3699; x_wconf 93' lang='lat' dir='ltr'>ut</span> <span class='ocrx_word' id='word_1_649' title='bbox 2635 3644 2768 3701; x_wconf 84' lang='lat' dir='ltr'>dixi.</span> <span class='ocrx_word' id='word_1_650' title='bbox 2791 3643 2980 3714; x_wconf 91' lang='lat' dir='ltr'>opinio</span> <span class='ocrx_word' id='word_1_651' title='bbox 3001 3641 3331 3711; x_wconf 83' lang='lat' dir='ltr'>nutabunda</span> <span class='ocrx_word' id='word_1_652' title='bbox 3355 3658 3526 3713; x_wconf 89' lang='lat' dir='ltr'>quam</span> <span class='ocrx_word' id='word_1_653' title='bbox 3547 3656 3677 3710; x_wconf 71' lang='lat' dir='ltr'>sazpe</span> 
     </span>
    </p>
   </div>
   <div class='ocr_carea' id='block_1_83' title="bbox 2097 3731 3676 3802">
    <p class='ocr_par' dir='ltr' id='par_1_83' title="bbox 2097 3731 3676 3802">
     <span class='ocr_line' id='line_1_83' title="bbox 2097 3731 3676 3802; baseline -0.002 -17"><span class='ocrx_word' id='word_1_654' title='bbox 2097 3733 2249 3787; x_wconf 87' lang='lat' dir='ltr'>varie</span> <span class='ocrx_word' id='word_1_655' title='bbox 2304 3732 2532 3798; x_wconf 91' lang='lat' dir='ltr'>incedit,</span> <span class='ocrx_word' id='word_1_656' title='bbox 2583 3738 2647 3787; x_wconf 93' lang='lat' dir='ltr'>ut</span> <span class='ocrx_word' id='word_1_657' title='bbox 2690 3737 2849 3786; x_wconf 85' lang='lat' dir='ltr'>tanto</span> <span class='ocrx_word' id='word_1_658' title='bbox 2878 3732 3115 3802; x_wconf 90' lang='lat' dir='ltr'>quisque</span> <span class='ocrx_word' id='word_1_659' title='bbox 3161 3731 3382 3786; x_wconf 88' lang='lat' dir='ltr'>doctior</span> <span class='ocrx_word' id='word_1_660' title='bbox 3417 3731 3676 3794; x_wconf 86' lang='lat' dir='ltr'>videatur,</span> 
     </span>
    </p>
   </div>
   <div class='ocr_carea' id='block_1_84' title="bbox 2099 3815 3681 3892">
    <p class='ocr_par' dir='ltr' id='par_1_84' title="bbox 2099 3815 3681 3892">
     <span class='ocr_line' id='line_1_84' title="bbox 2099 3815 3681 3892; baseline -0.002 -17"><span class='ocrx_word' id='word_1_661' title='bbox 2099 3826 2309 3892; x_wconf 87' lang='lat' dir='ltr'>quanto</span> <span class='ocrx_word' id='word_1_662' title='bbox 2324 3826 2519 3886; x_wconf 68' lang='grc' dir='ltr'>τίθει</span> <span class='ocrx_word' id='word_1_663' title='bbox 2546 3821 2758 3891; x_wconf 90' lang='lat' dir='ltr'>aliquid</span> <span class='ocrx_word' id='word_1_664' title='bbox 2788 3820 2848 3874; x_wconf 94' lang='lat' dir='ltr'>in</span> <span class='ocrx_word' id='word_1_665' title='bbox 2877 3836 3046 3874; x_wconf 88' lang='lat' dir='ltr'>sensu</span> <span class='ocrx_word' id='word_1_666' title='bbox 3074 3820 3202 3873; x_wconf 88' lang='lat' dir='ltr'>novi</span> <span class='ocrx_word' id='word_1_667' title='bbox 3229 3820 3527 3883; x_wconf 89' lang='lat' dir='ltr'>invenerit,</span> <span class='ocrx_word' id='word_1_668' title='bbox 3547 3815 3681 3888; x_wconf 87' lang='lat' dir='ltr'>quod</span> 
     </span>
    </p>
   </div>
   <div class='ocr_carea' id='block_1_85' title="bbox 2099 3908 3683 3967">
    <p class='ocr_par' dir='ltr' id='par_1_85' title="bbox 2099 3908 3683 3967">
     <span class='ocr_line' id='line_1_85' title="bbox 2099 3908 3683 3967; baseline -0.002 -5"><span class='ocrx_word' id='word_1_669' title='bbox 2099 3910 2297 3963; x_wconf 90' lang='lat' dir='ltr'>saltem</span> <span class='ocrx_word' id='word_1_670' title='bbox 2336 3909 2637 3963; x_wconf 88' lang='lat' dir='ltr'>verisimile</span> <span class='ocrx_word' id='word_1_671' title='bbox 2683 3909 2958 3967; x_wconf 88' lang='lat' dir='ltr'>videatur.</span> <span class='ocrx_word' id='word_1_672' title='bbox 2998 3908 3157 3965; x_wconf 90' lang='lat' dir='ltr'>Unde</span> <span class='ocrx_word' id='word_1_673' title='bbox 3184 3908 3289 3962; x_wconf 90' lang='lat' dir='ltr'>hoc</span> <span class='ocrx_word' id='word_1_674' title='bbox 3317 3908 3441 3963; x_wconf 93' lang='lat' dir='ltr'>loco</span> <span class='ocrx_word' id='word_1_675' title='bbox 3468 3909 3683 3967; x_wconf 82' lang='lat' dir='ltr'>sumunt</span> 
     </span>
    </p>
   </div>
   <div class='ocr_carea' id='block_1_86' title="bbox 2098 3997 3680 4069">
    <p class='ocr_par' dir='ltr' id='par_1_86' title="bbox 2098 3997 3680 4069">
     <span class='ocr_line' id='line_1_86' title="bbox 2098 3997 3680 4069; baseline -0.002 -18"><span class='ocrx_word' id='word_1_676' title='bbox 2098 3997 2168 4051; x_wconf 90' lang='lat' dir='ltr'>de</span> <span class='ocrx_word' id='word_1_677' title='bbox 2222 3999 2454 4053; x_wconf 89' lang='lat' dir='ltr'>Platone</span> <span class='ocrx_word' id='word_1_678' title='bbox 2501 3998 2963 4069; x_wconf 91' lang='lat' dir='ltr'>philosophorum</span> <span class='ocrx_word' id='word_1_679' title='bbox 3001 3997 3323 4053; x_wconf 86' lang='lat' dir='ltr'>doctissimo</span> <span class='ocrx_word' id='word_1_680' title='bbox 3374 3997 3680 4067; x_wconf 89' lang='lat' dir='ltr'>exemplum</span> 
     </span>
    </p>
   </div>
   <div class='ocr_carea' id='block_1_87' title="bbox 2100 4086 3681 4158">
    <p class='ocr_par' dir='ltr' id='par_1_87' title="bbox 2100 4086 3681 4158">
     <span class='ocr_line' id='line_1_87' title="bbox 2100 4086 3681 4158; baseline -0.002 -17"><span class='ocrx_word' id='word_1_681' title='bbox 2100 4088 2249 4158; x_wconf 91' lang='lat' dir='ltr'>quod</span> <span class='ocrx_word' id='word_1_682' title='bbox 2274 4089 2558 4157; x_wconf 88' lang='lat' dir='ltr'>vulgatum</span> <span class='ocrx_word' id='word_1_683' title='bbox 2573 4094 2675 4153; x_wconf 88' lang='lat' dir='ltr'>est,</span> <span class='ocrx_word' id='word_1_684' title='bbox 2697 4093 2755 4142; x_wconf 90' lang='lat' dir='ltr'>et</span> <span class='ocrx_word' id='word_1_685' title='bbox 2774 4087 2967 4142; x_wconf 90' lang='lat' dir='ltr'>dicunt</span> <span class='ocrx_word' id='word_1_686' title='bbox 2994 4093 3109 4141; x_wconf 87' lang='lat' dir='ltr'>tres</span> <span class='ocrx_word' id='word_1_687' title='bbox 3134 4103 3254 4141; x_wconf 85' lang='lat' dir='ltr'>esse</span> <span class='ocrx_word' id='word_1_688' title='bbox 3282 4086 3344 4141; x_wconf 89' lang='lat' dir='ltr'>in</span> <span class='ocrx_word' id='word_1_689' title='bbox 3368 4087 3561 4142; x_wconf 86' lang='lat' dir='ltr'>anima</span> <span class='ocrx_word' id='word_1_690' title='bbox 3587 4086 3681 4140; x_wconf 88' lang='lat' dir='ltr'>hu-</span> 
     </span>
    </p>
   </div>
   <div class='ocr_carea' id='block_1_88' title="bbox 2099 4175 3681 4248">
    <p class='ocr_par' dir='ltr' id='par_1_88' title="bbox 2099 4175 3681 4248">
     <span class='ocr_line' id='line_1_88' title="bbox 2099 4175 3681 4248; baseline -0.003 -18"><span class='ocrx_word' id='word_1_691' title='bbox 2099 4193 2269 4247; x_wconf 87' lang='lat' dir='ltr'>mana</span> <span class='ocrx_word' id='word_1_692' title='bbox 2281 4176 3017 4248; x_wconf 77' lang='lat' dir='ltr'>possessiones,rationalem</span> <span class='ocrx_word' id='word_1_693' title='bbox 3030 4175 3321 4241; x_wconf 90' lang='lat' dir='ltr'>scilicet,et</span> <span class='ocrx_word' id='word_1_694' title='bbox 3332 4175 3681 4233; x_wconf 86' lang='lat' dir='ltr'>irascibilem,</span> 
     </span>
    </p>
   </div>
   <div class='ocr_carea' id='block_1_89' title="bbox 2101 4262 3683 4337">
    <p class='ocr_par' dir='ltr' id='par_1_89' title="bbox 2101 4262 3683 4337">
     <span class='ocr_line' id='line_1_89' title="bbox 2101 4262 3683 4337; baseline -0.003 -18"><span class='ocrx_word' id='word_1_695' title='bbox 2101 4270 2269 4336; x_wconf 90' lang='lat' dir='ltr'>atque</span> <span class='ocrx_word' id='word_1_696' title='bbox 2285 4265 2794 4337; x_wconf 89' lang='lat' dir='ltr'>concupiscibilem.</span> <span class='ocrx_word' id='word_1_697' title='bbox 2819 4266 2908 4329; x_wconf 90' lang='lat' dir='ltr'>Et,</span> <span class='ocrx_word' id='word_1_698' title='bbox 2928 4271 2993 4319; x_wconf 92' lang='lat' dir='ltr'>ut</span> <span class='ocrx_word' id='word_1_699' title='bbox 3009 4270 3174 4336; x_wconf 90' lang='lat' dir='ltr'>putat</span> <span class='ocrx_word' id='word_1_700' title='bbox 3190 4265 3560 4335; x_wconf 87' lang='lat' dir='ltr'>philosophus</span> <span class='ocrx_word' id='word_1_701' title='bbox 3578 4262 3683 4326; x_wconf 88' lang='lat' dir='ltr'>ille,</span> 
     </span>
    </p>
   </div>
   <div class='ocr_carea' id='block_1_90' title="bbox 422 4348 3682 4430">
    <p class='ocr_par' dir='ltr' id='par_1_90' title="bbox 422 4348 3682 4430">
     <span class='ocr_line' id='line_1_90' title="bbox 422 4348 3682 4430; baseline -0 -25"><span class='ocrx_word' id='word_1_702' title='bbox 422 4355 509 4405; x_wconf 86' lang='lat' dir='ltr'>est</span> <span class='ocrx_word' id='word_1_703' title='bbox 535 4350 878 4421; x_wconf 88' lang='lat' dir='ltr'>conspersio.</span> <span class='ocrx_word' id='word_1_704' title='bbox 906 4350 1055 4417; x_wconf 66' lang='lat' dir='ltr'>Haec,</span> <span class='ocrx_word' id='word_1_705' title='bbox 1086 4357 1150 4406; x_wconf 91' lang='lat' dir='ltr'>ut</span> <span class='ocrx_word' id='word_1_706' title='bbox 1194 4352 1378 4405; x_wconf 91' lang='lat' dir='ltr'>cernis</span> <span class='ocrx_word' id='word_1_707' title='bbox 1421 4354 1615 4421; x_wconf 92' lang='lat' dir='ltr'>lector,</span> <span class='ocrx_word' id='word_1_708' title='bbox 1645 4357 1850 4412; x_wconf 90' lang='lat' dir='ltr'>mulier</span> <span class='ocrx_word' id='word_1_709' title='bbox 1878 4348 2082 4430; x_wconf 76' lang='lat' dir='ltr'>ﬁgu-D</span> <span class='ocrx_word' id='word_1_710' title='bbox 2101 4354 2434 4408; x_wconf 88' lang='lat' dir='ltr'>rationabile</span> <span class='ocrx_word' id='word_1_711' title='bbox 2453 4360 2710 4409; x_wconf 91' lang='lat' dir='ltr'>nostrum</span> <span class='ocrx_word' id='word_1_712' title='bbox 2729 4355 2787 4408; x_wconf 92' lang='lat' dir='ltr'>in</span> <span class='ocrx_word' id='word_1_713' title='bbox 2811 4353 3038 4409; x_wconf 90' lang='lat' dir='ltr'>cerebro</span> <span class='ocrx_word' id='word_1_714' title='bbox 3058 4352 3454 4419; x_wconf 71' lang='lat' dir='ltr'>cst,i‘rascibile</span> <span class='ocrx_word' id='word_1_715' title='bbox 3470 4353 3529 4407; x_wconf 90' lang='lat' dir='ltr'>in</span> <span class='ocrx_word' id='word_1_716' title='bbox 3548 4351 3682 4414; x_wconf 81' lang='lat' dir='ltr'>felle,</span> 
     </span>
    </p>
   </div>
   <div class='ocr_carea' id='block_1_91' title="bbox 418 4439 3686 4514">
    <p class='ocr_par' dir='ltr' id='par_1_91' title="bbox 418 4439 3686 4514">
     <span class='ocr_line' id='line_1_91' title="bbox 418 4439 3686 4514; baseline -0 -22"><span class='ocrx_word' id='word_1_717' title='bbox 418 4455 543 4493; x_wconf 90' lang='lat' dir='ltr'>ram</span> <span class='ocrx_word' id='word_1_718' title='bbox 562 4440 710 4509; x_wconf 91' lang='lat' dir='ltr'>gerit</span> <span class='ocrx_word' id='word_1_719' title='bbox 735 4439 1010 4505; x_wconf 61' lang='lat' dir='ltr'>Ecclesiae,</span> <span class='ocrx_word' id='word_1_720' title='bbox 1043 4456 1165 4511; x_wconf 67' lang='lat' dir='ltr'>qum</span> <span class='ocrx_word' id='word_1_721' title='bbox 1195 4441 1406 4512; x_wconf 90' lang='lat' dir='ltr'>accepit</span> <span class='ocrx_word' id='word_1_722' title='bbox 1448 4442 1808 4509; x_wconf 82' lang='lat' dir='ltr'>fermentum,</span> <span class='ocrx_word' id='word_1_723' title='bbox 1843 4447 1901 4501; x_wconf 91' lang='lat' dir='ltr'>id</span> <span class='ocrx_word' id='word_1_724' title='bbox 1929 4453 2017 4503; x_wconf 90' lang='lat' dir='ltr'>est</span> <span class='ocrx_word' id='word_1_725' title='bbox 2099 4459 2265 4513; x_wconf 76' lang='lat' dir='ltr'>porro</span> <span class='ocrx_word' id='word_1_726' title='bbox 2296 4442 2723 4514; x_wconf 89' lang='lat' dir='ltr'>concupiscibile</span> <span class='ocrx_word' id='word_1_727' title='bbox 2753 4443 2812 4496; x_wconf 91' lang='lat' dir='ltr'>in</span> <span class='ocrx_word' id='word_1_728' title='bbox 2835 4444 3023 4513; x_wconf 87' lang='lat' dir='ltr'>jecore</span> <span class='ocrx_word' id='word_1_729' title='bbox 3052 4448 3458 4511; x_wconf 84' lang='lat' dir='ltr'>commoratur.</span> <span class='ocrx_word' id='word_1_730' title='bbox 3484 4439 3686 4505; x_wconf 88' lang='lat' dir='ltr'>Quibus</span> 
     </span>
    </p>
   </div>
   <div class='ocr_carea' id='block_1_92' title="bbox 417 4528 3690 4605">
    <p class='ocr_par' dir='ltr' id='par_1_92' title="bbox 417 4528 3690 4605">
     <span class='ocr_line' id='line_1_92' title="bbox 417 4528 3690 4605; baseline -0.001 -22"><span class='ocrx_word' id='word_1_731' title='bbox 417 4529 592 4583; x_wconf 80' lang='lat' dir='ltr'>fidem</span> <span class='ocrx_word' id='word_1_732' title='bbox 633 4528 861 4593; x_wconf 87' lang='lat' dir='ltr'>Christi,</span> <span class='ocrx_word' id='word_1_733' title='bbox 910 4529 996 4582; x_wconf 91' lang='lat' dir='ltr'>vel</span> <span class='ocrx_word' id='word_1_734' title='bbox 1037 4530 1351 4584; x_wconf 89' lang='lat' dir='ltr'>doctrinam</span> <span class='ocrx_word' id='word_1_735' title='bbox 1388 4533 1567 4587; x_wconf 91' lang='lat' dir='ltr'>sancti</span> <span class='ocrx_word' id='word_1_736' title='bbox 1606 4534 1909 4605; x_wconf 86' lang='lat' dir='ltr'>Evangelii,</span> <span class='ocrx_word' id='word_1_737' title='bbox 1958 4543 2016 4593; x_wconf 91' lang='lat' dir='ltr'>et</span> <span class='ocrx_word' id='word_1_738' title='bbox 2097 4531 2180 4586; x_wconf 89' lang='lat' dir='ltr'>ita</span> <span class='ocrx_word' id='word_1_739' title='bbox 2203 4532 2556 4603; x_wconf 75' lang='lat' dir='ltr'>praecognitis</span> <span class='ocrx_word' id='word_1_740' title='bbox 2575 4537 2633 4585; x_wconf 91' lang='lat' dir='ltr'>et</span> <span class='ocrx_word' id='word_1_741' title='bbox 2656 4531 3063 4597; x_wconf 75' lang='lat' dir='ltr'>determinetis,</span> <span class='ocrx_word' id='word_1_742' title='bbox 3105 4530 3153 4585; x_wconf 91' lang='lat' dir='ltr'>si</span> <span class='ocrx_word' id='word_1_743' title='bbox 3180 4532 3566 4603; x_wconf 85' lang='lat' dir='ltr'>acceperimus</span> <span class='ocrx_word' id='word_1_744' title='bbox 3594 4529 3690 4583; x_wconf 62' lang='lat'>{81&#39;-</span> 
     </span>
    </p>
   </div>
   <div class='ocr_carea' id='block_1_93' title="bbox 416 4609 3687 4696">
    <p class='ocr_par' dir='ltr' id='par_1_93' title="bbox 416 4609 3687 4696">
     <span class='ocr_line' id='line_1_93' title="bbox 416 4609 3687 4696; baseline 0.004 -25"><span class='ocrx_word' id='word_1_745' title='bbox 416 4614 568 4671; x_wconf 84' lang='lat' dir='ltr'>facta</span> <span class='ocrx_word' id='word_1_746' title='bbox 592 4624 680 4673; x_wconf 86' lang='lat' dir='ltr'>est</span> <span class='ocrx_word' id='word_1_747' title='bbox 706 4635 821 4672; x_wconf 90' lang='lat' dir='ltr'>una</span> <span class='ocrx_word' id='word_1_748' title='bbox 850 4624 907 4673; x_wconf 92' lang='lat' dir='ltr'>et</span> <span class='ocrx_word' id='word_1_749' title='bbox 935 4636 1077 4673; x_wconf 90' lang='lat' dir='ltr'>nova</span> <span class='ocrx_word' id='word_1_750' title='bbox 1107 4620 1444 4690; x_wconf 90' lang='lat' dir='ltr'>conspersio.</span> <span class='ocrx_word' id='word_1_751' title='bbox 1473 4622 1559 4676; x_wconf 86' lang='lat' dir='ltr'>Ita</span> <span class='ocrx_word' id='word_1_752' title='bbox 1581 4628 1646 4677; x_wconf 93' lang='lat' dir='ltr'>ut</span> <span class='ocrx_word' id='word_1_753' title='bbox 1668 4624 1938 4696; x_wconf 89' lang='lat' dir='ltr'>quidquid</span> <span class='ocrx_word' id='word_1_754' title='bbox 1956 4609 2013 4683; x_wconf 82' lang='lat' dir='ltr'>in</span> <span class='ocrx_word' id='word_1_755' title='bbox 2097 4626 2350 4674; x_wconf 72' lang='lat' dir='ltr'>mentum</span> <span class='ocrx_word' id='word_1_756' title='bbox 2381 4620 2799 4690; x_wconf 70' lang='lat' dir='ltr'>Evangelicum.</span> <span class='ocrx_word' id='word_1_757' title='bbox 2831 4625 2888 4675; x_wconf 79' lang='lat' dir='ltr'>et</span> <span class='ocrx_word' id='word_1_758' title='bbox 2918 4620 3338 4691; x_wconf 67' lang='lat' dir='ltr'>scripturarum</span> <span class='ocrx_word' id='word_1_759' title='bbox 3370 4624 3687 4675; x_wconf 62' lang='lat' dir='ltr'>sanctarum</span> 
     </span>
    </p>
   </div>
   <div class='ocr_carea' id='block_1_94' title="bbox 416 4707 3686 4779">
    <p class='ocr_par' dir='ltr' id='par_1_94' title="bbox 416 4707 3686 4779">
     <span class='ocr_line' id='line_1_94' title="bbox 416 4707 3686 4779; baseline 0.002 -20"><span class='ocrx_word' id='word_1_760' title='bbox 416 4707 705 4777; x_wconf 87' lang='lat' dir='ltr'>prophetis</span> <span class='ocrx_word' id='word_1_761' title='bbox 734 4712 792 4762; x_wconf 93' lang='lat' dir='ltr'>et</span> <span class='ocrx_word' id='word_1_762' title='bbox 814 4708 1164 4779; x_wconf 87' lang='lat' dir='ltr'>patriarchis,</span> <span class='ocrx_word' id='word_1_763' title='bbox 1198 4726 1300 4763; x_wconf 89' lang='lat' dir='ltr'>nec</span> <span class='ocrx_word' id='word_1_764' title='bbox 1328 4727 1442 4765; x_wconf 93' lang='lat' dir='ltr'>non</span> <span class='ocrx_word' id='word_1_765' title='bbox 1473 4717 1530 4765; x_wconf 93' lang='lat' dir='ltr'>et</span> <span class='ocrx_word' id='word_1_766' title='bbox 1549 4711 1608 4766; x_wconf 93' lang='lat' dir='ltr'>in</span> <span class='ocrx_word' id='word_1_767' title='bbox 1638 4714 1791 4767; x_wconf 89' lang='lat' dir='ltr'>omni</span> <span class='ocrx_word' id='word_1_768' title='bbox 1822 4715 2012 4771; x_wconf 86' lang='lat' dir='ltr'>Veteri</span> <span class='ocrx_word' id='word_1_769' title='bbox 2094 4709 2426 4774; x_wconf 80' lang='lat' dir='ltr'>doctrinam,</span> <span class='ocrx_word' id='word_1_770' title='bbox 2452 4709 2522 4763; x_wconf 84' lang='lat' dir='ltr'>de</span> <span class='ocrx_word' id='word_1_771' title='bbox 2535 4724 2645 4778; x_wconf 87' lang='lat' dir='ltr'>qua</span> <span class='ocrx_word' id='word_1_772' title='bbox 2660 4710 2781 4779; x_wconf 90' lang='lat' dir='ltr'>jam</span> <span class='ocrx_word' id='word_1_773' title='bbox 2799 4725 2970 4779; x_wconf 89' lang='lat' dir='ltr'>supra</span> <span class='ocrx_word' id='word_1_774' title='bbox 2994 4708 3206 4763; x_wconf 91' lang='lat' dir='ltr'>dictum</span> <span class='ocrx_word' id='word_1_775' title='bbox 3232 4713 3336 4772; x_wconf 91' lang='lat' dir='ltr'>est,</span> <span class='ocrx_word' id='word_1_776' title='bbox 3355 4713 3414 4761; x_wconf 88' lang='lat' dir='ltr'>et</span> <span class='ocrx_word' id='word_1_777' title='bbox 3435 4713 3555 4766; x_wconf 84' lang='lat' dir='ltr'>tres</span> <span class='ocrx_word' id='word_1_778' title='bbox 3573 4707 3686 4761; x_wconf 57' lang='lat' dir='ltr'>ista“!</span> 
     </span>
    </p>
   </div>
   <div class='ocr_carea' id='block_1_95' title="bbox 415 4796 2010 4870">
    <p class='ocr_par' dir='ltr' id='par_1_95' title="bbox 415 4796 2010 4870">
     <span class='ocr_line' id='line_1_95' title="bbox 415 4796 2010 4870; baseline 0.008 -22"><span class='ocrx_word' id='word_1_779' title='bbox 415 4796 779 4850; x_wconf 86' lang='lat' dir='ltr'>Testamento</span> <span class='ocrx_word' id='word_1_780' title='bbox 807 4797 1111 4864; x_wconf 86' lang='lat' dir='ltr'>celabatur,</span> <span class='ocrx_word' id='word_1_781' title='bbox 1138 4798 1235 4853; x_wconf 92' lang='lat' dir='ltr'>ubi</span> <span class='ocrx_word' id='word_1_782' title='bbox 1276 4800 1611 4870; x_wconf 90' lang='lat' dir='ltr'>multiplices</span> <span class='ocrx_word' id='word_1_783' title='bbox 1651 4801 1921 4867; x_wconf 89' lang='lat' dir='ltr'>videmus,</span> <span class='ocrx_word' id='word_1_784' title='bbox 1955 4810 2010 4860; x_wconf 90' lang='lat' dir='ltr'>et</span> 
     </span>
    </p>
   </div>
   <div class='ocr_carea' id='block_1_96' title="bbox 2092 4796 3685 4870">
    <p class='ocr_par' dir='ltr' id='par_1_96' title="bbox 2093 4796 3685 4868">
     <span class='ocr_line' id='line_1_96' title="bbox 2093 4796 3685 4868; baseline -0.003 -16"><span class='ocrx_word' id='word_1_785' title='bbox 2093 4798 2352 4852; x_wconf 69' lang='lat' dir='ltr'>humanae</span> <span class='ocrx_word' id='word_1_786' title='bbox 2370 4798 2569 4852; x_wconf 65' lang='lat' dir='ltr'>animm</span> <span class='ocrx_word' id='word_1_787' title='bbox 2584 4798 2871 4868; x_wconf 85' lang='lat' dir='ltr'>passiones</span> <span class='ocrx_word' id='word_1_788' title='bbox 2888 4798 2946 4852; x_wconf 90' lang='lat' dir='ltr'>in</span> <span class='ocrx_word' id='word_1_789' title='bbox 2960 4813 3132 4852; x_wconf 89' lang='lat' dir='ltr'>unum</span> <span class='ocrx_word' id='word_1_790' title='bbox 3146 4796 3685 4859; x_wconf 48' lang='lat' dir='ltr'>fuerintredactsest</span> 
     </span>
    </p>
   </div>
   <div class='ocr_carea' id='block_1_97' title="bbox 412 4870 3685 4961">
    <p class='ocr_par' dir='ltr' id='par_1_97' title="bbox 412 4870 3685 4961">
     <span class='ocr_line' id='line_1_97' title="bbox 412 4870 3685 4961; baseline -0.002 -21"><span class='ocrx_word' id='word_1_791' title='bbox 412 4870 681 4956; x_wconf 87' lang='lat' dir='ltr'>mysticos</span> <span class='ocrx_word' id='word_1_792' title='bbox 700 4902 917 4951; x_wconf 87' lang='lat' dir='ltr'>sensus,</span> <span class='ocrx_word' id='word_1_793' title='bbox 941 4891 1121 4941; x_wconf 91' lang='lat' dir='ltr'>totum</span> <span class='ocrx_word' id='word_1_794' title='bbox 1154 4905 1267 4942; x_wconf 89' lang='lat' dir='ltr'>una</span> <span class='ocrx_word' id='word_1_795' title='bbox 1296 4889 1371 4943; x_wconf 77' lang='lat' dir='ltr'>Sit</span> <span class='ocrx_word' id='word_1_796' title='bbox 1401 4906 1588 4944; x_wconf 85' lang='lat' dir='ltr'>massa</span> <span class='ocrx_word' id='word_1_797' title='bbox 1608 4891 1866 4961; x_wconf 75' lang='lat' dir='ltr'>perfectae</span> <span class='ocrx_word' id='word_1_798' title='bbox 1878 4893 2006 4948; x_wconf 79' lang='lat' dir='ltr'>ﬁdei</span> <span class='ocrx_word' id='word_1_799' title='bbox 2091 4903 2403 4957; x_wconf 70' lang='lat' dir='ltr'>conspersae</span> <span class='ocrx_word' id='word_1_800' title='bbox 2426 4888 2701 4943; x_wconf 87' lang='lat' dir='ltr'>fermento</span> <span class='ocrx_word' id='word_1_801' title='bbox 2717 4887 2972 4957; x_wconf 75' lang='lat' dir='ltr'>justiﬁes,</span> <span class='ocrx_word' id='word_1_802' title='bbox 2996 4878 3078 4941; x_wconf 87' lang='lat' dir='ltr'>ita</span> <span class='ocrx_word' id='word_1_803' title='bbox 3096 4892 3160 4940; x_wconf 89' lang='lat' dir='ltr'>ut</span> <span class='ocrx_word' id='word_1_804' title='bbox 3178 4886 3236 4940; x_wconf 89' lang='lat' dir='ltr'>in</span> <span class='ocrx_word' id='word_1_805' title='bbox 3254 4885 3478 4960; x_wconf 76' lang='lat' dir='ltr'>ratione</span> <span class='ocrx_word' id='word_1_806' title='bbox 3507 4884 3685 4953; x_wconf 87' lang='lat' dir='ltr'>vigeat</span> 
     </span>
    </p>
   </div>
   <div class='ocr_carea' id='block_1_98' title="bbox 411 4971 3681 5048">
    <p class='ocr_par' dir='ltr' id='par_1_98' title="bbox 411 4971 3681 5048">
     <span class='ocr_line' id='line_1_98' title="bbox 411 4971 3681 5048; baseline -0.001 -21"><span class='ocrx_word' id='word_1_807' title='bbox 411 4974 472 5028; x_wconf 89' lang='lat' dir='ltr'>in</span> <span class='ocrx_word' id='word_1_808' title='bbox 500 4972 688 5041; x_wconf 86' lang='lat' dir='ltr'>verbo,</span> <span class='ocrx_word' id='word_1_809' title='bbox 716 4991 838 5044; x_wconf 78' lang='lat' dir='ltr'>quae</span> <span class='ocrx_word' id='word_1_810' title='bbox 866 4976 1125 5031; x_wconf 84' lang='lat' dir='ltr'>ﬁdelibus</span> <span class='ocrx_word' id='word_1_811' title='bbox 1162 4994 1274 5031; x_wconf 92' lang='lat' dir='ltr'>non</span> <span class='ocrx_word' id='word_1_812' title='bbox 1303 4978 1458 5044; x_wconf 87' lang='lat' dir='ltr'>latet,</span> <span class='ocrx_word' id='word_1_813' title='bbox 1491 4980 1629 5034; x_wconf 90' lang='lat' dir='ltr'>latet</span> <span class='ocrx_word' id='word_1_814' title='bbox 1658 4996 1786 5034; x_wconf 90' lang='lat' dir='ltr'>vero</span> <span class='ocrx_word' id='word_1_815' title='bbox 1814 4986 2007 5048; x_wconf 68' lang='lat'>595</span> <span class='ocrx_word' id='word_1_816' title='bbox 2088 4977 2389 5048; x_wconf 89' lang='lat' dir='ltr'>prudentia</span> <span class='ocrx_word' id='word_1_817' title='bbox 2418 4977 2580 5041; x_wconf 89' lang='lat' dir='ltr'>mira,</span> <span class='ocrx_word' id='word_1_818' title='bbox 2606 4976 2909 5047; x_wconf 82' lang='lat' dir='ltr'>perfectum</span> <span class='ocrx_word' id='word_1_819' title='bbox 2936 4974 3127 5029; x_wconf 90' lang='lat' dir='ltr'>odium</span> <span class='ocrx_word' id='word_1_820' title='bbox 3158 4979 3356 5044; x_wconf 76' lang='lat' dir='ltr'>surgat</span> <span class='ocrx_word' id='word_1_821' title='bbox 3382 4979 3584 5028; x_wconf 88' lang='lat' dir='ltr'>contra</span> <span class='ocrx_word' id='word_1_822' title='bbox 3612 4971 3681 5024; x_wconf 87' lang='lat' dir='ltr'>vi-</span> 
     </span>
    </p>
   </div>
   <div class='ocr_carea' id='block_1_99' title="bbox 409 5062 2007 5137">
    <p class='ocr_par' dir='ltr' id='par_1_99' title="bbox 409 5062 2007 5137">
     <span class='ocr_line' id='line_1_99' title="bbox 409 5062 2007 5137; baseline 0.005 -21"><span class='ocrx_word' id='word_1_823' title='bbox 409 5062 731 5117; x_wconf 85' lang='lat' dir='ltr'>inﬁdelibus</span> <span class='ocrx_word' id='word_1_824' title='bbox 756 5064 1148 5120; x_wconf 90' lang='lat' dir='ltr'>etincredulis.</span> <span class='ocrx_word' id='word_1_825' title='bbox 1167 5067 1327 5129; x_wconf 90' lang='lat' dir='ltr'>Quod</span> <span class='ocrx_word' id='word_1_826' title='bbox 1356 5073 1548 5122; x_wconf 89' lang='lat' dir='ltr'>autem</span> <span class='ocrx_word' id='word_1_827' title='bbox 1575 5071 1741 5123; x_wconf 76' lang='lat' dir='ltr'>donec</span> <span class='ocrx_word' id='word_1_828' title='bbox 1767 5072 2007 5137; x_wconf 82' lang='lat' dir='ltr'>fermen-</span> 
     </span>
    </p>
   </div>
   <div class='ocr_carea' id='block_1_100' title="bbox 413 5153 1998 5225">
    <p class='ocr_par' dir='ltr' id='par_1_100' title="bbox 413 5153 1998 5225">
     <span class='ocr_line' id='line_1_100' title="bbox 413 5153 1998 5225; baseline 0.006 -22"><span class='ocrx_word' id='word_1_829' title='bbox 413 5155 629 5204; x_wconf 80' lang='lat' dir='ltr'>taretur</span> <span class='ocrx_word' id='word_1_830' title='bbox 656 5157 828 5205; x_wconf 79' lang='lat' dir='ltr'>totum</span> <span class='ocrx_word' id='word_1_831' title='bbox 849 5153 1001 5216; x_wconf 79' lang='lat' dir='ltr'>dicit,</span> <span class='ocrx_word' id='word_1_832' title='bbox 1027 5154 1073 5206; x_wconf 89' lang='lat' dir='ltr'>si</span> <span class='ocrx_word' id='word_1_833' title='bbox 1097 5155 1166 5207; x_wconf 89' lang='lat' dir='ltr'>ad</span> <span class='ocrx_word' id='word_1_834' title='bbox 1186 5172 1363 5223; x_wconf 89' lang='lat' dir='ltr'>genus</span> <span class='ocrx_word' id='word_1_835' title='bbox 1385 5156 1694 5211; x_wconf 86' lang='lat' dir='ltr'>humanum</span> <span class='ocrx_word' id='word_1_836' title='bbox 1720 5158 1998 5225; x_wconf 89' lang='lat' dir='ltr'>retuleris,</span> 
     </span>
    </p>
   </div>
   <div class='ocr_carea' id='block_1_101' title="bbox 409 5242 2001 5317">
    <p class='ocr_par' dir='ltr' id='par_1_101' title="bbox 409 5242 2001 5317">
     <span class='ocr_line' id='line_1_101' title="bbox 409 5242 2001 5317; baseline 0.006 -25"><span class='ocrx_word' id='word_1_837' title='bbox 409 5254 589 5309; x_wconf 88' lang='lat' dir='ltr'>usque</span> <span class='ocrx_word' id='word_1_838' title='bbox 619 5242 684 5294; x_wconf 81' lang='lat' dir='ltr'>ad</span> <span class='ocrx_word' id='word_1_839' title='bbox 719 5242 887 5294; x_wconf 84' lang='lat' dir='ltr'>ﬁnem</span> <span class='ocrx_word' id='word_1_840' title='bbox 912 5243 1117 5308; x_wconf 63' lang='lat' dir='ltr'>saeculi,</span> <span class='ocrx_word' id='word_1_841' title='bbox 1141 5244 1197 5297; x_wconf 88' lang='lat' dir='ltr'>in</span> <span class='ocrx_word' id='word_1_842' title='bbox 1221 5261 1330 5314; x_wconf 90' lang='lat' dir='ltr'>quo</span> <span class='ocrx_word' id='word_1_843' title='bbox 1352 5251 1469 5298; x_wconf 88' lang='lat' dir='ltr'>tota</span> <span class='ocrx_word' id='word_1_844' title='bbox 1508 5247 1802 5317; x_wconf 84' lang='lat' dir='ltr'>integritas</span> <span class='ocrx_word' id='word_1_845' title='bbox 1835 5248 2001 5316; x_wconf 86' lang='lat' dir='ltr'>hujus</span> 
     </span>
    </p>
   </div>
   <div class='ocr_carea' id='block_1_102' title="bbox 413 5328 2003 5401">
    <p class='ocr_par' dir='ltr' id='par_1_102' title="bbox 413 5328 2003 5401">
     <span class='ocr_line' id='line_1_102' title="bbox 413 5328 2003 5401; baseline 0.006 -22"><span class='ocrx_word' id='word_1_846' title='bbox 413 5328 859 5383; x_wconf 84' lang='lat' dir='ltr'>fermentationis</span> <span class='ocrx_word' id='word_1_847' title='bbox 896 5333 1234 5401; x_wconf 84' lang='lat' dir='ltr'>extenditur,</span> <span class='ocrx_word' id='word_1_848' title='bbox 1270 5334 1524 5387; x_wconf 84' lang='lat' dir='ltr'>dilatatio</span> <span class='ocrx_word' id='word_1_849' title='bbox 1565 5337 2003 5389; x_wconf 86' lang='lat' dir='ltr'>commendanda</span> 
     </span>
    </p>
   </div>
   <div class='ocr_carea' id='block_1_103' title="bbox 411 5416 2000 5494">
    <p class='ocr_par' dir='ltr' id='par_1_103' title="bbox 411 5416 2000 5494">
     <span class='ocr_line' id='line_1_103' title="bbox 411 5416 2000 5494; baseline 0.006 -26"><span class='ocrx_word' id='word_1_850' title='bbox 411 5422 515 5469; x_wconf 89' lang='lat' dir='ltr'>est.</span> <span class='ocrx_word' id='word_1_851' title='bbox 531 5416 704 5479; x_wconf 85' lang='lat' dir='ltr'>Porro</span> <span class='ocrx_word' id='word_1_852' title='bbox 733 5418 1071 5473; x_wconf 82' lang='lat' dir='ltr'>fermentum</span> <span class='ocrx_word' id='word_1_853' title='bbox 1092 5423 1161 5474; x_wconf 89' lang='lat' dir='ltr'>de</span> <span class='ocrx_word' id='word_1_854' title='bbox 1176 5421 1357 5474; x_wconf 85' lang='lat' dir='ltr'>farina</span> <span class='ocrx_word' id='word_1_855' title='bbox 1382 5429 1482 5485; x_wconf 82' lang='lat' dir='ltr'>est,</span> <span class='ocrx_word' id='word_1_856' title='bbox 1518 5423 1611 5476; x_wconf 91' lang='lat' dir='ltr'>sed</span> <span class='ocrx_word' id='word_1_857' title='bbox 1639 5424 2000 5494; x_wconf 84' lang='lat' dir='ltr'>singularitas</span> 
     </span>
    </p>
   </div>
   <div class='ocr_carea' id='block_1_104' title="bbox 411 5505 1997 5583">
    <p class='ocr_par' dir='ltr' id='par_1_104' title="bbox 411 5505 1997 5583">
     <span class='ocr_line' id='line_1_104' title="bbox 411 5505 1997 5583; baseline 0.005 -25"><span class='ocrx_word' id='word_1_858' title='bbox 411 5505 462 5558; x_wconf 92' lang='lat' dir='ltr'>ei</span> <span class='ocrx_word' id='word_1_859' title='bbox 493 5505 748 5576; x_wconf 56' lang='lat' dir='ltr'>quadam</span> <span class='ocrx_word' id='word_1_860' title='bbox 770 5507 1089 5572; x_wconf 88' lang='lat' dir='ltr'>ascribitur,</span> <span class='ocrx_word' id='word_1_861' title='bbox 1107 5525 1172 5562; x_wconf 88' lang='lat' dir='ltr'>eo</span> <span class='ocrx_word' id='word_1_862' title='bbox 1200 5508 1349 5580; x_wconf 88' lang='lat' dir='ltr'>quod</span> <span class='ocrx_word' id='word_1_863' title='bbox 1369 5510 1631 5565; x_wconf 86' lang='lat' dir='ltr'>virtutem</span> <span class='ocrx_word' id='word_1_864' title='bbox 1659 5511 1997 5583; x_wconf 79' lang='lat' dir='ltr'>habeatspe-</span> 
     </span>
    </p>
   </div>
   <div class='ocr_carea' id='block_1_105' title="bbox 2088 5058 3677 5135">
    <p class='ocr_par' dir='ltr' id='par_1_105' title="bbox 2088 5058 3677 5135">
     <span class='ocr_line' id='line_1_105' title="bbox 2088 5058 3677 5135; baseline -0.005 -14"><span class='ocrx_word' id='word_1_865' title='bbox 2088 5065 2185 5125; x_wconf 86' lang='lat' dir='ltr'>tia.</span> <span class='ocrx_word' id='word_1_866' title='bbox 2210 5066 2271 5118; x_wconf 91' lang='lat' dir='ltr'>in</span> <span class='ocrx_word' id='word_1_867' title='bbox 2290 5065 2570 5121; x_wconf 85' lang='lat' dir='ltr'>desiderio</span> <span class='ocrx_word' id='word_1_868' title='bbox 2583 5081 2712 5119; x_wconf 88' lang='lat' dir='ltr'>vero</span> <span class='ocrx_word' id='word_1_869' title='bbox 2736 5066 2823 5121; x_wconf 91' lang='lat' dir='ltr'>vel</span> <span class='ocrx_word' id='word_1_870' title='bbox 2841 5062 3292 5135; x_wconf 86' lang='lat' dir='ltr'>concupiscentia</span> <span class='ocrx_word' id='word_1_871' title='bbox 3308 5062 3562 5117; x_wconf 87' lang='lat' dir='ltr'>charitas</span> <span class='ocrx_word' id='word_1_872' title='bbox 3580 5058 3677 5117; x_wconf 89' lang='lat' dir='ltr'>Dei</span> 
     </span>
    </p>
   </div>
   <div class='ocr_carea' id='block_1_106' title="bbox 2087 5153 3677 5229">
    <p class='ocr_par' dir='ltr' id='par_1_106' title="bbox 2087 5153 3677 5229">
     <span class='ocr_line' id='line_1_106' title="bbox 2087 5153 3677 5229; baseline -0.004 -16"><span class='ocrx_word' id='word_1_873' title='bbox 2087 5164 2143 5213; x_wconf 91' lang='lat' dir='ltr'>et</span> <span class='ocrx_word' id='word_1_874' title='bbox 2171 5159 2406 5229; x_wconf 86' lang='lat' dir='ltr'>proximi</span> <span class='ocrx_word' id='word_1_875' title='bbox 2427 5164 2821 5225; x_wconf 89' lang='lat' dir='ltr'>commutetur,</span> <span class='ocrx_word' id='word_1_876' title='bbox 2847 5162 2912 5212; x_wconf 93' lang='lat' dir='ltr'>ut</span> <span class='ocrx_word' id='word_1_877' title='bbox 2934 5157 3010 5211; x_wconf 89' lang='lat' dir='ltr'>sit</span> <span class='ocrx_word' id='word_1_878' title='bbox 3028 5173 3252 5226; x_wconf 89' lang='lat' dir='ltr'>semper</span> <span class='ocrx_word' id='word_1_879' title='bbox 3273 5155 3331 5209; x_wconf 90' lang='lat' dir='ltr'>in</span> <span class='ocrx_word' id='word_1_880' title='bbox 3346 5154 3579 5210; x_wconf 89' lang='lat' dir='ltr'>homine</span> <span class='ocrx_word' id='word_1_881' title='bbox 3597 5153 3677 5206; x_wconf 82' lang='lat' dir='ltr'>vi-</span> 
     </span>
    </p>
   </div>
   <div class='ocr_carea' id='block_1_107' title="bbox 2084 5242 3677 5318">
    <p class='ocr_par' dir='ltr' id='par_1_107' title="bbox 2084 5242 3677 5318">
     <span class='ocr_line' id='line_1_107' title="bbox 2084 5242 3677 5318; baseline -0.004 -17"><span class='ocrx_word' id='word_1_882' title='bbox 2084 5248 2222 5301; x_wconf 88' lang='lat' dir='ltr'>ridis</span> <span class='ocrx_word' id='word_1_883' title='bbox 2246 5248 2522 5318; x_wconf 88' lang='lat' dir='ltr'>cupiditas</span> <span class='ocrx_word' id='word_1_884' title='bbox 2553 5248 2858 5313; x_wconf 88' lang='lat' dir='ltr'>virtutum;</span> <span class='ocrx_word' id='word_1_885' title='bbox 2907 5251 2965 5300; x_wconf 91' lang='lat' dir='ltr'>et</span> <span class='ocrx_word' id='word_1_886' title='bbox 2992 5246 3096 5299; x_wconf 92' lang='lat' dir='ltr'>hoc</span> <span class='ocrx_word' id='word_1_887' title='bbox 3126 5250 3310 5299; x_wconf 87' lang='lat' dir='ltr'>totum</span> <span class='ocrx_word' id='word_1_888' title='bbox 3338 5260 3440 5314; x_wconf 89' lang='lat' dir='ltr'>per</span> <span class='ocrx_word' id='word_1_889' title='bbox 3469 5242 3677 5297; x_wconf 84' lang='lat' dir='ltr'>doctri-</span> 
     </span>
    </p>
   </div>
   <div class='ocr_carea' id='block_1_108' title="bbox 2085 5330 3680 5406">
    <p class='ocr_par' dir='ltr' id='par_1_108' title="bbox 2085 5330 3680 5406">
     <span class='ocr_line' id='line_1_108' title="bbox 2085 5330 3680 5406; baseline -0.004 -16"><span class='ocrx_word' id='word_1_890' title='bbox 2085 5352 2213 5390; x_wconf 84' lang='lat' dir='ltr'>nam</span> <span class='ocrx_word' id='word_1_891' title='bbox 2244 5336 2637 5405; x_wconf 82' lang='lat' dir='ltr'>evangelicam,</span> <span class='ocrx_word' id='word_1_892' title='bbox 2672 5351 2839 5406; x_wconf 87' lang='lat' dir='ltr'>quam</span> <span class='ocrx_word' id='word_1_893' title='bbox 2885 5334 2941 5389; x_wconf 91' lang='lat' dir='ltr'>in</span> <span class='ocrx_word' id='word_1_894' title='bbox 2993 5333 3154 5388; x_wconf 88' lang='lat' dir='ltr'>nobis</span> <span class='ocrx_word' id='word_1_895' title='bbox 3212 5339 3394 5387; x_wconf 88' lang='lat' dir='ltr'>mater</span> <span class='ocrx_word' id='word_1_896' title='bbox 3434 5330 3680 5387; x_wconf 87' lang='lat' dir='ltr'>Ecclesia</span> 
     </span>
    </p>
   </div>
   <div class='ocr_carea' id='block_1_109' title="bbox 2084 5419 3675 5494">
    <p class='ocr_par' dir='ltr' id='par_1_109' title="bbox 2084 5419 3675 5494">
     <span class='ocr_line' id='line_1_109' title="bbox 2084 5419 3675 5494; baseline -0.003 -17"><span class='ocrx_word' id='word_1_897' title='bbox 2084 5424 2226 5479; x_wconf 77' lang='lat' dir='ltr'>bene</span> <span class='ocrx_word' id='word_1_898' title='bbox 2255 5425 2565 5494; x_wconf 89' lang='lat' dir='ltr'>conspersit</span> <span class='ocrx_word' id='word_1_899' title='bbox 2591 5429 2649 5479; x_wconf 88' lang='lat' dir='ltr'>et</span> <span class='ocrx_word' id='word_1_900' title='bbox 2689 5423 2979 5478; x_wconf 90' lang='lat' dir='ltr'>abscondit</span> <span class='ocrx_word' id='word_1_901' title='bbox 3024 5422 3080 5476; x_wconf 89' lang='lat' dir='ltr'>in</span> <span class='ocrx_word' id='word_1_902' title='bbox 3133 5421 3394 5476; x_wconf 90' lang='lat' dir='ltr'>cordibus</span> <span class='ocrx_word' id='word_1_903' title='bbox 3444 5419 3675 5481; x_wconf 86' lang='lat' dir='ltr'>nostris,</span> 
     </span>
    </p>
   </div>
   <div class='ocr_carea' id='block_1_110' title="bbox 2083 5510 3682 5585">
    <p class='ocr_par' dir='ltr' id='par_1_110' title="bbox 2083 5510 3682 5585">
     <span class='ocr_line' id='line_1_110' title="bbox 2083 5510 3682 5585; baseline -0.003 -18"><span class='ocrx_word' id='word_1_904' title='bbox 2083 5513 2243 5568; x_wconf 89' lang='lat' dir='ltr'>Unde</span> <span class='ocrx_word' id='word_1_905' title='bbox 2271 5512 2444 5569; x_wconf 88' lang='lat' dir='ltr'>David</span> <span class='ocrx_word' id='word_1_906' title='bbox 2470 5531 2482 5571; x_wconf 89' lang='lat'>:</span> <span class='ocrx_word' id='word_1_907' title='bbox 2513 5515 2581 5569; x_wconf 79' lang='lat' dir='ltr'>In</span> <span class='ocrx_word' id='word_1_908' title='bbox 2608 5513 2767 5585; x_wconf 73' lang='lat' dir='ltr'>corde</span> <span class='ocrx_word' id='word_1_909' title='bbox 2796 5527 2910 5566; x_wconf 81' lang='lat' dir='ltr'>meo</span> <span class='ocrx_word' id='word_1_910' title='bbox 2937 5511 3198 5567; x_wconf 75' lang='lat' dir='ltr'>abscondi</span> <span class='ocrx_word' id='word_1_911' title='bbox 3222 5510 3437 5578; x_wconf 79' lang='lat' dir='ltr'>eloquia</span> <span class='ocrx_word' id='word_1_912' title='bbox 3472 5513 3594 5572; x_wconf 80' lang='lat' dir='ltr'>tua,</span> <span class='ocrx_word' id='word_1_913' title='bbox 3618 5513 3682 5562; x_wconf 79' lang='lat' dir='ltr'>ut</span> 
     </span>
    </p>
   </div>
  </div>
