3918 6176
251 280 347 340 501

993 286 1373 344 EXPOSITIO
1409 288 1491 344 ῘΝ
1525 288 1833 345 ΠΔῙΙἾἮΕ

1919 289 2056 344 ίβ-
2082 289 2220 345 LIB.
2264 289 2386 355 ΥΠ,
2422 289 2580 346 CAP.
2615 289 2768 345 IIII.

3408 289 3513 350 502

249 423 361 463 non
383 423 599 478 peccem
630 412 738 465 tibi
764 408 928 476 (Psal.
957 425 1132 479 cxvm,
1165 413 1269 481 ll).
1300 414 1480 478 Quam
1512 429 1647 468 sane
1669 413 1838 468 inter-
1852 415 2181 481 Aquom'am
2213 417 2465 483 loquetur
2490 413 2677 483 pacem
2706 416 2772 467 in
2811 405 3018 483 plebem
3056 404 3239 481 suam,
3268 422 3320 471 et
3348 402 3518 485 super

245 497 620 569 pretationem
637 494 784 554 sicut
808 516 925 555 non
951 501 1091 563 satis
1115 502 1380 573 approbo,
1404 503 1486 556 ita
1500 518 1602 556 nec
1612 502 1837 572 rejicio;

247 586 380 657 quia
399 587 610 642 clarior
632 594 723 643 est
737 604 938 644 sensus
961 590 1132 660 hujus
1150 586 1427 661 parabolas
1450 592 1547 661 qui
1575 591 1729 644 intus
1756 606 1841 644 re-

246 674 416 733 dolet.
442 690 608 745 quem
627 670 799 748 supra
813 679 953 749 jam,
966 674 1097 733 licet
1114 679 1305 749 paucis
1324 679 1610 748 tetigimus
1634 678 1835 745 verbis,

242 755 701 820 Tamen‘etsi‘ita
725 758 1091 837 intelligatur,
1118 773 1179 821 ut
1209 768 1469 831 diximus,
1494 767 1634 820 satis
1669 767 1840 829 aditi-

243 856 333 906 ωε
354 844 704 917 audientem,
726 846 982 925 quamvis
1004 847 1119 909 non
1152 856 1393 914 multum
1422 856 1642 909 erudiat
1670 856 1839 909 lecto-

238 933 379 997 rém.
415 934 561 1006 Quia
585 941 815 997 interim
842 943 1019 998 donec
1044 960 1242 998 sumus
1274 943 1332 997 in
1360 943 1467 1007 via,
1495 960 1717 1014 semper
1740 939 1842 997 ne-

239 1045 393 1085 cesse
421 1025 511 1083 est
536 1023 887 1085 fermentum.
908 1031 1082 1085 divini
1111 1028 1261 1084 verbi
1293 1031 1350 1084 in
1384 1030 1546 1084 nobis
1573 1045 1841 1101 consper-

238 1123 411 1188 gatur
428 1112 501 1172 ad
518 1111 928 1179 incrementum
953 1120 1216 1189 justitias;
1247 1118 1379 1189 quia
1397 1119 1633 1173 scientia
1652 1119 1843 1174 divina

240 1200 493 1260 illustrat
510 1222 727 1271 sensus,
742 1200 890 1261 levat
905 1208 1092 1271 corda,
1114 1208 1488 1262 incrementat
1501 1208 1745 1277 ingenia,
1762 1208 1843 1261 di-

239 1286 383 1348 latat
411 1295 647 1348 virtutes
675 1301 732 1348 et
768 1295 1028 1361 inebriat,
1061 1300 1126 1349 ut
1152 1312 1377 1365 semper
1402 1296 1583 1350 vireat
1619 1297 1839 1350 animus

237 1375 296 1436 in
312 1375 495 1445 horis,
518 1397 849 1437 reaccensus
874 1382 1005 1453 igne
1032 1380 1242 1443 amoris
1259 1383 1378 1436 Dei.
1404 1380 1684 1438 Ditl’undit
1704 1382 1840 1454 aug;

238 1463 499 1531 mentum
533 1464 844 1537 charitatis,
876 1475 934 1524 et
976 1472 1055 1525 sic
1096 1470 1242 1526 bene
1296 1468 1418 1527 tcta
1466 1470 1837 1527 fermentatur

236 1552 564 1628 conspersio
594 1564 653 1613 et
684 1552 989 1620 innovatur
1016 1562 1248 1631 jugiter,
1280 1562 1457 1615 donec
1489 1562 1835 1633 incorruptis

233 1645 446 1710 veniat,
480 1652 537 1700 et
568 1651 706 1703 tunc
728 1647 1157 1703 fermentabitur
1178 1654 1381 1715 totum,
1415 1650 1678 1720 deinceps
1716 1651 1834 1720 jam

1922 502 2146 557 Sanctos
2172 507 2378 565 ευθεβέ
2398 505 2460 555 in
2484 518 2566 556 eos
2586 506 2686 570 qui
2701 494 3105 556 convertuntur
3130 490 3212 556 ad.
3232 503 3323 558 cor
3345 500 3512 569 (Ptol.

1923 606 2133 655 Lxxmv,
2161 590 2236 660 9).
2270 591 2345 645 Ut
2362 589 2711 660 impleretur,
2748 590 2847 655 ait,
2880 586 3029 661 quod
3056 578 3269 646 dictum
3294 578 3387 646 est
3414 578 3515 662 per

1921 678 2256 747 Prophetam
2270 677 2546 743 dicentem
2562 694 2577 728 :
2591 674 2851 746 Apertam
2864 662 2928 732 in
2941 680 3223 747 parabolis
3237 695 3293 733 os
3309 666 3512 743 meum,

1920 768 2172 819 eructabo
2213 766 2535 829 abscondita
2578 759 3049 821 a"const2‘tutio‘ne
3106 753 3309 821 mundi
3344 766 3512 834 (Psal'.

1918 864 2119 916 Lxxvn,
2151 852 2224 917 2).
2248 853 2400 907 Nulli
2421 853 2651 908 dubium
2684 855 2831 925 quod
2851 856 3148 914 Mattheeus
3164 856 3271 910 hoc
3287 844 3363 910 ex
3386 873 3515 926 per-

1924 956 2062 1001 sona
2088 940 2294 997 Christi
2321 941 2675 1008 intellexerit,
2701 948 2760 995 et
2787 936 2910 996 ideo
2941 943 3075 1013 quia
3100 933 3513 998 obscurissima)

1923 1035 2057 1082 sunt
2083 1029 2166 1082 hae
2199 1028 2491 1098 parabolae,
2524 1030 2584 1100 in
2612 1031 2723 1083 line
2772 1026 2852 1084 ita
2882 1032 3169 1097 conclusit,
3214 1032 3311 1102 qui
3346 1030 3517 1105 habet

1922 1132 2086 1169 aures
2115 1117 2402 1175 audiendi.
2435 1118 2647 1171 audiat.
2672 1116 2835 1173 Unde
2861 1111 2945 1172 ait
2966 1109 2992 1171 ε’
3132 1107 3163 1117 ”
3230 1130 3236 1137 δ
3380 1126 3383 1131 ’
3504 1112 3509 1119 ‘

1996 1206 2264 1259 Eructabo
2293 1208 2610 1260 abscondita
2644 1223 2679 1259 a
2704 1211 3092 1263 constitutione
3115 1211 3337 1264 mundi.
3363 1209 3516 1274 Quo-

1922 1294 2075 1347 uiam
2121 1293 2393 1364 quidquid
2440 1293 2806 1355 historialiter
2831 1286 3032 1350 sonare
3071 1298 3291 1352 videtur
3316 1297 3376 1352 in
3405 1292 3517 1352 Ge-

1921 1381 2060 1445 nesi,
2093 1382 2184 1435 vel
2218 1382 2283 1436 in'
2304 1381 2510 1443 Exodo,
2534 1400 2634 1437 seu
2671 1383 2729 1437 in
2759 1385 2974 1439 caeteris
2999 1386 3132 1439 locis
3162 1374 3381 1440 Veteris
3407 1382 3516 1463 Te-_

1918 1471 2203 1535 stamenti,
2230 1470 2422 1523 omnia
2449 1472 2677 1525 omnino
2706 1473 2764 1526 in
2794 1472 3071 1543 parabolis
3100 1474 3251 1527 dicta
3279 1480 3428 1538 sunt,
3462 1479 3521 1528 et

1918 1558 1978 1611 in
2035 1558 2426 1628 anigmatibus
2474 1558 2815 1615 abscondita.
2873 1551 3138 1625 Quamvis
3184 1562 3283 1637 alii
3328 1556 3518 1637 598:

1919 1647 2316 1701 transtulerint
2347 1647 2773 1718 propositiones,
2806 1649 2901 1703 alii
2940 1637 3273 1704 abscondita,
3308 1646 3519 1705 iam”.

233 1740 298 1787 ut
323 1733 492 1788 nulla
522 1740 721 1805 regnet
746 1736 1028 1805 injustitia
1072 1737 1131 1790 in
1171 1732 1525 1801 nobiszuai
1570 1738 1838 1792 nimirum
1854 1721 1900 1780 Β
1921 1734 2087 1797 brzeo,
2110 1740 2301 1789 tamen
2322 1736 2625 1806 aenigmata
2654 1736 2861 1791 habere
2875 1738 3102 1801 dicitur,
3119 1739 3251 1808 quia
3278 1739 3521 1808 aenigma

235 1827 360 1876 sata
386 1823 506 1875 tria
530 1822 724 1877 farinae
749 1816 919 1880 etiam
939 1816 999 1878 in
1028 1824 1211 1879 tribus
1246 1825 1513 1880 distincta
1541 1820 1670 1879 ﬁliis
1699 1828 1835 1893 Noe,

232 1915 298 1962 ut
323 1909 469 1974 dixi,
501 1926 537 1963 a
583 1906 918 1980 quibusdam
950 1912 1318 1983 accipiuntur,
1372 1929 1440 1966 ex
1470 1908 1673 1984 quibus
1715 1930 1841 1984 pro-

234 2004 431 2051 creata
460 2004 551 2052 est
590 1994 780 2053 omnis
809 2000 965 2060 natio
1013 1996 1257 2061 humani
1280 2001 1522 2071 generis.
1570 2002 1677 2056 Sed
1708 2003 1842 2072 quia

231 2101 343 2140 non
373 2087 635 2141 omnium
655 2080 858 2142 eorum
900 2084 986 2142 est
1013 2086 1170 2154 ﬁdes,
1204 2090 1412 2149 idcirco
1439 2091 1547 2144 nisi
1575 2106 1705 2160 pars
1728 2083 1840 2160 pro

231 2172 348 2228 tcto
371 2169 703 2245 accipiatur,
730 2173 869 2230 alias
896 2182 1080 2238 totum
1099 2177 1444 2244 fermentari,
1462 2174 1739 2249 quidquid
1770 2192 1840 2232 ex

231 2263 311 2316 eis
340 2268 452 2327 est,
493 2274 609 2316 non
634 2269 787 2326 recte
815 2262 1039 2321 dicitur.
1082 2266 1241 2319 Unde
1286 2266 1514 2335 quidam
1548 2266 1653 2319 hoc
1688 2265 1839 2320 refu-

230 2351 478 2421 gientes,
509 2351 623 2405 tria
647 2358 771 2406 sata
798 2352 856 2406 in
886 2353 1065 2407 tribus
1094 2354 1350 2408 Ecclesiae
1378 2351 1650 2408 fructibus
1678 2370 1840 2408 cons-

231 2435 405 2509 persa
430 2440 855 2506 intellexerunt,
875 2446 934 2495 et
951 2438 1323 2496 termentatur
1338 2442 1397 2495 in
1424 2442 1513 2495 his
1528 2442 1713 2495 omnis
1733 2440 1841 2494 Ec-

230 2528 424 2593 clesia,
439 2528 704 2582 doctrina
730 2525 963 2594 Christi,
975 2546 1269 2600 quousque
1287 2528 1647 2599 Evangelium
1662 2531 1721 2583 in
1736 2530 1841 2587 hoc

230 2611 348 2670 toto
369 2612 718 2686 praedicetur
728 2616 860 2671 orbe
876 2623 932 2671 et
945 2624 1348 2688 conspergatur
1358 2618 1414 2671 in
1429 2617 1688 2672 cordibus
1708 2619 1840 2672 tide-

230 2704 391 2758 lium.
417 2705 600 2768 Porro
631 2710 817 2759 satum
856 2711 1040 2770 δον
1063 2722 1242 2776 genus
1269 2712 1355 2760 est
1383 2702 1657 2759 mensurae
1676 2708 1837 2776 juxta

230 2788 453 2847 morem
476 2793 776 2863 provinciae
796 2788 1103 2848 Palaestinae
1140 2811 1315 2848 unum
1351 2800 1409 2848 et
1426 2794 1721 2848 dimidium
1741 2812 1835 2850 ca-

230 2875 391 2950 piens
402 2881 663 2940 modium
672 2898 815 2951 ,qum
831 2878 1075 2952 profecto
1089 2899 1350 2937 mensura
1358 2883 1639 2954 triplicata
1651 2882 1836 2937 adhuc

229 2965 287 3020 in
299 2968 490 3021 tribus
512 2969 860 3022 enumeratis
876 2970 1128 3039 personis
1148 2971 1315 3023 etiam
1328 2987 1358 3023 a
1371 2971 1614 3041 quodam
1634 2971 1836 3024 eximio

1921 1837 2036 1875 non
2068 1828 2156 1891 est
2179 1824 2284 1876 hoc
2312 1823 2462 1892 quod
2492 1823 2720 1885 dicitur,
2753 1825 2852 1877 sed
2882 1826 3031 1893 quod
3060 1825 3213 1903 intus
3242 1824 3522 1903 signiﬁca:-

1923 1916 2034 1965 tur.
2070 1910 2201 1964 Ideo
2228 1927 2406 1965 unum
2440 1916 2528 1964 est
2553 1911 2611 1964 in
2638 1908 2835 1976 sensu,
2858 1927 2957 1966 seu
2983 1902 3135 1966 dicas
3168 1902 3514 1977 abscondita,

1923 2014 2022 2052 seu
2045 1999 2473 2069 propositiones,
2490 2016 2589 2059 seu
2612 2000 2911 2069 aenigmata
2928 1990 3168 2063 tantum,
3184 2006 3248 2054 ut
3263 2000 3522 2055 Christus

1922 2087 2139 2157 aperiat
2165 2104 2227 2140 os
2260 2103 2446 2152 suum,
2481 2094 2539 2141 et
2574 2088 2838 2157 loquatur
2864 2079 3206 2142 intrinsecus
3251 2088 3311 2142 in
3353 2084 3520 2142 corde

1922 2175 2331 2245 prepositiones
2354 2181 2412 2228 et
2439 2176 2756 2245 aenigmata,
2781 2193 2903 2247 quae
2926 2176 2995 2230 ab
3014 2174 3175 2230 initio
3201 2168 3522 2231 saeculifue;

1924 2268 2053 2316 rant
2099 2263 2427 2333 abscondita
2472 2270 2530 2317 et
2586 2264 2821 2325 obscura
2871 2259 3048 2320 valde.
3102 2266 3262 2320 Unde
3298 2249 3523 2321 divinus

1924 2367 2109 2404 sermo
2140 2352 2430 2421 signanter
2464 2353 2546 2406 ait
2575 2370 2588 2405 :
2624 2357 2905 2413 Inclinato
2939 2346 3137 2408 aurem
3165 2359 3423 2420 vestram,
3456 2332 3521 2408 in

1922 2441 2085 2494 verba
2113 2443 2227 2492 oris
2264 2444 2372 2493 mei
2399 2444 2568 2505 (Psal.
2602 2455 2805 2508 Lxxvu,
2840 2442 2912 2508 ί).
2946 2443 3073 2496 Νοη
3100 2430 3252 2496 enim
3282 2443 3381 2505 ait,
3414 2442 3521 2496 eri-

1920 2526 2055 2596 gite,
2089 2528 2188 2595 sed
2217 2527 2479 2582 inclinate
2510 2529 2801 2596 humiliter
2830 2546 3023 2589 aurem
3053 2536 3316 2597 vestram,
3340 2536 3409 2585 ut
3436 2531 3521 2586 in-

1921 2619 2013 2686 tus
2052 2616 2201 2685 quod
2244 2623 2425 2680 sonat,
2451 2633 2563 2670 non
2593 2633 2730 2671 sono
2757 2618 2922 2682 vocis,
2960 2620 3056 2672 sed
3087 2620 3285 2673 auditu
3312 2621 3518 2674 mentis

1918 2712 2333 2761 sacramentum
2353 2704 2524 2775 divini
2550 2705 2702 2758 verbi
2722 2702 3088 2775 intelligatur,
3112 2707 3261 2776 quod
3280 2694 3516 2761 abscono

1917 2792 2098 2847 ditum
2115 2792 2224 2846 fuit
2248 2792 2318 2846 ab
2341 2792 2504 2847 initio
2531 2793 2737 2860 saeculi,
2766 2799 2824 2847 et
2842 2792 3265 2864 'przeﬁguratum
3286 2795 3344 2849 in
3370 2795 3517 2849 Scri¢

1916 2880 2097 2950 pturis
2116 2882 2309 2936 sacris.
2942 2878 2951 2883 ”
3328 2870 3337 2883 ’

1996 2969 2146 3023 Tunc
2159 2971 2402 3023 dimissis
2425 2969 2603 3023 turbis
2620 2970 2847 3033 domum
2868 2972 3185 3024 revortitur.
3210 2968 3287 3026 Ut
3312 2968 3391 3024 ibi
3416 2985 3516 3024 auo

227 3054 828 3122 doctore,fermentum
838 3073 1201 3128 conspersum
1214 3065 1271 3112 et
1286 3040 1614 3113 absconsum
1629 3059 1832 3113 nonin—
1852 3063 1896 3124 ο
1917 3055 2076 3112 client
2110 3040 2388 3128 discipuli,
2414 3074 2538 3128 quae
2565 3073 2668 3111 nec
2698 3058 2938 3128 populus
2980 3048 3304 3141 merebatur
3329 3059 3473 3113 scire
3497 3077 3510 3123 ;

227 3159 480 3215 congrue
494 3142 1045 3215 interpretatur,Noe
1066 3147 1361 3211 scilicet,et
1374 3148 1560 3211 lob,et
1580 3148 1831 3213 Daniele,

229 3230 507 3302 quoniam
528 3233 590 3286 in
612 3230 699 3288 his
712 3230 896 3289 tribus
910 3231 1165 3305 personis
1181 3236 1361 3289 omnis
1372 3237 1680 3290 electorum
1696 3237 1834 3290 ordo

229 3320 588 3391 designatur.
614 3318 775 3375 Unde
788 3318 993 3377 dicitur
1018 3339 1120 3393 per
1139 3324 1469 3393 prophetam
1490 3323 1695 3389 (Ezech.
1714 3339 1829 3387 xiv,

223 3401 308 3473 20)
340 3412 355 3454 ἑ
387 3406 452 3459 Si
481 3405 697 3467 fuerint
714 3407 832 3460 Noe
853 3413 910 3460 et
934 3407 962 3460 ,ἶ
969 3406 1038 3460 ob
1058 3413 1229 3477 atque
1254 3407 1449 3461 Daniel
1472 3407 1531 3461 in
1553 3407 1740 3461 medio
1760 3408 1835 3463 ci-

221 3492 433 3557 vitatis,
470 3509 587 3547 non
616 3493 785 3561 filios,
809 3510 915 3547 nec
937 3493 1079 3548 ﬁlias
1107 3494 1442 3559 liberabant,
1466 3495 1564 3548 sed
1593 3495 1700 3565 ipsi
1727 3496 1833 3549 soli

222 3596 321 3635 sua
345 3581 586 3651 justitia
624 3581 1009 3643 salvabuntur.
1041 3584 1150 3636 Per
1177 3599 1336 3653 quos,
1372 3590 1437 3636 ut
1484 3583 1618 3651 dixi,
1649 3584 1832 3649 clunis

221 3669 537 3723 electorum
567 3686 838 3724 numerus
858 3671 959 3737 Dei
988 3687 1321 3741 conspersus
1350 3671 1609 3725 doctrina
1635 3678 1693 3724 et
1720 3673 1831 3726 ﬁde

218 3756 583 3828 intelligitur,
612 3758 790 3812 donec
832 3759 1014 3813 omnis
1044 3760 1291 3814 Ecclesia
1317 3760 1527 3814 Christi
1564 3776 1743 3830 usque
1772 3760 1830 3814 in

219 3846 387 3927 ﬁnem
417 3846 615 3901 seculi
637 3846 697 3900 in
718 3864 894 3901 unum
917 3848 1232 3918 colligatur,
1251 3848 1355 3902 sub
1377 3865 1442 3902 eo
1468 3865 1706 3902 numero
1726 3848 1831 3902 fer-

218 3941 480 3990 mentata
498 3935 557 3988 in
579 3935 688 3989 ﬁde
707 3936 951 4006 perfecta
968 3937 1279 4003 Trinitatis,
1298 3943 1355 3990 et
1373 3937 1629 3991 doctrina
1652 3938 1829 3991 sancti

219 4022 517 4094 Evangelii
550 4040 850 4095 conspersa
895 4025 954 4078 in
986 4026 1202 4079 unitate
1238 4026 1484 4095 corporis
1533 4025 1743 4078 Christi
1769 4031 1826 4095 et

218 4110 578 4180 plenitudine
605 4112 915 4166 charitatis.
954 4114 1081 4169 Hec
1111 4114 1417 4167 secundum
1449 4113 1820 4183 quorumdam

1916 3160 2017 3199 nec
2068 3146 2263 3199 audire
2307 3145 2460 3199 intus
2511 3151 2792 3216 poterant,
2827 3145 3091 3216 quoniam
3118 3146 3286 3200 turba
3332 3146 3513 3218 magis

1917 3249 2140 3303 semper
2168 3234 2223 3288 in
2254 3234 2501 3289 tumultu
2520 3235 2692 3304 hujus
2716 3234 2902 3289 saeculi
2931 3230 3205 3300 versatur,
3239 3250 3410 3305 quam
3436 3232 3512 3289 in

1915 3320 2137 3377 silentio
2174 3322 2375 3376 cordis.
2408 3321 2519 3376 Sed
2552 3326 2675 3392 quae
2704 3328 2839 3376 tunc
2857 3322 3162 3377 audierunt
3181 3328 3239 3376 et
3258 3323 3509 3379 interro-
3576 3344 3587 3355 ί

1912 3415 2122 3478 gerunt
2145 3409 2423 3480 discipuli,
2456 3411 2574 3480 jam
2596 3410 2984 3480 pmvenimus,
3009 3416 3076 3464 ut
3109 3411 3234 3465 dum
3262 3412 3433 3466 simul
3469 3427 3505 3465 a

1916 3497 2137 3551 Lhristo
2166 3498 2427 3568 expositae
2472 3498 2753 3569 parabolas
2794 3500 3189 3568 jungerentur.
3231 3488 3508 3564 Quoniam

1913 3586 2106 3654 procul
2130 3586 2301 3639 dubio
2320 3587 2680 3656 expositionis
2703 3603 2816 3640 suae
2848 3586 3169 3656 parabolam
3191 3588 3272 3641 ita
3290 3588 3509 3641 conclu-

1912 3672 2012 3736 dit,
2046 3674 2269 3743 quando
2292 3681 2691 3743 congregatum
2720 3674 2891 3728 fuerit
2908 3675 3156 3728 triticum
3179 3676 3239 3728 in
3266 3675 3504 3739 horreis,

1910 3762 1967 3815 id
1996 3768 2083 3816 est.
2110 3762 2169 3816 in
2192 3762 2574 3815 mansionibus
2620 3762 2865 3826 aeternis,
2890 3767 3025 3816 tunc
3045 3762 3186 3832 justi
3213 3761 3508 3832 fulgebunt

1910 3850 2059 3923 sicpt
2099 3851 2201 3916 sol,
2240 3851 2298 3904 in
2338 3850 2542 3904 virtute
2571 3866 2693 3904 sua.
2729 3850 2875 3903 Nam
2902 3866 3053 3907 nunc
3075 3848 3141 3903 ut
3166 3852 3258 3911 lux
3280 3846 3504 3905 lunaain

1910 3944 2072 3996 nocte
2109 3940 2279 4008 hujus
2324 3939 2530 4003 saeculi,
2578 3945 2902 3992 sanctorum
2930 3938 3023 3991 lux
3068 3943 3173 4003 est,
3202 3944 3338 4000 tunc
3372 3955 3505 3994 vero

1906 4027 2051 4082 sicut
2074 4028 2168 4097 lpx
2192 4028 2325 4082 solis
2358 4026 2743 4098 ampliabitur.
2774 4028 2931 4093 Unde
2952 4027 3127 4081 Isaias
3151 4027 3233 4080 ait
3261 4045 3273 4079 :
3301 4028 3366 4081 Et
3395 4031 3505 4082 erit

1906 4119 2009 4169 tua:
2034 4120 2180 4175 lunae
2202 4120 2345 4170 sicut
2375 4120 2478 4170 tua:
2494 4119 2642 4180 solis,
2675 4121 2724 4169 et
2753 4120 2857 4170 tua:
2876 4119 3024 4182 solis,
3058 4116 3115 4170 id
3146 4120 3232 4177 est
3265 4108 3496 4181 Christi,

216 4198 678 4270 intelligentiam,
709 4201 890 4256 modis
918 4202 1236 4272 exposuisse
1256 4201 1509 4267 diversis,
1542 4218 1707 4256 nemo
1735 4201 1823 4256 di.-
1903 4204 2012 4259 erit
2035 4206 2176 4258 sicut
2201 4208 2304 4258 tua:
2327 4209 2524 4273 septem.
2556 4206 2775 4257 dierum
2816 4205 2949 4270 (lsa.
2979 4220 3102 4269 xxx,
3128 4203 3243 4274 26),
3277 4198 3412 4274 quia
3438 4198 3499 4259 in

216 4303 324 4356 gae
351 4289 775 4360 reprehendere
796 4297 982 4360 potest
1006 4308 1018 4342 :
1042 4290 1189 4359 quod
1221 4290 1346 4343 ideo
1374 4290 1498 4354 feci,
1521 4296 1587 4343 ut
1604 4290 1823 4347 curioso

1906 4309 1971 4347 eo
2002 4294 2111 4347 erit
2139 4294 2322 4348 omnis
2370 4294 2659 4365 plenitudo
2686 4293 2958 4346 claritatis
2994 4299 3218 4355 eterna;
3247 4298 3305 4347 et
3344 4309 3379 4348 a
3407 4284 3498 4348 se;

216 4376 416 4433 lectori
442 4377 847 4433 satisfacerem.
872 4380 997 4449 Ipse
1018 4395 1148 4432 vero
1171 4380 1240 4432 de
1263 4378 1516 4449 pluribus
1538 4379 1685 4449 quod
1709 4378 1821 4447 pla-
1844 4371 1892 4433 Ι)
1909 4388 2062 4452 ptem
2087 4383 2395 4454 spiritibus,
2428 4383 2523 4453 qui
2552 4383 2609 4436 in
2637 4387 2938 4452 conspectu
2972 4382 3164 4435 throni
3193 4383 3316 4452 ejus
3344 4388 3495 4449 sunt,

218 4467 402 4522 suerit
425 4467 740 4537 prudenter
761 4467 948 4537 eligat,
979 4473 1080 4521 aut
1124 4473 1274 4521 certe
1302 4468 1419 4522 haec
1446 4468 1639 4521 omnia
1682 4484 1820 4522 sana

1903 4471 2152 4541 omnium
2182 4472 2456 4543 donorum
2497 4472 2684 4542 gratia
2711 4471 2767 4524 in
2818 4487 2883 4524 eo
2912 4469 3151 4540 fulgebit
3201 4471 3498 4559 splendore

218 4554 328 4611 ﬁde
375 4556 514 4609 huic
541 4555 821 4626 parabolae
862 4572 977 4610 non
1019 4556 1475 4623 inconvenienter
1511 4573 1821 4628 congruere
1902 4558 2261 4629 sempiterno.
2296 4559 2564 4630 Sequitur
2595 4581 2606 4614 :

219 4641 509 4708 decernat.

283 4732 414 4789 Hac
441 4735 653 4795 omnia,
686 4731 888 4804 inquit,
920 4737 1133 4787 locutus
1164 4740 1240 4788 est
1271 4736 1424 4788 Iesus
1455 4738 1519 4789 in
1540 4737 1822 4805 parabolis

219 4819 290 4875 od
305 4822 523 4885 turbas,
537 4826 588 4875 et
606 4827 727 4874 sine
742 4823 1023 4889 parabolis
1047 4838 1159 4877 non
1180 4825 1506 4892 loquebatur
1527 4827 1622 4877 eis.
1645 4823 1827 4893 Siqui-

216 4905 344 4961 dem
376 4924 495 4963 non
524 4908 833 4979 discipulis,
859 4910 958 4964 sed
982 4910 1162 4964 turbis
1190 4928 1291 4981 per
1317 4911 1611 4981 parabolas
1640 4912 1824 4982 loqui-

216 4999 311 5051 tur
330 4996 615 5051 Christus.
631 4997 702 5051 Et
721 4998 868 5067 quod
886 4999 1113 5069 gravius
1138 5007 1242 5065 est,
1263 5016 1441 5070 usque
1464 5000 1627 5054 hodie
1646 5000 1824 5055 turba

215 5087 269 5152 et
296 5084 547 5153 populus
572 5085 744 5156 hujus
762 5088 1033 5158 temporis
1054 5088 1111 5141 in
1134 5087 1412 5158 parabolis
1441 5090 1680 5143 audiunt
1705 5090 1824 5143 sin—

212 5170 366 5237 gula,
404 5176 465 5223 et
490 5188 603 5225 non
632 5174 930 5243 requirunt
959 5180 1023 5230 ut
1049 5176 1393 5246 intelligant,
1424 5183 1642 5231 tantum
1675 5177 1824 5247 quod

213 5255 269 5313 in
289 5260 603 5325 sonovocis
622 5262 879 5317 audiunt.
905 5263 1016 5317 Sed
1038 5264 1315 5335 discipuli,
1338 5265 1537 5334 inquit,
1566 5265 1695 5335 quia
1711 5265 1822 5319 veri

220 5355 355 5408 sunt
365 5346 1087 5419 discipuli,domisecretius
1099 5350 1450 5419 interrogant
1459 5352 1821 5414 Salvatorem,

217 5439 276 5493 ει
303 5442 479 5505 9mm
499 5442 566 5497 ut
591 5436 926 5508 intelligant,
958 5439 1105 5508 quod
1134 5440 1307 5495 David
1333 5456 1520 5495 orasse
1550 5440 1821 5510 legimus:

218 5522 487 5589 4,8454%
511 5523 721 5595 inquit,
736 5526 874 5593 quid
893 5529 1161 5596 loquatur
1179 5530 1243 5584 in
1262 5543 1346 5585 ms
1369 5529 1641 5585 nominas
1660 5531 1823 5596 Deus,

1972 4648 2169 4702 Simile
2188 4652 2261 4699 est
2293 4662 2527 4714 regnum
2548 4651 2806 4702 caelorum
2829 4648 3084 4701 thesauro
3100 4650 3414 4703 abscondito
3431 4651 3496 4709 in

1904 4750 2055 4803 agro,
2091 4740 2195 4787 etc.
2245 4735 2420 4804 Cujus
2461 4735 2728 4789 nimirum
2776 4735 3053 4807 parabole
3100 4737 3495 4807 intelligentia,

1906 4822 2074 4877 etiam
2100 4821 2289 4894 etipsa
2299 4821 2533 4876 obscura
2554 4828 2659 4889 est,
2673 4824 2806 4878 dum
2827 4830 2914 4891 est
2932 4824 3051 4896 ipse
3066 4826 3366 4880 thesaurus
3377 4824 3502 4879 abs-

1907 4926 2108 4965 consus
2138 4916 2196 4964 et
2229 4910 2489 4964 inventus
2534 4913 2898 4981 praedicatur;
2950 4930 3017 4968 ac
3059 4913 3263 4969 deinde
3299 4913 3372 4969 ab
3408 4916 3499 4968 in-

1906 5006 2133 5055 ventore
2169 5015 2365 5053 rursus
2408 4999 2848 5067 reabsconditus,
2884 5008 2949 5055 ut
2993 5010 3246 5063 servetur
3270 5004 3497 5058 interim

1906 5086 2198 5141 obstrusus
2227 5094 2283 5142 et
2313 5088 2586 5149 occultus,
2616 5088 2792 5142 donec
2820 5090 2989 5144 simul
3017 5102 3145 5144 cum
3173 5092 3294 5161 ipso
3337 5107 3493 5161 agro,

1908 5175 1965 5229 in
1987 5192 2096 5246 quo
2125 5176 2280 5237 latet,
2314 5175 2495 5246 pretio
2524 5181 2764 5233 ematur.
2798 5178 2954 5232 Unde
2981 5179 3115 5248 quid
3142 5178 3341 5232 faciam
3364 5187 3501 5250 pau-

1906 5280 2007 5334 per
2026 5265 2267 5337 ingenio,
2292 5264 2570 5334 quomodo
2590 5266 2865 5336 reperiam
2886 5266 3034 5336 quod
3055 5271 3171 5320 tam
3191 5266 3500 5338 diligentis-

1908 5353 2050 5409 sime
2077 5353 2426 5409 occultatur?
2453 5354 2545 5409 \‘el
2563 5355 2841 5424 quomodo
2868 5354 3146 5421 effodiam,
3167 5356 3387 5411 etiamsi
3416 5357 3499 5411 in-

1907 5457 2129 5503 venero,
2158 5441 2305 5510 quod
2335 5448 2450 5496 tam
2477 5443 2908 5512 prot‘undissime
2937 5443 3197 5517 celatur?
3225 5446 3388 5511 Nam,
3432 5450 3498 5499 ut

1907 5544 2055 5600 sape
2079 5529 2292 5603 dictum
2320 5536 2425 5593 est,
2449 5531 2653 5591 veritas
2681 5532 2938 5601 perfectae
2964 5532 3366 5603 intelligentiae,
3395 5533 3494 5586 ob-
