3918 6176
347 254 452 316 503

1110 268 1167 323 S.
1208 272 1588 329 PASCHASII
1624 273 1984 330 RADBERTI
2021 274 2326 329 ABBATIS
2370 272 2860 331 CORBEIENSIS.

3518 266 3619 323 504

344 380 538 436 voluta
554 381 751 453 ﬁguris
776 390 836 441 et
863 388 1256 460 enigmatibus
1279 393 1575 463 qbscurata
1593 400 1696 450 est.
1723 396 1783 451 In
1811 397 1940 451 imis
1955 397 2005 453 Α
2028 396 2184 448 illius
2204 396 2374 459 radit,
2394 400 2444 450 et
2458 397 2642 450 uendit
2655 396 2847 447 omnia
2864 406 2982 458 quae
2998 391 3172 451 habet,
3189 393 3240 443 et
3257 392 3396 445 emit
3412 404 3617 456 agrum

341 468 514 538 jacet,
557 477 616 526 et
648 471 795 533 ideo.
826 473 960 531 licet
987 478 1194 534 eximia
1245 481 1322 537 sit
1356 483 1555 550 oratio,
1586 488 1644 538 et
1678 484 1940 540 facundia

348 555 626 623 sublimis,
650 559 1004 631 imploranda
1022 571 1107 621 est
1129 567 1312 622 divina
1335 569 1532 640 pietas,
1555 577 1620 626 ut
1642 588 1708 625 eo
1737 572 1938 643 spiritu

349 643 701 702 disseruntur
722 655 917 715 599
930 653 1204 722 parabolae
1231 655 1370 722 istae,
1399 673 1509 730 quo
1534 659 1793 714 videntur
1818 676 1939 715 esse

350 735 689 803 compositis.
713 736 1007 806 Quoniam,
1031 750 1094 794 ut
1113 743 1313 810 sentio,
1336 745 1393 798 in
1423 746 1526 800 hac
1544 748 1804 818 praesenti
1825 765 1940 803 om-

352 832 454 873 nes
469 823 588 891 spei
617 831 821 880 nostra:
842 842 976 897 Opes
1006 836 1063 883 et
1085 830 1290 886 divitia
1303 833 1564 888 videntur
1591 835 1863 890 obvolutae
1881 840 1940 892 et

352 904 633 965 absconsae
662 912 836 980 satis;
879 915 968 969 cui
1015 916 1300 983 thesauro,
1332 925 1464 992 quia
1506 923 1567 976 in
1596 938 1732 992 agro
1777 924 1933 991 latet,

350 1008 586 1075 regnum
618 999 884 1056 caelorum
913 1003 1180 1060 divinitus
1217 1015 1594 1079 comparatur.
1625 1010 1730 1065 Ubi
1756 1012 1938 1066 mani-

347 1080 490 1135 feste
518 1084 763 1141 ostendit
789 1088 924 1158 quia
949 1090 1009 1146 in
1050 1093 1274 1149 homine
1296 1097 1537 1161 Christo,
1560 1099 1710 1154 Deus
1734 1105 1821 1153 est
1846 1116 1938 1155 re-

349 1174 560 1237 pertus,
593 1188 706 1228 non
734 1183 925 1232 nostra
959 1182 1218 1237 inventus
1247 1184 1468 1254 peritia,
1493 1186 1590 1240 sed
1620 1203 1685 1240 ex
1709 1204 1813 1241 sua
1839 1189 1938 1242 de-

347 1265 694 1316 monstratus
736 1265 940 1334 gratia.
973 1269 1043 1322 In
1075 1286 1198 1338 quo,
1223 1272 1385 1342 juxta
1412 1275 1762 1344 Apostolum,
1807 1282 1940 1332 sunt

347 1360 534 1433 omnes
583 1350 831 1407 thesauri
864 1358 1148 1423 sapientia
1182 1363 1347 1428 atque
1393 1365 1631 1417 scientia
1661 1364 1843 1425 (Catos.
1876 1381 1935 1433 ii,

348 1431 419 1499 3),
451 1436 550 1489 sed
592 1437 650 1492 in
680 1455 816 1509 agro
844 1443 1046 1500 carnis.
1080 1444 1238 1509 Quod
1268 1448 1316 1501 si
1362 1450 1588 1505 voluero
1632 1431 1939 1508 secundum

348 1520 488 1613 alios
507 1539 730 1594 agrum,
756 1529 1043 1586 scientiam
1074 1535 1204 1588 ﬁdei
1234 1537 1505 1613 accipere,
1527 1546 1585 1594 et
1609 1540 1938 1597 thesaurum

350 1608 533 1680 ipsam
566 1613 755 1682 ﬁdem,
786 1617 1010 1674 videtur
1036 1621 1106 1675 de
1133 1628 1304 1679 tanta:
1339 1608 1700 1682 sublimitatis
1729 1629 1938 1685 intelli-

2019 483 2204 537 illum.
2233 482 2392 547 Quod
2421 490 2609 537 autem
2633 482 2735 545 ait,
2762 479 2895 550 quia
2918 476 3213 532 abscondit
3232 493 3383 543 eum,
3413 493 3529 533 non
3548 476 3620 532 de

2018 569 2226 625 invidia
2255 571 2361 625 hoc
2387 571 2537 634 facit,
2578 570 2676 624 sed
2725 568 2930 622 timore
2959 571 3133 632 casto,
3171 565 3365 621 volens
3393 580 3621 620 servare

2020 675 2148 713 eum
2178 664 2235 712 et
2261 675 2373 713 non
2395 658 2646 729 perdere.
2682 654 2813 710 Ideo
2851 653 3143 708 abscondit
3168 670 3300 709 eum
3341 652 3405 707 in
3450 653 3621 709 corde

2018 763 2120 801 suo
2142 763 2305 817 quem
2328 746 2587 801 omnibus
2608 742 2897 815 praesentis
2920 742 3046 796 vitia
3072 741 3321 812 praetulit
3340 740 3622 796 facultati.

2019 832 2143 899 bus,
2162 834 2220 887 in
2239 839 2459 887 tantum
2478 838 2544 887 ut
2570 848 2683 903 prae
2700 829 2906 901 gaudio
2925 829 3078 884 illius
3100 829 3337 900 elegerit
3355 830 3625 885 universa

2019 921 2352 986 distrahere,
2380 926 2438 974 et
2464 936 2664 991 agrum
2691 918 2903 973 scilicet
2942 933 3168 972 carnem
3219 917 3454 984 Christi,
3484 918 3628 988 quia

2020 1014 2081 1064 in
2098 1013 2210 1078 ipso
2228 1015 2303 1063 est
2325 1013 2506 1062 omnis
2526 1010 2828 1076 plenitudo,
2848 1012 2915 1061 ut
2934 1006 3068 1071 dixi,
3088 1008 3408 1061 divinitati:
3427 1006 3624 1071 (Catos.

2018 1114 2055 1161 I,
2086 1095 2165 1166 9),
2194 1114 2259 1152 ex
2288 1099 2507 1168 integro
2528 1097 2583 1150 in
2604 1112 2717 1151 una
2735 1111 2975 1166 persona
3003 1094 3487 1166 possidere.Alias
3515 1110 3628 1150 au-

2019 1192 2131 1240 tem
2164 1187 2294 1257 quid
2324 1185 2671 1240 necessitatis
2700 1184 2786 1237 vel
2819 1183 3203 1255 impedimenti
3241 1190 3384 1249 erat,
3417 1189 3486 1237 ut
3531 1183 3627 1237 in-

2019 1280 2246 1328 ventum
2276 1274 2604 1328 thesaurum
2633 1289 2745 1327 non
2792 1272 2982 1326 statim
3030 1273 3277 1326 auferret
3321 1272 3392 1325 de
3433 1271 3629 1341 agro?

2020 1361 2179 1426 Quod
2209 1363 2256 1416 si
2299 1360 2581 1432 gaudebat
2607 1361 2742 1431 quia
2777 1361 3070 1415 invenerat
3096 1376 3247 1424 eum,
3278 1376 3470 1414 nonne
3518 1359 3631 1414 tibi

2018 1450 2237 1504 videtur
2261 1450 2420 1520 quasi
2446 1450 2616 1518 hujus
2631 1449 2886 1503 inventor
2905 1449 3155 1502 thesauri
3176 1464 3289 1503 non
3315 1448 3457 1503 satis
3487 1465 3633 1519 pru-

2018 1538 2219 1592 denter
2237 1539 2437 1608 egisse,
2460 1554 2585 1591 cum
2606 1536 2851 1608 profecto
2870 1537 2927 1591 in
2943 1537 3064 1607 ipso
3088 1536 3184 1590 illo
3202 1537 3480 1608 temporis
3504 1537 3633 1591 otio

2019 1632 2321 1691 etsecreto,
2341 1643 2451 1697 quo
2475 1642 2600 1680 eum
2631 1631 2919 1696 repererat
2936 1625 3154 1679 auferre
3180 1625 3450 1696 potuerit,
3482 1632 3550 1680 et
3569 1626 3634 1681 in

346 1698 543 1766 gentia
568 1717 680 1756 non
710 1704 848 1759 satis
866 1723 1115 1778 congrua
1134 1711 1541 1784 interpretatio.
1565 1716 1708 1770 Nam
1729 1717 1824 1771 alii
1854 1734 1939 1773 re-
1954 1698 2000 1758 Β
2018 1720 2132 1768 tam
2164 1714 2311 1768 facili
2341 1714 2723 1785 acquisitionis
2736 1714 3086 1784 compendio,
3107 1713 3227 1767 sine
3254 1714 3637 1784 propriarum

347 1799 525 1877 gnum
542 1789 805 1847 caelorum
823 1810 963 1865 opus
976 1797 1210 1866 justitize
1230 1800 1585 1873 interpretati
1602 1811 1753 1871 sunt,
1769 1822 1936 1877 quam

347 1872 408 1960 in
437 1873 560 1945 ipso
587 1876 835 1947 homine,
880 1885 1039 1955 quasi
1080 1887 1140 1942 in
1188 1905 1345 1960 agro,
1384 1872 1938 1949 absconditam'esse

350 1959 611 2025 dixerunt
642 1985 654 2020 :
687 1969 782 2023 alii
803 1971 1132 2030 thesaurum
1160 1959 1385 2048 inagro
1414 1986 1715 2054 utrumque
1741 1983 1936 2037 Testa-

345 2056 601 2111 mentum
628 2055 687 2110 in
716 2057 963 2115 Ecclesia
991 2063 1187 2133 ﬁguris
1213 2066 1631 2135 obumbratum,
1655 2071 1940 2126 intellexe-

347 2144 513 2208 runt;
542 2143 639 2213 qui
666 2148 913 2216 profecto
937 2151 1236 2208 thesaurus
1262 2171 1374 2209 non
1403 2157 1623 2213 invidia:
1649 2175 1817 2213 causa
1837 2160 1938 2213 ab-

346 2228 656 2318 sconditur,
686 2235 783 2288 sed
813 2246 877 2290 ut
904 2238 962 2292 in
990 2240 1155 2295 corde
1186 2250 1465 2312 ponatur;
1494 2262 1661 2316 quem
1692 2247 1939 2318 profecto

348 2313 679 2374 thesaurum
701 2323 950 2379 vendidit
970 2329 1209 2398 populus
1225 2313 1566 2400 Judaeorum,
1581 2343 1639 2387 et
1655 2313 1791 2389 emit
1810 2352 1939 2389 eum

348 2403 503 2494 natio
530 2408 807 2478 gentium,
837 2428 935 2467 seu
966 2422 1167 2472 caetera
1196 2418 1266 2472 de
1304 2418 1411 2486 his,
1459 2438 1582 2492 quae
1624 2424 1941 2494 conﬁngere

345 2489 607 2549 videntur
627 2499 807 2569 magis
827 2518 995 2572 quam
1017 2521 1311 2576 exponere,
1336 2489 1644 2580 praesertim
1664 2512 1797 2583 quia
1821 2512 1943 2569 obs-

345 2594 494 2673 cura
508 2591 662 2653 sunt;
698 2588 824 2644 ideo
850 2591 1043 2659 libere,
1068 2600 1131 2649 ut
1159 2596 1242 2650 ita
1274 2596 1475 2663 dicam,
1501 2599 1741 2654 delirare
1769 2602 1943 2673 aliqui

346 2671 499 2740 passi
528 2681 680 2730 sunt.
714 2677 823 2733 Sed
849 2696 950 2735 nos
978 2682 1103 2736 fulti
1131 2685 1316 2754 gratia
1342 2687 1583 2759 Spiritus
1608 2690 1807 2757 sancti,
1850 2671 1937 2746 (li-

346 2773 558 2828 camus,
583 2769 648 2819 ut
666 2781 837 2838 supra
848 2767 967 2839 jam
992 2770 1257 2839 diximus,
1276 2775 1409 2845 quia
1428 2776 1630 2831 Christi
1653 2794 1782 2832 caro
1804 2796 1940 2849 ager

347 2854 453 2915 est,
478 2850 679 2921 plenus
712 2857 1031 2913 caelestibus
1061 2863 1446 2927 sacramentis,
1479 2881 1645 2935 quem
1677 2867 1809 2920 olim
1841 2867 1938 2922 be-

344 2935 560 2991 nedixit
594 2940 886 3007 Dominus,
914 2945 974 3000 in
1004 2948 1164 3017 cujus
1193 2951 1433 3019 pretium
1477 2952 1776 3008 vendendas
1807 2962 1939 3011 sunt

2018 1802 2310 1873 dispendio
2339 1802 2667 1856 facultatum
2698 1801 2920 1855 emendi
2940 1801 3061 1871 agri
3083 1801 3481 1855 necessitatem
3508 1818 3637 1856 non

2019 1890 2267 1953 haberet,
2290 1890 2421 1944 dum
2455 1890 2784 1944 thesaurum
2816 1906 2916 1960 pro
2945 1905 3047 1943 suo
3067 1890 3291 1959 gavisus
3318 1895 3408 1943 est
3435 1890 3641 1961 possi-

2019 1979 2193 2033 dere?
2235 1980 2345 2034 Sed
2390 1978 2649 2049 cognovit
2699 1978 2894 2048 utique
2935 1978 3411 2048 prudentissimus
3450 1979 3641 2034 homo

2019 2066 2362 2122 inefficacem
2419 2074 2588 2137 atque
2630 2066 2910 2132 inutilem,
2941 2067 3056 2120 imo
3094 2066 3468 2137 periculosam
3505 2084 3645 2122 esse

2020 2155 2270 2210 thesauri
2309 2156 2499 2226 hujus,
2530 2155 2651 2209 sine
2670 2171 2826 2225 agro.
2860 2156 3284 2226 possessionem.
3319 2155 3472 2209 Nam
3506 2156 3645 2211 vide

2022 2245 2155 2314 quia
2177 2244 2507 2299 absconsum
2530 2260 2660 2297 eum
2685 2244 2992 2308 invenerat,
3011 2244 3092 2298 ita
3115 2250 3173 2298 et
3197 2244 3317 2314 ipse
3337 2260 3478 2298 eum
3512 2244 3650 2299 abs-

2022 2332 2230 2387 condit.
2274 2334 2389 2386 Nec
2429 2349 2626 2403 agrum
2671 2332 2885 2386 nudare
2909 2348 2975 2386 ac
3019 2348 3255 2387 vacuare
3294 2349 3331 2386 a
3361 2348 3470 2386 suo
3503 2333 3649 2389 the-

2024 2437 2192 2475 sauro
2232 2437 2405 2475 ausus
2446 2427 2549 2485 est,
2584 2420 2682 2474 sed
2710 2420 2901 2474 omnia
2927 2436 3032 2475 sua
3058 2420 3299 2475 vendere
3338 2420 3655 2477 festinavit

2018 2511 2147 2579 jure
2173 2510 2443 2579 legitimo,
2477 2514 2543 2562 ut
2568 2509 2835 2563 thesauro
2864 2508 3033 2563 simul
3061 2509 3340 2579 potiretur
3377 2514 3440 2563 et
3466 2526 3651 2580 agro.

2025 2599 2170 2662 Quia
2206 2614 2308 2651 nec
2330 2597 2651 2651 humanitas
2676 2597 2884 2652 Christi
2919 2597 3039 2651 sine
3068 2596 3383 2658 divinitate,
3412 2613 3532 2651 nec
3556 2598 3654 2653 di-

2027 2687 2226 2741 vinitas
2254 2686 2375 2740 sine
2400 2685 2753 2739 humanitate
2781 2686 2839 2739 in
2878 2701 2994 2739 una
3033 2684 3340 2755 eademque
3386 2702 3662 2756 persona

2020 2775 2271 2843 legitime
2299 2774 2557 2828 habetur.
2590 2774 2658 2827 Et
2682 2773 2808 2826 ideo
2829 2772 2899 2827 de
2930 2773 3152 2828 Christo
3181 2789 3416 2844 prorsus
3448 2776 3661 2829 omnis

2021 2868 2107 2915 est
2124 2861 2338 2914 inutilis
2354 2866 2411 2914 et
2430 2877 2575 2915 vana
2595 2861 2867 2915 confessio
2885 2866 3055 2931 atque
3075 2861 3268 2932 impia,
3288 2877 3416 2931 qua:
3438 2862 3655 2917 Domi-

2020 2966 2158 3003 num
2179 2949 2465 3003 Christum
2487 2951 2664 3004 Deum
2685 2949 3098 3015 tantummodo,
3115 2956 3216 3004 aut
3236 2949 3543 3005 hominem
3558 2968 3656 3006 so-

347 3029 756 3115 omnesAsaeculi
806 3032 1117 3100 facultates,
1151 3044 1217 3089 ut
1255 3045 1492 3093 aeternas
1535 3040 1774 3096 caelestis
1811 3043 1998 3115 the-C
2020 3038 2274 3099 lum,non
2291 3045 2349 3092 et.
2366 3039 2545 3092 Deum
2558 3039 3449 3108 fatetur.Agrumautemcarnem
3468 3039 3656 3095 Chri-

344 3110 500 3165 sauri
528 3112 751 3173 divitias
776 3135 1180 3191 comparemus.
1204 3124 1605 3182 Verumtamen
1627 3129 1784 3184 valde
1812 3147 1940 3187 con-

345 3197 727 3273 siderandum,
758 3207 889 3277 quia
916 3225 1020 3264 nec
1046 3212 1345 3268 thesaurus
1372 3215 1492 3269 sine
1530 3232 1665 3287 agro
1711 3218 1935 3287 emitur,

346 3302 450 3342 nec
477 3304 613 3359 ager
640 3293 763 3349 sine
790 3296 1055 3352 thesauro
1082 3299 1383 3356 invenitur.
1419 3305 1673 3376 Hincque
1711 3306 1939 3363 damna-

344 3380 440 3431 tur
458 3380 641 3435 omnis
668 3381 1055 3440 haereticorum
1073 3388 1335 3459 pravitas,
1356 3393 1450 3462 qui
1469 3392 1538 3447 de
1557 3394 1939 3451 incarnatione

347 3464 573 3523 Domini
593 3470 739 3525 male
759 3472 971 3545 aliquid
991 3485 1305 3541 senserunt,
1341 3486 1396 3533 et
1420 3481 1490 3535 de
1519 3498 1686 3537 carne
1715 3484 1940 3540 dubita-

347 3562 567 3624 verunt,
603 3561 867 3630 quoniam
906 3580 1009 3623 nec
1051 3583 1180 3620 caro
1211 3568 1331 3637 ejus
1359 3570 1479 3623 sine
1508 3571 1771 3628 thesauro
1804 3575 1941 3628 divi-

348 3641 545 3698 nitatis
572 3646 829 3715 habetur,
845 3667 948 3705 nec
970 3654 1269 3710 thesaurus
1291 3657 1412 3711 sine
1440 3659 1730 3715 nativitate
1756 3662 1940 3716 carnis

347 3746 414 3786 ex
433 3738 595 3790 utero
633 3736 864 3808 virginis
889 3741 1188 3809 invenitur,
1222 3752 1280 3800 et
1309 3746 1566 3801 inventus
1592 3749 1800 3804 emitur
1831 3750 1941 3804 ﬁde

348 3836 414 3876 ac
427 3820 589 3880 bonis
608 3827 888 3898 Operibus.
911 3831 1088 3895 Quem
1111 3834 1437 3889 thesaurum
1457 3838 1747 3907 sapientiae
1771 3844 1940 3909 atque

347 3909 595 3969 scientiae
624 3917 721 3986 qui
744 3917 1175 3989 deprehenderit
1194 3922 1339 3978 bono
1358 3925 1416 3978 in
1437 3926 1659 3980 Christo
1689 3927 1936 3992 homine,

347 4000 506 4056 valde
531 4003 919 4061 absconditum
940 4026 1041 4079 pro
1066 4010 1391 4067 inﬁrmitate
1419 4015 1602 4068 carnis
1618 4014 1942 4085 comproba-

349 4085 448 4177 bit.
480 4089 588 4144 Sed
619 4093 714 4162 qui
745 4110 875 4149 eum
904 4097 1118 4152 invenit
1145 4100 1297 4154 vadit
1316 4107 1374 4155 et
1399 4100 1708 4169 abscondit,
1741 4120 1809 4158 ne
1837 4121 1940 4177 au_-

346 4174 481 4230 ferri
501 4177 730 4235 interim
758 4184 936 4252 possit
954 4186 1224 4252 clanculo,
1250 4206 1319 4242 ne
1351 4190 1492 4244 forte
1519 4191 1746 4246 ablatus
1771 4209 1806 4246 a
1834 4174 1942 4247 fide

348 4261 418 4315 de
449 4265 634 4319 medio
662 4268 804 4337 agri,
823 4271 1007 4325 omnis
1038 4274 1260 4328 emendi
1289 4278 1591 4332 necessitas
1621 4287 1679 4333 et
1706 4278 1942 4334 facultas

2020 3126 2093 3180 sti
2117 3127 2428 3196 figuraliter
2448 3127 2750 3192 nominari,
2780 3132 2838 3180 et
2858 3142 3099 3197 praesens
3123 3125 3335 3180 indicat
3354 3125 3562 3195 locus,
3588 3134 3655 3185 et

2021 3215 2203 3269 multa
2221 3215 2334 3269 alia
2356 3216 2772 3286 Scripturarum
2801 3214 3146 3269 testimonia.
3180 3215 3259 3269 De
3284 3215 3402 3268 hoc-
3415 3217 3651 3290 quippe

2021 3320 2157 3374 agro
2180 3304 2421 3357 maxime
2446 3305 2602 3358 Isaac
2621 3304 2679 3357 in
2709 3303 2825 3357 suis
2843 3302 3330 3357 benedictionibus
3348 3307 3646 3373 testatur,

2020 3393 2210 3446 dicens
2238 3410 2251 3447 :
2284 3394 2411 3447 Ecce
2441 3394 2575 3445 odor
2602 3395 2712 3459 ﬁlii
2734 3394 2859 3456 mei,
2872 3393 3014 3444 sicut
3033 3392 3164 3445 odor
3191 3394 3321 3458 agri
3342 3396 3518 3460 pleni
3548 3400 3654 3450 cui

2024 3482 2296 3535 benedixit
2325 3482 2463 3533 Deus
2496 3479 2641 3541 (Gen.
2670 3493 2837 3545 xxvn,
2862 3477 2972 3545 27).
2995 3479 3141 3531 Nam
3170 3494 3375 3548 corpus
3407 3480 3656 3539 Christi

2022 3574 2153 3634 30
2165 3576 2203 3634 ι
2228 3568 2451 3638 magnis
2463 3568 2809 3622 diversarum
2823 3568 3093 3621 virtutum
3108 3567 3313 3637 ﬂagrat
3323 3567 3622 3627 odoribus
3637 3592 3653 3638 ;

2025 3658 2174 3711 unde
2195 3657 2498 3727 Apostolus
2540 3675 2551 3709 :
2590 3658 2816 3722 Christi,
2845 3656 3047 3726 inquit,
3076 3657 3247 3709 bonus
3271 3657 3411 3709 odor
3432 3674 3657 3715 sumus

2024 3748 2129 3801 Deo
2159 3748 2241 3813 (ΙΙ
2266 3747 2387 3800 Cor.
2427 3758 2489 3810 II,
2528 3744 2620 3815 15)
2640 3764 2655 3809 ;
2687 3744 2819 3799 hinc
2848 3744 3093 3798 Ecclesia
3122 3744 3181 3797 in
3217 3743 3484 3801 Canticis
3526 3767 3542 3802 :
3580 3752 3657 3806 In

2025 3835 2204 3898 odore,
2238 3834 2338 3898 ait,
2367 3839 2487 3902 post
2519 3839 2585 3899 te,
2621 3837 3038 3901 unguentorum
3077 3837 3304 3886 tuorum
3333 3839 3659 3894 currimus

2025 3922 2200 3991 (Cant.
2228 3936 2268 3987 ι,
2290 3922 2366 3991 4).
2392 3923 2533 3976 Nam
2556 3922 2625 3976 de
2643 3922 2811 3991 hujus
2831 3920 2952 3991 agri
2968 3920 3388 3992 pulchritudine
3408 3922 3549 3993 ipse
3568 3927 3656 3981 lo-

2023 4009 2216 4080 quitur
2246 4009 2305 4063 in
2330 4009 2572 4075 Psalmo,
2606 4009 2676 4063 Et
2701 4012 2895 4077 species
2923 4011 3055 4075 agri
3090 4024 3297 4062 mecum
3344 4015 3425 4063 est
3455 4015 3651 4082 (Psat.

2023 4115 2170 4165 κως,
2211 4098 2313 4164 ll).
2349 4099 2528 4163 Quem
2576 4114 2713 4152 sane
2760 4114 2959 4168 agrum
3000 4098 3061 4153 in
3090 4098 3390 4152 Salomone
3419 4103 3657 4159 mulier

2023 4189 2399 4243 introducitur
2426 4203 2799 4258 comparasse,
2830 4188 2912 4241 sic
2931 4187 3083 4242 enim
3118 4187 3325 4241 dicitur
3352 4206 3366 4240 :
3403 4194 3655 4259 Agrum

2023 4280 2182 4342 vidit,
2215 4282 2263 4330 et
2292 4279 2422 4330 emit
2453 4278 2622 4329 illum
2650 4278 2827 4340 (Prov.
2859 4290 3005 4341 χχχι,
3038 4274 3141 4334 16).
3177 4277 3465 4341 Quoniam
3499 4299 3653 4352 pre-

347 4349 534 4407 fructu
567 4362 756 4410 careat
781 4357 1138 4414 inventionis.
1164 4363 1273 4416 Sed
1301 4369 1366 4417 ut
1389 4364 1471 4418 rei
1491 4365 1572 4418 ita
1590 4373 1646 4419 et
1671 4364 1806 4421 dicti
1836 4362 2005 4422 fuitD
2023 4366 2169 4419 tiosa
2195 4371 2280 4419 est
2299 4365 2468 4435 hujus
2495 4364 2615 4434 agri
2647 4365 2945 4435 possessio,
2979 4381 3102 4435 qua:
3132 4367 3341 4421 Christi
3371 4349 3545 4425 intra
3586 4390 3656 4427 se

348 4441 493 4496 ratio
525 4444 868 4514 explicanda.
898 4448 1172 4511 Quoniam
1198 4451 1325 4505 ideo
1352 4468 1546 4507 rursus
1567 4470 1667 4525 per
1692 4471 1820 4509 eum
1843 4456 1941 4527 qui

348 4529 579 4597 invenit,
596 4532 900 4591 absconsus
920 4543 1006 4591 est
1032 4540 1349 4607 thesaurus,
1377 4541 1508 4613 quia
1533 4548 1590 4596 et
1611 4559 1809 4613 agrum
1830 4544 1942 4599 emi

350 4620 645 4691 oportebat
664 4622 723 4678 in
743 4640 852 4695 quo
871 4626 1192 4682 divitiarum
1217 4630 1473 4684 omnium
1499 4630 1942 4687 abscondehatur

347 4708 669 4766 thesaurus.
697 4717 893 4779 θοι)
916 4715 1234 4772 Thesaurus
1261 4718 1409 4772 enim
1437 4719 1496 4773 in
1523 4736 1678 4791 agro,
1707 4727 1770 4776 ut
1797 4721 1941 4775 dixi-

347 4813 493 4875 mus,
538 4799 795 4855 Christus
824 4802 1159 4875 intelligitur
1184 4806 1243 4860 in
1281 4823 1469 4874 carne,
1515 4807 1573 4862 in
1619 4825 1728 4880 quo
1758 4808 1941 4865 omnis

346 4886 636 4957 plenitudo
666 4889 972 4947 divinitatis
992 4893 1272 4949 inhabitat
1290 4896 1672 4968 corporaliter,
1708 4902 1766 4951 et
1791 4897 1941 4952 cela-

346 4981 445 5032 tur
467 4976 790 5046 incredulis.
815 4981 992 5047 Quem
1014 4985 1203 5053 procul
1229 4984 1399 5039 dubio
1422 5001 1621 5056 agrum
1641 4986 1937 5053 invenisse,

347 5067 657 5137 gratuitum
670 5076 776 5137 est,
790 5070 923 5141 quia
938 5072 1259 5142 praedi~atio
1282 5074 1567 5145 Evangelii
1582 5074 1766 5129 omnis
1780 5074 1838 5128 in
1849 5074 1943 5128 ab-

349 5156 531 5212 soluto
560 5163 665 5224 est,
696 5165 753 5214 et
794 5159 973 5231 gratis
1019 5162 1268 5216 offertur.
1311 5163 1417 5218 Sed
1449 5163 1644 5218 utendi
1674 5169 1733 5217 et
1770 5163 1944 5234 possi-

349 5244 517 5301 dendi
545 5248 797 5304 thesauri
822 5250 993 5320 hujus
1028 5256 1272 5322 potestas
1300 5267 1428 5305 cuni
1454 5268 1588 5322 agro
1617 5268 1729 5306 non
1760 5257 1946 5323 potest

349 5350 473 5390 esse
520 5336 641 5391 sine
695 5339 906 5409 pretio;
954 5339 1087 5411 quia
1143 5340 1395 5393 ccelestes
1437 5340 1643 5395 divitiae
1679 5357 1792 5396 non
1833 5341 1939 5395 nisi

348 5423 556 5480 damno
584 5429 770 5481 saeculi
786 5428 1161 5501 possidentur.
1184 5428 1396 5484 Idcirco
1422 5428 1658 5484 dicitur:

420 5515 589 5582 Quem
617 5532 746 5574 cum
774 5521 1049 5575 invenerit
1063 5519 1531 5583 homoabscondit,
1547 5523 1596 5572 et
1606 5535 1722 5590 pra
1739 5520 1943 5589 gaudio

2022 4452 2350 4507 absconsam
2380 4452 2592 4506 retinet
2617 4452 2906 4507 deitatem.
2939 4454 3150 4509 Idcirco
3179 4471 3282 4509 nec
3315 4456 3656 4516 thesaurus

2022 4541 2248 4596 deitatis
2273 4542 2394 4595 sine
2418 4557 2573 4611 agro,
2606 4557 2708 4595 nec
2734 4558 2870 4611 ager
2911 4542 3031 4596 sine
3081 4544 3368 4610 thesauro,
3402 4550 3475 4599 ut
3526 4549 3657 4606 ha:-

2022 4630 2181 4683 retici
2202 4630 2514 4688 voluerunt,
2516 4628 2645 4699 jure
2656 4630 2864 4683 emitur
2873 4637 2974 4684 aut
2994 4631 3327 4701 possidetur.
3350 4633 3656 4697 Quamvis

2023 4718 2370 4789 Augustinus
2398 4718 2593 4771 doctor
2611 4718 2865 4783 eximius,
2902 4720 3049 4773 hunc
3067 4736 3267 4790 agrum
3291 4721 3405 4775 duo
3431 4724 3660 4782 Testa.

2022 4812 2215 4861 menta
2239 4823 2361 4861 esse
2388 4807 2593 4861 dixerit
2620 4826 2632 4874 ;
2666 4808 2867 4862 melius
2897 4813 3088 4862 tamen
3117 4808 3197 4862 sic
3226 4809 3545 4881 accipitur,
3584 4822 3662 4870 ut

2023 4912 2135 4950 non
2164 4896 2349 4950 minus
2372 4896 2597 4950 Photini
2625 4913 2784 4951 error
2812 4897 3157 4962 destruatur,
3193 4898 3290 4968 qui
3319 4899 3516 4956 solum
3546 4904 3664 4959 ho-

2023 4985 2231 5038 minem
2262 4984 2395 5038 dicit
2426 4985 2726 5049 Uhristum,
2753 5001 2921 5055 quam
2941 4991 2998 5040 et
3028 4986 3351 5056 Eutychetis
3379 5004 3495 5043 nec
3523 5008 3659 5048 non

2026 5078 2083 5127 et
2109 5073 2353 5127 Nestorii
2377 5072 2610 5140 falsitas,
2642 5090 2710 5127 ex
2736 5074 2843 5128 hoc
2873 5074 3019 5128 sicut
3048 5074 3191 5129 etin
3218 5076 3437 5131 caeteris
3466 5078 3656 5150 locis.l

2023 5162 2429 5216 condemnetur
2459 5163 2738 5233 impietas.
2778 5163 3046 5234 Sequitur
3075 5181 3089 5216 :

2098 5254 2309 5306 Iterum
2323 5255 2374 5303 si
2379 5254 2505 5305 mite
2520 5256 2595 5303 est
2615 5267 2849 5317 regnum
2869 5256 3126 5307 calorum
3148 5254 3365 5307 homini
3378 5262 3666 5321 negotia-

2026 5344 2135 5396 tori
2153 5343 2424 5408 qua'renti
2447 5343 2612 5394 bonas
2634 5345 2994 5408 margaritas,
3020 5346 3078 5396 et
3096 5347 3314 5396 caetera.
3337 5342 3488 5397 Aliis
3514 5350 3664 5418 qui-

2023 5429 2151 5483 dem
2182 5427 2383 5491 verbis,
2416 5441 2475 5483 et
2501 5428 2612 5483 alio
2651 5429 2917 5499 loquendi
2944 5446 3151 5500 genere
3179 5430 3426 5502 idipsum
3456 5448 3661 5507 repe-

2022 5523 2145 5572 tere
2173 5517 2529 5573 ornatissime
2561 5517 2800 5586 videtur,
2831 5534 2947 5575 non
2974 5524 3040 5575 ut
3063 5518 3331 5575 immutet
3354 5523 3654 5581 eamdem
