3918 6176
187 285 274 349 505

878 283 1266 342 EXPOSITIO
1306 285 1385 340 IN
1422 284 1869 341 MATTHJEUM.
1905 317 1969 329 -
1997 289 2133 344 LIB.
2178 289 2298 354 VII,
2342 287 2499 341 CAP.
2540 286 2691 341 XIII.

3316 284 3420 343 506

188 409 628 483 sapientiam,sed
655 415 721 466 ut
745 410 1065 464 introducat
1087 410 1157 463 ad
1178 427 1301 464 eam
1334 410 1501 465 variis
1522 413 1809 471 senten—A
1826 412 1970 477 Quia
1996 431 2234 483 regnum
2272 413 2372 468 Dei
2399 412 2543 467 tanti
2573 412 2736 477 valet,
2769 418 3042 484 quantum
3082 410 3271 466 habes.
3302 412 3414 466 Ve-

187 498 373 553 tiarum
417 498 823 568 aenigmatibus,
852 498 1161 552 audientes.
1209 498 1330 552 Nisi
1372 499 1521 570 quod
1565 500 1748 553 solum

190 585 384 639 videtur
395 585 794 655 negotiatorem
808 584 971 654 longe
981 585 1100 654 jam
1113 584 1210 637 diu
1229 583 1285 637 in
1302 584 1424 654 lege
1435 591 1748 639 versantem

188 673 407 745 amplius
448 674 758 744 designare,
789 672 1040 743 quamvis
1086 688 1280 726 omnes
1310 672 1407 743 qui
1450 673 1617 727 tidem
1658 689 1749 726 se-

187 768 388 816 ctantur
414 761 621 816 Christi
648 760 988 830 generaliter
1004 760 1180 831 possit
1213 760 1329 814 haec
1351 760 1615 830 parabola
1634 761 1749 815 evi—

187 850 363 905 denter
387 849 665 919 colligere.
687 849 830 903 Nam
855 848 910 901 in
930 865 996 902 eo
1015 848 1160 918 quod
1183 848 1593 918 negotiatorem
1615 864 1748 903 eum

185 945 340 1001 vocat,
366 944 422 991 et
440 952 687 1008 quaerere
714 935 888 989 bonas
908 936 1259 1006 margaritas,
1279 936 1519 991 multum
1542 936 1751 1007 diuque

184 1025 515 1097 praznuntiat.
548 1029 606 1078 et
648 1040 741 1079 eos
784 1040 886 1095 per
913 1024 1154 1093 speciem
1183 1025 1350 1079 unius
1381 1024 1627 1079 hominis
1652 1025 1751 1078 de-

183 1112 465 1182 signat,qni
497 1112 661 1182 longo
679 1128 745 1165 ac
765 1111 985 1165 diutino
1006 1111 1195 1165 labore
1223 1111 1294 1165 ad
1316 1112 1749 1182 margaritarum

183 1201 447 1253 scientiam
467 1201 657 1253 venire
684 1199 1025 1253 desiderant.
1043 1200 1254 1253 Deinde
1277 1217 1405 1253 cum
1431 1200 1554 1270 jugi
1577 1200 1757 1254 medi-

1829 508 2147 556 rumtamen
2181 518 2293 555 non
2320 501 2400 555 ita
2432 501 2660 567 emitur,
2693 506 2757 555 ut
2800 508 2901 555 tua
2941 500 3157 555 tribuas
3194 501 3330 565 Deo,
3362 505 3421 554 te

1829 596 2017 645 autem
2045 591 2195 645 vitiis
2222 597 2280 644 et
2305 588 2545 653 diabolo,
2578 590 2672 642 sed
2707 595 2772 643 ut
2795 594 2852 643 te
2885 589 3127 660 primum
3156 588 3420 642 restituas

1830 679 1901 743 ei,
1932 678 2132 733 deinde
2162 694 2284 748 qua:
2311 684 2410 731 tua
2437 684 2587 741 sunt,
2622 683 2685 731 ut
2708 694 2835 731 eum
2865 678 3006 732 liber
3029 678 3189 748 sequi
3212 677 3414 731 valeas.

1829 768 2024 838 Neque
2043 783 2168 821 cum
2187 783 2314 821 eum
2342 767 2639 829 inveneris,
2666 773 2722 820 et
2742 767 2850 820 fide
2867 766 3141 837 bonisque
3160 764 3423 836 operibus

1831 855 2052 920 emeris,
2086 871 2211 908 mox
2242 871 2490 925 quaerere
2514 860 2571 908 et
2597 855 2866 915 invenire.
2890 854 3067 908 donec
3094 853 3152 907 in
3179 854 3282 908 hac
3312 852 3426 907 vita

1832 959 1910 1006 es,
1938 942 2199 997 cessabis.
2230 943 2340 997 Sed
2383 942 2528 996 sicut
2554 943 2836 1014 Propheta
2863 942 3030 1007 canit,
3068 943 3297 996 chtetur
3327 955 3420 995 cor

1831 1036 2193 1099 qu.rrm:r.-mi
2230 1033 2545 1095 Dominum,
2570 1034 2793 1099 quau-rite
2820 1032 3121 1085 Dominum
3150 1035 3198 1083 et
3227 1028 3426 1095 conﬁr-

1833 1122 2094 1180 mamim‘,
2128 1121 2351 1187 quaerite
2379 1120 2575 1185 faciem
2596 1123 2711 1185 ejus
2730 1135 2938 1187 semper
2967 1121 3131 1183 (Psal.
3162 1132 3271 1179 01v,
3304 1114 3382 1185 3).

1908 1209 2115 1261 Iterum
2146 1209 2329 1259 simile
2357 1212 2431 1258 est
2459 1223 2687 1272 regnum
2714 1210 2969 1260 calorum
3001 1222 3209 1273 sagena:
3234 1208 3429 1269 603

181 1287 369 1342 tatione
398 1288 717 1358 negotiatus
743 1287 915 1341 fuerit
941 1288 998 1341 in
1026 1288 1168 1357 lege,
1197 1293 1255 1342 et
1282 1304 1377 1341 eas
1403 1304 1526 1358 quae
1556 1288 1614 1342 in
1635 1289 1757 1357 lege
1840 1298 2014 1348 missa:
2026 1299 2086 1348 in
2104 1298 2327 1359 marc,ct
2340 1311 2407 1347 ex
2418 1296 2573 1347 omni
2587 1310 2778 1360 genere
2796 1297 3033 1362 piscium
3050 1294 3426 1361 congreganti,

182 1376 1414 1447 sunt»deprehenderitintel“sentias~tandem
1431 1377 1753 1447 aliquando,
1838 1390 1897 1439 et
1924 1390 2141 1438 caetera.
2170 1382 2499 1437 Rectissime
2535 1381 2709 1452 igitur
2753 1382 3203 1453 praedicationem
3251 1380 3431 1435 sancti

181 1463 310 1518 inter
326 1481 418 1519 eas
444 1481 587 1535 quas
607 1470 894 1535 repererat
913 1464 1125 1519 invenit
1148 1480 1316 1518 unam
1338 1471 1396 1518 et
1414 1464 1756 1534 singularem
1838 1471 2126 1541 Evangelii
2169 1471 2441 1525 Dominus
2484 1477 2540 1525 et
2575 1471 2831 1525 Salvator
2879 1486 3087 1539 sagenz
3134 1472 3309 1522 missa)
3365 1472 3430 1523 in

180 1554 521 1622 margaritam
544 1552 830 1608 Christum
861 1568 1029 1623 quam
1056 1551 1300 1622 optabat.
1330 1553 1394 1606 In
1423 1554 1584 1622 cujus
1611 1568 1758 1606 com-
1839 1577 1991 1614 mare
2019 1559 2363 1630 comparavit
2389 1565 2454 1613 ut
2480 1559 2539 1612 in
2569 1559 2657 1612 his
2697 1557 2877 1612 verbis
2919 1558 3238 1612 vaticinium
3280 1557 3434 1611 Jere-

177 1641 462 1713 paratione,
498 1642 632 1695 licet
662 1641 807 1695 bona
833 1641 910 1694 sit
946 1641 1050 1705 lex,
1086 1639 1230 1694 bona
1256 1641 1331 1694 sit
1352 1647 1409 1694 et
1440 1640 1752 1711 pr0phetia,

1844 1650 1964 1703 mia;
2011 1649 2295 1719 prOphetae
2342 1647 2643 1718 impleatur
2677 1647 2913 1701 dicentis
2948 1670 2960 1703 :
3004 1647 3129 1701 Ecce
3157 1645 3308 1699 enim
3336 1660 3433 1712 ego

177 1745 261 1785 seu
281 1746 397 1801 qua
422 1730 482 1784 in
510 1731 602 1783 his
630 1729 911 1801 praecipua
930 1729 1291 1782 inveniuntur
1310 1728 1576 1783 doctrinae
1592 1744 1755 1782 orna-
1840 1740 1998 1792 mmo
2028 1737 2099 1791 ad
2130 1753 2225 1790 vos
2253 1739 2551 1805 piscatores
2578 1740 2780 1789 multos
2829 1737 2998 1795 (Hier.
3029 1749 3138 1799 xvt,
3186 1733 3293 1799 16).
3325 1732 3435 1797 Qui

178 1826 364 1881 menta,
378 1818 550 1872 homo
563 1819 882 1887 negotiator
894 1816 1095 1870 similis
1112 1816 1271 1871 Pauli
1293 1817 1550 1887 apostoli,
1567 1816 1756 1870 omnia

1844 1825 2082 1898 profecto
2127 1825 2431 1895 piscatores
2484 1822 2555 1877 ab
2604 1822 2766 1877 initio
2812 1822 3094 1891 Evangelii
3141 1836 3319 1891 usque
3360 1817 3433 1873 ad

176 1906 298 1976 13833
344 1907 862 1977 prophetam!qu
911 1904 1178 1975 mysteria
1228 1912 1284 1958 et
1341 1904 1757 1959 Observationes
1841 1913 2009 1968 linem
2043 1913 2231 1967 saeculi
2262 1911 2569 1966 laboraturi
2611 1910 2725 1965 sint
2754 1910 2812 1964 in
2852 1910 2958 1964 hac
2986 1908 3289 1980 piscatione
3326 1907 3434 1961 hu-

176 1993 436 2065 pristinas,
469 1995 531 2049 in
563 1994 766 2065 quibus
809 1992 1089 2063 inculpate
1135 1992 1292 2063 prius
1336 1992 1564 2058 vixerat,
1598 1991 1758 2063 quasi

1844 2018 2018 2056 manat
2033 1999 2258 2067 salutis;
2290 2015 2527 2071 quorum
2552 1998 2719 2070 primi
2746 1997 2975 2052 fuerunt
2994 1996 3195 2068 quibus
3222 1994 3436 2049 dictum

177 2091 524 2154 purgamenta
552 2083 865 2136 contemnit
904 2087 962 2135 et
995 2079 1344 2151 quisquilias,
1383 2084 1447 2133 ut
1473 2079 1758 2133 Christum

1844 2096 1943 2155 est,
1984 2092 2158 2143 Venite
2190 2095 2309 2158 post
2335 2105 2437 2151 me,
2468 2090 2677 2156 faciam
2706 2104 2794 2141 vos
2820 2090 3112 2155 piscatores
3140 2084 3433 2137 hominum

175 2170 491 2239 lucrifaciat;
536 2172 674 2242 quia
720 2170 1190 2242 pretiosissimum
1236 2174 1321 2222 est
1364 2168 1755 2237 margaritum,

1844 2180 2057 2246 (Matth.
2090 2193 2164 2241 Iv,
2199 2177 2304 2247 49).
2336 2177 2496 2231 Unde
2526 2176 2585 2230 hi
2627 2180 2869 2248 quatuor
2894 2173 3033 2231 bini.
3066 2177 3123 2227 et
3157 2171 3290 2236 bini,
3324 2169 3438 2242 pri-

176 2261 384 2315 scientia
408 2260 739 2323 Salvatoris,
765 2265 822 2313 et
846 2264 1258 2313 sacramentum
1292 2257 1568 2328 passionis
1587 2257 1755 2321 illius,

1844 2282 1995 2320 mum
2027 2271 2436 2320 contexuerunt
2462 2264 2565 2319 sibi
2589 2267 2756 2334 juxta
2782 2279 2971 2317 vocem
3001 2260 3358 2332 praeceptoris
3379 2259 3439 2312 et

177 2348 662 2402 etresurrectionis
684 2363 974 2401 arcanum.
998 2347 1123 2400 Non
1147 2345 1280 2416 quia
1310 2345 1563 2398 inventio
1592 2346 1762 2414 hUjUS
1844 2353 2149 2410 Salvatoris
2186 2354 2294 2418 sui,
2324 2360 2438 2408 tam
2469 2370 2533 2407 ex
2561 2352 2751 2406 \Yeteri
2783 2367 2951 2422 quam
2977 2367 3044 2404 ex
3072 2351 3225 2404 Νογο
3247 2348 3439 2401 Testa.

178 2437 579 2505 pretiosissimae
597 2442 790 2501 σίνε
811 2434 1131 2504 margaritae
1153 2433 1549 2487 condemnatio
1578 2434 1653 2487 sit
1674 2449 1761 2487 ve-

1844 2449 2321 2512 mento,sagenam
2338 2440 2618 2511 Evangelii
2638 2440 2949 2510 dogmatis;
2973 2438 3173 2492 deinde
3185 2434 3440 2490 omnium

176 2528 335 2577 terum
372 2524 836 2594 margaritarum.
888 2524 987 2577 sed
1042 2522 1177 2592 quia
1227 2522 1287 2575 in
1335 2520 1757 2591 comparatione

1844 2537 2162 2584 sanctorum
2196 2530 2620 2600 przedicatorum
2651 2535 2876 2582 secutus
2905 2533 2991 2582 est
3032 2526 3185 2579 ordo.
3222 2526 3289 2578 Et
3316 2531 3436 2577 tra-

177 2612 358 2667 Christi
380 2613 571 2667 omnis
593 2627 840 2682 gemma.
866 2611 922 2664 id
948 2618 1052 2677 est,
1089 2610 1226 2680 legis
1255 2618 1312 2663 et
1340 2610 1646 2681 Ρΐορῆθῐὶω
1673 2609 1756 2663 ίη·
1839 2618 1989 2672 hitur
2023 2619 2138 2671 haec
2167 2633 2373 2687 sagena
2398 2615 2615 2670 duobus
2643 2632 2887 2668 connexa
2919 2613 3167 2677 funibus,
3198 2628 3298 2683 per
3327 2627 3441 2665 me-

176 2700 477 2770 telligentia,
500 2701 585 2755 sit
603 2699 981 2753 vilior.Potest
1008 2704 1066 2752 et
1094 2714 1195 2768 per
1222 2698 1371 2751 hunc
1395 2712 1756 2766 gemmarum

1844 2707 1994 2760 dium
2027 2707 2132 2759 hoc
2161 2720 2335 2769 mare,
2369 2720 2403 2758 a
2426 2719 2647 2763 summo
2677 2719 2855 2773 usque
2883 2702 3145 2756 deorsum
3171 2706 3434 2754 extensa:

176 2785 645 2858 diligentissimum
694 2788 1120 2857 negotiatorem,
1162 2785 1455 2840 universus
1503 2785 1761 2839 Ecclesia)
1842 2810 2067 2849 sursum
2111 2792 2386 2863 siquidem
2430 2807 2527 2862 spe
2577 2807 2747 2862 super
2786 2806 2981 2844 omnes
3021 2790 3223 2843 ﬂuctus
3251 2784 3440 2841 εωευιί

176 2874 359 2930 Christi
385 2877 525 2931 ordo
555 2876 861 2946 designari,
890 2881 954 2929 ut
980 2874 1311 2929 ostendatur
1335 2890 1515 2944 genus
1544 2873 1602 2927 in
1630 2889 1760 2944 spe-
1800 2914 1813 2925 ι
1842 2882 2203 2936 vehementer
2231 2886 2417 2934 erecta
2445 2885 2501 2933 et
2530 2880 2769 2944 ﬁrmata,
2800 2879 3063 2932 deorsum
3101 2893 3231 2931 vero
3262 2889 3439 2946 usque

177 2963 260 3027 βίον
290 2971 343 3019 et
373 2982 619 3035 regnum
648 2964 912 3017 οωιοΐυω
950 2963 1075 3034 ἱρεῆ
1115 2962 1465 3032 intelligatur
1494 2962 1757 3028 Εοοιθείαν
1780 2975 1823 3035 (1
1844 2970 1913 3024 ad
1943 2970 2292 3034 ima,timore
2321 2967 2493 3022 divini
2509 2967 2708 3038 judicii
2735 2967 2999 3031 dimersa,
3021 2965 3119 3019 sed
3150 2978 3441 3034 nunquam

178 3068 281 3123 qua
305 3054 463 3124 longe
491 3054 600 3108 diu
629 3053 983 3122 multumque
1011 3051 1286 3105 laboravit
1312 3051 1370 3105 in
1400 3050 1752 3121 patriarchis,

1844 3074 2020 3129 usque
2049 3058 2119 3111 ad
2148 3059 2264 3110 ima
2292 3062 2593 3128 pen-tracta.
2624 3062 2687 3110 ut
2716 3072 2939 3126 semper
2966 3069 3189 3108 sursum
3219 3068 3331 3106 non
3367 3050 3444 3106 sit
3516 3084 3517 3089 η

179 3142 402 3211 qusivit
426 3143 485 3196 in
519 3140 843 3211 Prophetis,
877 3139 1131 3210 quamvis
1156 3139 1429 3205 latenter;
1468 3139 1603 3209 quia
1628 3154 1761 3192 nec-

178 3227 290 3283 dum
317 3237 434 3285 erat
462 3230 769 3302 propalata
788 3235 1111 3283 sanctorum
1136 3227 1320 3297 gloria
1350 3228 1563 3281 Tamen
1594 3227 1653 3281 in
1679 3226 1761 3280 eis

178 3318 318 3373 multi
356 3334 723 3391 gemmarum
750 3317 992 3388 speciem
1020 3316 1347 3378 atferebant,
1384 3321 1442 3369 et
1478 3331 1762 3385 praeorna-

175 3403 293 3461 bant
316 3407 731 3479 prastigurando
746 3406 1028 3461 Christum
1050 3404 1300 3459 futuram
1318 3402 1761 3459 Ecclesiam.Sed

178 3510 320 3549 nemo
363 3497 421 3550 in
463 3497 550 3549 eis
602 3494 861 3548 inventus
900 3506 1004 3557 est,
1055 3493 1152 3563 qui
1199 3492 1445 3563 pretium
1504 3492 1763 3547 humanae

180 3584 562 3656 redemptionis
592 3583 652 3636 in
682 3599 742 3635 se
780 3582 1025 3645 atl'erret,
1059 3586 1116 3634 et
1153 3581 1280 3634 ideo
1310 3597 1476 3634 nemo
1503 3580 1764 3633 inventus

179 3678 251 3724 est
286 3672 420 3744 lapis
454 3681 585 3726 tam
631 3671 907 3742 pretiosus
944 3675 1175 3740 prOpter
1211 3686 1379 3740 quem
1409 3668 1602 3721 omnia
1640 3684 1764 3738 quae

177 3762 437 3830 presentis
466 3761 605 3815 vitae
632 3765 766 3813 sunt
791 3758 881 3811 hic
920 3758 1167 3828 prudens
1210 3758 1527 3827 negotiator
1556 3756 1761 3810 vende-

177 3856 264 3913 ret,
292 3857 509 3905 tantum
542 3856 612 3902 ut
638 3848 783 3901 hanc
811 3846 988 3900 solam
1018 3846 1341 3916 acquireret
1365 3862 1670 3916 gemmam,
1704 3846 1766 3900 in

178 3953 272 4008 qua
302 3945 429 3994 sunt
472 3953 680 3993 omnes
708 3935 960 3990 thesauri
996 3935 1287 4005 sapientia:
1326 3940 1385 3988 et
1411 3934 1676 3998 scientiae,
1710 3939 1767 3988 et

177 4027 391 4094 pretium
420 4028 692 4081 humanae
719 4024 936 4078 salutis.
980 4024 1049 4077 Et
1088 4024 1214 4077 ideo
1246 4038 1313 4076 eo
1343 4022 1526 4094 pretio
1556 4022 1767 4077 emitur

178 4110 268 4167 iste
288 4113 731 4185 pretiosissimus
754 4111 916 4182 lapis,
941 4127 1052 4181 quo
1074 4126 1247 4180 supra
1271 4108 1328 4164 in
1348 4110 1444 4163 illa
1472 4109 1585 4163 alia
1602 4126 1764 4180 para-

180 4198 287 4254 bola
311 4211 536 4273 emptus
586 4206 674 4254 est
709 4216 846 4270 ager
872 4205 929 4253 et
974 4200 1292 4252 thesaurus.
1333 4198 1459 4251 Non
1491 4198 1638 4268 quod
1666 4197 1764 4251 alii

1843 3146 2183 3201 eminentius
2212 3145 2485 3200 charitate
2524 3144 2733 3199 Christi
2770 3143 3029 3213 levigata,
3059 3150 3118 3197 et
3142 3142 3213 3196 ad
3240 3140 3441 3194 caelum

1843 3252 2019 3307 usque
2076 3241 2281 3289 erecta.
2330 3235 2474 3289 Nam
2525 3249 2735 3304 sagena
2793 3233 2983 3286 Graece
3036 3247 3159 3302 qua:
3207 3229 3373 3299 vulgo
3411 3245 3446 3283 a

1841 3323 2108 3377 trahente
2146 3322 2500 3375 verruculum
2547 3326 2793 3375 vocatur.
2837 3319 2997 3383 Quod
3042 3333 3214 3379 mare,
3248 3316 3306 3370 in
3335 3332 3446 3388 quo

1843 3411 2109 3475 trahitur,
2138 3426 2409 3477 magnum
2455 3414 2505 3463 et
2532 3412 2833 3477 spatiosum
2872 3407 2929 3461 in
2976 3406 3214 3461 Psalmis
3242 3404 3448 3459 dicitur

1848 3501 2009 3567 (Psal.
2033 3513 2142 3563 cm,
2171 3498 2284 3567 25).
2311 3497 2405 3552 ubi
2435 3500 2658 3567 τερπιτά
2679 3504 2829 3559 sunt,
2854 3512 3093 3565 quorum
3116 3510 3226 3548 non
3247 3504 3321 3547 es!
3346 3511 3449 3548 nu-

1846 3603 2051 3651 merus,
2083 3587 2141 3641 in
2159 3602 2268 3657 quo
2292 3591 2349 3639 et
2376 3587 2541 3639 draco
2559 3587 2633 3638 ad
2651 3585 3003 3639 illudendum
3029 3586 3078 3636 ei
3100 3582 3314 3653 positus
3338 3587 3447 3645 est,

1845 3682 1912 3729 ut
1935 3674 2054 3745 ipse
2085 3674 2155 3728 ab
2184 3673 2445 3727 omnibus
2474 3672 2762 3736 illudatur,
2786 3687 2899 3724 non
2928 3670 3218 3724 hominum
3241 3671 3448 3723 virtute

1844 3768 2092 3830 tantum,
2123 3762 2220 3817 sed
2264 3761 2451 3832 gratia
2504 3759 2677 3814 divini
2721 3759 2989 3824 muneris,
3024 3764 3078 3812 et
3124 3758 3449 3828 magisterio

1846 3853 1991 3907 tanti
2022 3850 2334 3922 piscatoris.
2367 3849 2453 3903 Ad
2499 3849 2659 3918 cujus
2698 3847 2965 3901 nimirum
2999 3846 3305 3916 magisterii
3334 3846 3448 3900 for-

1849 3957 2001 3994 mam
2030 3955 2239 4008 sagena
2272 3955 2338 3991 ex
2365 3953 2472 3991 usu
2500 3937 2582 3991 ita
2606 3934 2912 4006 majoribus
2933 3940 2989 3988 et
3010 3934 3320 3987 minoribus
3341 3932 3450 3987 du-

1849 4028 2070 4100 pliciter
2116 4026 2430 4081 contexitur
2466 4024 2648 4089 nodis,
2690 4030 2756 4078 ut
2801 4023 2987 4077 omnia
3036 4022 3211 4093 possit
3250 4036 3450 4093 capere

1843 4133 2052 4188 genera
2080 4116 2338 4186 piscium,
2378 4130 2449 4168 ne
2506 4129 2744 4182 magnus
2796 4117 2895 4165 aut
2946 4127 3149 4182 parvus
3204 4111 3449 4181 etl‘ugere

1845 4205 2037 4276 possit.
2061 4204 2215 4259 Sicut
2242 4210 2298 4257 et
2324 4203 2440 4257 haec
2468 4203 2579 4256 duo
2598 4203 2961 4256 Testamenta
3000 4200 3218 4253 minora
3247 4206 3305 4253 et
3329 4214 3450 4252 ma-

180 4286 368 4360 lapides
403 4307 550 4362 quos
597 4288 851 4360 qumSivit
882 4303 1126 4358 praesens
1162 4286 1501 4355 negotiator,
1533 4293 1592 4341 et
1619 4286 1763 4341 forte
1786 4362 1789 4363 ν
1840 4294 1968 4363 jora
1992 4292 2099 4346 sibi
2119 4293 2408 4363 duplicant
2427 4298 2721 4362 praecepta,
2743 4306 2816 4343 ne
2838 4290 2984 4343 ullus
3004 4288 3235 4359 effugiat
3252 4287 3452 4342 salutis

181 4374 387 4443 invenit,
427 4378 566 4432 boni
597 4392 707 4431 non
736 4376 948 4430 fuerint
968 4381 1025 4428 et
1053 4374 1299 4444 pretiosi,
1334 4373 1433 4427 sed
1456 4374 1513 4427 in
1546 4362 1958 4444 compa-Usum
1994 4383 2153 4435 retia.
2183 4362 2341 4445 Quod
2371 4380 2418 4434 si
2466 4380 2678 4446 majora
2718 4395 2830 4432 non
2862 4382 3066 4448 potest,
3101 4378 3183 4431 vel
3216 4377 3450 4431 minima

184 4465 377 4521 ratione
418 4467 589 4521 istius
619 4481 785 4518 nemo
815 4464 1011 4525 bonus,
1043 4461 1175 4533 quia
1203 4478 1399 4515 omnes
1429 4478 1494 4515 ex
1524 4462 1632 4516 isto
1661 4463 1764 4516 ha-

184 4551 298 4608 bent
321 4562 384 4610 ut
408 4556 547 4609 boni
574 4554 690 4608 sint
721 4560 778 4606 et
805 4550 1056 4623 pretiosi.
1084 4550 1196 4605 Hic
1216 4557 1303 4604 est
1326 4551 1570 4606 calculus
1593 4567 1766 4605 novus

186 4655 242 4694 ex
280 4643 617 4715 Apocalypsi
645 4640 894 4705 Joannis,
926 4640 985 4693 in
1031 4655 1141 4709 quo
1183 4655 1388 4693 nomen
1430 4655 1635 4693 novum
1682 4646 1766 4702 est

185 4733 565 4803 conscriptum,
601 4746 768 4801 quem
808 4744 970 4783 nemo
1026 4727 1199 4792 novit,
1241 4728 1350 4782 nisi
1399 4728 1495 4798 qui
1541 4727 1762 4798 accipit.

187 4817 323 4874 Unde
350 4828 581 4892 oportet
608 4826 672 4874 ut
700 4818 883 4873 omnis
925 4817 1129 4871 umbra
1158 4827 1514 4871 removeatur
1537 4832 1571 4870 a
1597 4832 1767 4871 sensu

184 4906 305 4978 legis
330 4921 387 4964 et
412 4910 853 4979 Prophetarum,
878 4911 937 4961 et
963 4907 1084 4960 sola
1114 4905 1319 4959 veritas
1355 4906 1767 4976 amplectatur;

187 4994 513 5052 distrahatur
532 5011 777 5067 praesens
798 4995 927 5055 vita,
948 4999 1007 5049 et
1027 5011 1150 5064 quae
1172 4993 1599 5064 praesentiarum
1614 4998 1766 5060 sunt,

186 5091 239 5140 ut
275 5086 387 5143 hec
431 5086 561 5140 sola
602 5083 878 5138 habeatur
919 5083 977 5136 in
1007 5099 1119 5154 qua
1147 5082 1336 5136 omnia
1374 5088 1510 5135 sunt
1541 5081 1686 5136 bona
1712 5086 1771 5135 et

186 5176 511 5247 sempiterna
534 5178 671 5227 sunt
713 5170 788 5227 Et
801 5171 1113 5247 notandum
1134 5170 1264 5241 quia
1278 5186 1391 5225 non
1412 5170 1618 5224 dicitur
1636 5186 1773 5241 pra-

187 5278 295 5318 sens
322 5263 646 5335 negotiator
674 5267 948 5332 quantum
995 5260 1196 5314 emerit
1222 5275 1366 5325 eam,
1398 5259 1496 5313 sed
1541 5264 1762 5313 tantum

190 5353 485 5425 quicunque
516 5350 798 5407 invenerit
823 5365 969 5415 eam,
1006 5354 1282 5420 quantum
1312 5347 1584 5403 habuerit.
1611 5348 1772 5404 Unde

189 5438 374 5498 dicitur
402 5465 415 5498 :

255 5532 403 5586 Vadit
452 5538 507 5587 et
556 5534 741 5587 vendit
781 5532 974 5587 omnia
1001 5546 1121 5600 qua
1157 5529 1334 5594 habet,
1374 5534 1424 5584 et
1468 5533 1602 5584 emit
1627 5546 1769 5593 eam.

1844 4470 2139 4540 compleat.
2181 4470 2344 4533 Quod
2394 4468 2583 4538 itaque
2627 4473 2775 4522 recte
2804 4466 2883 4520 sic
2924 4466 3168 4520 trahitur
3198 4466 3449 4535 Evange-

1846 4558 2003 4619 lium,
2040 4563 2104 4611 ut
2131 4575 2232 4628 per
2257 4574 2423 4611 omne
2460 4572 2615 4609 mare
2665 4560 2950 4625 penetret;
3001 4554 3080 4607 ita
3112 4560 3173 4607 ut
3210 4554 3279 4608 de
3318 4570 3449 4625 pro-

1845 4646 2017 4700 fundo
2060 4647 2337 4700 elemento
2366 4646 2535 4715 hujus
2563 4643 2770 4706 saeculi,
2804 4660 2904 4713 per
2929 4658 3094 4697 omne
3120 4658 3322 4713 corpus
3349 4658 3451 4696 va-

1845 4735 2004 4795 dens,
2038 4735 2256 4787 clausos
2284 4734 2433 4787 intra
2460 4732 2733 4786 ambitum
2758 4737 2816 4785 et
2843 4732 3028 4785 sinum
3054 4747 3218 4785 suum
3255 4746 3452 4784 omnes

1847 4824 2107 4877 extrahat
2134 4823 2203 4876 ad
2232 4824 2410 4877 lucem
2432 4837 2755 4891 supernam,
2772 4826 2829 4873 et
2848 4820 2918 4873 ad
2940 4820 3127 4873 lumen
3154 4819 3268 4873 veri
3296 4819 3449 4885 solis,

1849 4929 1919 4966 ne
1938 4913 2087 4966 ullus
2114 4912 2173 4965 in
2204 4911 2307 4964 hac
2327 4909 2569 4978 caligine
2588 4925 2862 4979 aquarum
2886 4912 3052 4962 natus
3073 4914 3130 4962 et
3147 4907 3446 4974 enutritus,

1849 5001 2140 5055 demersus
2168 5003 2477 5053 remaneat.
2511 4998 2597 5053 Ad
2642 4998 2745 5051 hoc
2773 4997 2979 5068 quippe
3016 4996 3323 5051 similitudo
3355 4996 3453 5050 illa

1851 5089 2293 5160 componitur,ut
2315 5086 2575 5140 ostendat
2587 5102 2687 5140 cur
2705 5086 2764 5139 in
2782 5085 3064 5157 apostolos
3085 5092 3201 5140 tum
3223 5085 3451 5139 eosdem

1853 5178 2056 5250 quibus
2082 5175 2657 5247 loquiturpiscatores
2679 5175 2929 5244 elegerit,
2961 5179 3019 5228 et
3054 5180 3309 5245 captares
3342 5173 3452 5244 pis-

1845 5267 1993 5321 cium
2021 5265 2210 5319 fecerit
2226 5264 2517 5318 hominum
2536 5264 2840 5334 piscatores
2854 5283 2867 5314 :
2881 5263 3093 5317 scilicet
3107 5269 3170 5317 ut
3184 5262 3355 5318 divini
3363 5265 3454 5336 ju-

1854 5354 1983 5409 dicii
2004 5360 2294 5424 typusarte
2306 5352 2618 5425 piscatoris,
2641 5358 3072 5407 monstraretur.
3089 5352 3276 5406 Pisces
3300 5370 3455 5408 nam-

1854 5459 1963 5514 que
1984 5449 2286 5514 congregat
2301 5450 2536 5514 captura
2550 5457 2913 5514 quoscunque
2929 5442 3188 5495 confusos
3207 5448 3264 5496 et
3286 5442 3455 5496 indis.

1852 5537 2036 5586 cretos
2056 5552 2069 5598 ;
2090 5538 2282 5599 604
2309 5533 2406 5587 sed
2427 5533 2486 5587 in
2508 5532 2651 5587 vasis
2672 5529 2934 5586 discretio
2952 5530 3125 5585 divini
3142 5530 3339 5601 judicii
3361 5546 3450 5584 se-
