3918 6176
858 255 1236 317 EXPOSITIO
1274 258 1355 316 1N
1388 258 1841 327 MATTHEUM.
1880 288 1951 305 -
1985 263 2123 331 LIB.
2165 265 2289 334 VII.
2332 266 2492 335 0A1?-
2532 265 2684 339 11.1!-

3310 272 3419 342 51.0

178 384 343 438 solum
370 395 620 477 numero,
633 396 828 437 verum
851 386 909 437 et
932 382 1201 439 doctrinae
1230 385 1516 456 exemplo;
1539 382 1808 457 quam-A
1895 388 1966 449 Et
1992 392 2213 455 veniens
2234 393 2300 445 in
2317 395 2571 460 patriam
2598 408 2779 460 suam,
2825 394 2885 461 id
2913 399 3001 459 est
3025 395 3086 477 in
3111 396 3412 466 Nagareth,

180 472 250 526 vis
273 470 368 524 alii
393 470 670 525 voluerint
691 471 913 525 easdem
934 476 1148 549 septem
1163 489 1303 540 esse,
1326 474 1574 529 dicentes
1595 477 1742 546 quod

176 559 454 615 novissima
483 558 699 613 iteratio
743 559 817 613 sit
858 562 1243 629 praecedentis.
1283 562 1556 619 Dixerunt
1591 565 1742 620 enim

176 650 282 713 hoc,
295 654 355 702 ut
372 653 582 718 septem
609 648 969 704 convenirent
1006 649 1202 704 diebus
1224 650 1426 722 quibus
1454 652 1633 708 factus
1658 660 1746 710 est

177 738 433 801 mundus;
470 736 600 807 quia
623 742 680 790 et
710 736 787 790 sic
814 737 999 807 prima
1035 738 1431 808 parabolarum
1474 741 1544 796 de
1582 742 1743 798 initio

174 826 372 879 videtur
395 824 590 879 mundi
612 841 833 891 sonare,
851 842 961 895 quo
989 827 1329 882 seminatum
1358 834 1443 884 est
1472 830 1739 901 quidquid

172 920 283 985 post
303 913 472 967 crevit
499 913 556 968 in
597 912 776 983 fruge,
809 914 895 967 vel
922 914 1182 971 vitiatum
1215 917 1485 988 quidquid
1514 919 1742 975 demum

171 1003 407 1072 apparuit
424 1002 483 1055 in
513 1002 743 1056 semine.
773 1003 947 1057 Porro
964 1003 1269 1058 novissima
1280 1021 1473 1060 earum
1498 1024 1623 1078 quae
1650 1027 1742 1062 sa-

172 1107 309 1160 genze
322 1095 681 1160 comparatur
703 1091 771 1144 ad
793 1091 964 1145 ﬁnem
988 1092 1168 1147 tendit
1195 1094 1402 1159 saeculi,
1422 1095 1481 1148 in
1503 1113 1614 1165 qua
1633 1097 1743 1153 dic-

169 1186 275 1232 tum
304 1184 419 1231 est:
446 1178 540 1233 Sic
557 1181 663 1231 erit
685 1181 747 1231 in
771 1183 1242 1234 consummatione
1262 1184 1742 1255 saeculiﬁeliquas

170 1282 284 1320 vero
320 1282 412 1319 sex
434 1266 493 1320 in
519 1266 705 1322 medio
732 1284 829 1321 sex
859 1267 1054 1322 mundi
1082 1270 1339 1324 aetatibus
1362 1273 1740 1334 contulerunt,

172 1371 228 1408 eo
255 1354 394 1425 quod
422 1371 734 1425 congruere
773 1356 1031 1411 videatur
1080 1358 1351 1429 quidquid
1404 1360 1464 1414 in
1509 1360 1744 1431 singulis

173 1443 364 1498 dictum
418 1449 507 1497 est
562 1444 802 1513 singulis
853 1446 1041 1500 saeculi
1087 1448 1455 1518 temporibus,
1485 1450 1567 1505 ita
1594 1451 1743 1505 utin

1826 478 2042 531 docebat
2060 494 2141 531 eos
2169 482 2232 533 in
2259 484 2552 549 synagogis
2577 498 2789 548 eorum,
2824 486 2906 545 ita
2931 489 2993 545 ut
3036 487 3409 553 mirarentur,

1826 565 1929 620 Hic
1959 566 2254 622 Matthaeus
2281 568 2535 623 ordinem
2584 571 2852 633 narrandi
2884 586 2999 627 non
3042 573 3246 645 tenuit,

1824 653 1978 707 niam
2008 660 2135 724 post
2153 655 2288 710 istas
2318 657 2611 727 parabolas
2639 665 2938 729 postquam
2966 678 3001 715 a
3030 661 3198 723 domo
3220 662 3408 728 exivit,

1824 742 1893 795 ad
1917 743 2027 796 alia
2047 760 2107 798 se
2126 744 2369 813 primum
2399 747 2705 811 transtulit,
2725 749 2872 817 quod
2900 750 3122 811 Marcus
3142 755 3199 804 et
3233 751 3415 813 Lucas

1823 836 2145 885 narrarunt.
2179 831 2272 886 ubi
2327 833 2523 891 dicunt
2549 836 2697 905 quod
2744 836 2804 895 in
2844 837 2989 899 mari
3022 838 3332 907 dormierit,
3357 844 3418 903 et

1825 919 1974 988 apud
2004 919 2317 974 Gerasenos
2355 922 2633 979 daemonia
2663 925 2891 994 expulsa
2916 926 3144 985 fuerint.
3180 928 3325 983 Nam
3354 933 3416 991 et

1825 1007 2002 1061 Lucas
2023 1008 2364 1063 hunclocum
2386 1026 2495 1064 non
2520 1011 2683 1080 longe
2700 1019 2825 1081 post
2841 1013 3179 1084 baptismum
3202 1015 3410 1086 posuit,

1823 1102 2013 1161 608
2046 1097 2193 1168 (1υοίί
2219 1097 2364 1151 cives
2394 1099 2515 1166 ejus
2543 1099 2613 1153 ad
2640 1101 2763 1169 ejus
2787 1102 3097 1170 potentiam
3109 1102 3418 1173 obstupue-

1824 1184 1955 1238 rint.
1990 1186 2074 1239 Ne
2120 1185 2363 1251 mireris,
2411 1188 2604 1253 lector,
2638 1189 2785 1258 quod
2834 1190 2914 1253 ait
2944 1208 2956 1242 :
3004 1191 3149 1255 Quia
3176 1192 3329 1267 venit
3354 1192 3417 1253 in

1826 1272 2067 1342 patriam
2092 1290 2271 1339 suam,
2306 1290 2419 1329 non
2451 1276 2603 1331 cnim
2651 1278 2961 1341 secundum
3001 1279 3279 1337 Deitatem
3309 1280 3418 1341 hoc

1826 1360 2092 1430 loquitur,
2112 1362 2206 1416 sed
2231 1363 2542 1419 secundum
2576 1365 3007 1427 humanitatem.
3038 1367 3192 1425 Alias
3225 1373 3417 1441 autem

1823 1450 2128 1513 secundum
2153 1451 2533 1516 Divinitatem,
2552 1453 2701 1513 unde
2711 1454 3000 1522 egreditur
3027 1455 3124 1525 qui
3138 1471 3418 1526 nusquam

170 1532 332 1602 prima
359 1537 524 1586 aetate
554 1533 759 1599 saeculi,
792 1533 1002 1589 scilicet
1028 1535 1087 1589 in
1128 1537 1308 1590 Adam
1345 1539 1611 1607 primum,
1643 1539 1741 1593 de-
1824 1536 2021 1595 abest?
2052 1538 2173 1602 Quo
2197 1539 2517 1608 ingreditur
2535 1540 2629 1611 qui
2642 1542 2797 1597 nullo
2820 1542 3255 1601 contineturnec
3281 1560 3419 1603 σου-ν

171 1620 285 1674 inde
308 1619 463 1685 Cain,
493 1621 688 1693 sicque
706 1639 809 1693 per
823 1639 1047 1677 omnem
1062 1624 1217 1679 illam
1239 1631 1465 1681 aetatem
1488 1626 1744 1682 diabolus
1758 1691 1803 1701 _
1828 1626 2076 1679 cluditur
2094 1627 2257 1683 loco?
2284 1627 2369 1692 Ad
2399 1645 2565 1698 quam
2580 1645 2713 1699 ergo
2726 1630 2968 1699 patriam
2988 1630 3157 1695 vadit,
3173 1631 3268 1701 qui
3289 1631 3421 1691 fecit

169 1725 225 1763 ac
243 1709 287 1762 si
310 1709 570 1763 inimicus
598 1691 655 1764 et
678 1691 876 1775 hostis,
903 1712 1177 1769 zizaniam
1210 1691 1806 1785 superseminaveritB.
1828 1719 1886 1777 et
1910 1715 2157 1784 possidet
2186 1721 2366 1775 totum
2387 1691 2435 1770 7-
2463 1691 2849 1788 Venitvigitur
2884 1719 2953 1777 ad
2999 1691 3242 1790 patriam
3268 1725 3326 1793 et
3348 1719 3422 1777 ad

170 1799 219 1851 in
243 1798 417 1851 medio
446 1798 646 1867 tritici,
676 1804 732 1853 et
754 1801 1003 1871 corrupit
1030 1807 1291 1857 naturam
1317 1804 1549 1859 humani
1568 1822 1741 1875 gene-
1823 1802 2075 1857 concives
2119 1820 2250 1859 suos
2275 1805 2584 1867 secundum
2614 1822 2860 1872 Carnem,
2892 1812 2959 1865 nt
2981 1808 3206 1867 doceret
3234 1823 3330 1869 eos
3359 1807 3422 1867 in

169 1887 253 1940 ris.
274 1887 481 1941 Deinde
500 1888 752 1942 secunda
769 1893 936 1944 astate
953 1891 1072 1945 Noe
1102 1892 1261 1961 quasi
1276 1908 1515 1961 granum
1530 1895 1743 1965 sinapis
1824 1892 2123 1961 synagogis
2151 1908 2372 1950 eorum.
2424 1894 2490 1949 In
2540 1910 2733 1957 eorum
2781 1895 3102 1966 synagogis,
3136 1895 3334 1966 inquit,
3363 1900 3423 1959 et

170 1991 350 2045 parvus
377 1992 617 2031 numero
645 1978 820 2033 crevit
846 1978 905 2032 in
932 1985 1159 2049 gentem
1187 1996 1451 2050 magnam
1494 1983 1743 2037 dilatatis
1824 1996 1938 2039 non
1966 1980 2024 2033 in
2053 1980 2174 2044 Dei,
2211 1981 2342 2050 quia
2361 1981 2457 2052 qui
2488 1998 2616 2039 eum
2648 1983 2972 2057 nesciebant
3003 1984 3181 2043 Deum
3212 1983 3423 2043 habere

171 2064 606 2135 genealogiamm
643 2067 834 2131 ramis,
867 2072 925 2120 et
976 2067 1123 2122 facta
1168 2074 1255 2123 est
1284 2070 1451 2125 arbor
1482 2070 1745 2126 frondosa
1825 2084 1938 2133 non
1968 2074 2249 2138 poterant.
2276 2070 2346 2127 Et
2373 2070 2497 2125 ideo
2528 2070 2877 2139 mirabantur
2894 2077 2951 2134 et
2976 2071 3236 2134 dicebant
3265 2086 3282 2130 ε

171 2153 337 2206 nimis.
356 2158 547 2219 ειυς
578 2154 753 2208 Porro
772 2155 1108 2211 fermentum
1128 2158 1308 2213 tertiae
1318 2159 1595 2229 parabolae
1608 2166 1743 2214 asta-
1902 2158 2047 2219 Unde
2068 2158 2197 2214 huic
2215 2161 2485 2237 sapientia
2506 2161 2615 2213 hac
2633 2165 2681 2214 et
2698 2163 2927 2221 virtutes
2939 2166 2962 2213 .9
2980 2160 3124 2215 Mira
3140 2160 3421 2231 siquidem

170 2246 268 2295 tam
293 2241 554 2313 designat
588 2242 647 2296 in
685 2260 796 2314 qua
815 2244 953 2299 ﬁdes
982 2246 1158 2316 patris
1195 2247 1372 2301 nostri
1401 2248 1638 2303 Abrahae
1664 2248 1743 2302 ef-
1823 2246 2067 2327 stultitia
2120 2246 2537 2300 Nazarenorum
2583 2255 2640 2301 et
2684 2242 3083 2318 imprudentia.
3142 2249 3425 2309 Mirantur

173 2331 371 2396 ferbuit,
402 2338 460 2386 et
487 2332 602 2388 Dei
632 2338 753 2387 tum
786 2334 1047 2405 deinceps
1067 2334 1421 2397 fermentavit
1444 2338 1744 2407 mundum,
1826 2335 1975 2395 unde
2003 2334 2208 2389 habeat
2236 2335 2569 2405 sapientiam
2600 2341 2811 2391 aeterna
2856 2337 3152 2407 sapientia,
3186 2343 3243 2392 et
3271 2338 3424 2393 unde

173 2420 221 2473 in
246 2421 395 2490 cujus
440 2421 664 2476 semine
706 2420 1109 2477 benedicentur
1150 2441 1345 2479 omnes
1372 2431 1554 2480 terrae.
1590 2427 1661 2480 Et
1686 2427 1744 2480 in
1827 2422 2036 2481 habeat
2088 2424 2325 2477 virtutes
2373 2430 2585 2478 aeterna
2619 2425 2816 2481 virtus.
2857 2426 2968 2481 Sed
3011 2442 3169 2480 error
3224 2442 3424 2482 eorum

174 2509 259 2561 hac
285 2510 483 2581 quippe
516 2511 707 2564 saeculi
736 2516 900 2566 aetate
921 2512 1163 2581 primum
1194 2514 1491 2584 Synagoga
1509 2514 1749 2581 formen-
1828 2511 2158 2569 manifestus
2177 2518 2280 2575 est,
2316 2512 2450 2565 dum
2482 2530 2608 2566 eum
2640 2513 2782 2567 fabri
2812 2514 2989 2568 ﬁlium
3030 2514 3418 2585 suspicantur.

174 2598 277 2650 tum
303 2598 435 2668 legis
494 2599 736 2670 accepit,
764 2617 873 2669 quo
930 2605 1051 2654 tota
1096 2618 1397 2672 conspersa
1450 2608 1537 2655 est
1565 2620 1750 2657 massa
1830 2600 1876 2655 Ο
1909 2604 2152 2668 quantus
2184 2606 2269 2652 est
2294 2616 2451 2653 error
2478 2601 2773 2654 humanus.
2811 2607 3134 2671 quantaque
3161 2602 3427 2672 insipieni-

175 2685 293 2738 Novi
323 2687 674 2740 Testamenti
730 2688 1031 2742 testiﬁcata
1085 2706 1120 2743 a
1162 2690 1286 2760 lege
1337 2695 1394 2743 et
1425 2692 1736 2761 prophetis.
1827 2687 1927 2745 tia.
1956 2703 2079 2757 qua:
2130 2688 2199 2740 de
2231 2687 2533 2741 virtutibus
2590 2694 2648 2741 et
2698 2688 2902 2743 divinis
2941 2688 3108 2748 rebus
3152 2689 3422 2745 invidiam

177 2771 298 2847 Hinc
329 2775 443 2842 jam
472 2774 535 2829 in
566 2780 818 2844 tempore
838 2775 1013 2830 David
1037 2776 1196 2846 quasi
1216 2776 1320 2831 sub
1340 2782 1541 2847 quarta
1559 2784 1744 2843 aetate,
1829 2775 2071 2846 concipit
2124 2781 2182 2828 et
2242 2775 2392 2845 parit
2441 2776 2661 2830 odium!
2694 2778 2821 2830 Non
2855 2776 3005 2830 enim
3024 2778 3105 2831 sic
3133 2794 3242 2832 nox
3269 2778 3421 2832 diem

178 2861 407 2918 inventus
432 2870 521 2919 est
570 2865 869 2920 thesaurus
897 2866 958 2920 in
1006 2872 1141 2936 agro
1165 2867 1470 2937 prophetiae
1494 2868 1744 2922 latuisse.
1830 2879 2011 2934 neque
2038 2864 2214 2918 solem
2244 2864 2425 2934 caligo
2454 2864 2612 2936 tegit,
2640 2881 2749 2934 quo
2783 2865 2950 2919 modo
2978 2871 3225 2937 mentem
3253 2871 3425 2922 caecat

178 2948 312 3005 Unde
339 2968 479 3027 unus
506 2953 913 3024 prophetarum
943 2970 1071 3017 cum
1113 2955 1420 3011 invenisset
1446 2972 1595 3023 eum,
1632 2957 1748 3010 aie-
1766 3000 1810 3063 Ο
1830 2958 1889 3009 et
1913 2951 2172 3007 tenebrat
2200 2969 2340 3022 quos
2372 2952 2671 3022 possiderit
2712 2952 2933 3007 invidia
2965 2953 3120 3009 livor.
3144 2955 3425 3010 Mirantur

178 3036 255 3063 1...;
278 3058 288 3063 -
327 3042 398 3063 ην.-
437 3058 477 3063 Α,
513 3043 648 3063 πμ.-
686 3045 1021 3063 _1_-__-.Lu_,_
1086 3049 1125 3063 ,ι
1173 3061 1259 3063 μμ
1300 3061 1323 3063 η
1474 3047 1521 3063 ιΔ
1705 3052 1717 3063 Α
1830 3041 1883 3063 L:
1913 3057 2081 3063 __-_-_.
2110 3040 2438 3063 -..-ζ-..ιε-...
2481 3046 2530 3063 ,Α
2554 3042 2785 3063 --ιμλ-,ι-..
2826 3043 2939 3063 -2---
3000 3047 3046 3063 ,Α
3078 3043 3275 3063 _-_L-._i
3316 3059 3393 3063 Α---

176 3036 289 3093 bat:
326 3042 398 3097 Tu
426 3058 479 3096 es
500 3043 648 3097 Deus
675 3045 1043 3110 absconditus,
1076 3049 1125 3098 et
1167 3061 1263 3098 nos
1294 3047 1662 3099 nesciebamus
1700 3052 1747 3103 te
1766 3036 1810 3077 ⁵³⁸
1830 3041 1887 3099 hi
1911 3057 2082 3111 super
2108 3040 2442 3111 sapientiam
2476 3046 2533 3099 et
2554 3042 2788 3101 virtutes
2820 3043 2961 3111 ejus,
2993 3047 3051 3097 et
3077 3043 3280 3117 nolunt
3308 3059 3425 3098 cre-

180 3128 285 3195 (lsa.
304 3122 422 3194 m,
442 3130 563 3197 15).
586 3131 808 3187 Interea
827 3148 955 3185 cum
974 3133 1301 3187 accessisset
1332 3134 1625 3204 captivitas
1651 3134 1749 3188 illa
1828 3130 1992 3196 dere;
2024 3130 2159 3199 quia
2175 3130 2293 3184 haec
2311 3129 2608 3207 admiratio
2629 3146 2741 3184 non
2755 3130 2825 3187 de
2839 3131 3068 3200 pietate,
3090 3131 3190 3187 sed
3202 3131 3272 3186 de
3287 3131 3425 3189 invi-

178 3231 281 3285 qua
305 3217 445 3273 facta
492 3224 585 3274 est
642 3219 699 3273 in
757 3220 1052 3282 Chaldaeis,
1092 3222 1410 3292 margarita:
1446 3223 1610 3293 longe
1650 3223 1747 3277 diu
1829 3218 1924 3273 dia
1954 3218 2122 3273 venit.
2150 3219 2362 3279 Tamen
2381 3218 2571 3279 velint.
2597 3218 2795 3281 nolint,
2818 3218 3019 3278 deiﬁca
3046 3225 3134 3275 est
3160 3220 3418 3277 doctrina

180 3306 395 3372 quesita:
426 3307 780 3373 defecerunt,
814 3309 991 3362 donec
1021 3309 1079 3363 in
1112 3310 1220 3364 ﬁne
1271 3310 1441 3381 hujus
1480 3312 1750 3382 temporis
1835 3326 2003 3380 quam
2029 3309 2284 3375 audiunt,
2311 3314 2370 3363 et
2406 3309 2643 3364 virtutes
2676 3325 2816 3379 quas
2842 3316 3099 3364 cernunt.
3130 3310 3264 3365 Plus
3293 3327 3425 3381 eum
3484 3374 3487 3377 ν

179 3406 292 3459 una,
319 3412 434 3465 qum
477 3396 745 3451 Christus
792 3402 895 3463 est,
930 3398 1336 3467 pretiosissima
1384 3399 1747 3466 inveniretur,
1832 3399 2083 3453 fatentur
2111 3414 2280 3469 quam
2328 3398 2631 3462 hominem,
2661 3403 2720 3451 et
2745 3398 2871 3453 ideo
2899 3405 3197 3454 moventur
3223 3400 3294 3455 ad
3316 3400 3426 3453 mi-

180 3482 290 3549 quia
315 3483 368 3537 in
392 3502 457 3539 ea
486 3491 662 3539 natus
692 3491 779 3539 est
802 3486 1077 3541 Christus.
1110 3487 1311 3557 Sicque
1338 3488 1398 3541 in
1436 3488 1636 3541 ultima
1654 3489 1752 3542 illa
1832 3488 2043 3551 racula,
2061 3487 2157 3540 sed
2178 3487 2378 3541 nolunt
2396 3503 2523 3541 eum
2545 3487 2722 3543 Deum
2746 3488 3020 3548 confiteri.
3041 3503 3168 3542 cum
3202 3488 3426 3557 videant

180 3576 317 3626 aetate
330 3590 447 3643 quae
466 3578 632 3628 sexta
661 3580 907 3640 vocatur,
942 3575 1122 3629 omnis
1152 3576 1288 3629 ordo
1319 3575 1747 3646 praedicatorum
1834 3575 1892 3629 in
1924 3592 1989 3629 eo
2027 3591 2197 3645 opera
2227 3575 2486 3631 Deitatis.
2520 3576 2610 3628 Sic
2638 3575 2787 3629 enim
2817 3575 3188 3641 admirantur,
3222 3582 3288 3632 ut
3316 3577 3423 3631 ali-

180 3656 228 3712 in
254 3660 611 3719 similitudine
637 3663 864 3728 Christi,
896 3664 991 3733 qui
1021 3665 1255 3734 protulit
1273 3666 1342 3717 de
1356 3665 1617 3719 thesauro
1646 3682 1747 3720 suo
1831 3664 1981 3717 unde
2009 3664 2228 3732 ﬁngant
2247 3679 2374 3735 eum
2395 3662 2625 3730 habere,
2647 3678 2769 3732 quae
2796 3679 3005 3731 negare
3034 3680 3144 3717 non
3168 3668 3422 3733 possunt.

179 3762 300 3804 nova
324 3756 377 3804 et
398 3758 609 3816 vetera,
646 3752 900 3806 fecerunt
925 3753 985 3805 in
1016 3753 1160 3806 vasis
1190 3753 1307 3806 suis
1353 3753 1614 3807 ﬁctilibus
1646 3755 1748 3808 Sa-
1830 3752 2042 3807 Idcirco
2071 3767 2195 3805 mox
2216 3751 2425 3812 oculos,
2457 3750 2666 3807 invidia
2694 3751 2902 3816 caecati,
2925 3750 2996 3805 ad
3027 3752 3311 3805 hominem
3340 3767 3427 3805 re-

181 3846 435 3897 crementa
471 3840 620 3911 legis
652 3846 709 3895 et
746 3841 1042 3912 prophetat
1055 3858 1167 3908 um,
1199 3846 1258 3895 et
1285 3848 1545 3896 eructant
1571 3860 1749 3913 usque
1828 3845 2114 3911 torquent.

183 3922 228 3976 in
256 3926 406 3982 ﬁnem
433 3931 628 3985 saeculi
651 3935 1108 3984 ornamentorum
1136 3931 1577 4001 pretiosissima,
1611 3949 1753 3994 nova
1904 3930 2118 3994 Nonne,
2138 3928 2423 3999 inquiunt,
2443 3930 2533 3982 hic
2561 3933 2634 3982 est
2664 3929 2818 3995 ﬁlius
2836 3928 3006 3993 fabri,
3035 3932 3082 3991 et
3105 3930 3283 3980 mater
3309 3929 3425 3995 ejus

183 4017 229 4064 et
267 4022 441 4072 vetera
491 4019 812 4073 divinorum
871 4019 1221 4088 eloquiorum
1279 4021 1565 4091 mysteria.
1596 4021 1748 4085 Haec,
1834 4023 1909 4073 est
1940 4019 2167 4073 Maria?
2196 4018 2355 4073 Unde
2379 4017 2511 4072 huic
2535 4017 2651 4071 haec
2671 4014 2966 4086 sapientia,
2981 4020 3152 4069 tantae
3170 4015 3427 4085 talesque

185 4097 295 4165 quia
314 4103 564 4156 nonnulli
583 4103 872 4157 doctorum
896 4102 977 4157 ita
991 4104 1243 4167 tradunt,
1258 4109 1323 4158 ut
1334 4105 1594 4169 diximus,
1624 4106 1751 4159 ideo
1836 4106 2069 4160 virtutes
2086 4107 2111 4159 ?
2140 4107 2228 4161 Sic
2249 4107 2461 4169 dicunt,
2485 4106 2580 4177 qui
2600 4107 2777 4162 Deum
2809 4122 2874 4159 ex
2894 4121 3005 4175 quo
3016 4110 3103 4158 est
3126 4104 3423 4175 sapientia,

185 4200 268 4239 nos
292 4192 472 4257 paucis
509 4191 762 4261 tetigisse
794 4192 999 4261 potius,
1034 4208 1203 4262 quam
1235 4194 1561 4264 explanasse
1600 4195 1751 4248 sufﬁ-
1834 4213 1900 4249 ex
1916 4212 2026 4266 quo
2046 4196 2241 4261 virtus,
2270 4195 2549 4264 ignorant.
2572 4195 2773 4264 Sicque
2794 4193 3037 4264 abnegat
3050 4199 3107 4247 et
3126 4194 3429 4248 conﬁtetur

186 4274 294 4332 ciat.
315 4278 419 4333 Sed
452 4280 698 4349 diligens
728 4281 901 4335 lector
928 4280 1264 4343 consideret,
1303 4288 1493 4336 utrum
1523 4283 1646 4352 plus
1671 4284 1816 4354 si-n
1835 4284 2041 4339 invitus
2068 4285 2163 4354 qui
2194 4301 2304 4339 non
2335 4284 2532 4349 cernit,
2567 4283 2661 4353 qui
2682 4282 2968 4344 Christum
2999 4283 3179 4336 nescit
3192 4282 3293 4339 Dei
3322 4282 3430 4336 vir-

185 4366 282 4419 mul
318 4376 437 4423 octo
483 4369 785 4441 parabolae,
819 4386 945 4424 cum
975 4369 1095 4424 suis
1124 4377 1248 4424 octo
1287 4370 1744 4436 beatitudinibus,
1765 4366 1816 4425 ῗῗ
1837 4380 2014 4427 tutem
2045 4390 2165 4428 esse
2214 4374 2428 4443 Deique
2477 4371 2959 4444 sapientiam.Sed
2985 4371 3158 4425 miror
3186 4387 3287 4424 cur
3315 4371 3431 4435 Ma-

185 4458 487 4513 conveniant
520 4459 754 4528 junctae,
804 4475 875 4512 an
904 4459 1002 4523 ita,
1057 4463 1121 4512 ut
1147 4459 1359 4523 volunt,
1416 4458 1462 4512 si
1510 4476 1637 4513 cum
1664 4460 1751 4514 his
1832 4462 1975 4515 riam
1996 4462 2295 4515 nominant
2328 4477 2455 4514 cum
2472 4460 2541 4514 de
2563 4459 2740 4530 patris
2785 4459 3013 4514 nomine
3042 4464 3284 4523 taceant,
3315 4458 3427 4513 nisi

182 4530 408 4601 statibus
426 4547 619 4602 saeculi
647 4552 1063 4617 comparentur.
1098 4548 1244 4602 Nam
1275 4548 1379 4601 hoc
1399 4553 1610 4602 certum
1643 4555 1746 4613 est,
1833 4550 1967 4618 quia
1990 4549 2275 4619 irridendo
2302 4549 2481 4618 magis
2505 4547 2649 4602 fabri
2671 4546 2846 4602 ﬁlium
2864 4563 2992 4601 eum
3014 4552 3231 4613 vocant;
3266 4551 3332 4601 ut
3359 4562 3427 4600 ex

183 4633 290 4699 quia
303 4651 404 4689 non
424 4636 639 4706 absque
654 4637 921 4707 mysterio
937 4637 1081 4691 tales
1094 4636 1441 4707 totidemque
1468 4637 1746 4707 parabolae
1831 4634 2075 4691 utilitate
2106 4633 2289 4703 operis
2329 4632 2573 4702 amplius
2628 4648 2757 4687 eum
2806 4630 3135 4703 despiciant,
3167 4631 3425 4701 quamvis

180 4719 322 4777 simul
341 4726 680 4795 junguntur,
714 4725 769 4778 in
789 4724 991 4794 quibus
1021 4730 1077 4778 et
1105 4726 1427 4780 octonarius
1439 4726 1747 4780 conforma-

179 4813 257 4863 tur
282 4828 565 4878 numerus,
582 4820 640 4869 et
665 4813 934 4883 mysteria
964 4813 1223 4868 humanae
1236 4815 1433 4869 salutis
1461 4816 1746 4869 occultan-

179 4904 257 4951 tur
280 4900 500 4967 Judaais,
526 4909 583 4956 et
610 4902 937 4972 panduntur
952 4902 1239 4972 apostolis.
1256 4903 1413 4957 Unde
1429 4903 1509 4957 ait
1532 4921 1543 4955 :
1581 4906 1643 4957 Et
1664 4908 1747 4971 fa-

179 4991 303 5041 ctum
329 4997 403 5044 est
422 5008 551 5045 cum
581 4995 1010 5044 consummasset
1053 4993 1207 5044 Jesus
1257 4992 1550 5058 parabolas
1591 4995 1742 5056 istas,

178 5073 296 5130 abiit
321 5081 466 5133 inde.
524 5080 948 5134 Consummatio
1003 5096 1134 5134 vero
1188 5080 1579 5149 parabolarum
1614 5097 1753 5150 opus

178 5164 403 5228 Perfecta
434 5167 847 5237 praedicationis
876 5174 982 5233 est,
1016 5167 1165 5237 quod
1180 5183 1469 5237 nunquam
1501 5166 1608 5220 nisi
1629 5173 1752 5235 octo

178 5246 588 5309 beatitudinibus
608 5255 999 5325 complebitur.
1017 5256 1083 5309 Et
1103 5255 1227 5309 ideo
1252 5254 1480 5325 quidam
1500 5255 1748 5325 psalmus

180 5353 261 5405 pro
288 5352 476 5399 octava
507 5346 748 5410 canitur,
781 5344 878 5414 qui
910 5343 980 5396 de
1011 5344 1268 5413 passione
1299 5343 1523 5399 Domini
1557 5350 1746 5396 canta-

181 5432 274 5489 tur,
302 5434 563 5500 quoniam
613 5435 670 5490 in
732 5450 798 5489 eo
845 5432 1029 5488 omnis
1076 5432 1345 5504 perfectio
1383 5431 1746 5489 beatitudinis

181 5521 646 5581 consummabitun

1828 4722 1929 4779 Dei
1944 4721 2224 4786 nutu,etsi
2255 4721 2435 4781 inviti,
2458 4720 2528 4774 de
2554 4720 2649 4775 illo
2679 4736 2802 4789 quae
2818 4734 2949 4773 vera
2979 4724 3112 4772 sunt
3142 4724 3197 4773 et
3227 4720 3427 4773 deiﬁca

1828 4812 2155 4882 loquuntur,
2189 4810 2454 4880 quoniam
2490 4808 2591 4863 Dei
2621 4808 2805 4867 Patris
2837 4812 2924 4861 est
2961 4823 3091 4860 vere
3121 4807 3297 4863 Filius
3328 4808 3425 4878 qui

1828 4900 2129 4959 fabricator
2152 4904 2237 4954 est
2261 4898 2475 4953 mundi.
2510 4896 2669 4951 Unde
2715 4896 2937 4951 Marcus
2965 4912 3092 4951 eum
3136 4911 3249 4950 non
3279 4894 3422 4949 fabri

1829 4990 2025 5055 ﬁlium,
2045 4988 2141 5043 sed
2156 4988 2339 5058 ipsum
2359 4986 2580 5061 fabrum
2601 4983 2754 5041 dicit.
2776 4984 2853 5038 Eo
2873 4983 3023 5038 enim
3048 5000 3178 5039 eum
3203 4983 3424 5039 fabrum

1834 5076 2154 5140 credebant,
2188 5092 2297 5145 quo
2330 5080 2387 5135 et
2437 5073 2579 5127 fabri
2630 5072 2828 5138 ﬁlium,
2861 5077 3058 5137 (ιω
3094 5088 3160 5126 ex
3188 5072 3424 5127 artiﬁcio

1833 5148 2010 5236 patris
2037 5180 2164 5217 vere
2195 5170 2253 5215 et
2282 5162 2401 5232 ipse
2426 5160 2872 5231 faber,quoniam
2899 5160 3201 5215 fabricator
3228 5165 3313 5214 est
3340 5177 3426 5214 or-

1837 5254 1919 5307 bis
1946 5270 2047 5325 per
2075 5269 2243 5322 quem
2276 5251 2421 5305 laeta
2446 5256 2581 5305 sunt
2608 5250 2814 5304 omnia.
2848 5250 2972 5303 Non
3003 5249 3176 5318 igitur
3217 5248 3423 5304 mirum

1829 5341 2053 5411 cognati
2070 5340 2390 5394 etconcives
2407 5338 2453 5392 si
2470 5346 2661 5393 errent
2690 5354 2816 5393 cum
2849 5337 3057 5395 Judaeis
3085 5337 3155 5391 de
3177 5336 3420 5401 Christo,

1830 5430 1924 5500 qui
1955 5436 2148 5485 errant
2172 5430 2240 5482 de
2260 5435 2418 5499 patre
2438 5435 2495 5482 et
2513 5428 2583 5482 de
2594 5434 2773 5482 matre
2802 5427 2971 5491 illius,
3006 5442 3105 5479 seu
3129 5425 3199 5479 de
3227 5424 3421 5479 fratri-

1832 5519 1962 5580 bus.
1999 5519 2144 5574 Nam
2169 5518 2370 5575 callide
2396 5517 2599 5583 fratres
2627 5515 2897 5587 ingerunt
2912 5520 2971 5581 et
2996 5513 3302 5571 ostendunt
3327 5529 3420 5568 so-
