3918 6176
494 284 593 343 511

1254 282 1312 339 S.
1353 281 1732 339 PASCHASII
1770 273 2129 333 RADBER'I‘I
2165 266 2470 325 ABBATIS
2507 263 3001 320 CORBEIENSIS.

3637 251 3725 310 51‘2

494 425 669 471 rores,
682 414 749 464 ut
761 414 862 464 aut
876 414 1094 482 patrem
1117 409 1286 464 aliam
1330 407 1592 462 habuisse
1611 419 1837 460 uxorem
1865 400 2079 457 conﬁn-
2098 403 2141 457 Α
2172 396 2321 449 tabat
2348 409 2407 448 eo
2436 391 2582 461 quod
2607 391 2951 482 diceretura
2986 388 3323 482 quibusdam
3353 386 3489 482 quia
3515 384 3730 438 Joanne:

494 502 654 568 gent,
676 502 776 551 aut
803 496 1153 551 numerosior
1179 502 1373 568 partus
1398 499 1602 548 sancta:
1629 491 1824 547 Matris
1850 489 2088 544 infame-

496 590 612 652 tur,
637 586 997 655 utvirginitas
1017 591 1211 639 sancta
1229 582 1753 643 lateat,obscuretur
1773 579 2084 648 integritas,

498 678 558 728 et
586 674 862 728 sentiatur
881 679 1061 727 totum
1100 673 1168 726 de
1199 672 1419 725 Christo
1446 669 1593 741 quod
1632 669 1940 722 humanum
1980 674 2083 735 est,

500 760 582 816 nil
613 762 758 832 quod
786 761 1033 814 divinum
1059 779 1071 826 ;
1100 776 1223 813 cum
1244 759 1291 811 si
1309 758 1474 812 beata
1495 757 1668 812 Maria
1688 755 1831 810 filios
1867 755 2089 809 habuis-

501 856 604 916 set,
637 854 702 904 ut
722 848 946 919 quidam
964 848 1242 917 garriunt,
1268 846 1462 917 inipso
1491 845 1669 900 crucis
1687 851 1938 915 tempore
1968 860 2088 897 ma-

499 942 589 991 ter
614 954 645 990 a
670 936 889 990 Christo
904 936 1175 1006 discipulo
1203 935 1402 1005 virgini
1432 935 1602 1004 Virgo
1624 950 1734 987 non
1749 932 2086 996 traderetur,

500 1030 558 1079 et
584 1026 641 1078 in
666 1024 788 1094 ipso
809 1024 1008 1078 mortis
1026 1024 1262 1078 articulo
1283 1040 1387 1079 nec
1403 1022 1893 1077 commendaretur
1904 1027 2088 1074 extra-

498 1128 623 1166 neo.
667 1112 929 1175 Quinimo
961 1114 1160 1166 fratres
1189 1118 1246 1166 et
1290 1129 1511 1166 sorores
1558 1110 1765 1165 Christi
1797 1110 1865 1163 de
1887 1107 2089 1179 quibus

500 1199 759 1270 Cleopba:
774 1200 981 1254 sororis
1008 1201 1198 1254 Mariae
1221 1200 1321 1254 ﬁlii
1344 1183 1496 1259 sunt,
1520 1216 1642 1271 quae
1662 1199 1768 1252 fuit
1789 1204 2091 1251 matertera

497 1286 725 1352 Christi,
767 1289 836 1342 de
868 1305 978 1359 qua
999 1288 1106 1342 orti
1134 1294 1265 1342 sunt
1292 1287 1610 1341 consobrini
1635 1285 1960 1346 Salvatoris,
1992 1284 2089 1355 qui

492 1376 623 1446 jure
648 1376 852 1430 fratres
882 1384 1167 1430 vocantur.
1192 1378 1490 1447 Nunquam
1520 1375 1667 1429 enim
1687 1380 1881 1428 contra
1911 1373 2088 1445 pieta-

494 1465 571 1519 tis
600 1464 852 1518 ordinem
879 1466 1112 1519 Matrem
1146 1465 1369 1519 Domini
1400 1472 1607 1529 extero,
1635 1466 1736 1517 hoc
1763 1468 1849 1516 est
1889 1462 2091 1516 Joanni

504 1552 575 1606 de
601 1569 783 1618 cruce,
806 1554 1013 1621 utdixi,
1037 1555 1501 1615 commendasset,
1515 1553 1562 1606 si
1590 1553 1730 1607 alios
1760 1558 1884 1623 post
1906 1552 2088 1621 ipsum

498 1641 644 1695 ﬁlios
666 1643 1018 1712 suscepisset.
1045 1643 1153 1697 Sed
1183 1643 1315 1714 quia
1338 1659 1449 1697 non
1482 1648 1644 1696 erant
1670 1640 1784 1703 alii,
1803 1640 2088 1710 Virginem

2167 482 2469 538 resurrexit
2516 496 2553 533 a
2602 482 2838 532 mortuis
2869 480 3018 543 (Luc.
3050 492 3127 540 Ix,
3163 476 3238 545 7),
3272 489 3372 528 seu
3398 476 3591 527 caetera
3624 482 3730 540 que

2167 577 2498 641 sequuntur.
2536 566 2693 622 Unde
2723 565 3173 634 intelligendum,
3204 561 3351 634 quod
3374 566 3472 613 aut
3491 564 3609 629 post
3640 557 3734 610 hae—

2167 658 2508 721 sitationem,
2531 673 2591 709 se
2617 655 2979 709 conﬁrmasse
3006 654 3065 707 in
3092 653 3282 706 animo
3303 655 3367 703 ut
3387 649 3490 702 hoc
3509 645 3735 700 crederet

2168 747 2314 819 quod
2350 746 2660 800 dicebatur.
2690 749 2748 797 et
2788 743 2869 796 sic
2920 742 3123 795 deinde
3152 740 3367 794 diceret
3413 735 3595 807 pueris
3611 732 3731 795 suis,

2172 837 2275 892 Hic
2302 841 2390 889 est
2425 835 2687 897 Joannes,
2718 839 2819 886 aut
2846 831 3113 886 hmsitans
3152 829 3337 882 adhuc
3365 821 3735 893 interrogative

2170 924 2390 987 dixerit,
2426 922 2529 977 Hic
2556 927 2643 976 est
2669 919 2949 975 Joannes?
2980 920 3230 988 Utroque
3261 916 3455 984 itaque
3481 911 3635 966 modo
3664 910 3735 964 in-

2173 1012 2346 1082 telligi
2374 1015 2576 1083 potest.
2609 1011 2735 1065 Non
2761 1008 2910 1063 enim
2938 1014 3001 1062 ut
3027 1009 3388 1061 conﬁrmaret
3413 1001 3568 1065 dixit,
3596 1000 3733 1053 Nun-

2172 1101 2439 1173 quidnam
2468 1116 2583 1155 non
2639 1098 2731 1152 hic
2783 1103 2883 1152 est.
2920 1101 3021 1151 aut
3060 1095 3326 1150 haesitans
3355 1107 3469 1145 non
3494 1088 3642 1150 dixit,
3666 1087 3736 1140 Ne

2171 1189 2316 1244 forte
2361 1189 2451 1244 hic
2506 1192 2609 1253 est,
2659 1188 2752 1240 sed
2806 1184 3218 1249 tantummodo,
3253 1184 3358 1237 llic
3410 1185 3485 1234 cst
3524 1180 3736 1231 Joannes

2171 1280 2434 1348 Baptista,
2470 1281 2581 1346 ipse
2631 1278 2882 1329 surrexit
2916 1291 2953 1328 a
2984 1275 3238 1337 mortuis,
3271 1276 3319 1325 et
3363 1270 3485 1322 ideo
3534 1266 3739 1319 virtuts:

2171 1372 2474 1436 operantur
2501 1368 2564 1419 in
2593 1380 2667 1418 eo.
2702 1363 2941 1428 Quidam
2965 1360 3469 1416 ecclesiasticorum
3489 1355 3740 1423 interpre-

2172 1461 2294 1509 tum
2322 1469 2523 1509 causas
2549 1453 2845 1523 requirunt
2877 1467 3049 1522 quare
3098 1448 3349 1504 Herodes
3398 1446 3512 1500 ista
3538 1442 3610 1496 sit
3635 1455 3740 1494 sus-

2172 1543 2408 1615 picatus,
2438 1548 2503 1596 ut
2526 1547 2687 1613 putet
2732 1542 3002 1594 Joannem
3034 1555 3068 1593 a
3097 1537 3332 1591 mortuis
3369 1530 3739 1593 resurrexisse,

2171 1637 2229 1687 et
2255 1631 2381 1686 ideo
2398 1631 2629 1685 virtutes
2649 1629 2869 1700 operari
2900 1629 2959 1682 in
2989 1643 3073 1681 eo.
3093 1626 3201 1682 Sed
3225 1625 3521 1695 superﬂua
3547 1618 3744 1673 videtur

497 1728 701 1799 virgini
730 1730 1157 1797 commendavit,
1189 1738 1253 1785 ut
1272 1731 1422 1784 inter
1451 1737 1669 1785 exteros
1698 1730 1872 1784 solam
1900 1713 2339 1782 curamBaiieni
2369 1719 2579 1773 erroris
2610 1718 2773 1783 ratio»
2807 1717 2915 1771 ηίεί
2946 1718 3088 1771 forte
3133 1715 3267 1786 qni“
3320 1708 3676 1783 reprimenda
3697 1711 3746 1759 et

500 1818 839 1872 sacramenti
871 1818 1120 1883 haberet,
1150 1819 1269 1873 sola
1324 1819 1561 1873 societas
1603 1817 1891 1888 religionis
1922 1825 2089 1884 esset,

2178 1808 2593 1863 condemnanda
2634 1813 2720 1861 est
2755 1813 2908 1860 secta
2936 1821 3104 1876 quam
3130 1803 3308 1858 Graeci
3338 1800 3744 1872 μετεμψυχώζεως

499 1920 605 1960 nec
626 1907 925 1961 mundana:
940 1907 1301 1961 sollicitudini
1318 1905 2092 1979 discipulustantusserviret,
2175 1904 2391 1961 vocant.
2430 1911 2599 1967 quam
2648 1912 2750 1966 Per
2794 1893 3252 1949 Necl‘omantianl
3296 1890 3500 1979 dicunt
3535 1884 3668 1947 ﬁeri.
3693 1890 3748 1936 ιιι

500 1994 595 2047 sed
620 1995 1021 2066 praedicaturus
1032 2002 1255 2066 partum
1276 1977 1771 2065 virginitatisdomi
1796 1993 2098 2047 haberetur
2177 1986 2377 2040 animo:
2404 1984 2752 2055 Singniowm
2799 1989 2923 2053 post
2950 1982 3183 2052 triginta
3212 1996 3392 2033 811003
3432 1977 3493 2066 in
3523 1985 3749 2066 -()⁰¹Ῥ⁰¹”²ι

501 2064 699 2153 Virgo.
728 2084 991 2155 Alioquin
1020 2064 1208 2149 Jacob,
1229 2084 1324 2155 qui
1353 2064 1526 2138 frater
1554 2083 1778 2139 Domini
1799 2082 2019 2145 dicitur,
2044 2081 2093 2136 si
2176 2074 2429 2139 redeant,
2484 2073 2632 2145 quod
2663 2072 2891 2126 omnino
2934 2072 2993 2125 in
3035 2072 3251 2125 Joanne
3302 2074 3359 2121 et
3403 2064 3638 2155 Christo
3656 2074 3750 2155 non

503 2150 653 2225 ﬁlius
681 2180 828 2226 esset
856 2150 1024 2226 unius
1049 2150 1286 2239 feminae,
1336 2173 1589 2243 nunquid
1639 2188 1749 2226 non
1780 2171 1977 2225 matris
1998 2170 2094 2224 ha-
2173 2162 2463 2228 convenit;
2495 2161 2626 2232 quia
2649 2177 2715 2215 eo
2740 2166 2995 2231 tempore
3035 2176 3146 2230 quo
3186 2159 3433 2212 Joannes
3462 2150 3751 2243 decolletus

501 2257 634 2314 bere
664 2261 931 2331 potuisset
946 2262 1177 2315 curam?
1206 2262 1312 2325 Qui
1339 2269 1396 2316 et
1411 2261 1559 2315 inter
1582 2261 1835 2314 Ecclesiae
1858 2260 2093 2332 primor-
2174 2255 2277 2316 θεῖν
2303 2250 2571 2303 Dominus
2598 2249 2831 2319 triginta
2856 2250 2975 2319 iam
3003 2253 3126 2302 erat
3152 2260 3432 2301 annorum
3467 2261 3481 2295 ε
3520 2238 3751 2313 μετεμψδ·

502 2342 615 2406 dia,
649 2350 706 2396 et
755 2342 904 2398 inter
947 2344 1234 2397 Judaicam
1268 2352 1401 2397 tunc
1459 2344 1747 2417 perfidiam
1781 2342 2094 2413 Hierosoly-
2172 2357 2329 2410 χῳσις
2368 2343 2577 2405 autem,
2616 2342 2683 2392 ut
2714 2337 2848 2404 dixi,
2887 2343 3016 2408 post
3048 2336 3285 2408 triginta
3320 2348 3519 2396 annos,
3577 2334 3671 2384 aut
3697 2339 3753 2379 eo

500 2431 774 2485 mitanam
800 2432 1161 2502 singulariter
1180 2434 1320 2486 rexit
1341 2433 1664 2486 Ecclesiam.
1696 2431 1855 2486 Unde
1875 2436 2095 2485 constat
2174 2426 2435 2497 amplius,
2463 2433 2590 2497 post
2617 2427 2823 2480 multos
2852 2426 3086 2480 circulos
3141 2438 3420 2478 annorum
3449 2420 3509 2474 in
3530 2498 3541 2502 Α
3559 2418 3757 2472 diversa

503 2519 647 2588 quod
684 2519 772 2572 hic
802 2536 959 2574 error
984 2521 1323 2582 Judaeorum,
1363 2538 1474 2574 non
1504 2521 1572 2574 de
1618 2520 1872 2588 veritate,
1903 2519 2001 2572 sed
2021 2518 2090 2573 de
2176 2531 2408 2585 corpora
2430 2514 2581 2568 dicat
2600 2514 2820 2569 animas
2846 2514 3135 2568 hominum
3173 2510 3450 2567 insinuari
3481 2498 3543 2563 et
3574 2505 3754 2569 redire,

502 2604 711 2661 invidia
739 2615 907 2663 natus
935 2615 1038 2662 est.
1076 2609 1282 2663 Idcirco
1313 2626 1414 2662 nec
1457 2609 1652 2662 mirari
1685 2614 1905 2679 oportet
1931 2607 1978 2661 si
2008 2621 2090 2661 er-
2177 2602 2325 2672 quod
2357 2601 2512 2655 valde
2539 2602 2897 2671 dogmatibus
2944 2601 3277 2657 Christianis
3314 2597 3661 2655 contrarium
3687 2598 3758 2646 est

502 2701 632 2749 rent
651 2695 705 2749 in
730 2697 1014 2765 fratribus,
1039 2715 1166 2753 cum
1198 2705 1388 2752 errent
1408 2705 1464 2752 et
1491 2698 1548 2751 in
1574 2703 1758 2769 patre.

571 2786 725 2839 Jesus
753 2792 935 2840 autem
969 2789 1113 2841 dixit
1136 2790 1230 2853 cis,
1266 2789 1385 2841 Non
1428 2794 1500 2840 est
1544 2787 1808 2855 propheta
1849 2787 1967 2837 sine
1996 2784 2092 2836 ho-

504 2889 656 2938 nore,
682 2876 797 2927 nisi
825 2879 883 2928 in
904 2879 1094 2943 patria
1123 2892 1241 2928 sua.
1269 2874 1679 2944 Propemodum
1706 2872 1961 2927 naturale
1989 2876 2093 2937 est,

2173 2696 2231 2744 et
2260 2690 2681 2745 insanissimum
2710 2690 2956 2744 credere.

2249 2779 2477 2831 Herodes
2526 2784 2713 2833 autem
2761 2783 2939 2834 tenuit
2987 2781 3276 2833 Joannem.
3319 2779 3401 2833 De
3447 2793 3563 2849 quo
3609 2793 3760 2850 supra

2178 2864 2397 2920 dixerat
2449 2868 2793 2938 evangelista
2848 2868 2906 2922 in
2959 2884 3201 2939 persona
3248 2868 3507 2933 Herodis,
3544 2869 3651 2923 Hic
3687 2870 3761 2921 est

503 2961 649 3014 cives
680 2978 903 3031 semper
923 2963 1135 3016 civibus
1168 2962 1434 3027 invidere,
1469 2969 1526 3016 et
1550 2962 1674 3015 ideo
1706 2976 1816 3015 non
1840 2959 2095 3013 conside-
2121 3019 2152 3042 η
2177 2953 2449 3021 Joannes;
2506 2971 2674 3025 quem
2707 2955 2888 3010 locum
2917 2962 3031 3022 6|
3060 2965 3095 3021 Ι
3138 2973 3310 3027 supra
3353 2955 3759 3029 recapitulando

501 3055 634 3101 rant
662 3050 995 3118 sapientiam
1045 3050 1103 3103 in
1149 3067 1215 3103 eo
1268 3050 1523 3114 Deitatis,
1557 3058 1614 3104 et
1660 3049 1866 3104 eximia
1893 3047 2153 3103 divinae“
2178 3042 2469 3112 prmmisit.
2497 3043 2754 3099 Profecto
2783 3045 2917 3115 quia
2965 3061 2997 3098 a
3027 3046 3183 3099 nullo
3211 3046 3686 3115 evangelistarum
3710 3046 3760 3099 in

503 3136 817 3204 majestatis
844 3153 1034 3206 opera,
1067 3120 1434 3208 dum'fragilis
1466 3139 1588 3208 ejus
1620 3137 1986 3191 recordantur
2013 3136 2097 3190 in-
2178 3129 2394 3195 ordine,
2428 3147 2538 3201 quo
2567 3130 2712 3186 facta
2742 3140 2823 3187 est
2853 3134 2970 3186 haec
2992 3134 3286 3204 tragoedia,
3303 3134 3373 3188 de
3403 3135 3623 3190 Joanne
3649 3151 3762 3189 nare

502 3222 710 3285 funtiae,
744 3230 801 3277 et
825 3231 1123 3294 parentum
1168 3232 1595 3285 connumerant,
1636 3232 1693 3280 et
1723 3226 2014 3296 assignant
2044 3225 2091 3279 ei

2178 3227 2372 3286 ratur;
2404 3219 2659 3289 quamvis
2686 3222 2983 3276 Mattheus
3012 3228 3070 3276 et
3099 3224 3317 3277 Marcus
3346 3224 3546 3278 eodem
3578 3224 3635 3278 in
3654 3224 3760 3278 loco

500 3311 907 3381 genealogiam.
936 3313 1072 3367 Ecce
1094 3314 1395 3368 carnaliter
1417 3315 1654 3385 qualiter
1685 3315 1909 3385 sapiunt
1928 3314 2092 3378 cives,
2180 3307 2329 3362 inter
2370 3325 2431 3362 se
2474 3310 2848 3364 consentiant.
2881 3312 3059 3365 Lucas
3100 3328 3230 3366 vero
3272 3313 3440 3382 longe
3468 3320 3758 3385 antequam

502 3414 629 3451 ecce
655 3399 897 3469 qualiter
916 3402 1187 3456 mundani
1214 3410 1477 3473 parentes
1506 3403 1757 3457 sentiunt
1785 3403 1854 3456 de
1884 3403 2095 3457 honore
2177 3395 2556 3467 baptizaretur
2620 3398 2915 3463 Dominus.
2966 3400 3082 3454 hac
3146 3402 3515 3472 Ρτωωίῐῐθηεν
3557 3406 3759 3456 narrat

501 3486 955 3558 propinquitatis.
1003 3491 1065 3543 Et
1088 3507 1199 3545 non
1218 3493 1365 3558 fecit,
1393 3492 1688 3562 inquit,ibi
1706 3495 1933 3545 virtutes
1952 3494 2093 3545 mul-
2176 3483 2350 3538 Ροιτο
2374 3486 2617 3539 Joannes
2640 3487 2990 3542 solummodo
3024 3489 3207 3558 tangit
3249 3506 3392 3547 eam.
3422 3495 3481 3543 et
3523 3490 3660 3544 dicit
3687 3506 3762 3543 ve-

504 3579 604 3638 tas,
632 3581 859 3645 propter
887 3581 1337 3633 incredulitatem
1369 3596 1578 3634 eorum.
1613 3581 1738 3634 Non
1777 3596 1887 3649 quo
1919 3578 2088 3632 etiam
2171 3572 2321 3626 nisse
2345 3574 2534 3627 Jesum
2557 3574 2613 3628 in
2644 3575 2953 3640 Galilaeam.
2985 3577 3082 3631 ubi
3131 3577 3319 3631 Vinum
3347 3578 3481 3632 ἣδοῆ
3507 3579 3578 3633 de
3607 3595 3758 3650 aqua.

500 3662 615 3718 illis
642 3679 754 3718 non
784 3665 1139 3721 credentibus
1188 3667 1370 3722 facere
1418 3685 1529 3722 non
1561 3671 1827 3740 potuerit,
1853 3667 1950 3721 sed
1979 3683 2089 3737 quo

2178 3666 2231 3714 et
2256 3666 2409 3727 tunc,
2450 3661 2652 3733 inquit,
2686 3663 2856 3717 rediit
2905 3665 2961 3718 in
3018 3666 3288 3732 Judzeam,
3325 3665 3421 3720 ubi
3474 3667 3761 3738 baptizavit

502 3767 573 3806 ne
590 3753 798 3807 multas
818 3754 1047 3820 faciens,
1072 3756 1186 3811 sive
1212 3757 1529 3812 incredulos
1563 3757 1805 3828 amplius
1830 3756 2094 3811 condem-

500 3848 681 3896 naret.
714 3842 816 3896 Vel
846 3861 1053 3914 paucas
1079 3847 1257 3916 gratis
1277 3847 1401 3901 ideo
1422 3846 1568 3912 fecit,
1602 3852 1665 3900 ut
1692 3844 2095 3899 inexcusabiles

502 3938 707 3997 essent,
741 3937 935 3998 610
963 3933 1093 3988 licet
1117 3935 1304 3989 divino
1336 3951 1438 3990 suo
1483 3935 1695 4005 judicio
1726 3934 2010 3989 distulerit
2032 3939 2098 3988 ut

505 4020 715 4073 multas
738 4020 982 4087 faceret;
1013 4022 1146 4091 quia
1175 4040 1286 4076 non
1315 4030 1607 4078 merentur
1644 4039 1711 4078 ea
1760 4021 2091 4093 intelligere,

504 4120 627 4172 quae
654 4106 801 4159 facta
828 4114 960 4161 sunt
981 4115 1043 4163 ut
1070 4110 1379 4165 crederent.

580 4193 727 4259 (CAP.
771 4195 933 4252 XIV.)
953 4199 1021 4250 In
1041 4200 1138 4251 illo
1155 4202 1387 4268 tempore
1406 4201 1625 4253 audivit
1646 4201 1873 4254 Herodes
1895 4205 2091 4254 tetrar-

2176 3749 2401 3813 multos,
2432 3757 2735 3822 antequam
2759 3753 3002 3807 traditus
3036 3760 3184 3808 esset
3211 3754 3478 3809 Joannes.
3510 3756 3760 3810 Traditus

2178 3842 2264 3890 est
2305 3844 2514 3903 autem,
2551 3845 2608 3893 et
2634 3840 2914 3911 alligatus,
2946 3849 3003 3896 et
3032 3843 3244 3913 positus
3276 3843 3334 3897 in
3363 3860 3609 3910 carcere,
3638 3860 3760 3915 pro-

2176 3935 2303 3995 pter
2322 3926 2695 3981 Herodiadem
2715 3945 2943 3983 uxorem
2974 3930 3163 3984 fratris
3185 3931 3289 3985 sui.

2245 4014 2462 4068 Dicebat
2493 4019 2643 4069 enim
2669 4020 2905 4071 Joannes
2937 4037 2954 4072 :
2983 4020 3104 4073 Non
3136 4023 3257 4073 licet
3291 4022 3394 4073 tibi
3422 4022 3755 4074 haberceam.

2173 4100 2348 4156 Vetus
2384 4110 2579 4158 narrat
2607 4105 2843 4159 historia
2884 4107 3205 4178 Philippum
3253 4109 3494 4163 Herodis
3539 4108 3755 4179 majoris

2176 4190 2375 4255 ﬁlium,
2395 4192 2498 4246 sub
2512 4211 2623 4263 quo
2644 4195 2915 4249 Dominus
2942 4196 3086 4266 fugit
3114 4197 3171 4250 in
3191 4198 3520 4268 .lEgyptum,
3536 4199 3753 4252 fratrem

504 4279 605 4332 aha
633 4284 848 4347 famam
876 4286 1023 4347 Jesu,
1044 4291 1092 4338 ct
1120 4289 1205 4339 ait
1225 4291 1414 4354 pueris
1452 4290 1587 4340 suis.
1622 4289 1684 4342 In
1716 4288 1810 4341 illo
1836 4295 2090 4358 tempore
2170 4279 2341 4350 huius
2373 4283 2609 4337 HoI‘OdiS
2636 4283 2737 4337 sub
2768 4301 2878 4355 quo
2911 4302 3107 4356 passus
3137 4292 3223 4339 est
3243 4287 3522 4351 ChristuS,
3545 4286 3756 4341 duxisse

505 4368 652 4443 quod
682 4368 837 4431 dicit,
865 4371 1309 4442 intelligendum,
1339 4374 1561 4444 quando
1591 4378 1742 4429 venit
1769 4376 1825 4428 in
1852 4376 2088 4446 patriam
2111 4369 2161 4427 D
2181 4383 2407 4423 uxorem
2434 4372 2803 4426 Herodiadem
2834 4372 3007 4427 ﬁliam
3038 4373 3188 4443 regis
3218 4374 3543 4445 Petiphere;
3579 4381 3757 4447 postea

504 4472 686 4522 suam,
714 4457 770 4511 id
797 4466 882 4513 est
924 4458 982 4514 in
1012 4461 1319 4528 Galilmam,
1352 4479 1462 4533 quo
1519 4469 1640 4516 erat
1685 4464 1952 4518 Herodes.
1984 4464 2096 4520 Iste

506 4541 757 4596 Herodes
787 4545 1067 4599 tetrarcha
1090 4534 1236 4602 ﬁlius
1270 4547 1505 4603 Herodis
1536 4556 1621 4602 est
1649 4548 1752 4603 sub
1782 4565 1891 4620 quo
1930 4555 2097 4604 natus

505 4636 591 4683 est
616 4632 889 4697 Christus,
945 4635 1032 4688 cui
1084 4642 1284 4706 quarta
1313 4654 1441 4708 pars
1473 4637 1629 4706 regni
1655 4638 1995 4704 Judazorum,
2032 4644 2095 4693 ut

504 4726 650 4773 esset
679 4736 914 4790 regnum
945 4722 1178 4787 humile,
1211 4741 1473 4779 concessa
1493 4732 1579 4780 est
1616 4725 1686 4779 ab
1708 4726 1985 4796 Augusto,
2016 4728 2094 4782 si-

504 4815 599 4863 cut
642 4817 699 4863 et
742 4812 973 4882 reliquis
1021 4813 1202 4870 tribus
1239 4815 1521 4871 fratribus.
1574 4818 1733 4873 Unde
1792 4817 2000 4888 singuli
2030 4834 2096 4872 ex

506 4896 699 4953 Graeco
718 4899 824 4953 sibi
845 4918 1046 4956 nomen
1076 4912 1386 4972 traxerunt,
1409 4912 1473 4960 ut
1500 4908 1795 4961 tetrarchae
1830 4923 2096 4961 vocaren-

503 4992 616 5053 tur,
648 5004 713 5042 eo
745 4990 891 5059 quod
923 4991 1131 5061 singuli
1162 5001 1421 5064 quartam
1450 5002 1664 5066 partem
1696 4995 1862 5050 unius
1896 4995 2097 5066 princi-

504 5083 671 5148 patus
724 5077 1059 5134 obtinerent.
1117 5082 1275 5145 Quod
1319 5100 1449 5138 vero
1489 5085 1783 5139 Matthaaus
1831 5084 1929 5148 ait,
1965 5085 2098 5154 quia

502 5164 705 5220 dixerit
733 5166 850 5222 suis
869 5184 995 5222 cum
1017 5170 1265 5224 audisset
1292 5172 1499 5226 famam
1530 5174 1556 5227 J
1565 5190 1681 5239 esu,
1717 5174 1814 5228 Hic
1833 5178 1907 5227 est
1925 5176 2095 5227 Joan-

502 5268 597 5307 nes
631 5257 892 5324 Baptista,
928 5260 1037 5326 ipse
1093 5263 1336 5313 surrexit
1386 5277 1422 5315 a
1472 5266 1724 5328 mortuis,
1758 5264 1978 5318 Marcus
2015 5265 2095 5319 ita

501 5342 691 5409 refert,
720 5345 851 5415 quia
878 5346 1137 5402 dicebant
1162 5349 1389 5419 quidam
1413 5352 1559 5421 quod
1585 5354 1823 5407 Joannes
1853 5356 2094 5423 Baptista

500 5434 805 5483 resurrexit
862 5446 898 5482 a
954 5436 1190 5486 mortuis
1221 5434 1417 5502 (Marc.
1453 5450 1523 5501 v1,
1553 5435 1639 5503 1i)
1671 5456 1683 5503 ;
1733 5438 1912 5493 Lucas
1942 5456 2091 5507 vero,

493 5514 742 5581 Audiuit,
776 5518 975 5599 inquit,
1012 5521 1242 5585 Herodes
1271 5539 1390 5602 qua
1419 5525 1618 5589 ﬁebant
1650 5528 1720 5578 ab
1747 5543 1822 5591 eo,
1855 5533 1903 5580 et
1936 5528 2094 5591 hesi-

2177 4474 2306 4511 vero
2327 4476 2579 4513 socerum
2605 4462 2744 4530 ejus,
2772 4462 2982 4515 exortis
3023 4462 3359 4532 quibusdam
3390 4472 3587 4519 contra
3607 4480 3757 4535 gene-

2176 4562 2304 4600 rum
2333 4547 2731 4612 simultatibus,
2765 4551 2962 4604 tulisse
3002 4552 3174 4605 ﬁliam
3206 4569 3386 4614 suam,
3427 4561 3481 4607 et
3521 4555 3577 4607 in
3612 4536 3755 4606 dolo-

2176 4652 2294 4689 rem
2330 4636 2531 4707 prioris
2574 4639 2761 4692 mariti
2793 4640 2860 4693 ad
2908 4641 3307 4695 contumeliam
3333 4643 3501 4712 hujus
3535 4641 3755 4696 Herodis

2176 4723 2389 4778 inimici
2419 4728 2560 4795 ejus,
2593 4744 2716 4781 eam
2748 4728 2959 4799 nuptiis
2978 4730 3288 4800 copulasse,
3321 4731 3451 4785 licet
3484 4732 3756 4800 Philippus

2175 4829 2479 4882 germanus
2507 4823 2655 4870 esset
2677 4816 2851 4871 frater
2877 4818 3053 4888 ipsius
3084 4819 3339 4873 Herodis.
3367 4820 3477 4873 Sed
3529 4821 3757 4874 Joannes

2178 4902 2450 4971 Baptista,
2491 4905 2587 4974 qui
2612 4912 2843 4960 venerat
2863 4910 2924 4960 in
2944 4910 3149 4975 spiritu
3171 4912 3218 4960 et
3240 4911 3444 4961 virtute
3461 4909 3592 4962 Elia:
3619 4908 3750 4963 ειυς.

2177 5002 2215 5052 I,
2264 4990 2371 5057 17),
2407 4992 2605 5047 eadem
2643 4995 2999 5059 auctoritate,
3056 5011 3166 5066 qua
3214 4995 3309 5049 ille
3365 4996 3556 5050 Achab
3599 4994 3756 5049 corri-

2179 5084 2378 5148 puerat
2404 5087 2461 5135 et
2487 5083 2726 5148 Jezabel,
2760 5091 3025 5154 arguerat
3054 5086 3353 5149 Herodem,
3379 5086 3526 5156 quod
3549 5084 3755 5138 illicitas

2178 5168 2405 5238 nuptias
2456 5170 2667 5238 fecerit,
2701 5174 2834 5244 quia
2878 5174 3185 5227 secundum
3217 5174 3397 5243 legem
3431 5190 3539 5227 non
3569 5170 3754 5227 licebat

2174 5256 2350 5311 fratre
2377 5259 2598 5316 vivente
2621 5279 2892 5332 germano
2906 5279 3132 5316 uxorem
3156 5262 3307 5316 illius
3327 5263 3550 5325 ducere,
3579 5275 3753 5331 quam-

2180 5347 2257 5401 vis
2292 5356 2417 5420 post
2462 5359 2700 5406 mortem
2732 5351 2786 5406 id
2821 5352 3056 5406 licuerit.
3080 5353 3149 5406 Et
3176 5352 3301 5405 ideo
3330 5352 3503 5405 fratre
3529 5351 3750 5415 vivente,

2178 5442 2311 5513 quia
2337 5458 2447 5496 non
2476 5446 2599 5495 erat
2620 5440 2834 5495 licitum
2867 5457 2995 5495 reus
3030 5441 3366 5511 culpabatur
3410 5439 3668 5501 Herodes,
3698 5439 3752 5487 et

2178 5531 2528 5593 incestuosus
2582 5546 2683 5603 pro
2722 5528 2983 5595 crimine;
3033 5529 3248 5583 malens
3296 5544 3475 5599 praeco
3518 5523 3748 5581 veritatis
