3918 6176
237 263 330 321 513

940 262 1322 320 EXPOSITIO
1360 266 1438 320 IN
1474 265 1921 321 MATTI-IIEUM.
1965 297 2031 310 —
2069 268 2206 323 LIB.
2248 269 2372 336 VII,
2415 272 2572 326 CAP.
2610 271 2758 328 XIV.

3375 281 3480 338 5M

234 388 525 462 periclitari
576 387 722 459 apud
772 403 984 458 regem,
1019 404 1189 458 quam
1247 390 1476 457 propter
1522 387 1958 459 adulatio-Agii
1982 389 2215 444 violaret
2244 391 2505 447 affectum
2554 393 2893 462 fraternum;
2927 401 3150 452 tantum
3190 404 3256 454 ut
3300 403 3489 458 socia-‘

234 494 347 531 nem
376 493 497 530 esse
528 475 826 529 immemor
870 482 1276 547 praeceptorum
1325 475 1444 529 Dei.
1492 476 1669 541 Unde,
1707 493 1810 531 nec
1891 483 2047 531 retur
2077 479 2303 541 Herodi,
2338 487 2395 535 et
2423 488 2609 535 essent
2640 484 2697 536 in
2736 484 2963 539 nomine
3000 487 3334 554 consimiles,
3385 492 3483 561 qui

230 565 497 618 immerito
527 563 814 618 beatitudo
846 565 1100 636 martyrii
1127 566 1180 618 ei
1229 581 1264 617 a
1309 563 1547 617 Domino
1589 581 1807 618 recom-

230 658 499 726 pensatur,
556 654 675 724 ipso
728 653 946 707 dicente
1010 654 1068 707 in
1125 654 1231 707 hoc
1288 653 1409 723 ipso
1476 654 1803 723 Evangelio:

228 746 364 796 Beati
410 744 509 810 qui
560 745 984 809 persecutionem
1022 746 1322 809 patiuntur
1358 746 1583 809 propter
1643 744 1806 809 justi-

232 834 372 893 tiam,
400 832 665 898 quoniam
686 833 935 897 ipsorum
954 835 1026 883 est
1045 846 1277 897 regnum
1303 832 1569 882 caelorum
1591 830 1803 897 (Matth.

229 937 272 983 v,
306 917 400 982 l0).
443 919 798 988 Quapropter
835 918 1108 987 arguendi
1168 923 1301 971 sunt
1350 934 1499 970 nunc
1544 917 1602 971 in
1658 923 1806 971 tem-

228 1024 344 1079 pore
373 1006 600 1078 quidam
641 1006 737 1077 qui
775 1006 988 1070 dicunt,
1033 1022 1146 1059 non
1184 1005 1387 1059 debere
1432 1022 1670 1074 arguere
1715 1023 1803 1059 re-

225 1112 310 1165 ges
335 1102 431 1148 aut
459 1100 767 1166 potestates
796 1095 964 1164 hujus
988 1093 1195 1159 saeculi,
1246 1110 1428 1164 neque
1474 1094 1671 1147 durius
1715 1092 1804 1148 in-

224 1199 451 1254 crepare,
483 1199 555 1236 ne
587 1182 730 1235 forte
756 1182 999 1235 atrocius
1041 1187 1499 1236 commoveantur
1531 1183 1598 1235 ad
1638 1183 1800 1246 iram,

223 1272 350 1325 sicut
375 1289 406 1324 a
437 1272 681 1342 quodam
716 1270 901 1324 audivi
934 1270 1360 1341 episcoporum;
1397 1270 1530 1341 quia
1567 1287 1663 1323 rex
1700 1270 1805 1324 sub

223 1359 429 1421 nullius,
454 1359 661 1429 inquit,
694 1359 956 1413 redactus
987 1365 1072 1413 est
1120 1363 1414 1430 potestate,
1467 1375 1649 1429 neque
1699 1358 1803 1413 sub

222 1466 339 1502 cura
365 1448 603 1517 alicujus
633 1447 942 1515 regiminis,
972 1464 1036 1500 eo
1070 1447 1215 1517 quod
1249 1445 1510 1500 omnibus
1540 1447 1597 1500 in
1650 1464 1803 1500 com-

1890 583 2002 620 non
2032 574 2195 621 erant
2216 569 2336 637 jam
2369 570 2597 631 scelere,
2632 572 2899 635 moribus,
2941 579 2999 626 et
3024 574 3136 627 vita
3158 576 3479 641 dissimiles.

1888 655 2277 723 Jungebantur
2302 656 2567 711 vocabulo
2588 676 2727 728 quos
2756 660 3057 715 criminum
3081 664 3347 731 junxerat
3359 671 3486 719 tur-

1889 742 2103 811 pitudo.
2153 744 2259 797 Sed
2291 745 2506 815 turpior
2536 746 2652 800 ﬁlia
2681 764 2802 817 quae
2832 749 2950 802 suis
2995 750 3228 815 lusibus,
3275 760 3339 807 ut
3389 770 3485 825 pa-

1887 835 2078 882 truum
2100 830 2419 895 incestaret,
2454 839 2511 887 et
2540 841 2774 889 matrem
2801 838 3043 906 amplius
3084 840 3316 903 fedaret,
3368 843 3486 898 ﬁlia

1888 916 2165 986 siquidem
2197 920 2401 989 prioris
2432 922 2617 975 mariti
2651 924 2767 977 haec
2786 925 2974 979 omnia
2996 926 3346 997 publicabat;
3371 947 3482 1002 quo

1887 1005 1957 1059 de
1994 1005 2138 1060 facto
2168 1007 2423 1077 contigit,
2456 1015 2518 1062 ut
2565 1011 2748 1064 adhuc
2783 1017 2977 1078 6.3
3021 1014 3268 1070 deterior
3312 1024 3477 1085 esset,

1882 1094 2045 1163 juxta
2070 1094 2207 1148 illud
2228 1096 2614 1167 Apocalypsis,
2648 1104 2711 1151 ut
2743 1103 2842 1167 qui
2872 1107 3040 1165 nocet,
3068 1109 3117 1155 ct
3159 1105 3340 1158 adhuc
3379 1122 3480 1161 no-

1888 1188 2021 1247 ceat,
2056 1189 2105 1236 et
2134 1188 2197 1237 ut
2224 1187 2323 1251 qui
2346 1188 2407 1237 in
2438 1187 2689 1239 sordibus
2718 1191 2767 1238 et
2794 1189 2975 1241 adhuc
3002 1192 3266 1245 sordescat
3294 1194 3476 1262 (Apoc.

1887 1284 2020 1331 xxu,
2068 1270 2177 1327 ill.

1959 1359 2107 1412 Unde
2134 1376 2257 1412 cum
2284 1363 2610 1428 juramento
2630 1364 2911 1431 pollicitus
2933 1369 3006 1416 est
3045 1367 3097 1418 ei
3131 1368 3268 1420 dare
3309 1370 3477 1436 quod-

1884 1462 2098 1513 cunque
2134 1452 2474 1515 postulassct.
2508 1449 2707 1502 Procul
2732 1449 3038 1504 dubioideo
3062 1453 3285 1507 dolosus
3300 1456 3473 1524 jurat,

221 1554 370 1590 mune
390 1542 493 1600 est,
517 1542 575 1589 et
601 1554 713 1590 non
739 1536 795 1589 in
817 1553 929 1589 una
941 1541 1319 1588 commoratur
1346 1535 1628 1605 parochia.
1644 1535 1799 1598 Quod
1818 1607 1850 1610 _
1883 1539 1949 1586 ut
1961 1534 2243 1587 videretur
2261 1536 2594 1589 excusabilis
2615 1537 2968 1601 etinnocens,
2987 1541 3081 1610 qui
3099 1541 3475 1610 volchateum,

222 1626 260 1677 si
285 1626 355 1679 ita
386 1623 1224 1695 est,Joannesreprehensibilis
1244 1628 1301 1676 et
1320 1624 1654 1676 temerarius
1668 1641 1799 1677 cen-
1817 1607 1862 1665 Β
1885 1628 1946 1675 ut
1966 1639 2133 1692 supra
2167 1630 2405 1677 testatus
2426 1631 2513 1678 est
2526 1626 2884 1694 evangelista,
2924 1607 3086 1696 longe
3115 1629 3210 1682 diu
3235 1631 3353 1699 jam
3394 1607 3483 1686 oc-

220 1714 405 1768 sendus
433 1719 535 1775 est,
570 1713 671 1783 qui
698 1730 763 1767 ex
793 1729 981 1766 eremo
998 1712 1150 1765 venit
1168 1712 1236 1765 ad
1261 1712 1409 1781 regis
1443 1712 1798 1782 praesentiam

220 1808 275 1857 ut
297 1802 604 1872 increparet
632 1801 996 1855 adulterium.
1029 1800 1137 1854 Sed
1174 1800 1308 1870 quia
1349 1801 1562 1854 amicus
1607 1801 1799 1871 sponsi

220 1897 325 1945 erat
348 1892 609 1952 Joannes,
646 1890 993 1943 incestuosos
1038 1889 1184 1942 ferre
1222 1905 1331 1942 non
1359 1895 1600 1959 poterat,
1660 1906 1799 1959 quos

220 1979 296 2034 llic
320 1980 571 2033 adulator
592 1978 779 2049 magis
802 1978 1029 2048 palpare
1055 1983 1120 2040 (ἰ
1137 1982 1175 2041 Ι
1192 1984 1251 2042 2
1293 1978 1520 2047 gaudet,
1561 1984 1619 2030 et
1659 1977 1797 2031 deli-

220 2068 327 2122 nire
351 2068 604 2122 laudibus
652 2084 821 2138 quam
870 2067 1176 2136 increpare.
1220 2066 1285 2119 In
1329 2082 1439 2135 quo
1489 2082 1624 2119 sane
1665 2065 1797 2120 vitio

221 2157 363 2210 multi
387 2156 801 2227 periclitantur,
835 2155 930 2225 qui
962 2154 1220 2207 videntur
1254 2170 1452 2223 gerere
1480 2171 1673 2208 curam
1697 2170 1796 2225 pa-

225 2245 387 2298 storis.
418 2245 575 2300 Unde
609 2243 818 2306 nescio,
838 2243 884 2296 si
902 2249 1123 2312 tempus
1147 2249 1294 2295 esset
1314 2242 1587 2313 martyrii,
1604 2249 1796 2296 utrum

222 2333 365 2387 ﬁdem
392 2338 687 2386 servarent
701 2332 796 2402 qui
818 2332 981 2385 modo
1001 2331 1304 2401 quidquam
1325 2347 1428 2401 pro
1441 2330 1667 2399 justitia
1686 2348 1797 2384 non

222 2420 424 2473 audent.
463 2420 575 2474 Sed
603 2421 870 2481 Joannes,
892 2418 1023 2472 licet
1050 2419 1413 2471 insidiaretur
1427 2418 1478 2471 ei
1499 2419 1791 2480 llerodias.

221 2523 313 2561 non
342 2507 571 2561 timebat
614 2508 920 2571 Herodem,
969 2506 1061 2576 qui
1120 2506 1293 2559 tantis
1336 2511 1458 2558 erat
1506 2506 1796 2560 devinctus

220 2597 374 2658 malis,
406 2612 585 2666 neque
618 2594 979 2648 molliebatur
1010 2593 1290 2647 beneﬁciis
1321 2594 1462 2662 ejus,
1490 2594 1620 2663 quia
1651 2594 1797 2648 sicut

220 2682 333 2738 dicit
359 2684 723 2755 evangelista,
757 2683 816 2736 in
846 2681 1038 2736 multis
1066 2699 1193 2736 eum
1223 2698 1367 2752 serpe
1413 2681 1694 2744 audiebat,
1737 2689 1794 2736 et

221 2772 497 2827 inclinabat
523 2790 585 2827 se
617 2773 692 2826 ad
721 2788 788 2825 ea
819 2771 1072 2833 libenter,
1099 2787 1221 2840 qua:
1244 2786 1422 2840 praeco
1452 2770 1661 2824 Christi
1683 2788 1796 2824 mo-

219 2860 380 2915 nebat.
408 2862 540 2915 Erat
567 2862 725 2915 enim
758 2861 931 2915 miser
958 2861 1017 2914 in
1049 2859 1327 2926 omnibus,
1358 2859 1586 2913 dolosus
1615 2859 1791 2923 valde,

220 2949 346 3003 unde
385 2950 661 3004 Dominus
687 2950 910 3020 vulpem
955 2965 1083 3002 eum
1144 2953 1321 3002 vocat.
1363 2948 1432 3001 Et
1481 2947 1606 3001 ideo
1661 2947 1797 3000 dicit

224 3039 533 3109 evangelista
558 3056 572 3093 ε

286 3128 452 3181 νοιεης
472 3145 600 3182 eum
624 3128 890 3192 occidere,
923 3128 1115 3179 timuit
1143 3127 1432 3193 populum,
1478 3125 1613 3191 quia
1650 3125 1792 3176 sicut

212 3217 500 3283 prophetam
529 3232 662 3269 eum
693 3216 979 3269 habebant.
1025 3214 1132 3268 Sed
1180 3213 1312 3284 quia
1362 3212 1613 3265 occidere
1660 3227 1789 3264 eum

217 3302 425 3370 distulit,
445 3304 514 3359 ob
543 3304 990 3358 satisfactionem
1016 3302 1270 3374 pessimae
1306 3301 1513 3361 uxoris,
1542 3301 1787 3354 vinctum

218 3407 323 3445 eum
352 3393 465 3447 sine
493 3394 662 3464 culpa
694 3393 752 3445 in
799 3408 1021 3445 carcere
1070 3390 1271 3461 posuit,
1307 3394 1372 3443 ut
1410 3394 1591 3442 totum
1642 3393 1790 3442 esset

219 3482 513 3550 mysterium
538 3480 781 3535 llerodis
806 3479 954 3549 quod
970 3485 1090 3531 erat
1109 3478 1176 3530 ad
1201 3482 1441 3530 reatum.
1463 3476 1789 3531 Occultatur

220 3567 323 3632 iste,
351 3570 476 3624 dum
510 3570 795 3623 exaltatur
826 3566 1101 3622 Christus.
1135 3566 1176 3619 F
1179 3565 1355 3619 initur
1381 3565 1440 3618 in
1490 3582 1555 3618 eo
1599 3565 1685 3617 lex
1732 3571 1788 3617 et

222 3657 500 3727 pmphetia,
533 3658 674 3728 quia
698 3674 891 3711 omnes
913 3656 1195 3727 propheta:
1216 3671 1395 3724 usque
1420 3653 1487 3705 ad
1510 3653 1785 3706 Joannem

220 3746 682 3815 prophetaverunt.
723 3746 790 3799 Et
820 3745 962 3806 ideo,
996 3746 1185 3806 lector,
1219 3743 1366 3795 sicut
1421 3758 1588 3810 quam
1638 3756 1786 3810 ssrpe

224 3835 404 3897 monui,
436 3851 665 3889 omnem
693 3831 1039 3902 diligentiam
1084 3831 1511 3900 Evangeliorum
1561 3828 1784 3882 lectioni

221 3920 440 3977 adhiberi
468 3928 730 3994 oportet;
765 3921 898 3992 quia
927 3920 983 3973 in
1014 3919 1102 3972 his
1134 3936 1258 3989 quae
1274 3925 1436 3988 gesta
1458 3904 1781 3978 narrantur,

222 4008 416 4064 subesse
450 4011 627 4075 intus,
662 4008 945 4063 interioris
977 4007 1361 4077 intelligentiae
1390 4022 1595 4059 arcana
1624 4021 1783 4075 repe-

219 4097 413 4152 riuntur
465 4099 650 4153 Habet
672 4099 920 4151 omnium
944 4112 1176 4167 operum
1206 4094 1456 4149 narratio
1497 4110 1660 4148 suum
1692 4110 1784 4146 or-

222 4185 397 4251 dinem,
426 4188 494 4242 de
523 4187 729 4258 quibus
753 4191 1040 4256 gestorum
1073 4183 1359 4238 ell‘ectibus
1390 4199 1571 4237 causae
1602 4180 1787 4251 suhja-

221 4275 369 4329 contis
395 4277 608 4347 species
639 4276 1044 4346 praeformatur.
1075 4272 1234 4327 Unde
1258 4271 1529 4325 Herodias
1567 4270 1783 4340 signiﬁ-

1881 1709 2082 1763 cidere.
2124 1711 2347 1765 Sciebat
2376 1713 2522 1765 enim
2569 1715 2875 1768 excatfectu
2923 1716 3122 1769 matris
3168 1718 3315 1787 quod
3364 1718 3480 1773 ﬁlia

1881 1797 1986 1851 hoc
2007 1804 2241 1869 peteret.
2273 1800 2537 1871 Alioquin
2566 1802 2611 1854 si
2629 1802 2779 1855 aliud
2808 1804 3160 1872 postulasset,
3187 1806 3330 1860 forte
3357 1823 3479 1861 ma-

1881 1887 1985 1940 tris
2024 1893 2260 1941 mortem
2293 1889 2487 1958 utique
2519 1906 2629 1943 non
2661 1891 3036 1961 impetrasset.
3083 1910 3265 1964 neque
3308 1895 3477 1949 dimi-

1881 1974 2030 2027 diam
2060 1983 2275 2045 partem
2306 1977 2483 2046 regni,
2518 1994 2684 2047 quam
2717 1979 2997 2048 pollicitus
3016 1987 3101 2034 est
3142 1982 3266 2034 Non
3292 1988 3356 2036 ut
3380 1983 3477 2037 da-

1880 2067 1984 2125 ret,
2020 2063 2113 2115 sed
2138 2069 2201 2116 ut
2220 2064 2340 2133 ejus
2362 2063 2688 2133 pollicitatio
2713 2065 3149 2135 irrefragabilior
3166 2067 3468 2136 videretur,

1880 2166 2006 2203 cum
2031 2157 2248 2221 peteret
2277 2151 2425 2222 quod
2456 2151 2574 2223 ipse
2604 2152 2955 2207 moliebatur.
2976 2155 3205 2208 Nullum
3234 2173 3368 2226 ergo
3387 2157 3472 2213 in-

1878 2238 2134 2292 venimus
2164 2240 2312 2293 diem
2340 2240 2545 2295 natalis
2570 2240 2658 2294 sui
2691 2241 3034 2305 observasse,
3064 2242 3169 2297 nisi
3190 2245 3471 2299 Herodem

1879 2333 1936 2381 et
1956 2329 2308 2383 Pharaonem
2334 2329 2391 2382 in
2419 2329 2623 2383 divinis
2650 2330 2870 2391 litteris,
2893 2337 2958 2385 ut
2983 2349 3219 2401 quorum
3233 2338 3355 2387 erat
3368 2351 3472 2405 par

1875 2415 2136 2486 impietas
2164 2418 2223 2470 in
2243 2418 2499 2488 perﬁdia,
2520 2424 2669 2472 esset
2689 2435 2800 2472 una
2826 2419 3151 2474 solemnitas
3170 2422 3241 2474 ad
3272 2438 3471 2492 super-

1882 2503 2048 2557 biam.
2080 2506 2235 2558 Inter
2265 2522 2402 2575 quas
2430 2506 2681 2559 fallacias
2710 2506 2915 2560 timens
2944 2508 3232 2571 Herodias,
3264 2526 3335 2563 ne
3364 2512 3470 2565 ali-

1880 2592 2101 2662 quando
2157 2594 2403 2646 Ilerodes
2445 2594 2817 2663 resipisceret,
2872 2596 2956 2648 vel
3000 2597 3254 2667 Philippo
3308 2598 3473 2653 fratri

1877 2680 2092 2733 amicus
2119 2682 2298 2739 ﬁeret.
2315 2687 2483 2750 atque
2501 2681 2703 2735 illicitae
2721 2682 2925 2752 nuptiae
2942 2684 3173 2754 repudio
3187 2686 3468 2741 solveren-

1876 2774 1987 2828 tur,
2024 2776 2216 2822 monet
2247 2777 2305 2823 ut
2333 2770 2388 2822 in
2419 2769 2537 2839 ipso
2556 2770 2748 2823 statim
2774 2771 3023 2823 convivio
3051 2779 3219 2842 caput
3234 2774 3466 2827 Joannis

1877 2856 2206 2928 postularet,
2240 2857 2410 2928 digno
2422 2858 2578 2928 Operi
2601 2858 2916 2911 saltationis
2934 2859 3165 2928 dignum
3177 2861 3467 2931 sanguinis

1878 2962 2188 3015 praemium.

1805 3039 1849 3099 C
1946 3033 2013 3086 Et
2036 3036 2390 3086 contristatus
2428 3039 2501 3087 est
2554 3051 2666 3097 rem,
2718 3035 2798 3089 ait
2835 3036 3195 3105 evangelista,
3246 3043 3466 3106 propter

1863 3123 2292 3188 jusjurandum.
2327 3122 2471 3185 Quia
2492 3123 2560 3176 de
2589 3140 2648 3177 se
2669 3124 3018 3186 ostendebat,
3052 3141 3165 3177 non
3192 3125 3260 3178 de
3285 3126 3468 3196 peni-

1872 3209 2067 3262 tudine
2091 3209 2294 3276 cordis,
2327 3210 2421 3264 sed
2447 3216 2509 3263 ut
2538 3210 2896 3266 simulatione
2924 3212 3091 3266 simul
3112 3212 3465 3269 discumben-

1870 3302 1956 3350 tes
1987 3296 2224 3350 falleret.
2257 3298 2468 3350 Artifex
2497 3298 2645 3350 enim
2670 3300 2941 3353 mendacii
2963 3305 3021 3352 et
3040 3299 3317 3354 homicida
3330 3318 3467 3371 prae—

1868 3385 1977 3438 fert
2014 3385 2071 3438 in
2110 3384 2247 3438 facie
2290 3385 2599 3449 tristitiam,
2646 3402 2769 3438 cum
2818 3388 3070 3441 laetitiam
3120 3388 3352 3443 haberet
3405 3389 3464 3445 in

1871 3473 2055 3535 corde,
2079 3479 2144 3526 ut
2172 3472 2524 3526 convivantes
2550 3474 2818 3527 eluderet.
2854 3475 3023 3528 Porro
3047 3477 3463 3547 Scripturarum

1869 3561 2214 3614 consuetudo
2244 3566 2345 3623 est,
2389 3568 2449 3614 ut
2478 3561 2797 3631 opinionem
2820 3563 3124 3617 multorum
3155 3565 3243 3618 hic
3272 3570 3466 3620 narret

1868 3649 2186 3707 historicus,
2222 3649 2498 3717 quomodo
2522 3666 2586 3701 eo
2617 3656 2868 3719 tempore
2892 3650 2962 3703 ab
2991 3651 3249 3705 omnibus
3277 3653 3464 3707 crede-

1866 3735 2051 3801 batur,
2085 3737 2230 3789 sicut
2259 3742 2315 3788 et
2342 3736 2444 3787 hoc
2472 3736 2588 3788 loco
2608 3736 3188 3801 fortediscumbentes,
3213 3741 3461 3794 Herodes

1867 3826 2010 3896 quod
2045 3842 2171 3877 vere
2200 3823 2541 3887 tristaretur,
2579 3823 2869 3893 putabant.
2904 3825 3045 3878 Hinc
3083 3842 3303 3896 quoque
3337 3828 3452 3881 ait:

1863 3917 2091 3982 Propter
2103 3916 2493 3980 juramcntum
2512 3917 2559 3964 et
2579 3928 2661 3964 cos
2684 3914 2783 3979 qui
2795 3915 3453 3981 pariterdiscumbebant,

1856 4004 2024 4070 jussit
2054 4001 2203 4053 dari.
2236 3998 2395 4053 Unde
2422 3999 2659 4053 Domino
2678 3998 2912 4069 jubente
2941 3999 3206 4069 fugienda
3226 4008 3359 4056 sunt
3368 4003 3462 4073 juo

1865 4094 2138 4149 ramenta,
2169 4086 2410 4140 maxime
2439 4103 2561 4156 quae
2590 4088 2819 4157 pariunt
2847 4087 2978 4141 totis
2998 4088 3251 4143 noctibus
3282 4096 3339 4144 et
3363 4091 3460 4145 ho-

1869 4178 1945 4233 ris
1976 4180 2255 4248 protracta
2285 4175 2561 4241 convivia;
2596 4175 2728 4244 quia
2757 4175 2941 4229 vinum
2965 4176 3110 4247 quod
3149 4195 3277 4232 cum
3307 4196 3461 4236 men-

1870 4282 2002 4320 sura
2030 4264 2259 4322 emitur,
2292 4269 2349 4316 et
2378 4262 2497 4315 sine
2528 4279 2792 4316 mensura
2814 4263 3041 4327 bibitur,
3072 4264 3183 4318 cito
3230 4268 3458 4322 naufra-

221 4370 292 4415 cat
316 4382 667 4436 synagogam,
688 4381 810 4436 quae
837 4361 1263 4433 c.nputJoannis,
1282 4360 1339 4414 id
1365 4365 1453 4413 est
1477 4359 1783 4419 Christum,
1804 4347 2022 4424 Dgium
2045 4353 2193 4425 parit
2239 4352 2284 4405 Η
2294 4351 2383 4405 inc
2403 4357 2487 4405 est
2501 4351 2647 4421 quod
2672 4352 2938 4415 Herodes,
2964 4352 3093 4405 licet
3107 4363 3458 4411 sacramento

223 4460 479 4523 amputare
508 4455 740 4509 molitur
786 4469 896 4506 una
934 4468 1061 4505 cum
1105 4450 1238 4504 ﬁlia.
1291 4465 1414 4520 quae
1454 4448 1678 4501 saltavit
1726 4446 1787 4500 in

225 4541 455 4605 convivio,
488 4544 638 4597 sicut
656 4548 713 4597 et
744 4548 940 4611 gentes
968 4546 1100 4593 ante
1114 4538 1263 4592 idola
1288 4555 1301 4604 ;
1323 4554 1444 4607 qua:
1473 4536 1606 4589 tulit
1618 4539 1788 4605 caput

224 4626 440 4693 Joannis.
472 4633 575 4685 hoc
603 4637 707 4691 est,
739 4646 940 4699 corpus
977 4627 1186 4682 Christi
1216 4626 1272 4680 in
1312 4626 1508 4689 altare,
1542 4623 1674 4694 quia
1713 4623 1786 4675 il-

225 4714 300 4769 lud
327 4719 506 4774 datum
540 4725 627 4775 est
653 4719 871 4791 puellae,
905 4718 1009 4771 hoc
1037 4721 1122 4770 est
1138 4714 1391 4769 Ecclesia:
1414 4713 1483 4766 de
1500 4711 1781 4782 gentibus.

226 4801 408 4861 Rursus
440 4809 533 4862 illa
562 4809 695 4863 tulit
723 4824 852 4861 eum
883 4804 1049 4859 matri
1078 4820 1212 4868 suae,
1249 4801 1380 4872 quia
1412 4800 1579 4853 ﬁdem
1611 4815 1783 4868 quam

225 4896 407 4964 accepit
430 4897 497 4951 de
521 4897 764 4959 Christo,
799 4895 856 4948 in
904 4895 1073 4947 ﬁnem
1127 4890 1311 4945 saeculi
1351 4888 1423 4942 ad
1468 4887 1784 4943 conversio-

225 4994 329 5033 nem
356 4983 690 5050 Judazorum,
719 4989 785 5038 ut
812 4986 985 5054 caput
1022 4996 1152 5035 eum
1208 4977 1483 5049 recipiant
1528 4975 1651 5047 ipsa
1699 4982 1787 5030 est

226 5065 470 5126 oblatum.

279 5159 364 5213 Die
389 5167 570 5215 autem
602 5165 807 5217 natalis
838 5162 1084 5225 Herodis,
1111 5160 1336 5213 saltavit
1364 5157 1485 5223 lit-ia
1513 5154 1781 5209 Herodia-

227 5244 297 5297 dis
318 5249 374 5301 in
394 5251 584 5315 medio,
606 5256 652 5303 et
676 5253 887 5319 placuit
908 5250 1127 5304 Herodi.
1151 5247 1329 5310 Quam
1361 5242 1584 5315 quidem
1609 5241 1780 5294 ﬁliam

228 5330 393 5388 dicunt
412 5336 578 5392 fuiSSe
609 5339 863 5411 Philippi,
911 5344 980 5394 ut
1025 5354 1090 5391 ex
1146 5336 1269 5408 ipsa
1324 5328 1783 5402 comprobaretur

227 5434 385 5477 coram
411 5426 663 5481 omnibus
692 5429 807 5482 suis
835 5425 1200 5497 complicibus
1230 5419 1602 5477 Herodiadem
1648 5434 1782 5471 uxo-

229 5520 325 5562 rem
353 5510 582 5569 duorum
608 5516 843 5572 fratrum
867 5516 1059 5582 fuisse,
1089 5529 1212 5585 quae
1249 5508 1544 5567 affectione
1582 5506 1780 5576 conju-

1869 4443 2036 4496 ﬁdem
2068 4439 2408 4505 reddiderit;
2441 4439 2801 4493 homicidium
2833 4440 3191 4511 perpetravit.
3215 4444 3324 4497 Sed
3346 4462 3457 4498 me-

1867 4532 1975 4585 lius
2000 4535 2147 4584 esset
2170 4546 2271 4599 pro
2314 4529 2639 4597 juramento
2691 4528 2961 4597 poenitere
3011 4528 3254 4583 infausto
3295 4532 3458 4595 (sicut

1866 4618 2039 4673 David
2071 4616 2262 4671 fecisse
2291 4615 2533 4684 legimus
2577 4614 2758 4668 verbis
2799 4614 3030 4685 Abigael
3073 4633 3243 4687 super
3279 4619 3460 4674 Nabal

1866 4706 2162 4778 placatum)
2199 4721 2369 4774 quam
2395 4703 2725 4773 sanguinem
2748 4704 3008 4757 funderet
3019 4707 3196 4760 sancti
3225 4710 3460 4779 prophe-

1867 4804 1956 4860 tua,
1993 4800 2050 4848 et
2085 4792 2359 4855 fraudem,
2394 4808 2562 4862 quam
2592 4791 2651 4845 in
2672 4792 2835 4845 corde
2858 4792 3109 4861 gerebat,
3142 4796 3455 4864 perﬁceret.

1866 4885 1946 4938 Da
1984 4882 2143 4943 mihi,
2172 4879 2376 4950 inquit,
2414 4883 2477 4932 in
2501 4881 2665 4932 disco.
2699 4880 2814 4933 Cur
2840 4886 3030 4934 autem
3050 4881 3107 4935 in
3137 4883 3289 4937 ὼεεο
3309 4884 3457 4940 ?nisi

1864 4977 1929 5024 ut
1954 4974 2369 5024 sacramentum
2401 4968 2746 5038 ﬁguraretur
2767 4974 2972 5024 nostrae
3020 4970 3448 5043 redemptionis.

1865 5059 2009 5123 Quia
2038 5060 2281 5113 Pretiosa
2312 5059 2373 5109 in
2402 5061 2682 5123 conspectu
2713 5057 2940 5111 Domini
2962 5075 3108 5112 mors
3135 5067 3457 5116 sanctorum

1862 5151 1982 5216 eius
2014 5150 2171 5209 (Psat.
2206 5158 2331 5203 cxv,
2376 5144 2479 5201 i5l.
2514 5144 2589 5199 Ut
2616 5143 2673 5197 in
2694 5144 2848 5199 disco
2878 5152 2934 5200 et
2955 5164 3168 5207 mensa.
3200 5164 3311 5218 quo
3337 5166 3456 5203 cor-

1861 5253 1966 5307 pus
1977 5233 2183 5288 Christi
2197 5231 2626 5303 sacratur,quod
2640 5238 2724 5286 est
2740 5241 2908 5304 caput
2922 5241 3326 5304 martyrum,“
3343 5245 3374 5301 ι
3391 5243 3454 5304 4

1862 5322 1967 5395 ipsi
1985 5321 2383 5392 participarent
2396 5337 2522 5374 cum
2543 5338 2643 5374 suo
2661 5321 2841 5391 capite
2860 5322 2913 5375 in
2936 5321 3215 5377 oblatione
3231 5330 3452 5381 veterum

1862 5411 2084 5469 salutis.
2116 5409 2224 5465 Sed
2256 5408 2532 5479 serpentis
2562 5424 2795 5477 germen
2832 5416 2998 5481 caput
3029 5412 3261 5467 Joannis
3309 5413 3449 5482 petit

1862 5516 2100 5573 semper,
2129 5504 2299 5571 atque
2328 5496 2594 5563 hominis,
2627 5497 2717 5553 cui
2758 5514 2923 5553 suum
2960 5506 3131 5572 caput
3170 5497 3448 5556 sententia
