3888 6172
441 292 549 374 $15
1204 290 1277 364 ές
1303 290 1683 363 pAscHAsII
1720 283 2083 359 aAbBER'r'I
2119 282 2424 360 Aesius
2462 282 2953 359 chBEI'ENSI's.
3582 292 3668 362 516

416 396 575 494 ‘b‘llm
608 426 813 493 Summi
830 420 1036 507 judicia
1059 430 1270 488 sciebat
1307 424 1611 492 addictum,
1657 428 1877 482 dicente
1923 405 2344 487 Do-APaschae
2375 420 2537 483 suam
2567 422 3106 507 mortembditferret,
3138 426 3196 481 in
3225 443 3336 497 quo
3366 433 3576 497 propter
3600 444 3673 483 sa-

441 528 619 591 mino,
644 526 747 582 Illa
765 524 926 579 tuum
957 516 1270 577 Observabit
1297 521 1481 589 caput,
1507 522 1564 571 et
1590 522 1653 571 tu
1673 517 1823 570 illius
1849 514 2035 569 obser-
2116 521 2467 570 cramentum
2485 532 2710 587 semper
2729 514 3423 585 immolabaturagnus.Ad
3437 516 3673 571 ultimum

440 615 601 670 v'abis
630 606 952 669 calcane‘um
984 611 1132 679 (Gen.
1164 622 1244 671 nr,
1286 606 1388 672 15).
1439 601 1547 659 Sed
1594 602 1803 658 misera
1846 602 2035 657 feralis
2116 610 2414 676 propterea
2437 605 2685 670 recessit,
2719 610 2783 658 ut
2804 603 2964 657 nobis
2991 602 3264 674 praeberet
3291 604 3586 674 exemplum
3609 606 3672 658 vi-

448 693 578 758 aula
608 700 775 772 regis,
804 706 861 755 et
884 696 1072 752 infelix
1103 696 1307 759 rabies,
1351 710 1473 764 quae
1511 688 1570 746 in
1600 698 1821 772 pastum
1871 707 2032 745 suum
2121 694 2305 748 tandm
2332 693 2705 759 temeritatis;
2729 693 2861 763 quia
2882 706 2993 745 non
3011 708 3206 770 omnes
3231 693 3424 758 eadem
3453 697 3677 747 constan-

448 766 702 861 suscepit
721 791 891 858 caput
908 782 1191 855 martyris,
1210 782 1338 837 etin
1362 788 1553 853 potum
1577 766 1750 835 ebibit
1767 776 2043 850 liquorem

450 876 595 934 saeri
633 874 943 945 sanguinis,
991 870 1298 941 sitiensque
1346 868 1584 924 mortem
1630 869 1915 939 prophetae
1959 884 2044 921 as-

449 961 617 1039 pexit.
652 965 697 1019 Ο
719 960 993 1017 ferculum
1022 956 1246 1014 crudele
1273 960 1283 1012 !
1310 959 1356 1014 Ο
1379 952 1565 1012 discus
1583 957 1726 1011 rosis
1752 962 2043 1027 resparsus

450 1046 759 1123 sanguinis,
785 1050 883 1104 Sed
910 1044 1330 1104 convivantibus
1360 1047 1519 1101 valde
1549 1042 1847 1100 exitiabilis
1873 1046 1885 1097 !
1915 1044 2047 1114 quia

447 1141 506 1196 in
535 1144 691 1194 tanto
718 1138 964 1193 convivio
987 1153 1151 1191 nemo
1168 1132 1277 1189 fuit
1304 1135 1398 1205 qui
1421 1132 1739 1205 prohiberet
1754 1128 2045 1186 audaciam

445 1229 613 1299 regis,
649 1227 920 1298 quinimo,
948 1232 1013 1280 ut
1038 1224 1325 1294 Scriptura
1352 1224 1450 1286 ait,
1475 1228 1695 1291 propter
1727 1239 1809 1275 eos
1829 1224 1929 1289 qui
1955 1235 2048 1289 pa-

451 1320 595 1371 riter
620 1317 1050 1377 discumbebant,
1062 1316 1232 1380 jussit
1252 1313 1399 1364 dari.
1428 1312 1549 1374 Quo
1565 1312 1710 1364 facto
1726 1323 1922 1364 omnes
1934 1318 2049 1361 sce-

448 1384 584 1458 leris
612 1403 700 1456 sui
729 1400 862 1455 facit
890 1417 1009 1455 esse
1035 1405 1337 1462 consortes,
1366 1399 1499 1453 etin
1527 1399 1813 1452 luxurioso
1858 1397 2047 1467 impu-

451 1508 631 1562 roque
659 1486 927 1555 convivio,
960 1495 1205 1542 cruentae
1236 1488 1412 1557 epulae
1434 1488 1618 1540 adhuc
1631 1485 1910 1540 sordidius
1932 1500 2048 1538 sor-

455 1579 741 1644 didantur,
773 1578 909 1630 dum
931 1576 1181 1629 defertur
1209 1582 1378 1646 caput
1400 1575 1457 1628 in
1486 1574 1655 1627 disco.

528 1667 678 1735 Quod
705 1668 947 1720 allatum
976 1668 1171 1718 datum
1202 1669 1273 1717 est
1288 1667 1498 1732 puella},
1526 1667 1573 1714 et
1596 1665 1696 1716 illa
1720 1662 1848 1714 tulit
1877 1660 2052 1712 matri

454 1766 584 1810 suae.
612 1746 845 1824 Legitur
874 1768 1006 1823 ergo
1036 1744 1096 1806 in
1139 1751 1393 1806 Romana
1435 1750 1669 1805 historia
1712 1746 2118 1830 FlaminiumB

456 1833 655 1896 ducem
682 1836 1018 1906 Romanum,
1042 1834 1188 1909 quod
1219 1836 1510 1892 accubanti
1523 1837 1683 1906 juxta
1717 1848 1775 1888 se
1800 1831 2055 1886 meretri-

457 1929 614 1991 Culae,
651 1938 773 1999 quae
820 1942 1108 1998 nunquam
1155 1926 1358 1979 vidisse
1404 1940 1464 1978 se
1511 1925 1721 1978 diceret
1766 1921 2053 1976 hominem

456 2010 815 2082 decolletum,
846 2030 1108 2069 assensus
1138 2014 1229 2080 sit,
1265 2018 1329 2068 ut
1356 2030 1486 2067 reus
1525 2012 1751 2083 quidam
1800 2008 2054 2080 capitalis

455 2094 710 2161 criminis
738 2096 795 2157 in
826 2103 1074 2158 convivio
1103 2104 1286 2173 capite
1333 2096 1721 2165 truncaretur;
1774 2098 1973 2152 deinde
2016 2112 2052 2150 α

461 2184 817 2249 aenatoribus
846 2192 1074 2245 demum
1100 2191 1323 2261 pulsum
1345 2206 1377 2243 a
1395 2189 1571 2254 curia,
1591 2205 1655 2242 eo
1681 2185 1828 2258 quod
1859 2183 2051 2254 epulas

462 2281 736 2351 Sanguine
765 2280 1087 2343 miscuerat,
1118 2284 1174 2331 et
1187 2284 1425 2332 mortem
1444 2276 1696 2349 quamvis
1712 2273 1861 2328 noxii
1876 2269 2053 2325 homi-

458 2368 568 2436 nis,
600 2364 658 2423 in
688 2362 919 2422 alterius
939 2364 1164 2421 delicias
1186 2367 1519 2437 prostiterit,
1541 2372 1607 2420 ut
1622 2363 1793 2418 libido
1812 2358 2056 2416 ethomi-

461 2448 670 2514 cidium
714 2457 881 2511 simul
925 2455 1313 2510 miscerentur.
1363 2452 1584 2519 Quanto
1633 2450 1954 2506 sceleratior
1995 2447 2054 2501 in

459 2547 609 2603 facto
639 2544 888 2600 Herodes
916 2546 973 2598 et
1002 2542 1356 2608 Herodiadis,
1390 2551 1606 2596 necnon
1635 2535 1694 2595 et
1722 2539 1908 2611 puella
1932 2553 2054 2608 quae

462 2626 704 2699 saltavit,
744 2639 802 2688 et
831 2633 891 2687 in
922 2632 1164 2703 pretium
1188 2632 1475 2703 tragtrdize
1506 2648 1638 2691 suae,
1671 2645 1783 2683 non
1812 2627 2051 2690 hircum,

466 2720 563 2779 sed
593 2728 761 2794 caput
784 2716 1030 2793 postulat
1055 2720 1360 2791 prophetae,
1387 2723 1444 2773 ut
1456 2719 1661 2773 habeat
1690 2718 1748 2770 in
1778 2714 2055 2787 potestate

2123 782 2203 835 tia
2232 788 2591 852 perseverant
2618 781 2786 851 positi
2814 781 2873 834 in
2890 780 3204 844 tormentis,
3238 798 3349 851 qua
3371 797 3430 834 se
3456 797 3678 834 nonnun-

2125 887 2293 941 quam
2313 870 2656 939 torquendos
2668 866 2926 923 offerunt.
2946 868 3106 923 Unde
3118 874 3175 923 et
3187 885 3357 941 supra
3366 871 3481 938 jam
3495 869 3675 923 dictum

2126 964 2233 1012 est:
2254 959 2389 1012 Cum
2406 954 2677 1027 persecuti
2705 973 2795 1011 vos
2817 956 3032 1023 fuerint
3060 960 3122 1011 in
3144 948 3261 1011 una
3282 960 3505 1020 civitate,
3531 959 3682 1024 fugite

2127 1050 2191 1100 in
2217 1049 2394 1100 aliam
2423 1046 2635 1113 (Matth.
2671 1046 2721 1112 x,
2753 1044 2870 1111 23).
2909 1046 3212 1115 Eleganter
3237 1058 3457 1115 quoque
3484 1050 3683 1114 evange-

2126 1126 2259 1187 lista
2285 1146 2395 1186 non
2429 1133 2574 1204 fugit
2599 1128 2658 1187 in
2689 1134 2872 1187 locum
2897 1132 3314 1195 desertum,sed
3346 1132 3575 1195 secessit,
3601 1132 3680 1195 ait,

2128 1228 2193 1277 ut
2216 1218 2535 1276 ostenderet
2554 1220 2936 1292 persecutores
2961 1238 3093 1276 suos
3113 1220 3295 1292 magis
3316 1220 3600 1274 declinasse
3626 1220 3685 1273 ad

2127 1314 2371 1380 tempus,
2407 1324 2575 1379 quam
2603 1306 2879 1363 timuisse.
2909 1309 3019 1363 Sed
3049 1314 3104 1363 et
3127 1309 3425 1378 postquam
3450 1325 3483 1361 a
3506 1307 3681 1362 Judaeis

2128 1402 2187 1452 et
2212 1415 2247 1452 a
2269 1412 2399 1468 rege
2427 1394 2744 1451 Judaeorum
2776 1398 3061 1468 prophetae
3082 1402 3408 1451 truncatum
3426 1402 3508 1450 est
3523 1401 3678 1466 caput,

2130 1482 2185 1540 et
2208 1484 2458 1556 linguam
2487 1491 2543 1539 et
2570 1502 2759 1539 vocem
2787 1485 2935 1556 apud
2965 1484 3186 1540 Iudaeos
3214 1485 3461 1556 perdidit
3488 1485 3687 1555 prophe-

2127 1575 2226 1639 tia,
2261 1576 2289 1628 J
2296 1591 2423 1628 esus
2458 1570 2688 1628 transiit
2718 1570 2787 1627 ad
2816 1573 3100 1627 desertum
3129 1578 3186 1627 et
3208 1573 3465 1627 Ecclesiae
3514 1573 3685 1635 locum,

2134 1678 2257 1733 quae
2286 1663 2468 1717 virum
2494 1668 2661 1716 antea
2685 1678 2796 1716 non
2816 1660 3105 1724 habuerat,
3139 1669 3333 1732 neque
3347 1665 3530 1732 caput.
3558 1661 3689 1724 Quod

2137 1755 2324 1805 autem
2354 1748 2506 1816 dicit,
2541 1749 2672 1821 quia
2705 1755 2833 1821 post
2859 1749 3287 1804 decollationein
3309 1750 3530 1804 Joannis
3547 1751 3691 1802 seces-

2135 1838 2276 1893 sitin
2293 1837 2625 1904 naviculam,
2646 1843 2702 1892 et
2717 1839 2775 1892 in
2786 1838 3091 1901 desertum,
3104 1839 3408 1892 continuus
3426 1853 3594 1891 sermo
3603 1839 3689 1890 est.

2133 1926 2293 1998 Unde
2323 1926 2557 1999 apparet
2584 1928 2729 1998 quod
2760 1931 2887 1998 post
2938 1927 3055 1981 haec
3092 1926 3288 1980 audita
3337 1930 3423 1980 est
3463 1926 3599 1979 fama
3638 1924 3692 1977 de

2134 2009 2285 2081 Iesu,
2319 2022 2375 2069 et
2401 2012 2546 2069 facta
2571 2014 2703 2069 sunt
2720 2015 2818 2068 illa
2853 2032 2975 2085 quae
3005 2030 3177 2086 supra
3206 2018 3441 2068 narrata
3457 2002 3592 2067 sunt.
3612 2012 3692 2067 llle

2133 2122 2264 2158 vero
2294 2105 2462 2157 etiam
2493 2101 2563 2157 ob
2594 2104 2698 2159 hoc
2738 2102 3031 2157 secessisse
3078 2103 3356 2170 videatur,
3400 2106 3465 2156 ut
3497 2101 3694 2155 creden-

2133 2193 2279 2247 tium
2299 2190 2562 2264 probaret
2588 2192 2778 2247 ﬁdem.
2810 2191 2879 2246 Et
2905 2191 3031 2245 ideo
3070 2191 3348 2265 sequitur,
3383 2193 3512 2260 quia
3552 2190 3694 2242 turbs

2133 2287 2323 2351 secutae
2349 2287 2480 2335 sunt
2503 2298 2627 2335 eum
2654 2281 2938 2349 pedestres.
2972 2281 3098 2334 Non
3124 2279 3184 2333 in
3228 2280 3503 2349 jumentis
3538 2291 3689 2347 neque

2136 2370 2193 2424 in
2214 2369 2483 2423 vehiculis
2499 2368 2751 2433 diversis,
2777 2364 2872 2421 sed
2897 2367 3124 2439 proprio
3140 2368 3335 2422 labore
3354 2368 3549 2439 pedum
3568 2381 3695 2436 aspe-

2136 2454 2360 2511 ritatem
2390 2456 2608 2511 itineris
2639 2456 2908 2520 insinuat,
2939 2456 3274 2510 utardorem
3304 2457 3503 2510 mentis
3531 2470 3693 2508 eorum

2136 2542 2414 2600 ostendat.
2440 2546 2583 2599 Nam
2611 2549 2914 2614 antequam
2942 2543 3158 2597 veniret
3178 2544 3239 2597 in
3267 2544 3698 2612 solitudinesgen-

2136 2632 2299 2697 tium,
2334 2632 2403 2687 ab
2442 2649 2555 2687 uno
2575 2636 2794 2686 tantum
2825 2632 3030 2703 populo
3076 2631 3389 2685 colebatur.
3438 2631 3538 2685 Sed
3566 2634 3695 2700 post-

2138 2738 2305 2792 quam
2334 2718 2609 2775 Dominus
2632 2720 2784 2774 venit
2807 2722 2878 2774 ad
2913 2726 3109 2791 gentes
3136 2720 3300 2790 quasi
3333 2720 3390 2774 in
3426 2719 3693 2779 desertum,

464 2812 737 2882 linguam.
773 2826 896 2881 quae
932 2809 1155 2863 illiCitﬂS
1183 2808 1455 2877 arguebat
1495 2808 1768 2860 audenter
1808 2801 2053 2872 nuptias-
2140 2816 2341 2865 secuta:
2371 2815 2503 2863 sunt
2529 2827 2656 2864 eum
2686 2806 2865 2864 turbae
2907 2811 3123 2868 multa},
3180 2810 3250 2863 Et
3303 2810 3428 2863 ideo
3479 2805 3698 2878 sequenti

466 2892 777 2971 Respondit
824 2898 999 2968 igitur
1048 2912 1161 2950 suae
1217 2896 1556 2966 turpissimae
1604 2893 1791 2955 matri,
1838 2888 2060 2959 turpior
2141 2898 2411 2951 miraculo
2462 2896 2568 2951 hoc
2609 2898 2997 2952 testimonium
3034 2898 3417 2967 anteponit“,
3470 2893 3698 2966 quoniam

461 2989 623 3042 valde
652 2989 784 3041 filia.
820 2986 1103 3049 Quiatalis
1125 2984 1317 3037 debuit
1344 2983 1627 3053 procreari
1673 2982 1742 3035 de
1781 2978 2056 3034 adultera.
2076 3037 2117 3059 Β
2144 2985 2384 3040 abscisso
2411 2986 2591 3056 capite
2625 3003 2660 3040 a
2691 2987 2829 3057 lege,
2865 2988 2997 3040 mox
3028 2985 3258 3040 secessit
3288 3003 3323 3039 a
3351 2972 3548 3040 Iudaeis
3568 2987 3618 3036 et
3630 2997 3699 3034 as-

464 3090 589 3146 quae
618 3072 805 3128 [factis
831 3072 1135 3142 gressibus,
1178 3068 1410 3141 corpore
1453 3071 1740 3133 ἀίδδοιιηο,
1791 3068 2056 3138 omnique
2076 3040 2119 3097 (³
2142 3073 2329 3127 cendit
2357 3075 2415 3128 in
2440 3075 2714 3143 navicula,
2751 3075 2808 3129 id
2838 3080 2925 3129 est
2950 3075 3009 3128 in
3035 3074 3131 3128 illa
3160 3075 3447 3146 primitiva
3492 3068 3700 3126 Ecclesia

465 3158 732 3232 compage
755 3160 1135 3214 membrorum
1164 3156 1463 3228 disjuncta,
1498 3156 1798 3211 ﬂuentibus
1848 3156 1957 3209 huc
1998 3153 2061 3208 il-
2142 3161 2200 3216 in
2216 3162 2399 3216 locum
2421 3163 2727 3227 desertum,
2744 3168 2809 3217 ut
2831 3162 2964 3227 dixi,
2991 3162 3125 3233 quia
3143 3168 3207 3226 θ
3221 3166 3342 3227 ιθ
3360 3161 3608 3215 doctrina;
3624 3173 3700 3211 ηο.

464 3242 665 3320 lucque
714 3259 778 3302 ex
810 3252 930 3301 arte
970 3243 1230 3301 maleficii
1276 3245 1579 3300 visceribus
1622 3244 2050 3322 deturparetur:
2137 3250 2320 3304 titiam
2346 3267 2459 3305 non
2490 3250 2790 3305 habebant.
2831 3252 2901 3305 Et
2925 3254 3200 3305 venerunt
3235 3250 3539 3320 pedestres,
3590 3244 3701 3317 quia

466 3330 642 3409 ﬁtque
668 3342 789 3391 tota
817 3328 984 3390 matri
1015 3334 1369 3390 deformitate
1412 3334 1570 3389 valde
1608 3332 1937 3390 deformior.
1987 3332 2056 3386 Et
2136 3336 2394 3405 humiles,
2421 3342 2477 3393 et
2507 3336 2619 3394 non
2645 3339 2703 3393 in
2732 3340 2951 3411 pompis
2981 3339 3188 3393 saeculi.
3222 3338 3436 3402 Quibus
3466 3337 3699 3391 misertus

468 3415 780 3482 notandum
809 3427 957 3495 quod
985 3423 1092 3478 ait:
2140 3434 2226 3482 est
2251 3422 2540 3494 Dominus,
2582 3428 2799 3481 animas
2824 3444 3018 3482 eorum
3034 3426 3308 3493 sanando,
3341 3427 3437 3497 qui
3462 3426 3527 3480 de
3542 3423 3700 3478 civita-

541 3505 682 3597 Quia
708 3515 862 3567 misit
882 3514 1112 3567 Herodes
1139 3515 1191 3565 et
1214 3513 1498 3566 decollavit
1521 3515 1809 3566 Joannem.
1842 3511 1919 3564 Ex
1948 3526 2057 3579 quo
2138 3516 2308 3576 tibus,
2337 3516 2393 3570 id
2424 3521 2509 3570 est
2537 3516 2607 3570 de
2628 3517 2795 3570 variis
2824 3517 3008 3583 sectis,
3043 3516 3115 3569 ad
3131 3531 3261 3569 eum
3290 3518 3570 3581 venerant,
3585 3525 3698 3582 quos

468 3596 636 3685 datur
660 3596 917 3670 intelligi,
953 3600 1085 3671 quia
1108 3600 1225 3671 ipse
1267 3599 1467 3654 occidit
1499 3600 1595 3670 qui
1613 3598 1792 3669 jubet,
1835 3598 1979 3652 sicut
2005 3601 2061 3651 et
2137 3606 2368 3659 curavit,
2395 3605 2556 3671 Quia,
2591 3605 2793 3675 quibus
2822 3604 2986 3676 plena
3024 3611 3110 3658 est
3148 3605 3307 3685 ﬁdes,
3356 3604 3539 3659 statim
3581 3614 3697 3672 pm.

469 3684 537 3746 de
562 3690 715 3745 o‘mni
740 3693 921 3756 reatu,
947 3689 1081 3760 quia
1098 3689 1217 3760 ipse
1238 3704 1297 3742 se
1330 3695 1615 3742 auctorem
1652 3686 1786 3741 facit
1814 3686 2058 3750 sceleris,
2140 3693 2315 3746 mium
2345 3693 2706 3762 consequitur
2734 3692 2959 3749 salutis,
2993 3691 3154 3746 Unde
3184 3677 3428 3745 diditur:

468 3779 567 3851 qui
594 3779 838 3850 imperat
867 3780 931 3832 lit
952 3780 1069 3831 ﬁat.
1100 3774 1229 3831 Haec
1252 3766 1412 3847 juxta
1439 3777 1688 3831 litteram
1726 3775 1875 3830 dicta
1902 3776 2016 3829 sint
2042 3795 2054 3843 ;
2212 3782 2276 3835 Et
2297 3784 2476 3834 exiens
2491 3782 2631 3835 vidit
2645 3783 2866 3835 turbam
2889 3783 3148 3845 multam,
3176 3784 3223 3831 et
3240 3783 3497 3833 misertus
3510 3776 3695 3841 estejus‘,

472 3866 607 3940 quia
631 3868 700 3923 de
730 3868 835 3922 hac
861 3854 1134 3921 coma-dia
1181 3866 1375 3920 miseri
1418 3865 1673 3929 Herodis,
1720 3880 2059 3935 suorumque
2142 3875 2191 3922 et
2220 3870 2437 3923 curavit
2466 3870 2758 3937 languidos
2788 3885 2997 3922 eorum.
3033 3867 3228 3921 Cernis
3259 3866 3393 3937 quia
3418 3865 3477 3919 in
3503 3874 3699 3930 evange-

470 3957 566 4028 qui
595 3958 722 4011 cum
753 3972 817 4011 eo
841 3956 1137 4026 complices
1176 3955 1529 4019 exstiterunt,
1564 3970 1598 4008 a
1627 3953 1817 4007 multis
1845 3958 2060 4007 nostro-
2141 3954 2262 4010 licis
2286 3957 2635 4011 sermonibus
2657 3956 3162 4028 semperspiritalia
3184 3959 3507 4009 reserantur
3525 3955 3697 4022 myste-

467 4056 595 4099 rum
625 4036 1022 4099 facundissime
1062 4043 1438 4097 declamatum
1477 4048 1564 4096 est
1604 4042 1662 4095 in
1691 4041 1968 4107 Ecclesiis,
2004 4047 2061 4095 et
2141 4045 2245 4100 ria.
2282 4046 2350 4099 Et
2379 4044 2676 4117 propterea
2703 4046 2925 4105 dicitur.
2961 4060 3219 4115 egressus
3246 4045 3429 4109 Jesus,
3454 4040 3696 4111 signiﬁcat

468 4126 594 4186 ideo
614 4132 676 4185 in
689 4132 794 4185 hoc
817 4128 1061 4185 tractatu
1081 4140 1258 4201 pauca
1281 4126 1351 4185 de
1374 4120 1565 4185 multis
1583 4130 1778 4184 lectori
1806 4129 2060 4184 sufficere
2142 4133 2289 4204 quod
2314 4133 2488 4188 turbae
2516 4128 2835 4187 habuerunt
2864 4132 3091 4203 quidem
3115 4122 3374 4186 veniendi
3395 4131 3464 4185 ad
3484 4142 3601 4183 eum
3624 4136 3695 4177 vo-

368 4298 371 4301 ,
469 4212 692 4301 δευφημτ·
828 4299 832 4301 λ
1414 4300 1417 4301 ν
2140 4215 2435 4288 Iuntatem,
2455 4223 2551 4275 se‘d
2562 4220 2706 4275 vires
2730 4221 3089 4291 perveniendi
3106 4238 3220 4275 non
3240 4220 3569 4283 habuerunt;
3591 4206 3693 4269 ideo

538 4294 733 4371 dia
770 4299 838 4358 Et
866 4306 1188 4371 accedentes,
1238 4300 1442 4374 inquit,
1483 4305 1763 4373 discipuli,
1808 4311 2122 4381 tulerunt.“
2144 4309 2396 4363 Salvator
2424 4309 2710 4381 egreditur
2728 4308 2797 4363 de
2823 4310 2962 4376 loco,
2996 4313 3054 4363 et
3079 4310 3265 4381 pergit
3302 4308 3534 4371 obviam,
3577 4304 3695 4358 sicut

469 4406 662 4463 corpus
689 4394 829 4461 ejus,
861 4395 909 4445 et
923 4394 1253 4460 sepelierunt
1282 4392 1445 4457 illud,
1478 4397 1529 4445 et
1548 4395 1818 4446 venientes
1834 4381 2123 4447 nuntia-u
2139 4399 2373 4469 prodigo
2403 4399 2517 4452 tilio
2543 4397 2838 4469 puenitenti
2866 4381 3105 4468 legimus
3150 4398 3476 4454 occurrisse.
3516 4389 3694 4457 Quibus

467 4486 670 4536 verunt
687 4484 833 4535 Jesu.
866 4480 974 4535 Ubi
1003 4480 1101 4549 qui
1131 4490 1259 4533 eum
1289 4480 1559 4543 tulerunt,
1576 4495 1688 4533 non
1706 4480 1890 4535 minus
1902 4482 2060 4536 Chri-
2139 4487 2291 4551 visis,
2326 4487 2625 4542 miseretur
2655 4486 2870 4552 eurum,
2891 4491 2948 4540 et
2967 4502 3101 4540 cura
3127 4502 3353 4540 omnem
3382 4486 3690 4554 languorem,

467 4562 858 4639 sti'discipulos
896 4564 1069 4622 fuisse
1111 4565 1379 4620 debemus
1418 4564 1751 4637 intelligere,
1797 4576 1965 4640 quam
2004 4577 2060 4624 et
2140 4580 2205 4629 ut
2222 4576 2359 4630 fides
2388 4577 2553 4647 plena
2584 4575 2775 4629 statim
2807 4575 3037 4646 praemia
3067 4574 3442 4645 consequatur
3466 4569 3656 4626 salutis.

466 4657 735 4742 Joannis;
768 4656 899 4727 qnia
929 4657 1027 4742 qui
1057 4655 1212 4726 Prius
1242 4650 1464 4710 fueram
1492 4657 1743 4723 Joanniss
1769 4658 1888 4728 jam
1928 4658 2057 4713 facti
2222 4665 2433 4732 Vespere
2462 4662 2646 4736 autent
2668 4664 2830 4732 facto,
2856 4669 3194 4716 accesserunt
3222 4665 3297 4716 ad
3324 4679 3447 4715 eum
3467 4656 3695 4726 discipuli

467 4740 629 4799 erant
653 4744 879 4827 Christi.
913 4740 1022 4799 Sed
1046 4744 1225 4798 honor
1251 4745 1481 4799 Joannis
1513 4752 1785 4813 servatur,
1833 4747 1891 4801 in
1943 4744 2053 4818 quo
2136 4752 2389 4819 dicentes,
2420 4752 2530 4809 etc.
2570 4750 2697 4805 Non
2727 4752 2812 4805 est
2840 4751 2935 4823 qui
2980 4749 3168 4804 omnia
3216 4748 3497 4820 Evangelii
3535 4757 3691 4801 sacra-

466 4838 550 4886 tot
576 4832 808 4903 impleta
836 4838 968 4887 sunt
998 4834 1371 4899 sacramenta,
1404 4834 1485 4888 ita
1504 4840 1568 4888 ut
1612 4834 1670 4888 in
1707 4837 1828 4906 ejus
1871 4834 2053 4906 capite
2135 4844 2327 4893 menta
2349 4841 2420 4893 ad
2447 4840 2724 4911 liquidum
2752 4836 2933 4892 valeat
2952 4839 3310 4909 perscrutari,
3329 4836 3582 4909 quoniam
3598 4846 3692 4885 om-

461 4925 724 5009 truncato
754 4922 1050 5009 cernamus
1067 4921 1287 4976 Judaeos
1301 4936 1478 4992 usque
1498 4923 1664 4976 hodie
1686 4924 1805 4977 sine
1828 4925 2049 4979 Christo
2133 4928 2226 4981 nia
2256 4910 2537 4999 mysteriis
2577 4910 2744 5000 plena
2771 4932 2904 4982 sunt
2934 4944 2947 4993 ;
2988 4931 3046 4980 et
3069 4914 3137 4980 de
3177 4926 3429 4997 singulis,
3479 4918 3538 4978 ut
3569 4930 3689 4988 saepe

459 5008 819 5076 remansisse,
849 5001 945 5080 qui
976 5015 1147 5081 caput
1171 5014 1255 5064 est
1284 5012 1534 5064 omnium
1556 5018 1975 5084 praphetarum.
2132 5014 2394 5083 diximus,
2427 5016 2580 5072 aliud
2607 5017 2857 5089 loquitur
2878 5017 2948 5070 de
2978 5015 3132 5082 locis,
3164 5016 3235 5069 de
3261 5012 3606 5084 temporibus,
3631 5006 3687 5058 de

531 5101 658 5168 Quae
676 5116 802 5154 cum
828 5100 1072 5153 audisset
1093 5101 1268 5166 Jesus,
1296 5103 1503 5155 secessit
1525 5103 1653 5154 inde
1690 5104 1752 5155 in
1790 5106 2050 5158 navicula

456 5187 520 5242 in
543 5190 723 5243 locum
753 5180 1025 5242 desertum
1044 5186 1304 5241 seorsum.
1327 5189 1413 5242 Ad
1437 5188 1603 5243 solita
1617 5202 1811 5244 rursus
1823 5190 2051 5246 secessit

455 5272 731 5345 praesidia,
764 5290 891 5329 cum
925 5276 977 5329 ei
1008 5284 1202 5330 necem
1235 5276 1496 5346 Baptistae
1530 5277 1880 5346 ndntiarunt,
1912 5296 2041 5346 non,

455 5356 523 5416 ut
546 5360 771 5432 quidam
801 5362 1059 5418 arbitrati
1085 5368 1236 5428 sun’t,
1269 5363 1471 5417 timore
1488 5365 1703 5431 mortis,
1720 5367 1816 5420 sed
1830 5372 1947 5421 tres
1976 5368 2046 5423 ob

453 5436 670 5522 eausas.
693 5449 947 5504 Primum
966 5452 1032 5505 ut
1058 5454 1313 5522 parceret
1329 5450 1570 5506 inimicis
1611 5452 1745 5517 suis,
1771 5464 1842 5509 ne
1872 5456 2049 5511 homi-

449 5530 596 5598 Eidio
608 5518 973 5598 homicidium
978 5518 1285 5612 iungerent
1297 5556 1313 5609 ;‘
1335 5525 1537 5597 deinde
1548 5544 1616 5598 ut
1622 5543 1798 5616 usque
1817 5543 1879 5601 in
1896 5545 2046 5602 diem

2133 5109 2279 5171 actu,
2308 5111 2365 5159 et
2390 5107 2596 5176 causis,
2624 5106 2792 5160 etiam
2815 5111 2872 5159 et
2898 5105 2968 5159 de
2997 5104 3289 5158 sententiis
3309 5102 3471 5157 simul
3485 5093 3683 5170 junctis.

2130 5193 2361 5247 Recedit
2390 5194 2565 5275 igitur
2601 5194 2670 5248 de
2701 5193 2913 5260 Judaaa,
2947 5198 3004 5247 et
3036 5192 3187 5245 venit
3218 5192 3279 5245 in
3312 5192 3580 5246 desertum
3618 5183 3686 5235 lo-

2129 5276 2277 5347 cum,
2308 5282 2458 5336 unde
2479 5280 2599 5353 jam
2629 5282 2891 5347 diximus,
2928 5287 2985 5336 et
3008 5280 3296 5351 egreditur
3319 5279 3389 5333 ad
3414 5293 3504 5332 eos
3528 5276 3681 5334 lessus:

2128 5376 2186 5424 et
2202 5369 2500 5425 miseretur
2522 5387 2755 5437 eorum;
2787 5373 2845 5424 et
2889 5370 2995 5424 hoc
3040 5369 3173 5425 facit
3214 5384 3327 5423 non
3373 5381 3547 5428 mane,
3591 5370 3684 5413 non

2126 5458 2407 5527 ereScente
2430 5459 2539 5526 die,
2572 5474 2686 5514 non
2735 5446 2990 5527 meridie,
3040 5458 3139 5514 sed
3186 5468 3431 5530 vespere,
3487 5445 3680 5525 quando

2127 5548 2215 5603 sol
2233 5542 2470 5621 iustitiae
2498 5546 2853 5606 occubuerat.
