3888 6172
518 282 627 338 519

1250 304 1257 309 -
1301 275 1358 330 S.
1400 274 1781 331 PASCHASII
1820 270 2184 329 RADBERTI
2220 269 2524 327 ABBATIS
2561 268 3058 325 CORBEIENSIS.

3619 267 3704 325 520

516 406 685 461 ﬂores
711 403 901 472 illius;
935 402 1068 475 quia
1086 403 1266 455 omnis
1281 415 1409 454 caro
1436 402 1648 467 fenum,
1667 403 1715 451 et
1735 397 2172 465 omm‘sgloriaA
2192 410 2361 466 quam
2412 395 2701 464 signanter
2746 393 3023 448 Dominus
3068 391 3175 446 hoc
3209 390 3502 462 signiﬁcare
3538 390 3718 446 videtur

432 500 435 507 '
518 498 635 563 eius
662 500 927 561 tanquam
956 496 1052 561 ﬂos
1080 484 1544 558 feni(lsa.x1.,6),
1569 500 1624 539 et
1644 502 1837 539 omnes
1857 486 2111 555 volupta-

520 587 605 636 tes
634 582 755 650 ejus
785 578 944 651 quasi
984 593 1149 631 arens
1177 575 1387 628 fenum.
1422 573 1529 627 Sed
1569 572 1734 626 turba
1763 573 1859 625 illa
1883 572 2114 626 Judaica

520 686 691 740 super
728 668 916 721 fenum
959 663 1259 726 discubuit,
1304 661 1437 731 quia
1472 662 1892 715 Testamentum
1941 661 2115 713 Vetus

523 761 828 827 acceperat,
863 755 920 808 in
944 770 1055 823 quo
1082 766 1319 820 regnum
1347 749 1426 802 eis
1440 749 1844 819 temporaliter,
1877 753 1934 801 et
1960 749 2118 802 Jeru-

523 849 697 901 salem
742 840 1065 912 temporalis
1097 837 1548 909 promittebatur.
1590 837 1721 891 Ideo
1756 841 1976 889 constat
2024 853 2119 889 eos

522 936 582 988 in
612 949 709 1003 spe
739 929 948 984 carnali
979 928 1276 981 collocatos
1318 925 1508 990 fuisse,
1559 926 1720 994 cujus
1752 924 1934 994 gloria
1962 923 2121 994 quasi

522 1023 710 1076 fenum
737 1017 1001 1077 efﬂoruit,
1031 1021 1088 1069 et
1115 1014 1340 1069 claritas
1366 1014 1487 1083 ejus
1511 1018 1575 1066 ut
1602 1014 1706 1065 ﬂos
1734 1012 1845 1065 feni
1872 1011 1995 1065 fuit.
2011 1011 2122 1064 Ve-

522 1113 843 1162 rumtamen
886 1120 998 1158 non
1041 1104 1161 1172 jam
1191 1102 1249 1156 in
1280 1106 1433 1154 terra
1461 1100 1584 1152 ideo
1616 1100 1831 1169 jacens,
1874 1098 1968 1151 sed
1999 1098 2121 1167 lege

522 1192 834 1255 sulfultum,
861 1196 919 1245 et
942 1197 1213 1259 tanquam
1240 1194 1403 1241 terrae
1432 1187 1578 1247 feno,
1610 1186 1882 1240 fructibus
1911 1186 2124 1239 scilicet

521 1281 706 1352 operis
760 1280 867 1343 sui,
924 1277 1311 1347 unusquisque
1379 1292 1574 1329 eorum
1639 1274 2117 1329 substernebatur.

523 1370 683 1424 Unde
700 1374 755 1422 et
771 1368 824 1421 in
849 1375 1039 1420 monte
1052 1365 1268 1436 pavisse
1286 1381 1381 1418 eos
1394 1363 1863 1429 Dominum,bene
1885 1363 2118 1427 dicitur;

526 1458 657 1528 quia
685 1456 812 1509 licet
846 1472 946 1525 per
990 1453 1129 1522 legis
1173 1453 1417 1506 litteram
1451 1452 1779 1523 quantisper
1819 1453 1890 1504 ad
1922 1450 2124 1504 altiora

524 1544 979 1605 conscenderent,
1028 1541 1123 1595 sed
1170 1542 1300 1611 quia
1345 1541 1545 1604 adhuc,
1596 1546 1658 1594 ut
1691 1540 1824 1604 dixi,
1871 1540 2125 1593 carnales

526 1637 708 1695 erant,
743 1631 951 1685 hordeo
990 1629 1378 1701 pascebantur,
1432 1634 1490 1683 et
1526 1645 1636 1682 non
1668 1628 1873 1691 tritico,
1916 1634 1981 1681 ut
2027 1643 2128 1697 per

2192 500 2319 537 cum
2349 483 2503 547 dicit,
2537 484 2659 537 Non
2692 500 2831 553 opus
2861 481 3072 534 habent
3094 480 3191 538 ire.
3217 486 3279 533 ut
3297 485 3473 534 emant
3493 479 3621 545 alibi,
3640 487 3719 533 aut

2195 572 2440 635 aliunde,
2457 571 2552 624 sed
2583 571 2716 624 date
2745 588 2841 624 vos
2871 570 2985 623 illis
3007 568 3360 622 manducare.
3382 568 3622 631 Quoniam
3639 568 3721 621 sub

2197 662 2321 726 lege
2349 659 2826 721 custodiebantur,
2852 658 2911 711 in
2939 674 3049 729 qua
3078 663 3201 710 erat
3227 657 3397 710 victus
3425 656 3643 726 perfaztze
3661 656 3725 709 iu-

2199 748 2541 817 telligentiae,
2556 747 2601 801 si
2630 764 2666 800 a
2685 747 2920 800 Domino
2948 745 3236 815 discipulis
3265 741 3581 798 comminuta
3598 752 3647 797 et
3661 761 3734 798 ex-

2199 837 2383 909 posita
2395 836 2734 891 traderetur.
2763 836 2831 889 Et
2856 835 2959 888 hoc
2986 833 3262 904 sapientia
3283 832 3381 886 Dei
3412 831 3574 885 Patris
3588 837 3732 885 totum

2202 933 2433 984 noverat
2446 926 2578 999 quid
2595 925 2827 979 dederat
2846 922 3195 991 singulis,vel
3212 921 3345 991 quid
3359 920 3582 974 facturus
3600 924 3732 975 esset.

2203 1018 2414 1072 Idcnrco
2444 1031 2554 1069 non
2577 1014 2646 1067 de
2671 1010 2992 1081 ignorantia
3018 1010 3347 1078 interrogat.
3383 1008 3736 1076 Quotpanesha-

2205 1105 2374 1159 betis?
2396 1103 2492 1157 sed
2515 1101 2585 1155 ob
2609 1097 2958 1171 mysterium.
2985 1098 3165 1151 Etiam
3187 1103 3244 1151 et
3270 1102 3443 1166 rogat,
3454 1097 3595 1165 juxta
3616 1094 3735 1149 Mar-

2202 1209 2352 1257 cum,
2385 1196 2522 1262 quot
2546 1188 2821 1243 haberent
2847 1202 3039 1257 panes,
3064 1191 3128 1239 ut
3147 1202 3206 1239 se
3226 1184 3367 1239 bene
3382 1184 3640 1237 convincat
3660 1199 3738 1236 ne-

2204 1282 2347 1336 scire
2386 1280 2443 1333 in
2483 1281 2856 1339 sacramento,
2890 1274 3038 1345 quod
3076 1275 3198 1342 jam
3229 1271 3451 1344 patebat
3478 1271 3528 1324 in
3557 1271 3667 1324 dato
3697 1277 3740 1325 et

2204 1368 2522 1423 commisso.
2546 1372 2603 1419 et
2624 1364 2728 1435 ipsi
2751 1370 2810 1416 et
2836 1362 3019 1416 omnis
3046 1360 3217 1414 turba
3246 1359 3497 1431 portabat
3510 1358 3601 1412 sub
3613 1360 3738 1428 jugo.

2206 1457 2355 1519 Quos
2387 1454 2632 1526 profecto
2674 1468 2864 1523 panes,
2898 1451 3030 1521 quia
3055 1450 3343 1504 benedixit
3369 1465 3431 1502 ac
3455 1447 3621 1517 fregit,
3648 1463 3742 1500 cre-

2206 1549 2424 1598 verunt.
2458 1544 2580 1596 Non
2602 1540 2751 1595 enim
2782 1539 3030 1609 quinque
3054 1537 3494 1608 multiplicantur
3519 1536 3572 1589 in
3596 1535 3744 1605 plures

2207 1647 2464 1694 numero,
2507 1629 2604 1683 sed
2643 1627 2973 1698 fragmentis
3014 1626 3332 1696 fragmenta
3374 1623 3663 1687 succedunt,
3703 1627 3747 1674 et

527 1720 798 1775 hordeum
826 1720 911 1773 lex
934 1724 1346 1773 monstraretur
1365 1717 1581 1771 Veteris
1597 1716 1963 1777 Testamenti,
1980 1716 2126 1769 sicut
2142 1740 2188 1798 Β
2208 1721 2411 1774 fallunt
2434 1734 2656 1788 semper
2684 1717 2738 1770 in
2774 1716 2982 1779 fructu,
3011 1713 3470 1785 multiplicatione
3497 1728 3606 1773 sua,
3632 1711 3750 1764 fran-

529 1815 588 1865 et
611 1827 709 1880 per
731 1808 999 1871 triticum,
1035 1822 1099 1861 ex
1132 1822 1241 1876 quo
1271 1812 1484 1876 septem
1514 1805 1686 1859 fuisse
1706 1822 1877 1876 panes
1906 1803 2039 1857 alibi
2068 1804 2124 1858 in
2207 1815 2421 1878 gentes.
2465 1805 2679 1860 Crescit
2722 1821 2856 1874 ergo
2891 1803 3153 1857 materies
3188 1802 3371 1873 panis,
3401 1801 3576 1856 nescio
3599 1805 3749 1853 utrum

532 1897 831 1967 Evangelia
887 1901 1251 1955 monstratur,
1290 1894 1377 1948 lex
1431 1895 1606 1948 sancti
1652 1893 1954 1963 Evangelii.
2000 1893 2129 1946 Haec
2210 1914 2280 1951 an
2311 1897 2368 1950 in
2412 1911 2678 1949 mensura
2723 1893 2809 1947 vel
2840 1893 2899 1946 in
2925 1894 3068 1950 loco.
3094 1908 3167 1945 an
3195 1892 3255 1945 in
3285 1889 3535 1944 inanibus
3576 1903 3754 1942 sumen-

535 1986 741 2058 quippe
771 1990 903 2039 sunt
930 1984 1041 2038 duo
1071 1988 1426 2043 testamenta,
1462 1982 1673 2036 scilicet
1701 1990 1756 2036 et
1793 1982 1917 2035 duae
1954 1982 2124 2051 leges,
2210 1986 2371 2048 tium,
2407 2001 2475 2037 an
2510 1984 2565 2036 in
2594 1999 2691 2036 ore
2735 1981 3041 2036 edentium.
3071 1981 3255 2035 Unum
3288 1985 3476 2033 tamen
3515 1978 3750 2048 proﬁteor,

525 2092 592 2130 ex
622 2074 823 2145 quibus
841 2070 1378 2143 impraesentiarum,
1396 2071 1527 2125 dum
1552 2071 1657 2125 hoc
1677 2069 1941 2124 saeculum
1961 2069 2127 2122 verti-
2212 2073 2345 2143 quia
2374 2072 2431 2125 in
2459 2070 2720 2124 manibus
2749 2069 2961 2124 Christi
3002 2066 3125 2121 fons
3169 2073 3294 2121 erat
3330 2063 3621 2137 augmenti.
3646 2062 3756 2117 sicut

528 2169 643 2228 tur,
666 2179 832 2217 omne
854 2160 1290 2233 pasciturgenus
1315 2160 1725 2219 humanum.ex
1744 2158 2128 2212 benedictione
2209 2159 2379 2213 fontis
2435 2164 2519 2213 est
2579 2159 2793 2222 fluere,
2862 2174 2999 2211 uvas
3056 2155 3257 2210 vitibus
3322 2156 3501 2209 inesse
3557 2159 3609 2207 et
3655 2150 3753 2205 vina

528 2252 631 2307 Dei
662 2250 966 2305 Salvatoris
996 2248 1173 2303 nostri
1202 2249 1229 2301 J
1237 2264 1334 2303 esu
1366 2247 1593 2302 Christi.
1637 2247 1706 2301 Et
1736 2247 1860 2300 ideo
1886 2246 2127 2300 secundo

527 2340 635 2395 hoc
660 2357 795 2393 usus
819 2344 905 2393 est
948 2338 1237 2413 miraculo,
1273 2343 1331 2391 et
1362 2354 1470 2390 non
1502 2336 1763 2407 amplius,
1803 2336 1888 2389 vel
1919 2335 2124 2396 minus,

529 2433 594 2482 ut
623 2428 870 2498 seipsum
892 2427 1215 2480 ostenderet
1242 2426 1367 2478 etin
1385 2426 1485 2478 hoc
1512 2425 1675 2488 facto,
1700 2424 1794 2495 qui
1825 2424 1968 2477 duas
1996 2440 2130 2477 con-

534 2516 758 2570 diderat
797 2516 949 2586 leges
988 2521 1191 2569 nostrae
1238 2513 1556 2567 refertionis
1604 2513 1806 2582 gratia,
1839 2530 1903 2566 ex
1928 2511 2129 2582 quibus

533 2605 784 2676 pascitur
821 2610 878 2658 et
897 2609 1183 2658 recreatur
1212 2602 1461 2673 quotidie
1499 2602 1681 2655 omnis
1705 2601 1896 2655 anima
1924 2601 2123 2655 ﬁdelis.

532 2694 639 2747 Sed
664 2692 798 2763 quia
820 2693 913 2745 ille
928 2693 1082 2763 prior
1107 2691 1347 2762 populus
1370 2691 1551 2744 adhuc
1570 2691 1811 2745 carnalis
1840 2694 1979 2747 erat.
1996 2706 2127 2760 pro-

2209 2247 2465 2308 dilfundi,
2497 2251 2666 2316 atque
2690 2262 2884 2299 omnes
2927 2245 3123 2299 mundi
3160 2261 3297 2315 opes
3344 2259 3525 2298 annuo
3560 2240 3756 2312 quodam

2209 2353 2381 2391 cursu
2440 2336 2497 2390 in
2548 2335 2833 2389 diversum
2874 2335 3066 2388 ﬂuere.
3122 2334 3337 2387 Auctor
3379 2336 3465 2386 est
3506 2330 3639 2384 enim
3678 2328 3755 2382 hu-

2206 2428 2301 2496 jus
2347 2423 2727 2479 universitatis
2769 2427 2962 2477 tantus
2999 2437 3208 2493 panum
3246 2420 3542 2492 profectus.
3583 2418 3643 2472 Et
3677 2415 3756 2470 mi-

2213 2521 2411 2569 rantur
2450 2529 2645 2566 omnes
2684 2512 2789 2566 hoc
2817 2511 2965 2581 quod
2995 2526 3186 2564 rarum
3223 2517 3333 2574 est,
3365 2516 3423 2564 et
3456 2524 3558 2563 non
3592 2507 3758 2559 mirare

2210 2609 2304 2657 tur
2349 2602 2455 2656 hoc
2493 2600 2625 2671 quia
2673 2617 2763 2655 res
2805 2617 2870 2653 ex
2898 2616 3003 2653 usu
3051 2598 3214 2654 viluit
3258 2598 3410 2669 quod
3448 2596 3671 2669 quotidie
3696 2594 3756 2647 ﬁt.

2209 2691 2412 2761 Agitur
2457 2689 2606 2745 enim
2648 2688 2708 2742 in
2752 2705 2919 2758 opere
2965 2687 3550 2741 visibiliinvisibilium
3575 2685 3760 2738 demon-

532 2789 721 2853 pterea
753 2782 881 2834 talis
912 2781 960 2834 ei
991 2781 1079 2834 lex
1117 2781 1251 2833 data
1298 2785 1400 2843 est,
1452 2796 1575 2850 quae
1614 2779 1780 2832 vitale
1810 2778 2128 2832 animarum
2213 2778 2429 2841 stratio,
2459 2778 2591 2832 dum
2620 2782 2851 2847 superat
2901 2792 3123 2829 omnem
3160 2781 3429 2829 naturam
3474 2774 3632 2827 virtus
3663 2786 3761 2840 cpe-

532 2870 865 2924 alimentum
900 2868 1280 2938 corporalibus
1307 2866 1595 2936 obtegeret
1637 2866 2022 2920 sacramentis.
2064 2866 2134 2919 Et
2213 2867 2409 2932 rantis,
2457 2871 2514 2919 et
2559 2864 2984 2936 supergreditur
3017 2863 3147 2917 facti
3191 2864 3614 2933 intelligentiam
3652 2858 3763 2912 ratio

533 2959 677 3012 sicut
723 2957 967 3010 medulla
1014 2955 1207 3009 hordei
1235 2954 1593 3008 tenacissima
1617 2953 1900 3023 obtegitur
1928 2954 2089 3023 palea
2117 2971 2128 3004 :

2213 2960 2339 3019 62
2357 2962 2390 3020 Ι
2423 2954 2666 3008 virtutis.
2693 2959 2750 3007 et
2769 2954 2887 3007 sola
2908 2952 3244 3022 relinquitur
3255 2951 3551 3006 admiratio
3569 2952 3766 3021 potesta-

531 3046 611 3098 ita
627 3044 819 3097 eadem
840 3044 926 3097 lex
947 3043 1064 3097 suis
1083 3041 1706 3105 carnalibusinstitutis,
1725 3042 1991 3111 quoniam
2010 3057 2130 3095 car—
2146 3045 2189 3105 C
2212 3042 2302 3097 tis.
2329 3041 2435 3097 Sed
2461 3042 2789 3113 priusquam
2821 3042 2936 3096 haec
2964 3040 3184 3105 ﬁerent,
3216 3043 3488 3108 aspiciens
3508 3043 3566 3092 in
3589 3040 3761 3095 calum,

534 3132 649 3186 nali
679 3131 919 3184 dabatur
946 3130 1171 3200 populo,
1203 3129 1449 3182 nondum
1481 3129 1786 3199 exspoliato
1815 3129 2133 3183 carnalibus

533 3218 846 3276 desideriis.
892 3218 1043 3287 quod
1090 3233 1227 3271 sane
1269 3217 1613 3271 desiderium
1652 3223 1923 3287 tanquam
1971 3217 2135 3287 palea

533 3307 728 3362 hordei
766 3306 917 3360 cordi
962 3322 1155 3360 eorum
1201 3305 1527 3359 inhazrebat.
1574 3305 1732 3360 Unde
1778 3322 1813 3359 a
1860 3305 2135 3376 prOpheta

535 3395 909 3451 incircumcisi
931 3394 1190 3448 cordibus
1219 3394 1537 3464 culpantur,
1565 3394 1828 3464 quoniam
1845 3393 2013 3447 nullis
2033 3394 2137 3447 tri-

534 3484 883 3539 bulationum
929 3483 1181 3552 ﬂagellis,
1237 3482 1794 3552 neque'triturarum
1840 3482 2133 3552 pressuris,

531 3578 839 3645 potuerunt
865 3571 1114 3643 purgari.
1148 3577 1213 3624 ut
1261 3571 1547 3624 intellectu
1586 3577 1832 3625 reserato
1872 3571 2130 3641 spiritali,

532 3662 780 3716 carnalia
799 3661 1141 3732 deponerent
1168 3665 1521 3729 tegumenta:
1554 3660 1698 3713 sicut
1727 3677 1829 3713 nec
1858 3660 2130 3713 hordeum

534 3768 678 3806 areae
703 3750 926 3811 tritura,
960 3749 1054 3802 illo
1086 3748 1281 3819 paliari
1312 3747 1580 3817 tegmine,
1613 3748 1740 3801 licet
1768 3748 1953 3801 aristae
1980 3750 2134 3801 tran-

530 3846 757 3911 gantur,
781 3836 1021 3893 exuitur.
1052 3839 1355 3907 PrOpterea
1380 3836 1553 3906 igitur
1580 3836 1852 3891 Dominus
1878 3837 1980 3890 hos
2015 3842 2136 3891 tan-

532 3934 652 3982 tum
684 3929 931 3999 quinque
960 3942 1128 3997 panes
1158 3926 1262 3979 sibi
1299 3925 1699 3995 providittunc.
1720 3932 1775 3978 et
1805 3925 2136 3995 praeparavit

535 4018 594 4071 in
623 4017 773 4070 omni
806 4017 902 4069 illo
929 4021 1123 4079 620
1146 4014 1368 4084 populo,
1386 4018 1450 4066 ut
1475 4030 1539 4066 ex
1572 4012 1656 4066 his
1676 4013 1902 4067 doceret
1916 4013 2049 4083 quid
2070 4030 2134 4066 ex

536 4104 625 4157 his
654 4104 863 4157 faceret
887 4101 1135 4172 quinque
1164 4101 1319 4154 libris
1348 4117 1448 4154 suo
1474 4100 1530 4154 in
1555 4108 1827 4171 tempore.
1862 4101 2013 4165 Quos
2039 4117 2134 4155 ac-

535 4191 683 4259 cepit
710 4196 768 4243 et
794 4188 1099 4253 benedixit,
1120 4205 1184 4241 ac
1205 4188 1390 4257 fregit,
1426 4195 1484 4241 et
1506 4189 1661 4243 dedit
1687 4190 1978 4259 discipulis
1996 4189 2131 4243 suis.

532 4277 794 4346 Alioquin
818 4276 866 4329 si
896 4276 1014 4345 ipse
1043 4290 1139 4328 eos
1185 4292 1296 4328 non
1325 4275 1630 4345 accepisset
1660 4277 1721 4330 in
1751 4277 2032 4339 manibus,
2073 4283 2138 4331 ut

531 4381 633 4418 suo
662 4363 1033 4433 implerentur
1059 4378 1244 4431 opere,
1289 4361 1407 4414 sine
1450 4362 1633 4415 fructu
1680 4364 1882 4418 salutis
1913 4372 1971 4419 et
2016 4366 2138 4420 sine

535 4453 648 4507 vita
676 4457 881 4506 essent.
933 4451 999 4503 Et
1042 4450 1148 4503 nisi
1180 4466 1273 4502 eos
1324 4448 1381 4501 in
1410 4466 1471 4502 se
1516 4449 1908 4515 benedixisset,
1940 4453 1997 4506 in
2028 4471 2138 4524 quo

534 4546 620 4596 est
648 4540 833 4595 omnis
852 4538 1167 4593 benedictio
1193 4537 1482 4608 spiritalis.
1509 4537 1603 4608 qui
1626 4538 1729 4592 sub
1750 4556 1815 4593 ea
1837 4547 1999 4595 erant
2018 4542 2139 4612 lege

532 4629 636 4683 sub
666 4628 960 4682 maledicto
990 4632 1177 4681 essent
1222 4627 1286 4681 Et
1320 4626 1366 4681 si
1395 4643 1505 4681 non
1537 4644 1631 4681 eos
1662 4627 1935 4699 fregisset,
1964 4631 2139 4686 nemi-

535 4733 664 4771 nem
694 4717 973 4787 pavissent
1004 4716 1071 4769 ad
1099 4715 1359 4770 salutem.

603 4806 671 4860 Et
695 4807 860 4870 dedit,
894 4805 1094 4875 inquit,
1128 4821 1210 4857 eos
1231 4807 1518 4873 discipulis
1547 4807 1700 4869 suis;
1750 4808 2015 4875 discipuli
2031 4824 2138 4861 au-

535 4899 641 4948 tam
674 4898 1049 4961 opposuerunt
1081 4895 1253 4947 turba:
1307 4894 1449 4957 Quia
1480 4910 1581 4964 per
1614 4910 1709 4947 eos
1750 4901 1912 4948 erant
1938 4895 2139 4950 divinae

533 4982 733 5055 gratiae
760 4981 907 5035 dona
932 4981 1216 5035 reddenda
1236 4981 1475 5053 populis.
1504 4982 1756 5036 Pascitur
1776 4988 1965 5036 autem
1987 4983 2140 5038 dein-

534 5088 665 5144 ceps
708 5069 874 5125 turba
906 5071 1116 5141 populi,
1152 5075 1209 5124 et
1238 5071 1532 5141 explentur
1560 5070 2044 5126 abundantissime
2072 5089 2138 5127 ex

532 5161 781 5234 quinque
810 5158 1047 5231 panibus
1077 5164 1135 5212 et
1163 5158 1381 5212 duobus
1404 5158 1648 5229 piscibus
1671 5159 1920 5230 quinque
1960 5160 2137 5215 millia

531 5246 1108 5317 hominum.exceptis
1138 5246 1381 5317 parvulis
1398 5253 1453 5300 et
1480 5248 1832 5302 mulieribus.
1853 5249 2139 5303 Consonat

536 5351 670 5406 ergo
715 5352 986 5390 numerus
1015 5334 1306 5405 quinarius
1354 5335 1412 5388 in
1457 5342 1694 5406 utraque
1737 5342 1895 5407 parte
1931 5338 2138 5408 populo

541 5424 772 5487 carnali,
801 5424 893 5495 qui
926 5429 1147 5477 tantum
1178 5423 1266 5477 vix
1297 5422 1544 5494 quinque
1573 5424 1831 5479 sensibus
1853 5425 1996 5479 bene
2023 5432 2142 5481 ute-

542 5510 710 5567 batur
735 5511 1073 5579 carnalibus,
1107 5510 1308 5583 quibus
1328 5511 1490 5567 multi
1518 5512 1692 5568 dediti
1724 5519 1904 5568 erant.
1923 5512 2000 5568 Et
2013 5513 2140 5569 ideo

2214 3131 2371 3184 dedit
2396 3130 2732 3201 exemplum,
2767 3135 2832 3184 ut
2854 3145 3079 3199 semper
3107 3128 3177 3182 ad
3209 3135 3429 3199 patrem
3461 3128 3635 3183 oculos
3649 3140 3769 3179 men-

2214 3219 2290 3273 tis
2318 3218 2558 3289 dirigere
2588 3218 2907 3281 debeamus,
2941 3224 2999 3271 et
3026 3216 3096 3270 ad
3124 3218 3246 3286 ejus
3278 3217 3605 3288 exemplum,
3630 3213 3766 3275 cibos,

2219 3312 2277 3361 et
2294 3324 2419 3378 quae
2448 3324 2513 3361 ex
2538 3308 2652 3361 Deo
2676 3313 2828 3372 sunt,
2859 3306 3290 3371 benedicamus;
3343 3305 3597 3376 quoniam
3622 3300 3769 3357 omnis

2219 3394 2533 3451 benedictio
2560 3412 2660 3466 per
2682 3412 2834 3459 eum,
2863 3401 2963 3448 aut
2982 3394 3380 3464 multiplicatio
3395 3410 3577 3448 rerum
3596 3399 3684 3453 est,
3696 3393 3770 3443 aut

2221 3485 2608 3546 sanctificatio,
2624 3485 2703 3538 ita
2730 3490 2793 3538 ut
2813 3500 3000 3537 rerum
3034 3482 3351 3538 benedictio
3371 3499 3542 3554 usque
3562 3482 3613 3534 in
3631 3478 3771 3532 admi-

2217 3574 2513 3635 rationem,
2534 3572 2580 3626 si
2593 3572 2919 3642 diligentius
2939 3572 3284 3631 attendatur,
3302 3573 3503 3635 veniet,
3518 3565 3771 3625 admiratio

2216 3676 2346 3716 vero
2375 3677 2552 3731 usque
2582 3661 2653 3714 ad
2685 3676 3005 3714 mensuram
3051 3677 3230 3714 causa:
3279 3659 3631 3731 subjacentis.
3658 3657 3771 3710 Nam

2216 3749 2486 3805 confracti
2517 3766 2688 3819 panes
2717 3766 2844 3803 cum
2876 3748 3119 3819 piscibus
3136 3755 3393 3803 saturato
3421 3747 3614 3819 populo
3640 3745 3774 3799 inter-

2216 3838 2349 3890 dum
2377 3838 2637 3908 deinceps
2670 3838 3029 3891 cumulantur
3067 3844 3395 3907 augmento,
3437 3844 3499 3891 ut
3525 3841 3649 3906 quot
3670 3835 3773 3885 sunt

2216 3925 2392 3978 millia
2422 3925 2734 3989 hominum,
2770 3931 2853 3979 tot
2888 3924 3126 3995 panibus
3170 3932 3519 3989 saturentur,
3552 3919 3770 3991 exceptiS.

2218 4013 2363 4083 quod
2386 4012 2564 4083 magis
2587 4013 2854 4074 creditur,
2871 4013 3115 4083 parvulis
3134 4019 3192 4067 et
3212 4014 3560 4075 mulieribus;
3577 4020 3771 4081 quorum

2220 4101 2366 4154 sicut
2394 4101 2580 4155 nullus
2606 4107 2691 4155 est
2720 4117 3005 4164 numerus.
3028 4101 3109 4155 ita
3136 4118 3238 4155 nec
3267 4101 3510 4173 expletio
3541 4095 3774 4171 quantita-

2216 4189 2317 4246 tis.
2365 4190 2601 4260 Insuper
2628 4196 2867 4260 augetur
2895 4190 3160 4260 splendor
3183 4191 3387 4260 gratiaz
3417 4196 3481 4245 ut
3508 4185 3772 4243 secundum

2218 4279 2604 4349 apostolorum
2634 4294 2951 4342 numerum,
2987 4278 3282 4332 duodecim
3313 4278 3537 4351 cophini
3570 4274 3777 4346 replean-

2159 4352 2339 4431 Dtur,
2363 4365 2443 4419 ita
2474 4371 2540 4420 ut
2580 4366 2779 4421 modus
2809 4384 3044 4420 numero
3084 4375 3428 4438 comquetur,
3470 4372 3527 4421 et
3553 4375 3775 4420 numerus

2221 4453 2389 4508 modo
2418 4453 2771 4526 obtemperet
2801 4455 3175 4519 sacramenti;
3200 4462 3482 4526 quatenus
3507 4455 3643 4508 intra
3667 4451 3775 4502 ﬁnes

2221 4560 2351 4597 suos
2379 4543 2523 4597 ratio
2547 4545 2831 4613 conclusa,
2870 4544 2939 4598 ad
2965 4546 3361 4614 consequentis
3386 4545 3606 4599 ell'ectus
3625 4534 3776 4594 condi-

2218 4631 2431 4685 tionem
2465 4630 2662 4686 divinaa
2683 4633 2903 4687 virtutis
2928 4632 3312 4687 moderamina
3331 4622 3776 4695 cohortetur,quia

2219 4718 2391 4773 vincit
2420 4719 2723 4774 humanam
2755 4720 3183 4790 intelligentiam
3207 4737 3351 4791 opus
3403 4718 3552 4774 facti.
3585 4717 3645 4771 Et
3671 4726 3773 4767 cum

2219 4807 2545 4878 frequenter
2573 4809 2826 4879 quaedam
2844 4810 2983 4863 (iant
3002 4826 3126 4880 quae
3149 4815 3421 4879 concepta
3440 4822 3601 4862 sensu
3626 4812 3775 4857 sermo

2219 4911 2332 4950 non
2361 4897 2614 4968 explicet,
2649 4897 2707 4951 in
2738 4898 2826 4951 his
2850 4902 3041 4952 tamen
3071 4897 3196 4968 ipsa
3214 4914 3415 4952 sensus
3436 4895 3694 4952 subtilitas
3710 4903 3776 4943 su-

2220 4989 2467 5055 peratur,
2502 4985 2583 5039 ita
2611 4991 2675 5040 ut
2702 4987 2772 5039 ad
2800 4986 2880 5039 rei
2902 4986 3434 5057 contemplationem
3462 5002 3559 5057 pro
3575 4976 3777 5037 ditﬁcul-

2219 5073 2353 5126 tatis
2374 5074 2791 5144 magniﬁcentia
2810 5080 2867 5128 et
2886 5074 3096 5144 negotii
3115 5074 3412 5129 invisibilis
3432 5070 3684 5128 miraculo
3696 5063 3775 5119 ob-

2220 5168 2507 5232 stupescat
2532 5162 2773 5222 animus.
2806 5163 2864 5216 in
2893 5168 3136 5225 tantum,
3163 5169 3229 5218 ut
3257 5180 3360 5218 nec
3384 5162 3623 5232 cogitare
3656 5152 3777 5209 sufﬁ-

2219 5249 2331 5305 ciat
2352 5268 2474 5321 quae
2503 5251 2694 5316 sentit,
2726 5269 2827 5306 nec
2846 5251 3126 5323 explicare
3151 5252 3351 5313 verbis,
3386 5268 3510 5322 quae
3531 5241 3773 5312 intelligit.

2221 5340 2301 5393 De
2331 5339 2419 5393 his
2443 5345 2634 5394 tamen
2662 5340 2849 5395 nullus
2872 5339 3086 5394 esurire
3102 5340 3407 5410 permissus
3424 5344 3529 5403 est,
3543 5351 3669 5409 quos
3686 5344 3779 5384 c03-

2219 5426 2377 5483 lestis
2400 5428 2586 5499 gratia
2614 5428 2781 5501 pavit.
2806 5429 2873 5483 Et
2901 5430 3111 5483 sublati
3129 5434 3260 5483 sunt
3286 5429 3568 5482 duodecim
3593 5416 3781 5490 ωρὴἱηί

2220 5518 2619 5586 reliquiarum.
2652 5517 2818 5574 Forte
2840 5521 3068 5589 excepto
3079 5515 3308 5589 praefato
3322 5521 3379 5570 et
3397 5510 3655 5571 ineliabili
3678 5520 3781 5576 my-
