3888 6172
197 189 285 246 5'21

903 184 1282 241 EXPOSI'I‘IO
1323 186 1399 240 IN
1438 185 1806 242 MATTHrEU

1924 218 1985 229 -—
2016 188 2153 243 LIB.
2223 188 2341 254 VII,
2387 188 2543 244 CAP.
2588 189 2733 245 XIV.

3363 194 3464 251 Ξ»Ξὲ

197 315 380 374 sterio,
414 322 480 367 ut
508 329 621 367 non
652 313 929 367 fantasma
957 311 1087 367 facti
1117 316 1429 383 putaretur,
1444 312 1694 385 reliquiae
1718 328 1785 368 ex
1805 315 1853 373 Α
1874 313 2025 370 mino
2051 318 2118 370 ut
2143 314 2448 386 eligeretur
2474 331 2587 371 non
2614 316 2689 372 ab
2715 318 2961 385 homine,
2995 320 3094 375 sed
3138 336 3175 376 a
3219 319 3337 378 Deo
3372 323 3467 379 cui

196 404 278 458 his
300 404 545 458 collectae
580 407 717 457 sunt
736 408 800 457 ut
843 418 1015 473 panes
1037 418 1194 457 veros
1222 418 1342 457 esse
1363 403 1433 456 ad
1468 403 1635 457 ﬁdem
1668 419 1789 457 cre-

194 492 440 548 dentium
462 493 632 562 longo
646 492 701 546 in
718 497 970 567 tempore
990 492 1438 547 ostenderentur.
1457 493 1790 563 Quanquam

196 582 261 636 ob
274 581 666 635 difﬁcultatem
689 580 839 645 facti,
866 581 1015 635 unde
1042 596 1166 635 mox
1189 580 1483 635 duodecim
1502 581 1787 652 cephinos,

197 670 392 742 quibus
420 670 674 742 reliquiae
700 670 1054 741 colligantur,
1098 670 1261 725 multi
1285 677 1556 742 quaerant,
1590 671 1649 725 in
1694 670 1792 725 de-

197 765 339 813 serto
362 759 647 830 quomodo
660 758 907 813 invenire
924 760 1266 830 potuerunt?
1282 759 1443 829 quasi
1473 776 1583 814 non
1597 759 1792 814 eadem

196 848 395 902 virtute
425 864 538 920 qua
566 863 743 919 panes
771 848 925 919 prius
954 849 1255 920 prieparati
1284 865 1408 903 esse
1463 854 1788 921 potuerunt,

198 938 433 992 maxime
467 938 602 1008 quia
645 936 788 991 facto
838 936 1128 1000 miraculo,
1160 953 1227 991 ex
1254 936 1522 1007 proximis
1552 936 1793 991 castellis

199 1043 286 1081 eos
312 1028 519 1081 aﬁ'erre
549 1031 829 1098 poterant,
855 1042 921 1079 eo
951 1026 1101 1096 quod
1130 1032 1317 1079 essent
1346 1025 1406 1080 in
1434 1026 1555 1079 loco
1574 1026 1794 1079 deserto

194 1117 350 1186 juxta
379 1117 609 1180 Lucam,
644 1114 740 1186 qui
786 1120 874 1169 est
917 1115 1232 1169 Bethsaide.
1291 1116 1561 1186 Ipsosque
1601 1115 1799 1169 allatos

199 1205 434 1276 implent
462 1204 712 1275 reliquiae
742 1208 799 1258 et
818 1203 994 1258 virtus
1014 1203 1333 1270 ineffabilis,
1354 1220 1493 1275 quos
1509 1219 1798 1275 nunquam

198 1295 429 1366 implere
443 1293 800 1366 poteratipsa
823 1310 933 1357 res,
959 1293 1043 1347 vel
1073 1293 1195 1364 ipsa
1215 1294 1494 1348 materies.
1512 1294 1802 1349 Satiantur

200 1384 449 1457 quinque
479 1383 661 1437 millia
689 1399 754 1436 ex
783 1383 1030 1453 quinque
1068 1382 1325 1453 panibus,
1359 1400 1485 1438 cum
1534 1383 1801 1455 mysterio

198 1479 420 1528 aeterna:
439 1473 657 1537 salutis,
676 1488 740 1525 ac
760 1479 1043 1543 perpetua:
1063 1471 1373 1526 suavitatis.
1408 1474 1650 1541 Exceptis
1675 1489 1801 1526 mu-

1872 404 1989 460 hsec
2016 404 2261 476 reposita
2286 409 2469 471 erant,
2499 412 2558 461 et
2579 406 2675 478 qui
2701 423 2903 480 capere
2927 414 3116 480 posset
3139 425 3208 465 ea
3226 428 3355 483 quia
3383 427 3471 467 so-

1872 490 1941 545 lis
1969 491 2237 563 apostolis
2253 492 2441 546 divino
2461 492 2750 564 privilegio
2780 502 2977 566 parata
2997 502 3179 562 erant,
3204 504 3264 553 et
3286 514 3470 554 serva-

1873 579 2096 635 bantur.
2126 580 2341 641 Idcirco
2354 597 2521 636 nemo
2549 592 2871 641 sanctorum
2895 586 3243 654 0.3mm
3273 587 3372 659 qui
3398 587 3472 643 si-

1872 668 1929 724 bi
1956 675 2174 727 tantum
2206 671 2479 726 honorem
2525 672 2819 727 vendicare
2847 673 2923 729 sit
2944 690 3118 729 ausus
3148 693 3163 742 ;
3204 676 3472 748 quoniam

1874 760 1925 814 ei
1963 775 2232 815 numerus
2272 765 2358 814 est
2385 759 2444 814 in
2500 760 2589 814 his
2626 761 2915 832 mysticus,
2949 768 3007 817 et
3030 764 3169 819 ordo
3197 771 3469 832 sacratus,

1874 865 2091 904 necnon
2112 854 2171 904 et
2198 849 2380 904 honor
2397 849 2656 921 preprius
2672 849 3154 911 eistantummodo
3173 869 3208 908 a
3234 854 3474 910 Domino

1875 937 2132 1009 largitus,
2164 924 2405 1010 quorum
2449 938 2620 992 corda
2671 938 2753 993 ita
2781 945 2916 995 sunt
2936 939 3236 997 virtutibus
3260 943 3477 1014 repleta

1876 1033 1935 1082 et
1962 1027 2239 1099 sapientia
2277 1026 2484 1092 divina,
2514 1033 2580 1082 ut
2608 1029 2798 1083 omnia
2825 1046 2949 1101 quae
2990 1046 3024 1085 a
3053 1031 3477 1089 convivantibus

1880 1133 1946 1171 ex
1996 1115 2198 1170 divinis
2240 1115 2423 1187 epulis
2468 1116 2592 1187 capi
2622 1131 2736 1172 non
2762 1124 3008 1188 possent,
3037 1136 3225 1175 secum
3255 1120 3317 1176 in
3359 1121 3479 1178 suis

1880 1205 2236 1277 reposuerint
2272 1204 2612 1277 prmeordiis,
2660 1205 2887 1278 suisque
2923 1207 3259 1280 reliquerint
3282 1226 3481 1283 sequa-

1882 1295 2053 1362 cibus,
2083 1301 2141 1349 et
2163 1294 2523 1349 servaverint.
2550 1293 2709 1349 Unde
2728 1311 2858 1349 mox
2886 1304 3014 1367 post
3035 1298 3353 1368 passionem
3373 1300 3482 1356 Do-

1882 1385 2040 1450 mini,
2090 1384 2340 1455 quinque
2391 1384 2568 1438 millia
2595 1389 2729 1438 sunt
2756 1384 2957 1455 repleti
2985 1386 3115 1445 ﬁde.
3146 1392 3207 1441 et
3232 1388 3481 1445 Domini.

1884 1474 1963 1528 cis
2006 1473 2205 1527 imbuti
2237 1474 2625 1535 sacramentis,
2661 1478 2800 1545 quot
2854 1480 2988 1529 sunt
3002 1472 3074 1529 ’in
3098 1475 3206 1531 isto
3231 1477 3480 1533 convivio

200 1564 452 1627 iieribus,
486 1561 689 1632 inquit,
717 1567 765 1614 ct
784 1564 992 1629 pueris.
1021 1560 1118 1631 qui
1149 1560 1287 1614 mihi
1314 1560 1575 1616 videntur
1602 1561 1668 1615 ad
1699 1561 1805 1615 hoc
1887 1562 2247 1634 praeﬁgurati,
2279 1561 2385 1617 etsi
2414 1562 2537 1634 ipsa
2585 1563 2771 1633 ﬁgura
2796 1562 3003 1618 veritas
3030 1580 3152 1619 esse
3182 1565 3472 1624 credatur.

199 1649 505 1721 pertinere,
538 1654 603 1702 ut
621 1648 1001 1718 intelligamus
1040 1648 1100 1702 in
1132 1649 1336 1719 populo
1363 1655 1558 1715 022
1585 1634 1867 1703 VeterisB
1890 1654 2018 1707 Haec
2045 1652 2115 1706 de
2141 1652 2245 1706 hac
2273 1651 2457 1722 prima
2484 1650 2785 1706 refectione
2814 1654 3154 1708 sacramenti
3180 1655 3376 1726 paucis
3396 1655 3487 1711 die

197 1737 545 1793 Testamenti
572 1737 744 1792 fuisse
770 1737 1040 1809 quosdam
1065 1742 1182 1791 tam
1208 1738 1459 1792 inﬁrmos
1482 1738 1549 1793 ad
1573 1737 1808 1809 implen-

198 1828 322 1882 dam
339 1826 629 1898 justitiam
665 1843 786 1897 quze
815 1826 1124 1881 secundum
1157 1828 1336 1898 legem
1369 1833 1473 1893 est,
1500 1828 1559 1882 in
1593 1845 1705 1899 qua
1717 1829 1807 1899 ju-

198 1917 352 1972 stitia
384 1916 688 1987 Apostolus
721 1915 841 1970 sine
868 1917 1101 1987 querela
1138 1922 1527 1971 conversatum
1557 1934 1618 1971 se
1635 1917 1807 1972 fuisse

197 2006 351 2070 dicit,
411 2006 663 2076 itemque
683 2004 822 2059 alios
851 2006 947 2076 qui
976 2005 1137 2059 facile
1172 2005 1575 2077 seducerentur
1599 2007 1657 2061 in
1685 2008 1806 2061 cul-

199 2098 312 2148 tum
334 2093 785 2157 idolorum.Qure
804 2094 916 2148 duo
934 2111 1164 2164 genera,
1184 2094 1238 2148 id
1269 2102 1353 2150 est
1382 2095 1731 2149 inﬁrmitatis
1751 2099 1809 2149 et

200 2182 429 2247 erroris,
467 2182 770 2237 mulierum
801 2188 859 2237 et
886 2200 1188 2253 puerorum
1219 2184 1538 2239 nominibus
1567 2186 1810 2255 ﬁgurata

200 2281 357 2327 sunt.
395 2272 662 2327 Inﬁrmus
682 2277 768 2326 est
779 2273 930 2327 enim
954 2289 1118 2327 sexus
1132 2273 1431 2328 mulierum
1444 2274 1513 2328 ad
1536 2274 1806 2341 actiones,

201 2368 253 2417 et
276 2362 466 2416 facilis
487 2362 557 2415 ad
576 2362 760 2416 lusum
780 2362 1040 2433 pueritia.
1064 2362 1208 2427 Quid
1227 2369 1416 2418 autem
1434 2363 1583 2418 lusui
1608 2363 1808 2436 puerili

198 2455 309 2505 tam
343 2450 536 2504 simile
566 2457 653 2505 est
681 2466 850 2521 quam
876 2450 1027 2505 idola
1055 2452 1280 2506 colere?
1318 2452 1542 2523 quando
1581 2457 1639 2506 et
1666 2454 1811 2523 Apo-

201 2541 382 2595 stolus
412 2540 485 2594 ad
514 2539 621 2594 hoc
648 2538 842 2595 retulit
867 2540 972 2594 hoc
1006 2556 1184 2610 genus
1214 2540 1647 2613 superstitionis,
1681 2557 1807 2596 cum

203 2629 294 2694 ait,
341 2645 533 2699 neque
561 2627 725 2683 idolis
754 2627 1060 2683 serviamus
1081 2629 1556 2699 quemadmodum
1583 2628 1809 2699 quidam

204 2733 426 2783 eorum,
452 2717 879 2788 sicutscriptum
894 2722 1007 2771 est:
1037 2717 1184 2773 Sedit
1205 2722 1442 2787 populus
1473 2720 1812 2773 manducare

203 2811 250 2860 et
277 2809 489 2872 bibere,
520 2810 569 2859 et
592 2811 961 2860 surrexerunt
992 2807 1179 2861 ludere
1201 2809 1244 2869 (1
1268 2808 1388 2863 Cor.
1411 2824 1465 2873 κ,
1490 2804 1815 2871 7).Mulieri-

1888 1746 1979 1794 cta
2017 1740 2319 1806 sufﬁciant,
2353 1747 2419 1795 ut
2445 1757 2573 1796 cum
2612 1742 2682 1796 ad
2712 1742 3017 1798 secundam
3045 1744 3382 1809 venerimus,
3424 1745 3486 1802 in

1890 1846 2002 1901 qua
2028 1846 2204 1884 novus
2231 1830 2510 1884 formatur
2536 1831 2691 1895 ordo,
2714 1831 2886 1886 latius
2906 1832 3146 1888 Domino
3173 1832 3486 1905 inspirante

1889 1919 1957 1973 de
1988 1920 2076 1973 his
2104 1918 2381 1974 disserere
2411 1919 2714 1974 valeamus.
2744 1920 2977 1975 Interim
3006 1921 3342 1977 discentium
3370 1923 3487 1978 for-

1891 2025 2111 2063 mamus
2137 2008 2454 2069 intantiam,
2488 2014 2553 2064 ut
2581 2004 2859 2064 distinctis
2880 2009 3111 2081 syllabis
3133 2011 3491 2082 splendidam

1891 2097 2255 2152 confessionis
2283 2097 2508 2152 demum
2540 2097 2609 2151 de
2640 2097 2728 2152 his
2756 2098 3059 2153 reddamus
3097 2115 3306 2167 vocem,
3339 2116 3490 2156 nunc

1891 2187 2180 2241 verointer
2203 2187 2480 2242 salutares
2506 2186 2688 2241 undas
2716 2188 3031 2258 navigaturi
3051 2188 3273 2260 navigia
3296 2197 3491 2247 nostra

1891 2292 2284 2348 praeparemus.
2311 2276 2574 2341 Quinimo
2593 2292 2855 2347 rogemus
2883 2293 3010 2331 cum
3031 2278 3283 2349 apostolo
3300 2279 3492 2350 Petro,

1892 2371 1956 2419 ut
1983 2365 2103 2436 ipse
2133 2382 2235 2419 nos
2263 2365 2333 2419 ad
2358 2382 2418 2419 se
2448 2365 2637 2419 venire
2658 2365 2857 2436 jubeat
2875 2382 3045 2437 super
3063 2383 3336 2439 aquas,ne
3351 2384 3495 2425 mer-

1894 2470 2099 2524 gamur
2125 2453 2236 2507 ﬁde
2277 2453 2373 2524 qui
2402 2470 2531 2508 cum
2578 2453 2743 2509 verbo
2771 2454 3121 2526 navigamus,
3154 2461 3220 2512 ut
3243 2457 3494 2529 splendi~

1893 2543 2022 2596 dam
2040 2542 2097 2596 in
2114 2541 2389 2613 profundo
2410 2542 2680 2596 latentem
2707 2544 3072 2614 margaritam
3095 2544 3348 2600 invenire
3370 2563 3496 2617 pose

1892 2632 2089 2697 simus,
2121 2648 2193 2685 ne
2236 2630 2296 2685 in
2320 2646 2556 2685 vacuum
2604 2631 2756 2685 inter
2780 2632 3027 2702 placidos
3058 2632 3274 2688 fructus
3300 2632 3495 2690 ludere

1890 2721 2011 2792 jam
2040 2719 2220 2775 edocti
2243 2719 2551 2774 videamur.

1968 2811 2034 2864 Et
2062 2808 2481 2880 statim,inquit,
2498 2811 2672 2878 jussit
2693 2810 2991 2879 discipulos
3010 2811 3298 2865 ascendere
3321 2812 3387 2865 in
3400 2825 3500 2865 na-

206 2896 303 2951 bus
328 2911 474 2966 ergo
501 2895 713 2950 similes
737 2902 917 2959 erant,
952 2894 1049 2966 qui
1073 2895 1131 2949 in
1149 2894 1434 2950 laboribus
1451 2896 1816 2967 exspectatio-
1840 2962 1869 2967 Α
1897 2902 2159 2965 cicutam,
2188 2903 2237 2952 et
2262 2899 2561 2966 praeederc
2598 2910 2725 2952 cum
2764 2903 2922 2952 trans
2959 2899 3189 2966 fretum.
3211 2900 3380 2955 donec
3405 2898 3498 2954 di-

204 2986 306 3052 uis,
332 3000 635 3057 quousque
664 2984 733 3038 ad
760 2984 1037 3055 promissa
1065 2984 1166 3039 Dei
1198 2985 1468 3051 venirent,
1502 3002 1615 3040 non
1645 2962 1873 3039 virili-C
1895 2992 2135 3042 mitteret
2167 2987 2450 3041 turbas.Et
2468 2988 2701 3040 dimissa
2715 2988 2879 3041 turba
2906 2980 3151 3041 ascendit
3178 2990 3243 3042 in
3256 2992 3499 3043 montem

208 3080 289 3128 ter
315 3078 770 3147 perseverantes,
802 3077 1165 3128 tentaverunt
1187 3073 1365 3128 Deum
1383 3093 1395 3141 ;
1412 3075 1601 3146 pueris
1620 3080 1808 3129 autem

207 3164 298 3234 qui
321 3163 608 3217 sederunt
632 3162 972 3217 manducare
1014 3168 1072 3217 et
1102 3162 1310 3227 bibere,
1343 3168 1400 3217 et
1448 3169 1814 3218 surrexerunt

204 3253 418 3308 ludere.
453 3252 619 3306 Tales
647 3251 853 3323 quippe
882 3257 1031 3315 sunt,
1067 3257 1125 3306 et
1153 3251 1213 3305 in
1255 3253 1409 3307 Novo
1450 3253 1810 3307 Testamento

203 3343 297 3412 qui
328 3358 449 3395 non
482 3347 719 3411 possunt
747 3356 1039 3395 occurrere
1069 3341 1126 3395 in
1157 3341 1336 3395 virum
1365 3341 1691 3412 perfectum,
1730 3343 1813 3397 vel

204 3431 542 3486 inﬁrmitate
572 3429 794 3495 virium,
812 3430 899 3483 vel
928 3430 1155 3485 levitate
1177 3431 1412 3498 mentis;
1442 3432 1539 3502 qui
1566 3432 1813 3503 profecto

204 3521 332 3590 jure
344 3518 639 3574 interdum
652 3519 982 3574 mulieribus
1001 3524 1059 3574 et
1071 3520 1259 3591 pueris
1279 3514 1644 3591 comparandi
1663 3527 1813 3576 sunt.

209 3609 273 3664 Et
300 3609 435 3665 ideo
465 3624 650 3679 neque
676 3607 736 3662 in
751 3608 942 3663 Veteri
967 3609 1532 3681 Testamento,neque
1554 3611 1611 3665 in
1640 3611 1814 3677 Novo,

211 3698 352 3754 tales
370 3698 761 3752 admittuntur
782 3697 852 3751 ad
866 3713 1190 3764 numerum,
1214 3714 1397 3770 neque
1415 3698 1475 3753 in
1500 3697 1709 3755 bellicis
1728 3715 1818 3753 re-

210 3787 331 3852 bus,
368 3803 559 3857 neque
586 3785 645 3839 in
703 3785 830 3840 ullis
859 3802 1049 3840 rerum
1078 3787 1354 3857 negotiis:
1406 3788 1552 3843 sicut
1603 3805 1706 3843 nec
1758 3788 1818 3844 in

212 3877 600 3931 Numerorum
619 3873 782 3938 libro,
807 3875 1025 3945 quoties
1036 3876 1294 3931 sacerdos
1316 3884 1483 3949 atque
1506 3878 1728 3943 Levita,
1760 3883 1819 3932 et

211 3967 493 4020 exercitus
529 3964 612 4017 vel
641 3963 818 4018 turbae
848 3966 1220 4035 pugnantium
1234 3966 1646 4033 describuntur,
1671 3967 1816 4021 servi

212 4061 269 4109 et
288 4055 580 4115 mulieres,
606 4060 663 4106 et
680 4052 917 4122 parvuli,
934 4058 991 4107 et
1008 4053 1207 4124 vulgus
1230 4054 1475 4125 ignobile
1496 4054 1554 4109 in
1584 4071 1820 4109 numero

1893 3080 2041 3132 solus
2067 3092 2249 3131 orare.
2281 3075 2427 3130 Nam
2452 3074 2512 3129 in
2537 3075 2663 3130 aliis
2700 3074 3133 3147 exemplaribus,
3166 3092 3279 3131 non
3303 3077 3494 3147 jussit,

1893 3166 1990 3221 sed
2020 3165 2309 3237 compulit,
2339 3163 2600 3230 habetur,
2625 3164 2928 3236 discipulos
2957 3181 3087 3221 suos
3117 3166 3417 3221 ascendere
3438 3166 3497 3221 in

1894 3254 2225 3320 naviculam,
2276 3258 2334 3309 et
2377 3254 2689 3325 praecedere
2745 3270 2875 3309 eum
2918 3258 3075 3309 trans
3115 3255 3342 3310 fretum.
3374 3255 3499 3320 Quo

1897 3343 2062 3400 verbo
2088 3342 2408 3398 insinuatur
2447 3342 2651 3398 invitos
2679 3359 2776 3398 eos
2808 3359 2843 3398 a
2887 3344 3130 3399 Domino
3159 3344 3495 3409 recessisse;

1897 3432 2031 3505 quia
2070 3448 2184 3504 prs:
2213 3447 2405 3486 amore
2461 3431 2701 3503 piissimi
2729 3432 3111 3504 praeceptoris,
3146 3449 3249 3487 nec
3290 3437 3500 3504 puncto

1903 3521 2130 3593 quidem
2154 3519 2424 3592 temporis
2452 3519 2812 3591 patiebantur
2831 3520 3026 3576 abesse
3046 3521 3360 3593 praesentia,
3395 3537 3501 3576 nec

1901 3608 2162 3664 volebant
2187 3608 2438 3681 separari
2475 3608 2547 3662 ab
2571 3625 2658 3663 eo.
2711 3608 2820 3664 Sed
2848 3609 3007 3664 valde
3036 3610 3382 3665 contrarium
3422 3608 3501 3664 vi-

1902 3698 2068 3753 detur
2096 3696 2244 3768 quod
2273 3713 2423 3752 nunc
2450 3695 2602 3762 dicit,
2633 3695 2766 3767 quia
2777 3697 3028 3751 dimissis
3049 3698 3228 3752 turbis
3252 3697 3503 3753 ascendit

1902 3791 1964 3843 in
1996 3792 2229 3842 montem
2282 3790 2429 3841 solus
2457 3801 2636 3850 orare,
2669 3802 2798 3840 cum
2839 3787 3103 3850 Joannes,
3136 3786 3282 3841 sicut
3328 3799 3502 3857 supra

1898 3874 2164 3947 praemisi,
2195 3873 2254 3929 in
2297 3878 2487 3927 monte
2529 3872 2828 3926 Dominum
2877 3871 3074 3927 turbas
3114 3872 3331 3944 pavisse
3357 3872 3500 3927 insi-

1898 3970 2055 4019 nuat.
2097 3963 2258 4028 Quod
2287 3962 2334 4017 si
2362 3962 2419 4016 in
2448 3966 2637 4016 monte
2676 3977 2772 4016 eas
2792 3961 2963 4033 pavit,
2996 3966 3054 4015 et
3074 3977 3222 4016 nunc
3249 3960 3502 4016 dimissis

1900 4053 2081 4108 turbis
2099 4050 2416 4107 ascenditin
2436 4050 2995 4121 montem.quomodo
3018 4050 3079 4104 in
3098 4054 3347 4104 montem
3368 4064 3507 4111 eum

210 4142 750 4215 pretermittuntur.
771 4142 839 4196 Et
865 4146 1056 4196 tamen
1078 4143 1137 4197 in
1167 4145 1371 4215 papulo
1391 4153 1571 4211 erant,
1596 4149 1653 4200 et
1672 4145 1816 4211 ideo,
1901 4142 2217 4197 ascendisse
2256 4141 2392 4195 dicit
2431 4156 2541 4211 quo
2583 4138 2711 4205 fuit,
2732 4155 2860 4194 cum
2908 4155 3003 4193 eos
3032 4143 3316 4195 saturaret
3338 4138 3504 4210 pani-

213 4234 357 4287 sicut
386 4230 795 4286 canitDomino
819 4231 990 4285 David
1016 4232 1075 4285 in
1104 4232 1355 4303 psalmo:
1390 4237 1581 4303 Aperis
1613 4240 1672 4288 tu
1704 4231 2046 4303 ina-“bus?
2074 4232 2152 4286 Ex
2194 4246 2306 4301 quo
2354 4234 2589 4301 apparet
2625 4228 2940 4295 manifeste,
2974 4229 3119 4300 quod
3171 4228 3242 4283 de
3287 4233 3498 4296 monte,

215 4336 353 4373 num
370 4325 557 4383 tuam,
578 4323 628 4372 et
650 4320 840 4387 imples
852 4336 1011 4373 omne
1022 4324 1243 4375 animat
1265 4324 1627 4378 benedictione
1650 4325 1815 4389 (Psal,
1834 4316 1885 4340 ν
1903 4338 2015 4394 quo
2045 4321 2229 4376 fuerat
2255 4319 2430 4391 prius,
2444 4317 2733 4372 descendit
2751 4317 2823 4372 ad
2848 4318 2965 4371 ima
2988 4322 3054 4371 ut
3075 4316 3298 4372 turbam
3312 4334 3506 4389 pasce~

214 4421 394 4470 cxuv,
439 4404 562 4476 16).
624 4406 880 4477 Replevit
903 4423 999 4462 eos
1028 4408 1191 4463 donis
1218 4410 1555 4478 caelestibus,
1587 4416 1645 4466 et
1673 4417 1823 4466 satu-
1905 4417 2009 4478 ret,
2044 4410 2176 4482 quia
2221 4408 2293 4463 ad
2321 4412 2590 4462 montana
2627 4423 2738 4461 non
2770 4404 3034 4461 valebant
3066 4406 3388 4460 ascendere.
3420 4407 3502 4461 De

214 4502 419 4551 rantur
440 4496 615 4549 etiam
638 4494 906 4565 quotidie,
926 4497 1102 4568 etipsi
1127 4498 1289 4567 juxta
1309 4500 1673 4570 capacitatem
1694 4516 1827 4554 sen-
1906 4518 2017 4573 quo
2045 4516 2241 4554 rursus
2269 4499 2407 4563 loco,
2440 4496 2688 4550 dimissis
2720 4494 2918 4560 turbis,
2972 4494 3229 4549 ascendit
3253 4494 3308 4548 in
3340 4511 3505 4550 mon-

215 4602 312 4640 sus
341 4585 436 4640 sui
466 4590 525 4639 et
555 4600 877 4638 mensuram
900 4586 1030 4640 ﬁdei
1051 4602 1185 4641 suae.
1212 4588 1386 4642 Porro
1411 4589 1668 4660 apostoli,
1708 4588 1829 4660 qui-
1907 4597 2043 4656 tem,
2101 4604 2173 4643 ne
2213 4604 2247 4641 a
2272 4586 2454 4640 turbis
2488 4590 2797 4650 teneretur,
2831 4584 2927 4654 qui
2957 4600 3085 4638 eum
3126 4583 3389 4639 volebant
3415 4601 3505 4640 re-

217 4673 321 4729 bus
372 4674 537 4729 dedit
566 4674 683 4727 haec
719 4673 908 4728 omnia
952 4674 1013 4730 in
1065 4676 1345 4741 manibus,
1380 4678 1641 4749 quoniam
1690 4679 1827 4750 ipsis
1907 4696 2036 4750 gem
2068 4677 2267 4732 facere.
2308 4674 2469 4730 Unde
2489 4679 2547 4729 et
2561 4675 2803 4727 Joannes
2824 4688 2936 4727 non
2959 4672 3384 4740 ascenditdixit,
3408 4674 3507 4729 sed

217 4765 471 4835 primum
486 4763 735 4817 revelata
753 4768 886 4818 sunt
908 4771 1110 4836 mystei
1122 4766 1194 4829 ia,
1216 4766 1423 4821 idcirco
1444 4767 1553 4839 ipsi
1572 4768 1832 4822 omnibus

217 4854 676 4926 predicaverunt
703 4853 1063 4924 Evangelium
1085 4859 1308 4910 aeternae
1327 4855 1484 4924 vitae;
1510 4858 1832 4913 ettulerunt

219 4942 290 4997 de
320 4941 584 5013 reliquiis
610 4941 903 4997 duodecim
951 4945 1239 5015 cophinos,
1263 4962 1386 5016 quae
1410 4962 1604 5003 omnes
1632 4963 1831 5020 capere

1910 4772 2102 4835 θῇ..
2142 4767 2288 4835 fugit
2308 4767 2371 4818 in
2390 4768 2630 4817 montem
2649 4765 2967 4817 solusorare
2988 4764 3170 4829 (Joan.
3194 4777 3272 4829 v1,
3293 4764 3368 4833 5).
3402 4762 3507 4819 Ubi

1912 4856 2157 4913 ostendit
2181 4853 2331 4927 quod
2356 4867 2529 4907 causa
2574 4850 2845 4906 orationis
2884 4866 2998 4905 non
3040 4850 3223 4906 solum
3249 4852 3510 4907 secedere

1912 4946 2216 5002 debeamus
2244 4941 2370 5011 soli,
2390 4957 2585 4997 verum
2606 4939 2776 4995 etiam
2796 4939 2990 5010 fugere
3008 4938 3247 4996 caducas
3257 4946 3314 4996 et
3330 4946 3510 4997 terre.

220 5048 340 5086 non
400 5036 730 5101 potuerunt.
764 5030 1160 5105 Unusquisque
1201 5035 1582 5106 apostolorum
1645 5036 1832 5108 cophi-
1914 5053 2017 5093 nos
2033 5036 2297 5093 honores.
2328 5036 2395 5086 ut
2412 5028 2516 5084 soli
2543 5029 2659 5084 Deo
2690 5027 2748 5083 in
2777 5028 3015 5096 theoria,
3049 5027 3106 5084 id
3129 5030 3510 5093 estinmonte,

220 5137 365 5174 num
395 5136 565 5174 suum
590 5119 890 5190 ;quoniam
920 5121 1056 5192 ipsis
1085 5123 1277 5178 omnia
1302 5132 1437 5180 sunt
1463 5132 1711 5180 reserata
1730 5142 1835 5179 cce-
1914 5139 2202 5190 vacemus;
2245 5118 2513 5193 quoniam
2558 5116 2990 5189 contemplativa
3011 5117 3127 5172 vita
3169 5134 3399 5190 semper
3430 5135 3517 5173 re.

225 5209 390 5263 lastis
419 5209 549 5262 vitae
577 5215 949 5263 sacramenta.
997 5212 1104 5266 Sed
1134 5215 1311 5268 miser
1335 5215 1364 5269 J
1370 5215 1528 5280 udas,
1562 5215 1658 5286 qui
1687 5214 1837 5286 quod
1919 5214 2124 5270 motior
2152 5217 2209 5265 et
2235 5208 2463 5265 uberior
2489 5211 2577 5262 est
2604 5203 3057 5270 suis'fructibus,
3091 5206 3163 5261 de
3191 5222 3304 5279 qua
3332 5208 3522 5264 Domi.

224 5299 367 5353 tulit
417 5297 683 5369 perdidit,
717 5298 850 5368 quia
880 5315 991 5354 non
1033 5300 1138 5355 sibi
1169 5302 1267 5356 sed
1292 5304 1457 5358 alteri
1491 5310 1836 5359 reservatum
1920 5320 2028 5360 nus
2042 5301 2387 5357 dicitzMaria
2400 5300 2670 5366 optimam
2690 5301 2908 5365 partem
2927 5298 3354 5368 elegit,qu.snon
3366 5301 3525 5367 aufc¢

227 5389 342 5444 fuit
384 5389 547 5443 Unde
577 5393 635 5441 et
663 5387 861 5443 beatus
889 5390 1091 5446 Petrus
1120 5398 1271 5448 sorte
1300 5395 1553 5466 quaesivit
1581 5413 1615 5450 a
1648 5395 1842 5451 Domi-
1924 5399 2084 5450 retur
2111 5392 2181 5444 ab
2211 5404 2273 5443 ea
2318 5388 2461 5455 (Luc.
2507 5402 2562 5451 κ,
2611 5384 2721 5454 42).
2766 5383 2836 5439 Et
2864 5384 3175 5440 notandum
3205 5386 3338 5458 quia
3375 5388 3524 5442 Mat-

229 5494 331 5547 no,
370 5477 506 5534 licet
532 5475 699 5531 ambo
732 5476 862 5533 boni
891 5488 1098 5550 essent,
1132 5499 1272 5555 quos
1300 5484 1501 5541 statuit
1523 5501 1711 5542 coram
1731 5486 1845 5542 Do-
1927 5485 2108 5542 thaeus
2136 5478 2295 5554 prius
2322 5474 2602 5534 dimisisse
2627 5472 2934 5532 Dominum
2968 5473 3435 5546 discipulosdicit,
3464 5479 3529 5529 et

494 5577 763 5643 Persen.
810 5579 969 5643 CXX
985 5624 1000 5643 .
3202 5569 3279 5632 ‘7
