3888 6172
442 229 544 286 5ἳ3

1204 227 1261 279 S.
1304 226 1679 281 PASCHASII
1720 222 2078 282 RADBERTI
2121 223 2422 277 ABBATIS
2467 222 2954 279 CORBEIENSIS.

3587 232 3675 284 594

438 355 518 411 sic
544 353 861 410 ascendisse
890 352 950 406 in
976 357 1224 405 montem
1252 366 1431 404 orare.
1464 350 1709 404 Joannes
1726 365 1857 403 vero
1878 347 2034 419 prius
2051 348 2098 405 A
2116 344 2386 401 volvitur:
2442 346 2547 412 Ego
2577 348 2850 399 robz’scum
2880 364 3025 411 sum,
3056 349 3257 420 inquit,
3293 357 3534 407 omnibus
3577 356 3677 407 die-

436 443 646 514 ﬁigisse
664 442 822 496 illum
853 440 913 494 in
940 448 1208 505 montem,
1236 444 1293 493 et
1316 446 1448 492 tunc
1475 438 1752 493 dimisisse
1784 437 2028 507 discipu-

432 531 536 586 los.
610 532 686 585 Ex
715 546 825 600 quo
871 533 1123 600 apparet,
1155 527 1288 599 quia
1313 528 1557 581 Joannes
1584 527 1731 597 quod
1761 527 1915 598 prius
1951 527 2029 578 fa-

432 626 585 675 ctum
615 625 756 683 erat,
788 624 983 690 postea
1011 616 1170 688 quasi
1191 616 1513 671 recordatus
1544 617 1692 687 quod
1723 614 2028 686 praetermi-

2114 436 2208 488 bus
2236 450 2404 503 Usque
2431 436 2504 487 ad
2531 439 3059 490 consumnmtiuncm
3080 443 3267 492 δέη-ιλιι·
3305 443 3676 505 (Matthmxvln,

2109 522 2217 586 20).
2252 523 2512 592 Alioquin
2545 522 2661 576 sine
2692 523 2787 577 illo
2819 525 3166 594 periclitatur
3197 529 3436 583 Ecclesia
3472 536 3525 584 et
3551 547 3677 583 mer-

2107 612 2261 682 gitur
2313 613 2470 667 Unde
2495 612 2935 684 quotiescunque
2954 616 3124 669 variis
3144 619 3405 672 tunditur
3424 620 3675 684 ﬂuctibus,

431 714 602 773 serat,
635 706 1110 772 commemoravit,
1136 705 1281 760 sicut
1298 722 1649 776 saapeomnes
1669 705 2022 775 evangelistae
2106 710 2162 756 et
2189 703 2502 773 impellitur
2530 703 2709 757 ventis
2740 721 3028 765 aurarum,
3054 707 3134 760 ita
3158 714 3217 760 ut
3248 725 3496 777 mergere
3520 708 3679 761 videa-

429 798 591 870 quasi
619 798 688 852 ad
721 796 892 852 oblita
907 796 1089 851 solent
1113 795 1512 859 redire,etnon
1529 812 1631 849 suo
1649 795 1706 848 in
1726 795 1846 848 loco
1861 794 2023 864 juxta
2104 797 2214 850 tur,
2236 792 2576 845 invocandus
2596 798 2683 845 est
2716 793 2989 859 Salvator,
3013 795 3081 849 de
3114 813 3225 866 quo
3246 798 3522 850 conﬁdere
3541 813 3678 866 Opor-

426 886 696 950 litteram,
756 884 1006 957 qualibet
1051 884 1163 939 alia
1215 901 1279 938 ex
1329 900 1518 948 causa,
1567 882 2014 938 commemorari.

2101 886 2201 945 tet,
2227 881 2374 952 quod
2402 898 2677 951 nusquam
2705 887 2761 935 et
2789 899 3078 952 nunquam
3109 884 3270 939 abest
3294 886 3600 955 majestate,
3625 885 3679 937 li-

426 975 583 1040 Quod
609 981 800 1031 autem
830 974 984 1040 dicit,
1018 973 1151 1045 quia
1176 973 1328 1027 solus
1357 972 1626 1034 ascendit,
1660 972 2020 1026 manifestum
2101 977 2191 1022 cet
2239 969 2297 1023 in
2338 970 2452 1022 alto
2485 970 2728 1023 resideat
2778 971 2833 1023 in
2864 972 3034 1026 caelis.
3072 974 3215 1027 Hinc
3245 981 3331 1029 est
3360 975 3509 1045 quod
3549 973 3680 1027 labo-

426 1070 512 1119 est
537 1064 669 1135 quia
696 1064 918 1129 Petrus,
942 1062 1182 1119 Jacobus
1201 1067 1259 1116 et
1294 1061 1537 1116 Joannes
1570 1078 1683 1115 non
1713 1065 1877 1115 erant
1895 1075 2021 1114 cum
2105 1058 2356 1112 rantibus
2385 1058 2496 1111 illis
2518 1058 2575 1111 in
2607 1059 2955 1129 remigando.

422 1170 509 1221 eo,
543 1153 673 1225 quia
706 1152 753 1207 si
780 1157 984 1217 essent,
1009 1151 1106 1222 qui
1126 1150 1268 1207 forte
1295 1150 1554 1204 viderant
1574 1150 1813 1220 gloriam
1842 1155 2023 1203 trans-

2177 1149 2388 1214 Quarta
2409 1150 2605 1214 vigilia
2632 1152 2803 1201 noctis
2828 1152 2975 1202 renit
3006 1152 3300 1203 ambulans
3325 1168 3498 1221 supra
3532 1168 3678 1204 mare.

418 1242 664 1309 formati,
689 1241 1072 1296 ascendissent
1097 1255 1225 1294 cum
1256 1256 1341 1303 eo,
1365 1239 1560 1303 et_ideo
1589 1238 1661 1292 ob
1693 1238 2023 1309 mysterium
2105 1236 2266 1300 Quod
2295 1243 2483 1290 autem
2513 1236 2646 1290 dicit
2670 1243 2869 1307 quarta
2892 1238 3081 1307 vigilia
3108 1239 3310 1304 noctis,
3343 1239 3585 1294 ostendit
3602 1256 3681 1292 eos

419 1336 554 1388 sunt
567 1329 861 1403 pmmissi,
884 1334 951 1384 ut
976 1329 1128 1383 solus
1155 1334 1344 1382 oraret
1372 1344 1474 1398 pro
1495 1327 1772 1394 omnibus,
1804 1327 1900 1397 qui
1929 1343 2021 1381 so-

416 1421 527 1488 lus,
556 1424 623 1475 ut
648 1434 843 1473 omnes
863 1417 1183 1484 redimeret,
1208 1422 1465 1472 mortuus
1488 1422 1574 1472 est
1602 1434 1702 1487 pro
1732 1415 2010 1471 omnibus.

414 1510 577 1567 Unde
604 1508 843 1566 dicitur:

497 1600 707 1668 Vespere
762 1602 950 1651 autem
980 1598 1122 1664 facto
1168 1599 1315 1650 solus
1343 1600 1461 1650 erat
1492 1597 1588 1649 ibi.
1620 1595 1694 1650 Ut
1746 1599 2017 1666 appareat

2106 1330 2225 1379 tota
2270 1330 2431 1379 nocte
2475 1324 2920 1395 periclitatos,et
2954 1328 3195 1396 jactatos
3241 1329 3540 1394 ﬂuctibus;
3570 1328 3684 1398 quia

2102 1419 2343 1484 quatuor
2369 1414 2571 1484 vigiliae
2596 1416 2758 1484 juxta
2787 1415 3058 1470 stationes
3106 1416 3378 1470 militares
3409 1417 3682 1471 duodecim

2098 1503 2250 1557 horae
2270 1509 2432 1557 sunt:
2484 1503 2696 1557 habent
2731 1504 2881 1558 enim
2920 1505 3152 1575 singulae
3179 1512 3373 1561 ternas
3414 1508 3596 1560 horas.
3629 1506 3683 1559 Et

2098 1590 2223 1646 ideo
2248 1609 2373 1646 cum
2405 1591 2541 1645 dicit
2571 1594 2717 1663 quod
2746 1593 2802 1647 in
2847 1600 3049 1664 quarta
3078 1594 3263 1665 vigilia
3318 1596 3479 1650 venit
3520 1597 3680 1657 Jesus,

414 1685 648 1753 cunctis,
681 1685 832 1757 quod
860 1685 982 1756 ejus
1009 1684 1186 1739 oratio
1217 1685 1369 1739 salus
1398 1684 1472 1739 sit
1502 1684 1910 1739 universorum.
1946 1684 2014 1737 Et
2035 1676 2075 1732 Β
2096 1681 2265 1734 ﬁnem
2295 1680 2547 1734 insinuat
2592 1682 2790 1743 noctis,
2826 1689 2883 1735 et
2910 1682 3243 1754 principium
3276 1701 3519 1750 aurorae,
3550 1700 3685 1737 rare-

411 1775 724 1832 notandum
755 1773 890 1845 quia
916 1790 1146 1845 vespere
1174 1773 1319 1827 facto
1345 1773 1498 1827 solus
1529 1790 1651 1827 esse
1680 1773 1919 1836 dicitur;
1953 1772 2009 1825 in

410 1880 639 1936 vespere
668 1879 913 1933 namque
932 1862 1061 1916 ﬁnis
1078 1862 1264 1917 saeculi
1294 1861 1895 1932 signiﬁcatur,quando
1915 1878 2009 1915 ve-

406 1953 493 2008 nit
528 1953 680 2008 solus
709 1968 810 2023 pro
835 1952 1018 2006 salute
1047 1951 1320 2005 omnium.
1364 1950 1523 2005 Unde
1554 1958 1612 2005 et
1646 1968 1834 2021 supra,
1869 1951 2009 2005 hora

401 2044 523 2114 jam
543 2040 855 2114 praeterisse
881 2040 1247 2111 dicitur,quia
1271 2039 1415 2094 sicut
1434 2041 1515 2094 ait
1528 2040 1827 2111 Apostolus
1853 2059 1863 2093 :
1895 2042 2005 2095 No-

405 2132 636 2185 m‘ssima
655 2132 793 2184 hora
803 2135 877 2184 est
896 2131 945 2198 (Ι
959 2132 1122 2184 Joan.
1143 2143 1202 2191 II,
1238 2128 1344 2195 18),
1367 2134 1423 2183 et
1442 2129 1567 2199 ipsa
1576 2130 1695 2198 jam
1710 2129 1998 2200 praeteriit,

405 2219 540 2290 quia
565 2218 726 2289 quasi
752 2217 954 2272 umbra
976 2217 1136 2287 fugit.
1169 2218 1254 2270 Ne
1283 2217 1522 2278 mireris,
1574 2217 1707 2287 quia
1753 2217 2004 2271 ascendit

403 2307 556 2361 solus
573 2322 753 2361 orare.
782 2306 944 2360 Solus
964 2311 1022 2359 et
1040 2304 1360 2375 singularis.
1388 2306 1782 2359 Verumtamen
1803 2322 2003 2375 quam-

401 2395 485 2449 vis
508 2395 681 2461 solus,
714 2410 827 2449 non
857 2393 1025 2448 debes
1056 2394 1265 2447 referre
1293 2393 1364 2446 ad
1397 2410 1524 2447 eum
1559 2393 1705 2463 quod
1735 2398 1877 2457 orat,
1907 2393 2003 2464 qui

402 2483 473 2537 de
498 2483 747 2554 quinque
774 2482 1017 2554 panibus
1037 2482 1285 2553 quinque
1319 2482 1495 2535 millia
1535 2482 1824 2536 hominum
1855 2488 2004 2536 satu-

399 2572 563 2638 ravit,
587 2571 830 2642 exceptis
858 2571 1103 2642 parvulis
1133 2576 1190 2624 et
1207 2569 1553 2633 mulieribus,
1581 2587 1764 2640 neque
1788 2570 1859 2624 ad
1875 2588 2003 2625 eum

399 2659 497 2732 qui
526 2676 697 2731 super
725 2660 905 2715 undas
932 2659 1244 2714 ambulavit
1271 2676 1558 2729 aequoreas
1587 2660 1766 2713 ﬁrmis
1794 2660 2003 2731 gressi-

394 2748 517 2814 bus,
551 2749 649 2803 sed
679 2749 749 2803 ad
770 2756 897 2804 eum
926 2749 1020 2819 qui
1052 2748 1245 2802 audita
1275 2754 1455 2802 morte
1479 2748 1729 2815 Joannis,
1773 2749 2005 2803 secessit

2093 1769 2376 1823 scentibus
2407 1769 2669 1825 tenebris.
2691 1770 2794 1824 Ubi
2826 1777 3008 1825 totum
3037 1778 3260 1843 tempus
3290 1773 3491 1843 pani-is
3509 1774 3684 1843 depin-

2091 1858 2177 1928 git
2205 1857 2408 1920 verbis,
2443 1876 2508 1912 ex
2542 1876 2650 1928 quo
2679 1860 2935 1913 Salvator
2963 1861 3035 1914 ad
3073 1861 3299 1915 Patrem
3328 1863 3523 1927 rediit,
3552 1863 3685 1916 solus

2093 1946 2337 2017 pontifex
2367 1947 2729 2017 interpellans
2758 1965 2858 2018 pro
2884 1948 3044 2003 nobis
3087 1967 3266 2020 usque
3299 1951 3357 2004 in
3396 1952 3568 2004 finem
3595 1969 3683 2005 sae-

2088 2035 2217 2101 culi,
2245 2037 2468 2105 quando
2499 2054 2694 2090 rursus
2726 2044 2995 2091 venturus
3016 2044 3119 2101 est,
3162 2040 3390 2092 calcatis
3418 2041 3683 2104 omnibus,

2087 2141 2299 2196 suaque
2332 2126 2451 2178 luce
2483 2125 2828 2196 fugabuntur
2854 2126 3117 2190 tenebrae,
3144 2128 3447 2182 cessabunt
3468 2130 3686 2183 ﬂumina

2088 2220 2141 2268 et
2174 2220 2465 2268 ventorum
2506 2215 2767 2285 impetus,
2818 2216 3080 2286 quoniam
3112 2217 3262 2270 Deus
3289 2218 3411 2287 jam
3440 2218 3685 2289 graditur

2086 2302 2180 2356 ubi
2212 2303 2505 2373 vestigium
2537 2304 2858 2358 nullatenus
2877 2305 3136 2358 humanae
3166 2306 3389 2360 virtutis
3417 2307 3686 2361 invenitur

2086 2391 2181 2446 ubi
2215 2393 2557 2446 consuetudo
2586 2393 2883 2462 gradiendi
2915 2394 3119 2447 deﬁcit.
3156 2394 3429 2448 Miracula
3473 2414 3542 2449 ex
3596 2396 3684 2449 hoc

2086 2497 2199 2535 uno
2228 2481 2358 2535 hinc
2388 2480 2517 2534 inde
2563 2489 2960 2551 congeruntur,
3012 2499 3142 2536 nam
3200 2486 3556 2539 consuetudo
3586 2501 3683 2538 non

2086 2570 2313 2641 respicit
2340 2570 2585 2639 signum,
2611 2571 2755 2624 sicut
2783 2588 2885 2625 nec
2915 2572 3277 2641 singularitas
3297 2574 3424 2642 ejus
3445 2573 3685 2627 admittit

2087 2660 2421 2729 exemplum,
2457 2660 2555 2713 sed
2584 2659 2771 2713 divina
2801 2660 2977 2714 virtus
3001 2667 3268 2731 operatur
3295 2661 3469 2716 simul
3491 2669 3685 2734 myste-

2085 2748 2231 2802 rium
2263 2754 2320 2801 et
2352 2748 2704 2802 miraculum.
2729 2749 3055 2803 Miraculum
3082 2750 3137 2803 in
3167 2750 3331 2816 facto,
3358 2752 3683 2821 mysterium

393 2837 455 2893 in
483 2838 768 2893 desertum
794 2838 999 2892 locum.
1031 2838 1161 2891 Ilaec
1189 2852 1301 2890 non
1332 2836 1456 2890 ideo
1485 2836 1745 2902 dixerim,
1776 2836 1995 2900 fratres,
2081 2842 2277 2902 626
2309 2836 2365 2889 in
2391 2838 2862 2907 praeﬁgurationis
2894 2845 3265 2892 sacramento.
3299 2840 3461 2903 Quod
3490 2848 3685 2895 natura

394 2942 505 2999 quo
563 2943 859 2999 personam
903 2924 1127 2981 Domini
1177 2925 1421 2978 dividam
1477 2924 1535 2977 in
1566 2925 1724 2988 duas,
1760 2925 1857 2979 sed
1887 2943 1996 2996 quo
2017 2946 2061 3008 ο
2084 2942 2195 2978 non
2218 2925 2405 2989 habet,
2434 2926 2581 2996 quod
2610 2927 2898 2996 ingenium
2922 2928 3230 2981 humanum
3252 2934 3309 2981 et
3337 2929 3686 3000 philosophia

391 3016 621 3088 gemina
648 3016 897 3087 operatio
943 3014 1248 3069 Salvatoris
1286 3013 1689 3076 consideretur;
1723 3030 1823 3084 per
1874 3030 1995 3067 om-
2082 3015 2267 3068 saeculi
2298 3031 2413 3068 non
2441 3015 2605 3085 capit.
2643 3015 2852 3069 Idcirco
2880 3016 3049 3070 virtus
3071 3017 3314 3070 auctoris
3343 3024 3434 3071 est
3451 3035 3567 3072 non
3597 3034 3687 3072 na-

392 3121 524 3163 nem
574 3111 789 3160 textum
835 3102 1119 3173 Evangelii
1149 3103 1207 3156 in
1239 3118 1353 3157 una
1411 3102 1717 3171 eademque
1758 3119 1997 3173 persona
2078 3108 2218 3157 tura;
2250 3104 2510 3157 humanae
2537 3110 2876 3173 potestas,nt
2895 3105 2951 3158 in
2984 3122 3096 3159 uno
3126 3107 3437 3177 eodemque
3461 3108 3684 3162 homine

394 3193 722 3249 mediatoris
768 3192 870 3248 Dei
920 3198 977 3246 et
1004 3190 1317 3255 hominum,
1371 3190 1637 3261 quoniam
1667 3192 1813 3245 sicut
1840 3192 1897 3245 in
1928 3208 1994 3245 eo
2077 3192 2268 3246 Deitas
2298 3197 2354 3245 et
2383 3192 2706 3246 humanitas
2744 3194 3077 3247 declaretur.
3110 3195 3300 3249 Deitas
3350 3196 3409 3249 in
3442 3213 3509 3250 eo
3541 3196 3681 3267 quod

390 3283 540 3340 Deus
568 3288 625 3337 et
652 3282 823 3337 homo
862 3286 1003 3344 erat,
1038 3296 1104 3334 eo
1133 3280 1280 3350 quod
1323 3281 1549 3333 Verbum
1605 3296 1732 3333 caro
1779 3283 1992 3347 factum
2077 3281 2225 3335 ultra
2254 3281 2535 3335 hominem
2560 3282 2826 3347 cernitur,
2848 3283 3187 3347 humanitas,
3218 3284 3491 3355 quiaipse
3520 3286 3682 3339 homo

391 3378 486 3427 est.
530 3374 712 3441 (Joan,
744 3387 784 3438 1,
821 3370 935 3439 l4):
992 3371 1073 3426 ita
1111 3375 1168 3423 et
1195 3368 1446 3439 operatio
1477 3368 1797 3423 Divinitatis
1822 3375 1991 3439 atque

386 3460 776 3517 humanitatis.
825 3459 1064 3514 Gemina
1089 3458 1365 3529 siquidem
1417 3457 1688 3528 operatio,
1715 3458 1813 3511 sed
1846 3474 1991 3512 unus

385 3549 648 3621 idemque
678 3548 952 3614 Christus,
984 3548 1077 3619 qui
1106 3548 1222 3601 hEBC
1252 3546 1443 3600 omnia
1474 3545 1833 3616 operabatur.
1867 3547 1995 3618 Ipse

389 3656 636 3710 namque
675 3644 762 3694 est
800 3638 896 3709 qui
927 3636 1127 3692 esuriit
1168 3642 1223 3691 et
1261 3635 1454 3697 sitivit,
1517 3636 1638 3707 ipse
1683 3636 1777 3706 qui
1826 3642 1882 3690 et
1926 3637 1993 3690 de

391 3730 643 3801 quinque
663 3727 901 3800 panibus
930 3732 1015 3781 tot
1043 3726 1299 3780 homines
1329 3725 1571 3789 satiavit,
1602 3724 1723 3795 ipse
1750 3725 1847 3795 qui
1872 3724 1995 3778 fati-

388 3825 555 3890 gatus
592 3836 658 3873 ex
688 3817 909 3881 itinere,
956 3814 1181 3881 resedit,
1238 3820 1432 3880 625
1460 3814 1578 3884 ipse
1617 3814 1710 3884 qui
1741 3819 1797 3866 et
1826 3829 1995 3885 super

387 3924 545 3964 mare
574 3906 809 3979 pedibus
831 3905 1140 3960 ambulavit
1174 3923 1187 3971 ;
1238 3902 1335 3958 sed
1365 3919 1479 3957 una
1509 3919 1702 3957 earum
1740 3902 1991 3973 Operatio

386 3997 756 4054 humanitatis
785 4001 889 4061 est,
915 3994 1094 4049 altera
1120 4010 1250 4047 vero
1280 3992 1615 4047 Divinitatis.
1649 3992 1801 4056 Quas
1826 3992 1990 4062 plane

386 4085 759 4157 operationes,
802 4082 911 4137 nisi
966 4082 1237 4137 catholice
1282 4081 1593 4152 distinguat
1621 4086 1679 4136 et
1707 4081 1989 4151 intelligat

387 4173 634 4247 prudens
662 4172 856 4236 lector,
889 4175 1048 4224 tanto
1104 4169 1366 4224 aberrare
1403 4172 1612 4240 poterit
1650 4188 1683 4225 a
1712 4171 1986 4226 catholica

387 4261 521 4331 ﬁde,
550 4265 761 4331 quanto
791 4258 962 4315 fuerit
1001 4257 1313 4313 obcaecatus
1341 4273 1377 4310 a
1412 4259 1753 4314 confusionis
1797 4261 1986 4331 caligi-

2073 3387 2242 3440 super
2266 3366 2444 3425 undas
2476 3371 2728 3437 videtur;
2755 3372 2904 3441 quod
2931 3388 3066 3426 sane
3089 3389 3227 3443 opus
3256 3374 3682 3443 superninumi-

2073 3460 2160 3513 nis
2190 3466 2293 3523 est,
2323 3460 2455 3530 quia
2476 3461 2580 3513 hoc
2609 3476 2737 3514 caro
2768 3460 2977 3514 sentire
3007 3478 3119 3515 non
3149 3467 3349 3531 potest,
3382 3480 3488 3517 nec
3526 3480 3681 3518 mens

2077 3548 2326 3603 humana
2354 3549 2686 3619 intelligere,
2732 3551 3011 3619 quomodo
3042 3551 3161 3603 ﬁeri
3196 3552 3373 3621 possit
3399 3553 3551 3622 quod
3579 3570 3678 3607 na—

2076 3642 2206 3691 tura
2226 3644 2463 3708 utraque
2483 3654 2595 3691 non
2619 3638 2687 3691 ad
2697 3638 2960 3700 mittit,ut
2978 3644 3034 3692 et
3049 3639 3236 3709 gravis
3256 3641 3678 3710 superambulet

2076 3736 2132 3779 et
2158 3726 2369 3797 liquida
2417 3726 2634 3797 pondus
2663 3726 2886 3797 aliquod
2943 3727 3235 3792 sustineat,
3269 3729 3421 3799 quod
3473 3742 3673 3783 natura

2075 3820 2276 3868 neutra
2303 3814 2581 3885 permittit
2604 3833 2616 3881 ;
2649 3815 2794 3868 sicut
2822 3821 2878 3869 et
2909 3832 3081 3885 panes
3107 3816 3346 3871 crevisse
3374 3817 3459 3871 ita
3487 3824 3668 3882 tenus,

2073 3911 2138 3957 ut
2164 3903 2375 3957 dictum
2409 3909 2512 3967 est,
2538 3904 2692 3958 nulla
2724 3903 2925 3975 probat
2951 3906 3095 3959 ratio
3124 3906 3391 3967 humana,
3424 3908 3673 3961 nullain—

2070 3991 2383 4061 telligentia
2408 3993 2795 4063 deprehendit,
2821 3993 2930 4047 nisi
2951 3994 3093 4048 forte
3122 3995 3335 4065 ﬁngere
3360 3996 3497 4050 velis
3526 3996 3671 4068 quod

2070 4087 2171 4136 aut
2207 4082 2547 4135 alleviaverit
2601 4097 2802 4152 corpus
2832 4089 2896 4136 ut
2924 4083 3279 4153 phantasma.
3313 4089 3416 4139 aut
3454 4086 3669 4157 aliquas

2067 4171 2369 4225 crassiores
2398 4177 2452 4225 et
2477 4176 2765 4226 concretas
2791 4171 3099 4226 reddiderit
3115 4173 3399 4244 aquas.ita
3424 4180 3486 4228 ut
3503 4190 3668 4245 super

2068 4276 2164 4315 eas
2193 4260 2440 4331 potuerit
2467 4276 2595 4314 caro
2626 4259 2875 4313 humana
2902 4260 3046 4315 sicco
3075 4261 3308 4332 vestigio
3338 4262 3655 4320 ambulare.

387 4368 481 4409 ne.
2067 4349 2227 4414 Quod
2255 4354 2312 4403 et
2347 4349 2452 4403 hoc
2488 4348 2742 4403 mirabile
2771 4354 2920 4403 esset
2942 4349 2988 4403 si
3017 4349 3163 4404 ratio
3201 4349 3260 4403 id
3296 4351 3654 4419 admitteret;

451 4442 728 4499 Navicula
750 4442 938 4492 autem
965 4438 1029 4490 in
1049 4436 1226 4489 medio
1252 4436 1426 4488 maris
1446 4435 1770 4502 jactabatur
1797 4423 2040 4505 ﬂucti—D
2059 4453 2209 4493 nunc
2253 4444 2444 4492 autem
2485 4438 2615 4492 facti
2663 4454 2890 4493 causam
2937 4439 3126 4493 nullus
3167 4438 3432 4510 explicat,
3464 4458 3656 4496 sensus

384 4533 502 4588 bus.
533 4531 841 4600 Propterea
876 4525 1050 4596 igitur
1078 4522 1238 4577 inviti
1257 4527 1314 4577 et
1338 4527 1706 4577 retractantes
1736 4526 1975 4594 apostoli
2057 4528 2245 4581 nullus
2290 4526 2489 4598 recipit
2524 4527 2822 4594 humanus,
2862 4544 3022 4582 mens
3068 4544 3182 4583 non
3209 4529 3360 4600 capit
3386 4530 3649 4595 humana,

380 4636 552 4693 supra
572 4621 921 4674 recesserant
947 4631 978 4669 a
998 4613 1258 4676 Domino,
1282 4629 1351 4667 ne
1372 4612 1471 4667 illo
1499 4612 1729 4667 absente
1755 4615 1977 4670 naufra-
2056 4632 2222 4670 nemo
2244 4615 2491 4686 loquitur
2514 4616 2801 4671 hominum
2824 4618 3104 4688 quomodo
3125 4618 3246 4672 ﬁeri
3274 4622 3652 4688 potuerittam

378 4710 475 4782 gia
493 4708 854 4764 sustinerent.
888 4706 1171 4760 Noverant
1186 4703 1333 4757 enim
1352 4702 1472 4756 sine
1494 4702 1589 4756 illo
1610 4703 1757 4773 quod
1787 4704 1974 4759 turba-
2055 4704 2250 4767 libere,
2286 4704 2393 4757 nisi
2425 4706 2519 4775 qui
2548 4705 2736 4760 subest
2764 4706 2814 4760 ei
2845 4723 3010 4760 omne
3045 4724 3207 4777 posse
3236 4724 3364 4761 cum
3396 4708 3648 4769 voluerit,

379 4804 595 4859 rentur,
626 4797 772 4851 sicut
800 4800 858 4851 et
886 4793 1129 4849 Ecclesia
1176 4791 1615 4864 quotiescunque
1647 4791 1972 4863 impraesen-
2056 4798 2120 4846 ut
2138 4792 2405 4863 probetur
2433 4810 2498 4848 ex
2530 4796 2633 4849 hoc
2661 4797 2806 4865 ejus,
2838 4802 2903 4849 ut
2922 4795 3183 4851 diximus.
3206 4796 3437 4866 gemina
3463 4812 3652 4869 Opera-

374 4888 583 4943 tiarum
613 4902 648 4940 a
694 4884 917 4940 Christo
965 4882 1261 4946 deseritur,
1292 4883 1540 4952 jactatur
1590 4882 1868 4941 ﬂuctibus,
1917 4889 1974 4937 et
2053 4880 2153 4935 tio.
2175 4881 2317 4944 Quia
2347 4883 2575 4937 omnino
2604 4884 2839 4938 Deitatis
2868 4891 2971 4949 est,
3007 4884 3156 4955 quod
3186 4885 3441 4940 ambulat
3461 4894 3649 4941 contra

376 4976 561 5033 ventis
587 4972 898 5045 impellitur
947 4972 1091 5026 Nam
1120 4972 1287 5042 hujus
1317 4972 1587 5041 temporis
1638 4971 1821 5040 ﬁgura
1850 4977 1973 5027 erat
2052 4976 2311 5024 naturam
2334 4971 2639 5027 humanam
2652 4990 2820 5044 super
2840 4980 3101 5044 aquas,et
3116 4974 3489 5030 humanitatis
3505 4973 3643 5047 quod

377 5065 565 5122 omnis
584 5065 682 5119 illa
710 5060 1044 5135 periclitatio
1069 5060 1244 5114 navis.
1277 5060 1517 5125 Interea,
1550 5060 1787 5114 Domino
1817 5077 1969 5133 cpm-
2058 5059 2281 5114 visibilis
2306 5068 2539 5132 apparet
2566 5062 2619 5115 in
2652 5064 2831 5117 forma
2861 5064 3025 5128 servi,
3061 5070 3120 5118 et
3138 5081 3269 5118 vera
3296 5081 3447 5119 caro.

369 5161 625 5211 morante
651 5153 709 5207 in
736 5149 940 5206 montis
962 5148 1184 5210 vertice.
1210 5148 1401 5202 statim
1434 5156 1631 5203 ventus
1654 5150 1969 5205 contrarius
2126 5150 2270 5204 Unde
2298 5152 2538 5205 ridentes
2566 5168 2693 5205 eum
2719 5169 2891 5222 supra
2918 5169 3073 5207 mare
3101 5156 3505 5219 ambulantem,
3524 5159 3640 5207 tur-

367 5223 659 5309 oritur,iet
679 5241 873 5297 turbat
901 5253 1074 5302 mare,
1110 5236 1568 5308 periclitaturque
1598 5239 1861 5294 Ecclesia.
1896 5240 1966 5296 Et
2049 5240 2163 5293 bati
2190 5244 2320 5292 sunt
2358 5240 2610 5306 dicentes,
2640 5248 2773 5308 quia
2800 5243 3135 5310 phantasma
3153 5248 3247 5296 est.
3280 5243 3429 5311 Ergo
3451 5242 3640 5313 proba-

363 5331 562 5388 tandiu
591 5330 890 5385 imminens
937 5325 1294 5396 naufragium
1344 5334 1679 5396 perseverat,
1713 5328 1960 5399 quandiu
2046 5334 2243 5382 verant
2272 5345 2399 5382 eum
2417 5330 2534 5397 jam
2564 5346 2754 5383 verum
2785 5331 3070 5385 hominem
3095 5348 3218 5385 esse
3239 5331 3548 5394 Christum,
3584 5336 3635 5384 et

360 5420 523 5478 Iesus
550 5425 822 5485 moratur,
857 5433 961 5472 nec
986 5415 1173 5471 veniat
1222 5420 1279 5468 et
1307 5422 1612 5471 succurrat.
1649 5416 1717 5472 Et
1744 5418 1869 5472 ideo
1897 5435 1958 5472 se
2040 5417 2166 5474 ideo
2191 5434 2338 5472 nunc
2356 5417 2660 5472 turbantur
2672 5426 2934 5489 putantes
2949 5437 3009 5474 se
3030 5426 3227 5475 contra
3240 5428 3502 5475 naturam
3518 5421 3633 5491 ejus

356 5509 681 5587 repromisit
707 5524 829 5583 esse
870 5522 998 5565 cum
1027 5506 1164 5573 suis,
1209 5503 1386 5565 donec
1413 5520 1658 5577 praesens
1686 5507 1953 5565 saeculum
2037 5505 2243 5562 videre.
2274 5507 2540 5580 Alioquin
2563 5508 2611 5563 si
2633 5509 2798 5580 juxta
2822 5509 3157 5568 Marcionem
3185 5515 3243 5565 et
3270 5510 3628 5567 Manicheum
