3888 6172
224 184 331 238 525

958 192 1335 252 EXPOSITIO
1377 198 1453 252 IN
1494 198 1938 258 MATTIL‘EUM.
1983 234 2045 245 -
2086 206 2222 260 LIB.
2268 204 2386 271 VII,
2429 205 2584 260 CAP.
2628 207 2770 261 XIV.

3384 211 3487 269 5‘26

222 310 498 406 Dominus
519 320 721 406 noster
736 331 848 370 non
876 324 962 371 est
989 326 1155 373 natus
1184 335 1250 375 ex
1268 320 1446 377 Maria
1464 323 1696 394 virgine,
1717 326 1815 385 sed
1830 327 1883 388 Α
1898 329 2098 384 metuit
2127 329 2275 405 quod
2304 344 2601 385 onerosum
2635 329 2792 385 valde
2810 338 2959 386 esset
2976 333 3211 389 humani
3242 336 3491 406 corporis

222 397 376 452 visus
394 417 459 453 ex
482 401 892 471 phantasmate,
914 409 1193 477 quomodo
1209 414 1820 482 nuncapostolitiment

222 493 280 539 et
308 488 618 545 turbantur
645 508 715 546 ne
742 494 885 548 forte
913 496 1249 565 phantasma
1275 499 1541 555 videant?
1580 503 1686 569 Qui
1706 521 1819 572 pra

223 580 427 631 timore
456 585 855 636 clamauerunt.
890 585 1033 638 Nam
1063 586 1293 642 confusa
1327 606 1428 643 vox
1470 596 1523 643 et
1574 591 1820 647 incertus

218 667 454 729 clamor,
480 670 672 739 magni
684 671 899 725 timoris
914 671 1181 728 indicium
1199 683 1302 730 est.
1324 677 1431 732 Sed
1448 695 1641 733 eorum
1653 680 1821 735 timor

218 764 429 811 nostrae
451 763 539 811 est
553 759 821 813 fortitudo
838 762 1061 823 mentis,
1088 765 1352 834 quoniam
1383 766 1452 821 de
1480 768 1701 823 Christo
1731 771 1819 823 ni-

215 846 294 899 hil
324 846 681 917 inexplorate
707 851 973 915 sentiunt,
1010 853 1151 907 nihil
1190 856 1337 925 quod
1367 873 1478 911 non
1507 858 1817 928 requirant,

216 935 358 988 nihil
393 937 764 992 humanitatis
788 939 843 993 in
874 956 938 993 eo
967 947 1064 995 aut
1086 942 1409 999 Divinitatis
1432 947 1579 1016 quod
1600 940 1719 1001 non
1742 948 1823 1002 in-

217 1025 512 1095 telligant.
548 1026 711 1081 Adeo
742 1028 981 1099 probant
1009 1032 1218 1098 omnia,
1254 1042 1317 1087 ut
1348 1035 1535 1088 nullus
1563 1036 1824 1107 deinceps

214 1113 461 1183 dubitet,
492 1116 679 1170 nullus
698 1116 933 1183 difﬁdat,
959 1120 1432 1193 nullusdesperet,
1449 1125 1827 1180 nullusincre-

214 1203 463 1258 dulitate
484 1204 556 1258 de
577 1205 799 1260 Christo
822 1208 1163 1262 succumbat.
1192 1212 1297 1265 Sed
1314 1212 1497 1267 divina
1522 1214 1700 1284 pietas
1715 1215 1825 1268 cito

213 1292 487 1347 subvenit
498 1295 588 1364 pie
609 1295 1005 1366 querentibus.
1021 1305 1078 1352 et
1094 1315 1204 1353 non
1223 1300 1393 1372 impie
1413 1302 1820 1357 dubitantibus.

1900 417 2138 489 pondus,
2171 424 2229 473 et
2251 418 2464 489 liquida
2488 417 2658 473 maris
2680 419 2830 473 unda
2849 420 3088 475 solidum
3106 438 3220 477 non
3240 428 3492 494 portaret

1899 524 2166 578 gressum.
2198 507 2305 572 Qui
2333 512 2548 562 tantam
2579 507 2637 561 in
2667 508 2769 562 Dei
2800 508 2965 564 verbo
2991 510 3253 565 fiduciam
3295 527 3493 566 conce-

1902 602 2079 666 perat,
2102 600 2293 662 συιδ
2330 612 2458 650 cum
2502 595 2600 659 ait,
2644 595 2806 661 Veni,
2861 603 2925 651 ut
2964 599 3217 653 crederet
3260 599 3495 654 inﬁdam

1900 683 2147 753 vestigiis
2184 684 2300 738 suis
2326 684 2662 738 tenuitatem
2691 684 2992 749 subditam,
3018 692 3076 741 et
3091 692 3364 759 tanquam
3380 693 3497 742 ter-

1903 789 2095 827 renam
2143 772 2482 827 soliditatem
2513 789 2633 827 esse
2684 772 3014 843 subjectam.
3056 776 3201 831 Nam
3238 776 3389 847 quod
3432 792 3498 830 ex

1904 861 2153 915 omnium
2185 861 2609 916 consistentium
2642 878 2877 917 numero
2905 863 2963 916 in
2990 864 3115 917 navi
3162 865 3500 936 respondere

1905 950 2056 1004 solus
2087 949 2259 1004 audet
2277 950 2496 1015 Petrus,
2520 955 2577 1003 et
2602 949 2788 1019 juberi
2817 950 2923 1005 sibi
2950 968 3120 1023 super
3144 968 3320 1024 aquas
3348 958 3414 1007 ut
3430 953 3503 1007 ad

1906 1039 2208 1094 Dominum
2239 1039 2428 1092 veniat
2447 1043 2727 1109 precatur,
2750 1039 2934 1094 fervor
2952 1047 3037 1094 est
3059 1042 3334 1096 amoriset
3351 1041 3505 1096 forti-

1908 1128 2044 1182 tudo
2075 1127 2204 1182 ﬁdei
2233 1134 2291 1181 et
2317 1127 2651 1198 praesagium
2674 1128 3025 1195 futurorum;
3047 1131 3311 1201 quoniam
3338 1130 3417 1185 sic
3448 1134 3506 1185 et

1908 1216 1964 1270 in
1999 1217 2256 1287 passione
2286 1233 2400 1287 prae
2428 1215 2687 1270 omnibus
2715 1215 2976 1271 affectum
3016 1218 3268 1272 exhibuit
3293 1218 3501 1273 amoris

1906 1305 2154 1375 vestigiis
2185 1321 2407 1376 semper
2433 1304 2713 1359 inhaerens
2734 1304 2972 1376 piissimi
2996 1306 3401 1378 Redemptoris,
3435 1306 3504 1360 li-

214 1382 441 1447 Quibus
462 1400 593 1438 mox
611 1383 722 1438 illis
755 1385 1127 1442 clamantibus
1148 1406 1262 1459 prae
1303 1391 1522 1458 timore,
1552 1398 1609 1446 et
1656 1392 1819 1447 dubi-

212 1473 477 1528 tantibus
506 1490 621 1544 praa
652 1474 942 1538 miraculo,
984 1481 1049 1529 ut
1075 1493 1203 1530 cum
1250 1479 1565 1549 reciperent
1610 1480 1668 1534 in
1716 1481 1824 1536 ﬁde

212 1563 401 1617 Deum
433 1567 495 1617 et
518 1563 997 1630 hominemﬁzﬁ
1019 1565 1079 1619 in
1107 1583 1273 1636 quem
1293 1569 1665 1633 crediderant,
1683 1570 1824 1625 (Ion-
1846 1641 1864 1642 i,
1909 1588 2078 1625 ausus
2108 1576 2272 1634 esset,
2306 1577 2496 1624 tamen
2527 1570 2889 1641 mergebatur
2915 1578 3146 1642 propter
3166 1570 3512 1626 imbecillita-

213 1652 391 1717 ﬁdite,
423 1650 634 1721 inquit,
657 1652 897 1705 ethabete
917 1654 1182 1720 ﬁduciam
1207 1674 1221 1708 :
1245 1672 1336 1723 ego
1350 1672 1494 1709 sum.
1518 1658 1661 1728 Ergo
1679 1641 1890 1728 quodB
1908 1665 2024 1714 tem
2055 1660 2258 1720 carnis,
2291 1659 2437 1713 sicut
2463 1664 2522 1713 et
2547 1676 2725 1730 usque
2764 1660 2835 1713 ad
2861 1641 3073 1715 metum
3110 1660 3309 1715 mortis
3336 1660 3510 1715 abne-

212 1740 474 1811 primum
494 1740 822 1795 versabatur
840 1741 898 1795 in
919 1758 1086 1797 causa
1111 1744 1360 1798 medicus
1382 1746 1640 1799 occurrit.
1675 1747 1829 1810 Quo-
1909 1748 2079 1819 gandi
2109 1748 2500 1803 necessitatem
2531 1749 2758 1803 demum
2808 1756 2894 1802 est
2939 1754 3194 1816 coactus;
3245 1749 3511 1820 quoniam

214 1830 374 1885 niam
396 1831 500 1902 qui
521 1831 916 1885 conﬁdentiam
934 1832 1226 1887 amittit~et
1237 1834 1473 1900 haesitat,
1502 1836 1665 1906 juxta
1692 1853 1828 1907 apo-
1912 1854 2077 1892 nemo
2104 1837 2424 1890 mortalium
2445 1837 2541 1907 qui
2557 1837 3130 1907 Dominizequiparari
3148 1838 3324 1908 possit
3349 1839 3513 1892 vesti-

215 1919 458 1981 stolum,
494 1922 702 1973 similis
748 1925 821 1973 est
858 1924 1057 1989 ﬂuctui
1093 1926 1270 1976 maris
1307 1926 1446 1993 (Jac.
1494 1939 1532 1988 Ι,
1585 1922 1661 1993 6).
1716 1926 1829 1995 Ego
1911 1927 2037 1997 giis.
2064 1927 2208 1981 Nam
2231 1942 2357 1979 cum
2388 1925 2661 1980 Dominus
2691 1941 2862 1995 supra
2888 1941 3044 1979 mare
3065 1926 3174 1979 iter
3188 1932 3400 1997 ageret,
3433 1928 3514 1981 ita

1907 1393 2395 1447 cetinlirmitatem
2420 1392 2623 1448 futurae
2646 1393 2959 1463 negationis
2973 1394 3247 1448 timiditas
3271 1400 3506 1466 praeten-

1908 1482 2056 1536 derit
2090 1482 2439 1536 tentationis.
2475 1481 2618 1536 Hinc
2660 1498 2904 1553 namque
2954 1482 3207 1553 quamvis
3253 1482 3510 1536 incedere

217 2024 373 2074 sum,
400 2007 613 2078 inquit,
638 2024 740 2061 nec
780 2007 1066 2079 subjungit
1113 2012 1247 2081 quid
1289 2012 1379 2071 sit,
1431 2014 1510 2066 vel
1558 2014 1683 2084 quis
1721 2013 1827 2079 sit;

219 2098 357 2169 quia
389 2097 648 2167 profecto
679 2113 744 2151 ex
776 2114 902 2152 voce
934 2098 1038 2152 sibi
1069 2100 1382 2166 notissima,
1416 2107 1677 2172 poterant
1705 2118 1832 2156 eum

222 2187 500 2257 quisnam
534 2191 680 2240 esset
709 2186 1040 2257 intelligere,
1082 2189 1176 2259 qui
1219 2206 1319 2259 per
1355 2189 1618 2245 obscuras
1656 2192 1834 2245 noctis

223 2275 505 2330 tenebras
534 2275 621 2345 vel
644 2277 968 2346 crepuscula
992 2277 1347 2348 loquebatur.
1370 2280 1654 2333 Noverant
1683 2280 1832 2333 enim

222 2365 306 2419 illi
337 2366 498 2419 hanc
520 2381 641 2418 esse
664 2365 1156 2420 familiarissimam
1180 2366 1230 2421 ei
1252 2369 1613 2434 sententiam,
1647 2369 1835 2422 etideo

222 2454 322 2519 ait,
360 2454 491 2523 Ego
523 2469 668 2507 sum.
698 2455 777 2507 Ac
804 2454 852 2507 si
872 2460 1131 2524 patenter
1159 2455 1387 2519 diceret,
1420 2457 1532 2526 Ego
1562 2473 1685 2510 sum
1716 2456 1836 2526 ipse

224 2543 322 2614 qui
344 2558 513 2609 sum,-
540 2548 598 2595 et
617 2558 726 2596 non
747 2549 952 2607 mutor,
976 2550 1039 2596 ut
1051 2560 1143 2597 vos
1157 2545 1369 2614 putatis
1391 2561 1478 2599 me
1507 2545 1841 2615 phantasma

223 2648 373 2687 esse.
405 2632 530 2686 Nec
541 2630 775 2685 dubium
791 2632 926 2702 quin
947 2632 1131 2702 ipsum
1156 2650 1277 2687 esse
1288 2633 1608 2688 retinebant
1627 2634 1834 2698 animo,

221 2736 405 2792 quem
444 2720 699 2774 locutum
734 2720 864 2774 olim
887 2721 955 2774 ad
996 2722 1225 2793 Moysen
1263 2728 1552 2789 noverant,
1584 2723 1694 2789 Ego
1714 2739 1839 2776 sum

222 2814 325 2880 qui
346 2826 513 2864 sum.
543 2811 664 2864 [1.20
688 2812 828 2864 dices
857 2813 992 2878 ﬁliis
1023 2813 1191 2865 Israel
1218 2830 1231 2877 ;
1277 2816 1334 2865 et
1362 2831 1377 2866 :
1424 2813 1531 2878 Qui
1576 2816 1649 2865 est
1686 2814 1839 2865 misit

225 2916 310 2953 me
338 2900 425 2953 ad
456 2914 551 2952 vos
580 2898 771 2966 (Exod.
804 2912 887 2961 III,
928 2897 1031 2956 13!.
1063 2899 1148 2952 Ad
1180 2916 1347 2970 quam
1379 2916 1514 2954 sane
1537 2916 1730 2954 vocem
1744 2900 1842 2954 Pe-

1914 2014 2199 2069 subditum
2218 2013 2453 2085 pedibus
2478 2012 2901 2085 obtemperabat
2918 2013 3251 2068 mirabiliter
3268 2015 3513 2069 elemen-

1913 2110 2057 2169 tum,
2087 2109 2151 2157 ut
2183 2119 2284 2157 nec
2330 2119 2389 2157 se
2439 2119 2595 2157 mare
2638 2101 3016 2165 subtraheret,
3065 2108 3123 2157 et
3167 2103 3514 2159 venerandas

1916 2192 2139 2248 Domini
2166 2192 2387 2263 plantas
2407 2190 2766 2262 superferret.
2800 2192 2917 2246 Nec
2938 2191 3114 2261 igitur
3138 2192 3365 2258 mirum,
3396 2193 3443 2247 si
3463 2192 3516 2246 ei

1917 2287 2121 2334 natura
2143 2280 2382 2351 aequoris
2394 2279 2689 2345 serviebat,
2715 2281 2876 2351 cujus
2891 2280 3274 2351 dispositionis
3285 2280 3518 2335 arbitrio

1918 2369 2162 2440 perfecta
2192 2376 2325 2424 sunt
2364 2369 2643 2424 universa.
2698 2369 2909 2424 Idcirco
2957 2369 3037 2423 illi
3082 2369 3406 2425 calcabilem
3459 2386 3520 2424 se

1920 2457 2159 2529 praebuit
2179 2460 2339 2528 juxta
2367 2457 2616 2512 debitum
2645 2464 2861 2512 naturae
2876 2457 3036 2529 quasi
3066 2458 3320 2522 Domino,
3356 2459 3521 2513 etPe-

1921 2553 2010 2600 tro
2022 2547 2327 2601 secundum
2338 2544 2591 2615 jubentis
2615 2546 2915 2616 imperium
2928 2546 2997 2599 ad
3012 2546 3239 2601 modum
3251 2546 3518 2610 serviens,

1921 2635 2131 2689 Tamen
2160 2651 2384 2688 necesse
2429 2633 2693 2705 poscebat
2742 2634 2906 2697 ratio,
2952 2635 3116 2703 juxta
3159 2634 3523 2704 fragilitatem

1921 2724 2249 2784 humanam,
2293 2730 2359 2777 ut
2389 2739 2517 2777 eum
2565 2728 2803 2777 terreret
2848 2727 3064 2787 ventus,
3106 2727 3164 2776 et
3199 2722 3526 2792 pertubaret

1923 2813 2076 2868 unda
2104 2812 2219 2867 suis
2247 2810 2648 2877 collisionibus,
2680 2829 2751 2866 ne
2784 2811 2934 2865 inter
2952 2811 3133 2865 Deum
3164 2816 3221 2865 et
3238 2810 3523 2867 hominem

1922 2901 2064 2956 nihil
2100 2901 2385 2955 videretur
2411 2900 2774 2970 discrepasse,
2818 2905 2873 2953 et
2921 2905 3069 2954 esset
3113 2899 3182 2953 ob
3228 2900 3334 2954 hoc
3376 2900 3525 2955 inter

222 2995 352 3043 trus
378 3002 517 3042 cum
544 2987 812 3052 audisset,
841 2988 953 3058 Ego
983 3004 1128 3054 sum,
1152 2994 1527 3042 consonanter
1552 2988 1843 3059 respondit
1860 2988 1903 3049 C
1926 2989 2181 3044 homines
2196 3005 2309 3044 non
2332 2989 2570 3043 minima
2595 2987 2890 3053 dubitatio,
2921 2988 2967 3041 si
2994 2989 3227 3042 Petrum
3257 2988 3346 3042 hic
3362 2988 3525 3043 vidis-

222 3078 461 3133 dicens:
488 3077 736 3141 Domine,
772 3079 822 3129 si
848 3082 908 3129 tu
937 3079 1155 3146 es,jube
1176 3093 1259 3131 me
1286 3081 1473 3131 venire
1501 3080 1573 3131 ad
1604 3084 1650 3132 te
1678 3094 1841 3146 super

221 3182 431 3235 aquas.
460 3165 728 3219 Senserat
746 3166 896 3218 enim
918 3165 977 3218 in
989 3181 1053 3219 eo
1074 3166 1219 3236 quod
1239 3165 1336 3229 ait,
1361 3166 1474 3236 Ego
1496 3182 1641 3228 sum,
1657 3166 1840 3236 ipsum

223 3271 378 3319 esse,
423 3253 521 3307 cui
550 3262 655 3317 est,
701 3270 923 3325 semper
968 3254 1340 3308 essentialiter
1387 3254 1535 3308 idem
1581 3271 1722 3309 esse.
1773 3255 1843 3309 Et

220 3344 357 3399 ideo
394 3344 501 3408 ait,
527 3341 585 3397 Si
621 3347 684 3396 tu
712 3359 789 3408 es,
822 3359 887 3396 ac
907 3343 956 3396 si
987 3343 1216 3408 diceret,
1260 3344 1392 3414 quia
1438 3344 1486 3397 si
1532 3349 1593 3398 tu
1645 3360 1705 3399 es
1748 3344 1843 3415 qui

222 3448 467 3504 semper
479 3448 607 3485 cum
625 3431 790 3486 Patre
807 3449 951 3486 unus
975 3433 1232 3503 idemque
1254 3449 1330 3498 es,
1352 3432 1533 3502 jussio
1554 3438 1655 3487 tua
1686 3432 1842 3486 exhi-

225 3522 376 3577 bitio
399 3527 494 3577 est
513 3521 752 3584 virtutis,
785 3520 1051 3593 quoniam
1090 3522 1444 3592 omnipotens
1466 3538 1543 3575 es.
1567 3522 1650 3576 Ne
1672 3521 1843 3574 mire-

226 3612 328 3678 ris,
366 3612 575 3675 lector,
600 3610 746 3681 quod
776 3626 901 3664 cum
932 3609 1041 3663 ﬁde
1071 3616 1233 3680 rogat
1261 3617 1319 3664 et
1338 3609 1590 3664 dubitat:
1626 3608 1846 3662 dubitat

227 3708 437 3755 autem
494 3715 607 3752 non
650 3699 807 3768 quasi
853 3698 1111 3763 inﬁdelis,
1164 3700 1263 3753 sed
1311 3699 1473 3769 quasi
1529 3704 1727 3752 cautus
1791 3702 1847 3750 et

225 3797 551 3844 veteranus
590 3788 924 3858 explorator,
964 3805 1036 3842 ne
1074 3789 1247 3842 facilis
1302 3794 1431 3842 ruat
1484 3789 1543 3842 in
1590 3788 1838 3845 ruinam.

228 3879 438 3951 Ipsum
466 3877 708 3939 invocat,
735 3878 895 3947 cujus
932 3878 1175 3931 essentia
1216 3877 1420 3930 veritas
1460 3883 1563 3940 est,
1600 3877 1849 3948 nihilque

228 3967 472 4023 dubitat
500 3965 571 4020 de
608 3966 876 4037 potentia,
916 3965 1057 4019 nihil
1093 3966 1161 4019 de
1201 3965 1421 4020 virtute.
1467 3966 1621 4020 Alias
1660 3973 1848 4019 autem

233 4058 338 4129 qui
383 4056 560 4110 Petro
618 4055 889 4126 apostolo,
950 4071 1014 4109 ac
1065 4053 1112 4107 si
1169 4055 1427 4108 Ecclesia:
1484 4054 1847 4109 fundamento

228 4145 464 4217 aliquid
502 4144 854 4198 infidelitatis
881 4142 1141 4211 ascribit;
1174 4143 1343 4197 nimis
1367 4144 1729 4197 temerarium
1764 4148 1849 4197 est

227 4252 372 4290 eum
406 4249 672 4304 arguere,
710 4233 800 4287 cui
819 4249 920 4304 pro
950 4232 1168 4286 meritis
1196 4232 1327 4286 ﬁdei
1356 4248 1469 4287 suae
1497 4232 1745 4286 solvendi
1783 4249 1847 4286 ac

1924 3084 2051 3134 sent
2079 3078 2259 3133 facere
2290 3078 2439 3149 quod
2489 3077 2744 3132 Christus
2783 3093 2888 3131 sua
2924 3076 3055 3131 fecit
3093 3076 3364 3148 potentia.
3409 3078 3525 3136 Nec

1923 3167 2101 3237 igitur
2126 3169 2302 3222 honos
2322 3166 2543 3221 debitus
2573 3167 2687 3221 Deo
2708 3165 3061 3225 redderetur.
3086 3166 3220 3238 quia
3238 3183 3350 3220 non
3378 3172 3526 3222 esset

1925 3258 2132 3311 mirum
2162 3274 2196 3310 a
2224 3258 2339 3311 Deo
2369 3256 2596 3322 factum,
2630 3255 2776 3326 quod
2810 3260 2867 3308 et
2894 3253 2964 3309 ab
2992 3255 3220 3309 homine
3245 3255 3527 3311 videretur

1925 3345 2205 3399 effectum.
2251 3344 2567 3399 Praesertim
2599 3342 2729 3413 quia
2756 3342 2815 3397 in
2858 3344 2962 3398 hac
3012 3344 3222 3398 virtute
3268 3343 3524 3399 Christus

1920 3433 2171 3497 insinuat
2199 3432 2346 3503 quod
2386 3433 2506 3502 ipse
2538 3432 2610 3486 sit
2655 3432 2826 3499 solus,
2878 3432 2976 3503 qui
3020 3449 3214 3488 omnes
3256 3434 3524 3489 elationes

1926 3522 2219 3592 prtesentis
2247 3521 2452 3584 saeculi,
2487 3526 2544 3574 et
2572 3536 2766 3574 omnes
2793 3522 2996 3575 tinctus
3034 3538 3137 3576 sua
3171 3522 3375 3576 virtute
3406 3523 3524 3576 cal-

1927 3617 2018 3663 cat
2044 3616 2100 3664 et
2129 3609 2464 3680 comprimit.
2495 3608 2625 3663 Ideo
2637 3608 2831 3662 debuit
2849 3608 2907 3662 in
2931 3610 3097 3663 Petro
3128 3610 3446 3675 monstrari,
3465 3611 3526 3665 in

1928 3715 2040 3752 uno
2070 3715 2135 3752 ac
2165 3696 2458 3767 singulari,
2484 3696 2618 3766 quid
2648 3696 2707 3749 in
2737 3696 2996 3751 omnibus
3035 3701 3171 3767 agit,
3216 3698 3311 3767 qui
3358 3714 3524 3752 suum

1929 3787 2226 3858 requirunt
2243 3784 2529 3849 auxilium,
2554 3784 2687 3837 dum
2711 3800 2954 3854 praesens
2978 3784 3213 3838 vertitur
3236 3786 3520 3840 saeculum.

1931 3876 2075 3942 Quia
2104 3877 2161 3930 in
2181 3876 2287 3929 hoc
2308 3874 2507 3928 saeculo
2536 3879 2808 3944 tanquam
2847 3873 2906 3927 in
2950 3873 3137 3944 aliquo
3174 3874 3317 3928 mari
3354 3875 3523 3945 positi

1930 3981 2144 4028 sumus,
2179 3963 2235 4017 in
2268 3979 2377 4033 quo
2400 3962 2593 4032 utique
2606 3961 2982 4032 spiritualium
3006 3962 3385 4032 nequitiarum
3405 3969 3523 4018 tur-

1928 4053 2087 4108 bines
2116 4051 2385 4124 quotidie,
2419 4057 2477 4104 et
2502 4050 2866 4121 impulsiones
2902 4050 3260 4120 gravissimas
3287 4052 3525 4108 sustine-

1930 4158 2075 4207 mus,
2106 4156 2232 4194 cum
2252 4139 2402 4194 omni
2424 4139 2796 4193 sollicitudine
2814 4139 3031 4209 jugiter
3056 4140 3412 4211 naufragium
3433 4140 3525 4195 fu-

1926 4230 2163 4302 gientes.
2192 4228 2353 4294 Quod
2380 4228 2541 4282 valde
2569 4233 2703 4282 tunc
2739 4227 2982 4283 maxime
3013 4230 3523 4300 pertimescendum

228 4323 465 4397 ligandi
497 4328 746 4395 potestas
777 4322 1126 4377 attribuitur.
1170 4322 1314 4386 Quia
1351 4339 1483 4393 ergo
1514 4322 1677 4389 alius,
1713 4340 1847 4394 erga
1866 4347 1915 4407 D
1933 4326 2036 4387 est,
2060 4335 2188 4374 cum
2208 4317 2506 4372 virtutibus
2528 4322 2585 4407 et
2604 4317 2888 4372 miraculis
2909 4335 3080 4388 supra
3099 4335 3201 4373 nos
3216 4319 3520 4374 elevamur.

229 4415 517 4469 timorem
547 4413 649 4467 Dei
679 4417 736 4465 et
763 4428 1013 4466 amorem
1037 4417 1153 4466 tam
1180 4412 1415 4466 idoneus
1459 4411 1758 4479 invenitur,
1800 4412 1847 4466 si
1888 4406 1895 4407 ί
1934 4406 3196 4479 ProptereadaturbeatissimoPaulostimulus
3211 4411 3525 4473 carnis,an-

230 4503 380 4559 huic
400 4501 572 4573 culpa
597 4500 875 4566 innuitur,
906 4500 1185 4572 precipue
1210 4500 1300 4555 cui
1329 4501 1449 4572 ipse
1469 4501 1739 4556 Dominus
1762 4506 1848 4555 te-

224 4590 582 4648 stimonium
603 4588 886 4644 reddidit?
908 4591 1021 4644 Nec
1050 4590 1225 4660 igitur
1267 4586 1470 4644 mirum
1515 4590 1648 4661 quia
1685 4590 1849 4644 multi

222 4679 536 4741 indociles,
569 4677 704 4732 dum
735 4677 817 4732 rei
840 4683 1011 4749 gestae
1023 4678 1298 4733 rationem
1322 4679 1846 4749 ignorant,laqueos

222 4766 574 4823 offensionis
604 4767 920 4832 incurrunt,
943 4772 1007 4821 ut
1034 4767 1268 4821 credant
1286 4767 1452 4821 ﬁdem
1484 4784 1672 4821 veram
1692 4768 1752 4822 in
1782 4784 1846 4821 eo

223 4873 355 4912 non
388 4855 565 4909 fuisse
596 4856 740 4925 quod
768 4855 978 4910 dictum
1001 4861 1087 4909 est
1108 4854 1177 4919 ei,
1229 4858 1447 4910 Modica:
1481 4859 1625 4923 ﬁdei,
1675 4872 1846 4924 quare

222 4946 554 4998 dubitasti?
580 4943 885 5014 PrOpterea
904 4960 1015 4998 non
1027 4944 1386 4998 considerant
1399 4945 1457 4998 hi
1469 4945 1611 4998 tales
1630 4944 1846 5015 magni-

223 5027 502 5083 tudinem
532 5027 711 5099 ipsius
741 5027 869 5082 ﬁdei
902 5045 1013 5100 qua
1037 5029 1247 5083 dictum
1287 5034 1388 5093 est,
1432 5030 1678 5092 Domine,
1711 5032 1760 5083 si
1790 5034 1848 5083 tu

223 5135 304 5183 es,
342 5119 488 5186 jube
509 5134 594 5170 me
620 5119 696 5170 ad
723 5123 771 5171 te
791 5121 977 5172 venire
1012 5134 1176 5187 super
1198 5135 1389 5187 aquas.
1413 5116 1617 5187 Utique
1645 5117 1741 5188 qui
1764 5116 1848 5171 di-

228 5207 337 5265 cit,
365 5203 514 5259 Jube
527 5222 637 5269 me,
662 5203 901 5260 credidit
936 5212 1287 5277 potestatem.
1327 5205 1530 5277 Ingens
1560 5222 1691 5275 ergo
1734 5206 1851 5259 haec

226 5293 555 5350 credulitas
585 5294 710 5359 fuit,
744 5301 808 5349 ut
835 5293 1031 5349 auiaci
1053 5295 1219 5356 saltu,
1251 5300 1308 5348 et
1322 5296 1391 5349 de
1420 5295 1546 5348 navi
1575 5294 1851 5365 intrepido

232 5384 548 5445 descensu,
604 5383 1040 5455 profundissimo
1069 5401 1128 5438 se
1173 5382 1426 5438 crederet
1462 5383 1756 5449 elemento,
1799 5388 1856 5438 et

233 5470 592 5535 inusitatam
644 5471 929 5544 gressibus
970 5473 1122 5535 viam
1160 5489 1391 5533 securus
1433 5472 1689 5530 intraret.
1730 5472 1856 5533 Non

1929 4502 2079 4567 θείας
2099 4496 2319 4553 Saltim:
2350 4496 2428 4563 (ΙΙ
2452 4495 2572 4550 Cor.
2609 4510 2706 4561 xu,
2728 4497 2798 4564 7),
2830 4494 2972 4550 sicut
2986 4494 3143 4550 ethic
3174 4512 3321 4551 nunc
3356 4497 3524 4552 Petro

1929 4594 2126 4639 ventus
2136 4582 2485 4650 tentationis,
2505 4581 2823 4636 utvirtusin
2840 4581 3165 4637 infirmitate
3177 4583 3520 4654 perﬁciatur;

1928 4677 2125 4739 θσιθ
2153 4671 2419 4742 quoniam
2449 4670 2650 4724 melius
2670 4675 2753 4724 est
2779 4668 2938 4725 nobis
2969 4670 3376 4742 interpellando
3400 4674 3525 4728 Do-

1928 4761 2145 4817 minum
2176 4759 2401 4814 liberari
2433 4775 2600 4829 quam
2629 4758 3036 4813 dissimulando
3062 4766 3119 4814 et
3146 4776 3258 4814 non
3287 4762 3517 4829 orando,

1930 4850 2174 4923 quinimo
2221 4846 2611 4918 superbiendo.
2645 4845 2955 4916 periculum
2986 4847 3184 4901 mortis
3212 4848 3518 4904 incurrere.

1932 4940 2074 5004 Quia
2104 4937 2407 5010 plurimum
2437 4934 2539 4989 sibi
2564 4934 2813 4989 humana
2848 4936 3141 5007 usurpatio
3164 4937 3399 4992 licentiae
3419 4939 3522 4992 da-

1932 5034 2036 5092 ret,
2063 5027 2110 5080 si
2147 5027 2405 5079 virtutem
2427 5041 2554 5078 cum
2584 5023 2699 5077 Deo
2723 5023 2982 5094 coepisset
3026 5025 3231 5080 habere
3268 5042 3524 5081 commu-

1933 5133 2083 5171 nem.
2119 5116 2186 5169 Et
2205 5115 2328 5168 ideo
2348 5115 2475 5185 jure
2501 5113 2681 5168 visum
2704 5120 2790 5167 est
2816 5113 2976 5169 nobis
3005 5116 3249 5178 Petrum,
3302 5115 3362 5169 in
3410 5133 3520 5187 quo

1934 5204 2313 5275 apostolorum
2338 5202 2585 5257 omnium
2600 5203 2786 5257 unitas
2806 5203 3246 5267 commendatur,
3266 5204 3403 5258 satis
3419 5205 3529 5260 dis-

1935 5292 2220 5365 pensative
2248 5309 2361 5363 prae
2380 5292 2583 5346 timore
2611 5309 2855 5347 mersum
2875 5292 3044 5347 fuisse
3067 5293 3256 5348 nimio.
3283 5300 3347 5347 ut
3362 5294 3528 5349 scire-

1937 5400 2062 5437 mus
2082 5380 2222 5435 nihil
2243 5381 2447 5436 nostris
2477 5381 2694 5436 actibus
2722 5399 2824 5436 nos
2861 5382 3107 5437 tn'buere
3145 5381 3366 5449 debere,
3427 5382 3525 5438 sed

1937 5476 2122 5533 totum
2134 5469 2270 5539 Deo,
2296 5470 2444 5551 quod
2454 5476 2604 5530 recte
2621 5470 2871 5545 gerimus
2899 5471 3197 5540 ascribere,
3242 5477 3300 5527 et
3324 5472 3384 5527 in
3411 5486 3526 5527 om-
