3888 6172
471 241 573 300 527
628 196 635 201 ν
1226 235 1281 289 S.
1322 228 1701 291 PASCHASII
1741 226 2100 282 RADBERTI
2141 227 2445 282 ABBATIS
2486 227 2986 283 CORBEIENSIS.
3582 240 3665 298 ωδ

466 364 633 420 nibus
661 364 763 419 Dei
782 364 1042 418 invocare
1061 359 1351 415 auxilium.
1373 357 1774 409 Verumtamen
1802 352 1947 422 quod
1963 351 2057 404 illo
2075 356 2119 413 Λ
2136 358 2491 421 gumentum.
2524 352 2599 407 Et
2628 354 2749 407 ideo
2775 370 2891 408 non
2922 353 3226 424 incongrue
3252 355 3542 428 increpatur
3558 363 3669 418 ﬁdes

464 455 804 525 trepidante,
833 452 1096 506 virtutem
1129 449 1198 502 ad
1225 464 1284 501 se
1304 445 1476 500 libere
1496 441 1853 514 perveniendi
1880 440 2065 494 Domi-
2147 441 2299 495 Petri
2326 442 2562 507 modica,
2599 443 2656 495 in
2678 443 3274 517 comparationemnta:
3286 448 3560 516 majestatis
3576 451 3671 518 Dei,

467 560 575 599 nus
604 559 717 598 non
737 540 1055 604 indulserit,
1083 554 1209 592 cum
1230 536 1282 589 ei
1314 534 1469 606 prius
1501 532 1689 586 venire
1727 530 1917 601 jussit,
1966 530 2063 583 sed
2145 530 2214 583 de
2244 548 2352 602 quo
2391 537 2477 585 est
2507 531 2663 595 ﬁdes,
2699 533 3009 603 praesertim
3055 550 3180 587 cum
3229 534 3311 588 his
3356 536 3550 592 casibus
3580 557 3673 594 cre-

465 649 695 687 manum
726 631 777 685 ei
798 629 1063 702 porrexit,
1079 627 1603 697 apprehensumque
1620 637 1747 674 eum
1769 618 2055 683 sustinuit,
2144 620 2351 673 scenda
2380 626 2437 673 et
2466 621 2769 674 nutrienda
2809 627 2936 675 erat
2955 622 3093 676 ﬁdes
3124 622 3271 677 Petri
3303 640 3465 695 usque
3484 627 3543 680 ad
3569 644 3673 682 con-

465 726 533 777 ut
559 737 730 793 supra
759 718 951 790 paucis
978 714 1242 788 pmmisi,
1272 712 1492 783 typicus
1521 710 1656 764 ordo
1687 708 1809 774 fuit,
1840 714 1905 761 ut
1924 708 2060 761 dex-
2141 710 2594 763 summationem.
2630 709 2697 764 Et
2722 710 2847 764 ideo
2877 710 3006 765 licet
3026 710 3083 764 in
3106 711 3426 782 quibusdam
3446 730 3502 768 ex
3516 716 3674 772 ardore

462 816 589 865 tera
615 808 715 864 Dei
740 807 1082 862 exaltaretur
1099 820 1133 857 a
1160 800 1442 865 ﬂuctibus,
1473 815 1595 871 quae
1627 798 1759 852 facit
1793 796 2057 850 virtutem
2141 813 2358 869 magnae
2378 798 2509 852 ﬁdei
2538 805 2688 853 erret
2712 799 2930 864 Petrus,
2958 805 3147 854 tamen
3164 800 3221 854 in
3244 801 3484 856 omnibus
3507 803 3676 860 ferven-

464 900 523 954 in
552 896 831 964 omnibus,
860 894 1126 967 quoniam
1156 890 1330 946 solius
1350 888 1573 944 Domini
1612 892 1699 942 est
1744 887 1918 940 virtus
1955 901 2058 939 sae-
2140 887 2252 941 tior
2276 887 2577 951 invenitur,
2609 887 2739 958 quia
2768 889 2827 941 in
2848 888 2968 959 ipso
2982 893 3069 943 est
3091 888 3512 947 formaomnium
3527 892 3576 947 in
3590 909 3674 964 quo

461 986 573 1043 culi
640 983 826 1041 motus
870 986 1349 1055 tempestatesque
1398 979 1632 1044 calcare,
1687 982 1745 1031 et
1785 992 1979 1030 omnes
2026 991 2060 1028 a
2140 976 2328 1031 unitas
2355 977 2612 1030 Ecclesiae
2640 977 3086 1032 commendatur.

459 1091 723 1149 pressura
743 1073 1122 1129 tentationum
1153 1070 1388 1141 eripere.
1419 1068 1582 1123 Solus
1610 1066 1760 1121 enim
1790 1081 2057 1136 passurus
2211 1065 2278 1119 Et
2305 1083 2430 1120 cum
2460 1068 2784 1120 ascendisset
2811 1069 2875 1120 in
2906 1069 3244 1133 naviculam,
3277 1072 3486 1123 cessavit
3505 1076 3675 1125 ventus.

457 1182 560 1237 pro
591 1164 873 1230 omnibus,
905 1162 1158 1217 omnium
1183 1164 1411 1233 peccata
1441 1158 1561 1229 ipse
1597 1156 1777 1220 solvit,
1817 1171 1919 1209 nec
1964 1170 2054 1208 so-
2142 1156 2249 1222 Qui
2266 1161 2451 1209 autem
2490 1158 2555 1209 in
2589 1158 2849 1209 navicula
2880 1162 3059 1223 erant,
3092 1164 3358 1212 venerunt
3393 1163 3437 1212 et
3469 1159 3679 1214 adorare-

457 1254 605 1310 cium
636 1253 742 1309 sibi
771 1258 1200 1321 consortemque
1224 1249 1392 1318 hujus
1405 1245 1590 1318 operis
1621 1244 1886 1311 admisit;
1914 1258 2054 1314 quo-
2140 1249 2277 1297 runt
2311 1260 2437 1298 eum
2467 1246 2701 1298 dicentes
2726 1263 2737 1298 :
2777 1246 2897 1299 Vere
2926 1248 3102 1299 Filius
3130 1247 3229 1300 Dei
3246 1262 3322 1304 es.
3361 1246 3421 1302 In
3440 1247 3677 1319 quoplane

456 1344 610 1399 niam
626 1342 900 1414 quidquid
928 1338 1279 1395 universitati
1295 1336 1572 1409 praestitit,
1602 1333 1954 1389 solummodo
1986 1331 2054 1385 ab
2140 1333 2430 1397 miraculo,
2460 1333 2604 1387 sicut
2631 1350 2802 1405 supra
2818 1334 3010 1405 paucis
3037 1335 3280 1399 ostendi,
3313 1336 3484 1390 omnis
3502 1337 3617 1391 ﬁdes
3634 1342 3677 1391 et

455 1433 578 1504 ipso
606 1431 732 1493 fuit,
764 1432 845 1485 ita
874 1436 941 1485 ut
963 1446 1090 1484 cum
1121 1432 1270 1483 esset
1297 1443 1443 1481 unus
1483 1442 1547 1479 ac
1592 1422 1893 1494 singularis
1935 1422 2054 1493 ipse
2136 1422 2272 1476 ordo
2301 1422 2632 1493 designatur
2659 1422 2933 1487 Ecclesiae,
2968 1423 3025 1478 in
3043 1440 3151 1494 quo
3169 1430 3417 1496 tempore
3436 1441 3677 1497 quousque

453 1521 767 1591 redemptio
807 1519 1215 1582 universorum,
1267 1516 1514 1588 primum
1549 1514 1777 1568 Petrum
1819 1511 2055 1565 redime-
2136 1512 2328 1565 redeat
2359 1512 2416 1565 in
2441 1512 2610 1567 ﬁnem
2640 1512 2828 1566 saeculi
2873 1513 3119 1567 Ecclesia
3150 1514 3339 1569 multis
3382 1514 3679 1585 periclitatur

451 1615 559 1677 ret,
592 1616 648 1665 et
676 1609 919 1664 calcaret
954 1606 1162 1672 omnia,
1190 1605 1381 1676 sicque
1416 1605 1642 1658 demum
1693 1603 1892 1656 Petrus
1934 1600 2053 1671 ipse
2136 1600 2417 1655 ﬂuctibus.
2453 1603 2520 1655 Et
2538 1602 2698 1655 Jesus
2734 1602 2999 1672 gradiens
3034 1619 3205 1673 super
3244 1604 3419 1659 undas
3458 1603 3622 1669 maris,
3654 1619 3680 1659 a

451 1698 556 1755 Dei
576 1698 782 1754 auxilio
804 1698 1019 1753 levatus
1048 1700 1263 1767 martyr
1293 1697 1627 1759 occurreret,
1669 1707 1785 1761 non
1824 1705 2048 1744 accessu
2069 1715 2115 1775 B
2134 1689 2562 1760 quamplurimis
2589 1690 2925 1760 phantasma
2939 1707 3059 1745 esse
3087 1696 3337 1763 putatur.
3356 1692 3487 1747 Hinc
3499 1708 3679 1764 quoque

449 1786 715 1859 indignus
736 1792 831 1859 qui
870 1786 1085 1841 caeteris
1114 1785 1223 1839 ﬁde
1267 1782 1535 1848 anteibat,
1580 1781 1676 1835 sed
1718 1779 2048 1851 probatione
2129 1778 2189 1832 in
2205 1785 2404 1849 quarta
2435 1778 2624 1850 vigilia
2653 1779 2829 1833 noctis
2859 1779 3000 1834 bene
3046 1780 3263 1836 venisse
3302 1781 3511 1844 dicitur,
3543 1797 3678 1853 quam

448 1892 514 1932 ac
542 1875 1009 1947 multiplicatione
1027 1873 1249 1928 virtutis
1276 1873 1583 1927 instructus
1604 1887 1670 1924 ac
1701 1870 2046 1938 gloriﬁcatus
2127 1868 2480 1939 particulam,
2509 1885 2698 1939 supra,
2732 1869 2898 1923 ﬁdem
2932 1869 3109 1924 noctis
3140 1887 3261 1925 esse
3280 1871 3614 1925 ostendimus.
3630 1870 3677 1926 In

448 1965 730 2037 Operibus,
764 1970 832 2019 ut
873 1964 1013 2018 alios
1052 1963 1313 2017 anteiret.
1359 1960 1537 2032 Igitur
1581 1959 2044 2030 qualitercunque
2127 1974 2237 2028 qua
2267 1973 2399 2011 sane
2428 1957 2620 2027 vigilia
2648 1974 2774 2012 cum
2806 1958 3096 2013 advenerit
3134 1959 3391 2014 Christus
3422 1958 3487 2013 ob
3527 1964 3678 2014 tenta-

444 2053 666 2120 Petrus,
694 2058 794 2108 aut
812 2070 877 2107 ex
906 2052 1194 2124 mysterio,
1225 2055 1325 2105 aut
1367 2067 1434 2103 ex
1480 2048 1810 2102 inﬁrmitate
1853 2046 2040 2117 prola-
2123 2045 2303 2099 tiones
2332 2045 2683 2110 Antichristi,
2717 2045 3101 2101 nutabundam
3131 2048 3292 2102 valde
3321 2055 3378 2103 et
3396 2047 3677 2117 naufragam

444 2157 579 2215 psus
593 2142 685 2209 sit,
711 2147 1131 2196 constattamen
1152 2141 1211 2194 in
1227 2156 1313 2198 eo.
1338 2138 1469 2210 quia
1481 2154 1673 2191 verum
1693 2152 1894 2206 corpus
1910 2135 2035 2189 fuit.
2122 2133 2368 2188 inveniet
2395 2135 2715 2200 Ecclesiam,
2756 2135 3023 2190 ﬂantibus
3059 2136 3308 2207 undique
3338 2137 3528 2192 ventis.
3572 2135 3678 2199 Qua

444 2231 517 2286 Et
560 2231 606 2285 si
650 2230 769 2302 ipse
816 2229 1207 2284 tantummodo
1247 2244 1413 2281 verus
1451 2227 1618 2281 homo
1657 2241 1827 2295 super
1864 2240 2039 2295 aquas

438 2324 594 2374 recto
623 2319 843 2373 incessu
874 2319 956 2373 ire
980 2318 1183 2390 potuit,
1218 2317 1394 2370 multo
1412 2315 1592 2386 magis
1609 2310 1757 2369 Deus
1779 2319 1835 2368 et
1846 2314 2033 2378 homo,

440 2423 553 2464 non
579 2407 935 2478 phantasma,
957 2407 1054 2461 sed
1084 2405 1287 2461 veritas
1324 2404 1448 2468 fuit,
1502 2403 1598 2475 qui
1640 2419 1750 2457 non
1786 2401 1938 2456 aliud
1977 2402 2037 2456 in

434 2502 676 2569 utraque
714 2502 915 2553 natura
938 2512 1108 2568 quam
1130 2511 1291 2550 verus
1310 2495 1472 2549 Jesus
1510 2492 1767 2547 Christus
1800 2491 1929 2548 fuit.
1970 2492 2038 2546 Et

428 2585 555 2641 ideo
596 2603 762 2642 nemo
797 2587 866 2641 de
916 2587 1122 2641 virtute
1165 2585 1485 2639 inﬁrmetur
1543 2600 1669 2637 cum
1734 2580 2031 2648 haereticis,

432 2692 599 2732 nemo
639 2676 709 2731 de
753 2675 989 2731 veritate
1032 2673 1218 2730 carnis
1258 2674 1561 2728 falsitatem
1599 2671 1707 2726 sibi
1753 2672 2037 2742 conﬁngat

436 2765 586 2839 quod
613 2766 833 2838 pondus
862 2781 975 2820 non
999 2764 1281 2830 habuerit,
1330 2779 1488 2817 nemo
1534 2761 1603 2815 de
1636 2760 1927 2815 divinitate
1975 2760 2034 2814 in

435 2855 659 2910 Christo
685 2854 923 2909 dubitet.
963 2855 1201 2919 Medicas,
1246 2852 1450 2921 inquit,
1495 2852 1623 2918 ﬁdei
1667 2865 1840 2918 quare
1877 2851 2034 2903 dubi-

436 2947 567 2998 tasti
588 2949 612 2996 ν
639 2942 800 3007 Quod
829 2943 876 2996 si
896 2942 1062 2996 Petro
1084 2943 1187 2995 hoc
1207 2946 1355 2995 recte
1381 2939 1603 3004 dicitur,
1636 2937 1725 2992 cui
1770 2938 1927 3005 ﬁdes,
1968 2943 2033 2992 ut

434 3030 516 3086 ita
544 3030 748 3096 dicam,
783 3028 1236 3100 incomparabilis
1264 3028 1414 3082 inter
1450 3027 1590 3081 alios
1619 3024 1865 3090 emicuit,
1895 2997 2089 3097 quidC

433 3124 601 3191 putas
626 3118 697 3172 de
715 3118 876 3172 nobis
901 3118 1136 3182 dicetur,
1163 3117 1259 3188 qui
1286 3133 1389 3171 nec
1402 3116 1676 3170 modicam
1706 3115 1875 3184 hujus
1901 3114 2027 3169 ﬁdei

432 3207 770 3280 particulam
790 3206 998 3263 habere
1021 3205 1366 3278 probamur?
1388 3206 1495 3269 Qui
1516 3205 1586 3258 ad
1610 3203 1889 3258 modicum
1907 3204 2030 3257 ideo

434 3297 642 3352 tentari
672 3296 1036 3370 permittitur,
1064 3301 1129 3350 ut
1148 3296 1271 3365 ejus
1292 3295 1428 3348 ﬁdes
1455 3294 1523 3348 de
1570 3294 1898 3347 inﬁrmitate
1935 3310 2031 3346 au-

432 3392 653 3457 geatur,
707 3394 765 3441 et
809 3386 985 3440 virtus
1025 3384 1233 3439 Christi
1291 3383 1583 3439 sublimior
1635 3382 1705 3436 de
1754 3381 2028 3437 subventu

432 3475 794 3547 praedicetur.
832 3473 1011 3528 Nemo
1034 3478 1227 3540 (κιο
1247 3473 1420 3543 igitur
1439 3473 1712 3526 modicam
1736 3477 1922 3543 potest
1940 3489 2030 3526 vo-

432 3580 561 3623 care
588 3566 756 3620 ﬁdem
803 3565 976 3631 Petri,
1008 3563 1104 3635 qui
1147 3580 1341 3618 omnes
1378 3563 1438 3616 in
1479 3563 1588 3616 ﬁde
1626 3561 1832 3632 ubique
1876 3567 2030 3616 ante-

434 3656 604 3712 cellit.
638 3656 816 3711 Nemo
841 3660 1030 3708 tamen
1069 3658 1255 3724 potest
1278 3668 1484 3723 negare
1528 3652 1806 3722 exiguam,
1860 3668 2028 3722 quem

431 3745 703 3801 Dominus
732 3744 962 3800 modica:
990 3743 1120 3797 ﬁdei
1138 3742 1307 3797 fuisse
1335 3742 1610 3813 culpando
1631 3741 1900 3812 increpat.
1918 3742 2025 3795 Ta-

430 3852 564 3891 men
613 3836 752 3891 ﬁdes
800 3852 922 3907 quae
962 3849 1133 3905 supra
1177 3849 1353 3903 grano
1391 3831 1601 3903 sinapis
1645 3836 2021 3902 comparatur,

431 3924 570 3979 ﬁdes
598 3924 851 3979 omnium
873 3923 1255 3994 apostolorum
1285 3926 1388 3988 est,
1423 3930 1479 3975 et
1523 3920 1741 3974 modica
1784 3918 2020 3986 videtur,

432 4027 555 4081 quae
577 4013 740 4081 juxta
776 4012 1151 4081 quantitatem
1186 4026 1362 4081 grano
1403 4010 1600 4081 exiguo
1643 4014 2019 4080 comparatur.

431 4098 575 4162 Quid
599 4099 773 4168 igitur
793 4098 1049 4163 dicimus,
1077 4099 1332 4169 nunquid
1352 4099 1668 4153 Chananaea
1696 4098 1793 4152 illa
1820 4098 2025 4153 mulier

430 4187 705 4255 majorem
736 4186 907 4241 ﬁdem
925 4185 1185 4241 habuisse
1212 4186 1461 4241 creditur
1490 4204 1659 4258 quam
1687 4189 1910 4257 Petrus,
1932 4188 2022 4242 cui

2124 2222 2247 2277 ideo
2278 2230 2479 2294 quarta
2500 2224 2724 2289 dicitur,
2754 2225 2885 2296 quia
2910 2226 3092 2295 prima
3119 2225 3226 2280 fuit
3254 2227 3391 2297 legis
3418 2225 3604 2297 vigilia,
3629 2225 3678 2278 in

2122 2329 2233 2384 qua
2256 2313 2342 2367 lex
2371 2313 2505 2367 data
2534 2319 2620 2367 est
2652 2314 2895 2368 secunda
2911 2315 3520 2386 prophetarum,63|
3543 2313 3679 2369 tertia

2119 2401 2296 2473 ipsius
2320 2402 2546 2457 Domini
2565 2403 2858 2461 adventus.
2877 2410 3079 2474 quarta
3098 2421 3227 2459 vero
3244 2405 3473 2471 reditus,
3494 2403 3679 2475 quando

2117 2497 2386 2546 venturus
2416 2492 2572 2546 estin
2603 2493 2877 2555 claritate,
2901 2492 3130 2548 calcatis
3158 2494 3420 2549 omnibus
3448 2507 3676 2549 aurarum

2118 2579 2384 2643 motibus,
2417 2580 2641 2651 quando
2668 2581 2913 2636 inveniet
2949 2582 3172 2649 fessam,
3207 2589 3269 2638 et
3299 2583 3527 2638 nimium
3553 2580 3679 2636 labo-

2117 2675 2335 2723 rantem
2361 2676 2592 2741 propter
2610 2670 2939 2725 Antichristi
2968 2671 3358 2744 impulsiones.
3394 2674 3455 2729 In
3469 2688 3570 2744 qua
3592 2671 3680 2725 ita-

2118 2774 2226 2828 que
2263 2759 2574 2813 tentatione
2600 2759 2779 2813 anxiis
2807 2766 3004 2814 vexata
3033 2760 3242 2816 Christi
3278 2762 3514 2817 Ecclesia
3534 2756 3683 2815 ﬂucti-

2115 2845 2239 2909 bus,
2273 2847 2342 2901 ad
2372 2864 2597 2902 omnem
2622 2849 2996 2904 tentationum
3033 2851 3341 2906 novitatem
3366 2850 3528 2906 nimis
3549 2847 3681 2904 solli-

2114 2935 2224 2989 cita
2253 2937 2380 3003 erit,
2413 2937 2495 2991 ita
2516 2943 2580 2991 ut
2619 2937 2677 2991 in
2713 2938 2937 2993 Domini
2986 2939 3158 2994 etiam
3198 2940 3499 2996 adventum
3541 2953 3681 3010 expa-

2112 3040 2334 3081 vescere
2359 3026 2601 3093 dicatnr,
2633 3033 2863 3098 propter
2898 3027 3067 3082 falsas
3096 3045 3290 3084 rerum
3319 3029 3598 3101 imagines,
3632 3029 3682 3081 et

2113 3114 2448 3187 subreptitia
2475 3117 2532 3171 in
2565 3117 2739 3171 oculis
2778 3117 3092 3188 fragmenta
3125 3119 3556 3175 mendaciorum.
3591 3113 3682 3172 Sed

2112 3205 2293 3260 bonus
2326 3207 2598 3261 Dominus
2629 3207 2819 3261 statim
2847 3207 3030 3262 aderit
3050 3207 3187 3274 suis,
3220 3216 3281 3263 et
3299 3207 3588 3264 illustrabit
3604 3222 3682 3260 eos

2111 3312 2242 3349 voce
2256 3295 2671 3359 consolationis,
2692 3302 2755 3352 ut
2775 3296 3037 3351 ﬁduciam
3051 3296 3319 3364 habeant,
3337 3298 3681 3367 timoremque

2110 3384 2410 3455 depellant.
2443 3385 2656 3450 Quibus
2684 3386 2879 3457 procul
2916 3386 3086 3440 dubio
3126 3385 3427 3458 inspirabit
3446 3387 3600 3441 ﬁdem
3635 3384 3683 3438 in

2112 3475 2319 3541 animo,
2352 3474 2716 3547 dicturusque
2765 3481 2869 3542 est,
2918 3476 3027 3543 Ego
3071 3492 3215 3543 sum,
3264 3492 3338 3531 ne
3388 3470 3685 3531 Antichristi

2113 3561 2454 3641 seducantur
2479 3563 2780 3619 erroribus.
2814 3562 2888 3618 Et
2911 3563 3015 3618 hoc
3063 3570 3151 3619 est
3195 3564 3270 3632 ei,
3317 3564 3605 3620 ascendere
3636 3561 3684 3615 in

2111 3669 2331 3720 navem,
2364 3655 2630 3725 quoniam
2658 3671 2786 3708 mox
2818 3654 3059 3709 adventu
3091 3670 3193 3709 suo
3221 3660 3455 3710 ventum
3493 3665 3683 3709 cessare

2109 3742 2291 3809 faciet,
2328 3748 2385 3797 et
2413 3743 2663 3813 quiescet
2688 3760 2843 3798 mare
2872 3761 2907 3797 a
2932 3745 3147 3799 fervore
3179 3744 3527 3808 tentationis,
3575 3740 3683 3796 erit-

2110 3848 2217 3902 que
2245 3849 2351 3903 pax
2380 3837 2436 3887 et
2465 3833 2844 3905 tranquillitas
2874 3849 3099 3904 magna.
3133 3833 3410 3906 Deinceps
3440 3849 3560 3888 cum
3587 3830 3681 3884 cla-

2107 3919 2246 3975 ritas
2290 3927 2501 3976 aeterna
2546 3922 2851 3989 refulserit,
2906 3928 2963 3976 et
3002 3921 3123 3993 ipse
3170 3923 3505 3978 manifestus
3546 3919 3685 3975 adve-

2106 4009 2272 4076 nerit,
2304 4015 2437 4065 tunc
2453 4027 2675 4083 quoque
2698 4012 3042 4066 admirantes
3063 4011 3265 4066 dicturi
3284 4018 3422 4067 sunt
3441 4007 3679 4074 universi,

2106 4100 2239 4171 quia
2266 4116 2394 4155 vere
2421 4101 2591 4155 Filius
2618 4100 2721 4155 Dei
2746 4107 2848 4156 est.
2887 4100 3171 4155 Confessio
3215 4101 3369 4156 enim
3420 4100 3683 4157 universo-

2102 4206 2228 4245 rum
2254 4195 2368 4244 tam
2401 4189 2657 4244 absoluta
2675 4195 2733 4244 et
2762 4188 2983 4261 publica
3012 4189 3136 4254 erit,
3181 4190 3410 4260 quando
3434 4191 3551 4261 jam
3588 4201 3683 4242 non

430 4272 637 4378 dicitur
660 4293 672 4328 :
696 4275 748 4378 ‘0
775 4277 1000 4378 mulier,
1035 4291 1240 4344 magna
1266 4280 1340 4328 est
1369 4278 1497 4341 ﬁdes
1521 4281 1617 4329 tua
1638 4282 1661 4328 Ρ
1684 4279 1895 4344 (Matth.
1930 4294 2017 4342 xv,
2039 4320 2086 4378 D
2104 4296 2169 4333 ex
2198 4287 2377 4350 parte,
2410 4279 2508 4334 sed
2524 4296 2589 4333 ex
2617 4284 2736 4333 toto
2764 4278 2905 4333 facie
2930 4278 2999 4332 ad
3018 4278 3219 4334 faciem
3246 4279 3685 4350 videbiturjuxta

429 4359 539 4433 28.)
572 4363 750 4418 Credo
771 4362 919 4436 quod
946 4380 1112 4418 nemo
1144 4364 1250 4417 hoc
1266 4363 1473 4418 audeat
1499 4380 1769 4418 asserere.
1807 4365 2019 4420 Idcirco
2040 4359 2432 4439 "Apostolum
2469 4369 2617 4441 quod
2638 4368 2943 4440 perfectum
2974 4374 3085 4436 est;
3114 4368 3341 4440 quando
3364 4369 3468 4425 Dei
3495 4367 3684 4423 Filium

429 4453 761 4524 quaerendus
787 4458 874 4508 est
898 4452 1097 4508 modus
1126 4452 1528 4523 intelligentiae,
1544 4453 1848 4509 secundum
1870 4454 2020 4526 quod

426 4541 551 4611 ejus
578 4542 798 4597 modica
826 4543 1044 4597 dicatur
1074 4542 1230 4608 ﬁdes,
1267 4541 1362 4614 qui
1390 4542 1450 4597 in
1476 4541 1733 4598 omnibus
1747 4542 2019 4598 ardentis-

425 4628 601 4685 simus
629 4631 738 4686 ﬁde
777 4632 1158 4686 acdilectione
1186 4632 1539 4703 praedicatur.
1589 4633 1725 4688 Ecce
1782 4633 2017 4688 interro-

421 4718 569 4789 gatis
589 4719 873 4792 discipulis
900 4736 1068 4792 quem
1088 4738 1208 4776 esse
1236 4721 1489 4776 dicerent
1514 4722 1542 4776 J
1547 4738 1725 4789 esum,
1756 4723 1873 4794 ipse
1901 4737 2033 4793 prae'

423 4806 683 4862 omnibus
706 4810 1030 4867 conﬁtetur.
1073 4812 1150 4865 Tu
1176 4804 1264 4872 Aes,
1303 4811 1506 4883 inquit,
1558 4813 1733 4866 Filius
1766 4814 1864 4866 Dei
1899 4813 2015 4865 viri

416 4897 637 4969 (Matth.
671 4911 782 4963 xvx,
816 4895 925 4967 l6).
951 4898 1041 4953 Sic
1067 4898 1260 4971 itaque
1287 4901 1417 4955 etin
1448 4901 1660 4955 caeteris
1700 4901 1836 4954 locis
1883 4916 2012 4954 eum

417 5001 641 5057 semper
667 4986 1115 5058 praestantiorem
1148 4988 1399 5044 invenies
1427 4990 1554 5043 ﬁde.
1587 4989 1839 5060 Denique
1880 4988 2010 5042 talis

416 5078 687 5146 tantaque
713 5073 869 5139 ﬁdes,
896 5090 1220 5145 quanquam
1250 5081 1397 5130 recte
1428 5094 1632 5149 magna
1650 5078 1912 5131 credatur
1950 5077 2009 5132 in

413 5164 829 5235 comparatione
861 5169 1142 5218 tantarum
1174 5181 1365 5218 rerum
1393 5184 1632 5236 quarum
1662 5173 1747 5221 est
1761 5167 1917 5235 ﬁdes,
1949 5173 2008 5221 et

406 5252 571 5322 juxta
591 5253 1035 5324 magnitudinem
1057 5270 1271 5320 earum,
1298 5259 1361 5307 ut
1382 5255 1765 5325 mihividetur,
1786 5257 2005 5312 modica

411 5347 497 5395 est
524 5343 692 5419 ﬁdes;
720 5343 851 5414 quia
872 5343 1008 5397 ﬁdes
1047 5348 1133 5397 est
1157 5343 1564 5413 sperandarum
1604 5354 2002 5418 argumentum

408 5444 601 5487 rerum
619 5448 734 5488 non
761 5432 1155 5506 apparentium
1181 5433 1363 5503 gHebr.
1396 5449 1474 5500 xx,
1504 5436 1555 5504 1)
1589 5453 1602 5501 ;
1634 5443 1692 5490 et
1720 5453 1886 5492 omne
1906 5453 1998 5491 ar-

407 5526 742 5598 gumentum
768 5522 957 5584 minus
978 5525 1066 5581 est
1091 5536 1286 5582 earum
1304 5536 1514 5592 rerum,
1537 5538 1777 5595 quarum
1804 5529 1890 5583 est
1909 5538 1999 5582 ar-

2094 4458 2215 4528 jam
2227 4475 2339 4513 non
2359 4458 2418 4512 in
2448 4458 2767 4513 humilitate
2795 4473 3082 4529 corporea,
3116 4457 3215 4512 sed
3242 4457 3302 4512 in
3351 4457 3603 4513 claritate
3635 4457 3685 4509 et

2097 4547 2276 4618 gloria
2305 4564 2472 4618 quam
2500 4546 2669 4602 habet
2698 4564 2826 4602 cum
2871 4548 3056 4613 Patre,
3112 4546 3295 4601 omnis
3341 4546 3587 4603 Ecclesia
3618 4542 3684 4597 vi-

2097 4634 2252 4689 debit
2278 4642 2620 4703 sanctorum,
2652 4641 2710 4691 et
2734 4635 2993 4691 adorabit
3016 4652 3145 4690 eum
3175 4636 3234 4691 in
3271 4637 3481 4692 saecula
3524 4648 3681 4690 saecu-

2098 4724 2300 4778 lorum.
2335 4725 2498 4779 Nunc
2534 4730 2724 4780 autem
2765 4726 2942 4780 donec
2985 4724 3115 4780 hinc
3150 4724 3282 4779 inde
3315 4730 3561 4798 Surgunt
3594 4725 3685 4777 ﬁu-

2096 4819 2235 4877 ctus,
2262 4818 2319 4867 et
2346 4818 2710 4884 tempestates
2740 4815 2994 4879 saeviunt,
3028 4814 3158 4868 licet
3184 4813 3391 4869 veritas
3422 4815 3545 4869 luce
3579 4811 3682 4867 cla-

2095 4901 2211 4956 rius
2250 4903 2369 4972 jam
2412 4910 2622 4973 pateat,
2656 4903 2838 4958 adhuc
2861 4920 2895 4957 a
2931 4902 3124 4957 multis
3159 4902 3329 4974 (quod
3376 4904 3543 4974 pejus
3591 4900 3680 4966 est)

2094 4991 2265 5044 etiam
2292 4992 2679 5045 ecclesiasticis
2698 4992 2726 5045 J
2732 5008 2859 5047 esus
2883 4992 3218 5063 phantasma
3246 4990 3420 5045 fuisse
3439 4994 3679 5063 putatur,

2092 5080 2225 5135 dum
2253 5081 2503 5137 credunt,
2531 5088 2631 5136 aut
2648 5097 2761 5135 non
2788 5098 2982 5135 verum
3017 5097 3219 5152 corpus
3256 5079 3539 5144 habuisse,
3595 5081 3685 5133 aut

2086 5169 2134 5224 si
2163 5170 2377 5229 habuit.
2409 5187 2522 5224 non
2551 5187 2680 5224 eum
2716 5186 2908 5224 verum
2934 5169 3033 5224 Dei
3068 5170 3273 5225 Filium
3288 5185 3431 5235 esse,
3455 5168 3541 5223 vel
3568 5182 3684 5239 pro-

2085 5259 2701 5330 prium.Sedcatholica
2740 5259 2877 5313 ﬁdes
2918 5265 3225 5331 utrumque
3263 5259 3585 5322 conﬁtetur,
3632 5259 3685 5310 et

2083 5350 2374 5420 prOprium
2400 5349 2498 5403 Dei
2528 5349 2732 5404 Filium
2755 5366 2819 5403 ac
2848 5365 3063 5414 verum,
3088 5348 3251 5404 sicuti
3282 5348 3388 5401 hoc
3411 5347 3535 5402 loco
3563 5359 3681 5399 con-

2082 5434 2214 5491 fessi
2241 5445 2376 5492 sunt
2401 5438 2657 5510 apostoli,
2692 5444 2750 5494 et
2779 5438 2876 5512 qui
2907 5455 3035 5495 cum
3065 5438 3200 5511 ipsis
3239 5441 3402 5493 erant
3446 5434 3509 5491 in
3539 5431 3678 5500 navi,

2081 5524 2216 5598 quia
2239 5542 2399 5584 verus
2418 5528 2518 5585 Dei
2537 5527 2712 5586 Filius
2740 5544 2812 5598 es,
2845 5533 2903 5587 et
2938 5543 3135 5586 verum
3180 5541 3379 5601 corpus
3415 5522 3680 5583 habuisse
