3888 6172
241 278 360 336 529
1027 285 1408 343 EXPOSITIO
1448 289 1527 344 IN
1562 288 2008 348 MA’ITHIEUM.
2029 318 2095 330 —
2124 288 2261 343 LIB.
2305 287 2427 354 VII,
2464 286 2621 342 CAP.
2655 286 2774 341 XV.
3427 286 3538 347 530

237 407 525 464 catholico
548 411 922 482 praedicatur;
955 412 1102 483 quod
1129 416 1188 466 et
1230 414 1449 484 pondus
1472 415 1751 485 habuerit,
1782 421 1848 472 ut
1863 420 1907 478 Α
1936 415 2081 470 sicut
2106 418 2164 469 et
2190 418 2385 469 nostra
2410 413 2508 484 qui
2534 428 2665 467 eum
2692 428 2985 485 nunquam
3011 411 3323 472 vidimusin
3343 430 3533 477 carne.

237 496 685 569 dixi,gravitatis
704 501 914 573 absque
944 506 1192 573 peccato,
1226 508 1283 556 et
1312 520 1454 557 onus
1494 521 1847 577 corporeum,
1930 505 2089 560 Unde
2105 504 2415 576 perpendat
2426 502 2725 573 prudentia
2739 502 3416 574 vestra,quamsignanter
3429 502 3530 570 ait,

234 591 299 640 et
347 603 478 642 cum
526 590 775 660 pondere
818 601 986 662 atque
1026 608 1195 646 onere
1240 594 1515 663 corporali
1558 594 1850 650 incesserit
1929 594 2067 650 Cum
2088 596 2454 661 cognovissent
2475 608 2600 646 eum
2620 595 2735 645 viri
2755 594 2859 646 toci
2874 594 3334 651 ittius,miserunt
3350 595 3412 646 in
3426 595 3536 646 uni
3638 650 3644 656 ,

236 692 421 747 super
446 694 626 749 aquas
679 696 793 734 non
837 680 1037 735 infusis
1066 680 1319 753 pedibus,
1351 682 1497 737 sicut
1524 684 1747 754 proprie
1776 685 1846 739 de
1928 697 2141 736 versam
2172 685 2450 749 regionem
2481 684 2662 746 illam,
2694 686 2743 734 et
2768 683 3087 735 obtulerunt
3114 684 3166 735 ei
3183 698 3367 736 omnes
3386 684 3531 736 male

234 764 348 820 hac
378 783 444 821 re
472 767 774 840 Dionysius
801 770 1059 841 egregius
1087 770 1236 825 inter
1263 771 1506 842 reliquos
1530 772 1726 827 doctor
1753 790 1844 827 ec-
1934 772 2204 825 habentes.
2230 770 2386 825 Sicut
2404 775 2462 825 et
2478 770 2644 824 modo
2667 769 2797 824 facit
2818 769 3082 836 Ecclesia,
3106 776 3155 825 et
3186 776 3387 839 rogant
3405 786 3534 825 eum

233 854 591 911 clesiasticus
618 858 679 912 in
708 860 989 930 opusculis
1031 860 1100 914 de
1128 860 1329 914 divinis
1363 861 1698 916 Nominibus
1724 879 1853 917 con-
1933 866 1994 914 ut
2015 862 2298 926 ﬁmbriam
2323 862 2631 913 vestimenti
2659 863 2774 928 ejus
2812 864 3064 926 tangant,
3100 858 3197 914 ubi
3225 859 3372 914 mira
3395 859 3535 916 ﬁdes

233 944 499 1012 tradidit,
551 952 611 1000 et
638 948 954 1019 conscripta
1004 948 1166 1003 nobis
1196 948 1441 1020 reliquit.
1478 951 1625 1021 quod
1669 957 1727 1006 et
1753 952 1850 1006 alii
1932 948 2270 1020 praedicatur
2317 949 2803 1003 Genesarenorum
2841 952 2899 1001 et
2948 948 3222 1012 Ecclesia,
3268 964 3392 1019 qua
3420 965 3535 1004 non

234 1033 543 1089 ﬁrmavere
569 1035 844 1091 doctores.
878 1037 1082 1092 Scribit
1128 1038 1278 1093 enim
1308 1038 1390 1092 ita
1416 1038 1563 1093 inter
1591 1046 1793 1095 catera
1834 1060 1845 1095 :
1932 1039 2111 1092 solum
2143 1045 2407 1092 contenta
2425 1037 2484 1090 in
2512 1053 2742 1091 suorum
2770 1036 3125 1099 sanitatibus,
3140 1054 3335 1091 verum
3362 1037 3539 1093 etiam

233 1123 581 1193 Ignoramus
611 1126 854 1197 qualiter
878 1127 948 1180 de
969 1127 1215 1197 virgineo
1236 1128 1527 1198 sanguine,
1542 1131 1853 1196 qgazalia
1935 1127 2006 1181 ad
2050 1128 2341 1181 universos
2388 1125 2578 1190 mittit,
2624 1131 2687 1179 ut
2718 1126 2940 1180 veniant
2967 1132 3025 1180 et
3051 1132 3338 1180 curentur.
3370 1126 3531 1181 Unde

232 1210 385 1282 lege,
410 1218 619 1283 prater
646 1216 983 1281 naturalem,
1018 1216 1383 1281 formabatur,
1408 1223 1466 1271 et
1479 1218 1720 1288 qualiter
1738 1236 1851 1275 non
1934 1233 2103 1287 quam
2130 1216 2269 1271 bene
2295 1216 2545 1270 Genesar
2568 1220 2720 1268 ortus
2744 1217 3095 1284 principium
3124 1215 3337 1271 dicitur
3355 1214 3533 1271 inter-

232 1298 447 1355 infusis
496 1303 753 1373 pedibus,
811 1305 1097 1375 corporale
1146 1304 1364 1376 pondus
1411 1305 1747 1361 habentibus
1794 1315 1851 1363 et
1929 1306 2159 1377 pretari,
2196 1305 2463 1376 quoniam
2490 1321 2591 1375 per
2630 1304 2783 1358 illam
2828 1303 3171 1374 primitivam
3203 1305 3528 1372 Ecclesiam,

232 1390 541 1446 materiale
559 1408 720 1455 onus,
743 1393 1137 1448 deambulabat
1164 1395 1432 1449 mundam
1446 1401 1502 1449 et
1529 1396 1848 1453 instabilem
1932 1412 2055 1466 qua
2083 1395 2142 1449 in
2174 1394 2447 1466 principio
2473 1410 2604 1448 eum
2627 1393 2766 1447 vidit
2793 1392 2903 1446 ﬁde
2922 1398 2978 1447 et
2997 1392 3304 1459 intellectu,
3333 1394 3393 1449 in
3421 1410 3534 1466 qua

230 1478 644 1536 substantiam.
677 1481 785 1538 Ubi
813 1483 1059 1537 ostendit
1085 1483 1347 1555 prafatus
1374 1485 1569 1540 doctor
1593 1486 1676 1541 ita
1719 1504 1846 1542 eum
1932 1488 2089 1538 ortus
2119 1489 2203 1538 est
2233 1483 2507 1549 Christus,
2531 1488 2589 1537 et
2617 1481 2689 1536 de
2715 1498 2825 1553 qua
2853 1481 2974 1536 nati
2999 1486 3133 1536 sunt
3158 1482 3415 1552 apostoli,
3446 1498 3535 1537 co-

229 1567 585 1634 ambulasse,
633 1576 691 1624 et
732 1572 1095 1643 Evangelium
1125 1573 1229 1627 hoc
1257 1572 1477 1645 probat,
1512 1592 1615 1629 nec
1645 1593 1847 1648 corpus
1927 1573 2121 1644 gnitus
2150 1578 2236 1627 est
2259 1573 2318 1628 in
2346 1572 2555 1627 mundo
2586 1578 2643 1627 et
2664 1572 2944 1639 creditus;
2989 1571 3220 1643 ipsaque
3278 1570 3434 1625 misit
3474 1570 3537 1626 in

229 1657 392 1713 aliud
436 1658 617 1714 fuisse
646 1676 814 1732 quam
859 1678 1052 1716 verum
1078 1678 1299 1734 corpus,
1341 1680 1442 1718 nec
1470 1681 1645 1735 aquas
1693 1665 1847 1720 aliud
1928 1662 2254 1717 universum
2285 1662 2498 1728 orbem,
2531 1666 2597 1717 ut
2618 1662 2679 1716 in
2703 1667 2822 1716 toto
2852 1659 3063 1716 mundo
3094 1659 3352 1715 Christus
3386 1675 3536 1715 nun-

228 1763 407 1817 quam
431 1764 600 1803 veras
617 1749 878 1821 ipsasque
898 1751 1141 1822 liquidas
1169 1767 1233 1805 ac
1259 1754 1721 1823 praterﬂuentes,
1752 1755 1848 1810 ubi
1864 1738 1911 1797 Β
1930 1751 2251 1817 tiaretur,et
2277 1768 2472 1806 omnes
2489 1751 2613 1805 sani
2639 1751 2843 1806 ﬁerent
2870 1766 2906 1804 a
2933 1747 3179 1822 peccatis
3210 1754 3269 1804 et
3293 1748 3534 1820 languo-

228 1838 420 1891 totum
450 1837 691 1892 Deitatis
720 1844 808 1893 est
830 1856 969 1911 opus
995 1840 1143 1911 quod
1172 1841 1364 1910 gessit,
1394 1848 1451 1896 et
1478 1842 1846 1899 humanitatis

225 1924 445 1980 veritas
478 1943 605 1997 qua
633 1928 912 1999 apparuit.
938 1930 1018 1984 De
1046 1929 1249 2000 quibus
1263 1930 1390 1984 ideo
1410 1931 1579 2001 hujus
1608 1932 1849 1997 rei,licet

226 2014 452 2085 paucis.
487 2016 832 2072 mentionem
853 2017 978 2084 feci,
1004 2019 1138 2089 quia
1159 2036 1223 2072 ex
1249 2019 1352 2073 hoc
1373 2019 1535 2074 multi
1562 2021 1849 2093 desipiunt

228 2102 440 2171 adhuc,
474 2109 538 2159 et
576 2112 851 2162 conantur
886 2108 1183 2179 explicare.
1217 2124 1339 2178 qua
1367 2124 1469 2163 nec
1510 2109 1715 2164 veritas
1744 2111 1845 2165 ad-

227 2192 435 2257 mittit,
492 2209 599 2248 nec
634 2194 744 2267 ipsi
772 2196 1118 2267 intelligunt.
1169 2197 1347 2261 Unde,
1381 2214 1586 2268 quaso,
1621 2216 1692 2254 ne
1720 2217 1846 2271 pro-

228 2281 341 2337 lixa
376 2282 643 2339 videatur
697 2284 863 2340 alicui
906 2285 1176 2357 digressio
1222 2289 1280 2339 et
1324 2286 1602 2356 regressio
1630 2288 1700 2342 de
1728 2294 1847 2343 tam

228 2371 459 2428 eximiis
486 2371 675 2435 rebus.
705 2374 766 2429 in
792 2374 994 2445 quibus
1020 2375 1142 2446 ipsa
1170 2374 1480 2446 eademque
1510 2377 1715 2432 veritas
1744 2378 1845 2432 ad-

226 2460 518 2517 mirabilis
569 2468 741 2534 atque
767 2462 1062 2518 ineﬁabilis
1109 2463 1465 2534 pradicatur.
1511 2466 1727 2521 Deinde
1756 2483 1849 2521 ea-

226 2550 501 2606 rumdem
530 2568 720 2606 rerum
751 2552 1102 2623 signiﬁcatio,
1135 2570 1261 2609 cum
1303 2555 1689 2626 multiplicitas
1712 2573 1841 2628 per-

227 2640 414 2712 plexa,
476 2645 537 2694 et
580 2640 747 2696 latior
798 2642 1079 2714 mysteriis
1124 2644 1324 2714 ﬁgura,
1358 2662 1526 2716 quam
1556 2646 1639 2701 rei
1667 2652 1842 2717 gesta

227 2729 574 2784 miraculum
595 2730 895 2788 invenitur.
918 2732 1191 2796 Quoniam
1223 2734 1495 2806 quidquid
1523 2752 1672 2790 nunc
1698 2736 1847 2806 gerit

225 2818 284 2873 in
314 2823 586 2891 tempore
644 2821 1064 2891 praﬁguratum
1105 2828 1193 2877 est
1220 2823 1277 2877 in
1308 2824 1596 2879 miraculo.
1631 2825 1843 2880 Idcirco

223 2908 319 2979 qui
353 2908 415 2962 in
445 2908 579 2963 navi
607 2916 770 2964 erant
792 2915 849 2964 et
875 2919 1251 2982 pervenerunt
1273 2913 1344 2967 ad
1372 2913 1549 2980 littus,
1582 2930 1710 2969 vere
1738 2915 1840 2969 Dei

224 2995 439 3051 Filium
470 2998 811 3054 conﬁtentur
837 3008 894 3054 et
920 3000 1176 3063 adorant,
1210 3018 1454 3073 eumque
1482 3003 1718 3058 credunt
1748 3020 1839 3059 re-

226 3091 509 3156 gnantem
539 3103 666 3142 cum
694 3088 861 3143 Patre
886 3088 945 3144 in
977 3090 1192 3145 unitate
1219 3090 1477 3146 Deitatis.

298 3176 375 3230 Et
400 3192 533 3230 cum
564 3179 971 3245 transﬁ'etasset
1000 3186 1288 3244 venerunt,
1310 3180 1514 3250 inquit,
1540 3184 1603 3235 in
1634 3187 1843 3236 terram

229 3264 678 3320 δεηθείη-,Ρωτο
702 3266 952 3321 Genesar
961 3268 1116 3338 regio
1128 3269 1388 3335 est,unde
1399 3275 1457 3323 et
1470 3269 1672 3324 alicubi
1685 3271 1839 3326 lacus

229 3352 590 3408 Genesareth
606 3362 852 3411 vocatur.
868 3357 937 3411 Et
951 3357 1157 3412 dicitur
1175 3358 1698 3430 Genesareth,quod
1718 3360 1837 3431 ipse

225 3441 333 3496 sibi
365 3448 607 3512 generat
632 3460 819 3506 auras.
852 3447 921 3501 de
952 3463 1061 3517 quo
1093 3447 1251 3517 quasi
1282 3464 1350 3501 ex
1386 3448 1678 3519 naufragio
1708 3466 1836 3520 per-

224 3531 543 3586 secutionis
572 3531 1004 3604 benignissimus
1022 3537 1051 3590 J
1056 3552 1186 3590 esus
1216 3553 1413 3591 navem
1444 3537 1699 3593 Ecclesia
1720 3555 1843 3609 per-

225 3619 389 3674 ducit
417 3620 491 3674 ad
521 3619 701 3689 littus,
724 3628 790 3677 ut
817 3618 1285 3695 tranquillissima
1323 3632 1488 3697 portu
1517 3626 1686 3681 faciat
1712 3643 1838 3681 eam

223 3708 606 3781 requiescere.
640 3710 710 3765 Et
735 3713 1041 3779 notandum
1062 3714 1209 3784 quod
1231 3720 1357 3785 post
1385 3715 1632 3786 quinque
1662 3715 1841 3785 millia

223 3798 506 3867 virorum,
537 3800 633 3872 qui
663 3802 1143 3857 manducaverunt
1162 3808 1219 3857 et
1244 3804 1482 3858 saturati
1502 3805 1840 3868 sunt,multa

225 3893 280 3941 et
312 3887 518 3943 media
567 3905 690 3960 qua
722 3890 874 3945 dicta
906 3898 1038 3946 sunt
1064 3909 1242 3963 usque
1271 3892 1341 3946 ad
1372 3893 1522 3947 hunc
1546 3893 1750 3957 locum,
1779 3895 1837 3950 in

224 3976 497 4032 omnibus
524 3978 674 4032 idem
703 3996 901 4035 sensus
916 3986 1002 4035 est
1026 4000 1039 4048 ;
1062 3981 1327 4052 quoniam
1349 3982 1522 4036 ﬁnitis
1542 3982 1682 4054 legis
1696 3988 1837 4039 tem-

223 4066 486 4136 poribus,
535 4073 594 4122 et
636 4084 701 4122 ex
746 4069 920 4124 Israel
950 4071 1196 4141 quinque
1224 4071 1470 4126 millibus
1500 4072 1745 4126 virorum
1775 4073 1831 4127 in

224 4155 481 4211 Ecclesia
523 4157 826 4223 collocatis,
875 4158 1008 4215 dum
1039 4164 1164 4214 orat
1187 4160 1349 4215 Jesus
1373 4161 1526 4216 solus
1554 4161 1613 4215 in
1643 4168 1833 4217 monte

223 4244 318 4298 ubi
346 4258 439 4299 est
467 4262 595 4300 cum
625 4247 812 4313 Patre,
848 4253 906 4303 et
927 4249 1104 4303 calcat
1130 4249 1351 4316 ﬂuctus,
1390 4250 1646 4322 discipuli
1682 4251 1835 4306 labo-

221 4338 363 4387 rant
382 4332 444 4387 in
470 4333 818 4405 remigando.
842 4337 1075 4391 Interim
1096 4354 1225 4392 vero
1254 4339 1405 4393 solus
1435 4339 1688 4393 Salvator
1700 4357 1833 4411 quo-

1930 1839 2084 1894 ribus
2113 1839 2248 1894 suis.
2274 1840 2340 1894 Et
2361 1842 2630 1908 rogabant
2662 1856 2808 1905 eum,
2828 1837 3031 1909 inquit,
3058 1843 3121 1892 ut
3138 1841 3219 1893 vel
3249 1839 3536 1906 ﬁmbriam

1928 1932 2239 1983 vestimenti
2265 1932 2381 1998 ejus
2402 1933 2710 1995 tangerent.
2742 1928 2887 1982 Nam
2913 1925 3156 1992 ﬁmbria,
3179 1926 3325 1982 sicut
3339 1943 3534 1983 omnes

1926 2018 2204 2085 novimus,
2233 2034 2299 2073 ex
2320 2023 2473 2071 veste
2502 2022 2608 2085 est,
2631 2021 2689 2072 et
2722 2033 2788 2071 ex
2818 2032 2886 2071 ea
2917 2014 3234 2087 dependet:
3268 2015 3349 2071 ita
3380 2020 3440 2072 et
3464 2032 3534 2071 ex

1926 2106 2164 2162 Domino
2211 2112 2405 2161 nostro
2435 2106 2568 2160 Jesu
2606 2104 2828 2160 Christo
2859 2104 3034 2158 virtus
3079 2102 3259 2159 sancti
3288 2102 3533 2175 Spiritus

1926 2194 2178 2265 procedit
2202 2213 2214 2260 ;
2238 2211 2361 2266 qua
2384 2192 2652 2266 apostolis
2664 2193 2817 2256 data,
2841 2192 2980 2265 ipsis
3008 2207 3233 2263 quoque
3258 2198 3533 2264 tanquam

1928 2301 1994 2339 ex
2038 2284 2237 2339 eodem
2267 2283 2476 2339 Christi
2526 2298 2760 2355 corpore
2794 2280 3146 2344 exeuntibus,
3176 2281 3416 2336 salutem
3446 2279 3536 2336 his

1927 2372 2025 2445 'qui
2054 2373 2379 2445 contingere
2408 2376 2663 2444 possunt,
2703 2370 3114 2427 subministrat.
3140 2371 3268 2426 Non
3295 2368 3447 2425 enim
3462 2369 3535 2427 de

1911 2463 2201 2534 apostolo,
2216 2468 2316 2517 aut
2330 2462 2401 2518 de
2421 2461 2672 2534 quolibet
2690 2466 2885 2517 sancto
2904 2460 3025 2516 hac
3040 2459 3255 2516 sanitas
3270 2458 3403 2524 exit,
3434 2459 3536 2516 sed

1929 2530 1999 2605 de
2027 2549 2267 2617 ﬁmbria,
2301 2552 2405 2607 hoc
2435 2530 2559 2618 —est,
2592 2551 2663 2606 de
2688 2549 2875 2622 gratia
2902 2566 3027 2622 qua
3057 2553 3145 2605 est
3169 2548 3229 2604 in
3256 2548 3531 2620 apostolo,
3604 2574 3615 2580 ο
3714 2594 3719 2601 .
3750 2530 3751 2537 γ

1928 2642 2014 2697 vel
2042 2640 2101 2696 in
2129 2646 2341 2696 sancto.
2374 2641 2530 2696 lianc
2559 2640 2765 2712 quippe
2805 2639 3093 2695 ﬁmbriam
3134 2638 3401 2709 tetigerat
3433 2636 3535 2693 illa
3592 2650 3603 2653 “

1929 2730 2132 2785 mulier
2162 2747 2286 2801 qua
2337 2729 2628 2800 sanguinis
2674 2729 2888 2784 ﬂuxum
2925 2726 3264 2800 patiebatur,
3298 2726 3434 2797 quia
3457 2725 3533 2782 ad

1927 2820 2134 2875 Christi
2160 2820 2403 2891 gratiam
2432 2824 2781 2890 pervenerat,
2813 2823 2872 2872 et
2899 2817 3024 2897 ideo
3053 2833 3193 2871 sana
3218 2815 3366 2871 facta
3392 2819 3481 2871 est
3497 2830 3535 2869 a

1922 2910 2214 2981 proﬂuvio.
2231 2909 2386 2964 Unde
2412 2925 2577 2963 nemo
2591 2909 2945 2963 sacerdotum
2963 2907 3084 2962 sine
3101 2906 3339 2962 ﬁmbriis
3359 2905 3533 2976 digne

1921 2998 2239 3069 ingreditur
2258 2998 2319 3052 in
2336 2997 2717 3052 sanctuarium
2738 3016 2751 3064 ;
2788 2996 2922 3068 quia
2943 2995 3197 3069 quisquis
3215 2996 3338 3051 sine
3346 2993 3535 3072 gratia

1855 3100 1899 3160 ί]
1921 3087 2101 3143 sancti
2128 3087 2369 3159 Spiritus
2392 3087 2464 3142 ad
2488 3087 2593 3141 hoc
2612 3086 2828 3142 accedit
2851 3092 2919 3141 ut
2958 3085 3262 3147 ministret,
3295 3101 3535 3141 vacuum

1924 3195 1985 3232 se
2011 3176 2258 3231 ostendit
2283 3183 2341 3231 et
2367 3177 2755 3247 importunum
2782 3175 2965 3247 magis
3001 3191 3172 3246 quam
3216 3174 3533 3231 ofﬁciosum

1924 3283 1984 3321 se
2012 3266 2222 3337 ingerit
2249 3272 2307 3321 et
2327 3265 2582 3336 dignum.

1991 3357 2061 3410 Et
2070 3359 2381 3425 quicunque
2399 3354 3067 3426 tetigerant,inquit,salvi
3078 3355 3217 3421 facti
3229 3353 3533 3420 sunt.Quia

1920 3460 2086 3500 nemo
2121 3444 2393 3515 excipitur
2419 3459 2453 3497 a
2494 3443 2674 3498 salute
2722 3448 3015 3515 perpetua,
3068 3443 3389 3514 quicunque
3426 3443 3531 3499 Dei

1921 3534 2168 3604 gratiam
2196 3532 2480 3604 attigerit;
2506 3532 2771 3603 quoniam
2802 3532 2900 3603 qui
2927 3547 3105 3587 unum
3128 3530 3302 3587 habet
3333 3548 3529 3589 earum

1922 3624 2152 3686 donum,
2204 3637 2398 3676 omnes
2442 3619 2689 3674 habebit.
2723 3621 2812 3687 Et,
2844 3621 2954 3688 Qui
2980 3624 3041 3675 in
3081 3636 3195 3675 uno
3223 3623 3526 3689 o/fmderit,

1921 3714 2103 3781 factus
2126 3716 2201 3765 est
2229 3713 2482 3764 omnium
2511 3724 2639 3763 reus
2664 3710 2862 3776 (Iacob.
2897 3723 2957 3773 II,
2994 3708 3102 3777 10).
3125 3709 3285 3765 Unde
3309 3714 3531 3766 constat

1923 3818 2018 3857 eos
2051 3800 2147 3871 qui
2197 3799 2380 3854 adhuc
2422 3798 2569 3852 male
2598 3796 2809 3852 habent
2853 3802 2911 3852 et
2947 3804 3224 3869 agrotant
3246 3805 3440 3866 ω
3468 3799 3530 3855 in

1921 3891 2125 3957 animo,
2161 3889 2294 3960 quia
2315 3904 2428 3943 non
2457 3892 2699 3958 tangunt
2718 3886 2997 3941 ﬁmbriam
3027 3887 3350 3968 vestimenti
3377 3889 3520 3958 ejus,

1920 3977 2186 4051 quoniam
2233 3978 2551 4049 quicunque
2585 3976 2839 4047 tetigerit
2875 3977 2960 4031 vel
2996 3992 3190 4042 unam,
3236 3982 3303 4032 ut
3327 3992 3523 4033 omnes

1916 4069 2138 4133 habeat,
2172 4068 2357 4122 salvus
2385 4067 2451 4121 ﬁt
2476 4066 2762 4132 continuo,
2795 4072 2853 4121 et
2879 4083 2993 4122 non
3021 4072 3275 4138 agrotat.

1989 4160 2141 4227 (CAP.
2175 4158 2317 4227 XV.)
2343 4158 2492 4210 Tunc
2509 4162 2851 4211 accesserunt
2871 4160 2946 4212 ad
2968 4174 3095 4212 eum
3114 4159 3184 4213 ab
3206 4159 3523 4228 Hierosoly-

1915 4250 2021 4301 mis
2051 4248 2253 4304 Scriba
2279 4251 2328 4300 et
2356 4245 2649 4311 Pharisaei,
2672 4247 2907 4301 dicentes
2925 4267 2941 4303 :
2956 4248 3137 4315 Quare
3149 4249 3415 4317 discipuli
3434 4249 3524 4302 tui

1917 4338 2413 4405 transgrediuntur
2430 4337 2786 4389 traditionem
2802 4340 3106 4402 seniorum,
3126 4343 3174 4392 et
3198 4353 3311 4392 non
3330 4341 3523 4393 lavant

220 4420 331 4475 ties
362 4438 492 4476 cum
513 4424 738 4495 respicit
759 4430 817 4479 et
843 4426 1095 4495 ascendit
1111 4442 1328 4493 navem,
1361 4428 1587 4499 mitigat
1613 4434 1822 4496 ventos,
1847 4421 1894 4478 D
1913 4442 2116 4480 manus
2142 4441 2269 4480 suas
2286 4442 2413 4480 cum
2436 4440 2641 4495 panem
2660 4427 3006 4482 manducant
3024 4426 3197 4481 “lira
3212 4427 3520 4485 Pharisae-

221 4509 528 4582 redditque
558 4513 923 4585 tranquillum
947 4528 959 4562 ε
1003 4515 1193 4587 sicque
1217 4532 1282 4570 ex
1312 4516 1400 4571 his
1421 4517 1669 4588 quinque
1709 4518 1831 4571 mil-

221 4598 373 4655 libus
410 4617 553 4672 quos
591 4603 865 4657 recreavit
908 4604 1155 4675 primum
1184 4605 1441 4676 panibus,
1467 4607 1588 4676 jam
1640 4606 1830 4660 multis

222 4689 578 4745 credentium
607 4693 853 4746 occurrit
880 4693 1102 4764 populis
1128 4694 1248 4764 ipse
1287 4712 1387 4766 per
1414 4695 1582 4749 ﬁdem
1614 4713 1679 4750 ex
1704 4696 1827 4765 lege

222 4778 413 4833 salvus
458 4785 517 4834 et
561 4780 819 4845 satiatus,
870 4781 966 4852 qui
1010 4782 1273 4853 deinceps
1327 4800 1391 4837 ex
1431 4784 1547 4838 suis
1577 4783 1829 4838 inﬁrmos

222 4872 396 4938 atque
423 4873 666 4938 agrotos
690 4869 854 4925 oﬁ'ert
876 4871 989 4925 Deo
1018 4872 1316 4937 sanandos,
1337 4873 1601 4943 quoniam
1630 4889 1829 4944 cogno—

222 4963 388 5011 scunt
425 4973 558 5012 eum
599 4958 964 5014 Salvatorem.
1016 4959 1323 5031 Propterea
1368 4962 1550 5033 inquit
1582 4963 1828 5033 Evange-

221 5042 361 5099 lium
380 5065 392 5099 :

288 5139 487 5201 αδδ
503 5136 572 5190 Et
589 5152 719 5191 cum
741 5141 1109 5206 cognovissent
1127 5157 1251 5194 eum
1268 5143 1383 5194 viri
1401 5142 1505 5194 loci
1519 5141 1694 5204 illius,
1720 5142 1824 5193 mi-

220 5230 417 5278 serunt
444 5229 511 5279 in
543 5228 863 5282 universam
902 5232 1175 5296 regionem
1215 5232 1395 5284 illam.
1433 5229 1826 5298 Cognoverunt

221 5327 349 5366 eum
363 5329 593 5368 rumore
609 5315 788 5385 magis
803 5332 970 5386 quam
983 5316 1218 5388 facie,qu
1226 5333 1313 5370 am
1324 5316 1400 5370 vis
1412 5333 1524 5387 pra
1534 5316 1822 5386 signorum

222 5401 613 5472 magnitudine
643 5420 767 5474 qua
797 5405 1173 5476 perpetrabat,
1189 5407 1309 5475 jam
1333 5406 1485 5460 vultu
1512 5410 1678 5459 notus
1703 5412 1826 5461 erat

223 5488 617 5559 plurimis.Sed
637 5497 756 5547 tota
775 5494 892 5549 hac
911 5494 1047 5549 ﬁdes
1075 5502 1128 5550 et
1148 5494 1350 5550 notitia
1378 5494 1447 5548 de
1468 5493 1672 5549 virtute
1702 5501 1825 5550 erat

223 5579 647 5650 miraculorum,
680 5588 739 5638 et
759 5583 1031 5655 potentia,
1061 5585 1149 5641 vel
1178 5600 1243 5640 ex
1262 5583 1449 5655 gratia
1477 5582 1663 5639 vultus
1677 5583 1821 5655 ejus,

1912 4531 2039 4569 rum
2059 4514 2496 4586 Scribarumque
2517 4514 2886 4577 stultitia,Dei
2898 4516 3100 4571 Filium
3115 4522 3381 4587 arguunt,
3414 4518 3513 4590 qui

1912 4605 2096 4674 legem
2124 4604 2279 4659 dedit
2304 4604 2570 4672 divinam,
2598 4620 2773 4675 quare
2786 4604 3080 4660 hominum
3109 4606 3442 4663 traditiones
3457 4612 3516 4663 et

1912 4698 2190 4765 pracepta
2218 4710 2330 4748 non
2356 4693 2842 4758 servet.Quoniam
2863 4696 3135 4767 quidquid
3152 4696 3212 4751 in
3222 4696 3512 4769 discipulis

1911 4783 2361 4854 reprehenditur,
2412 4783 2479 4836 ad
2508 4782 2848 4837 calumniam
2870 4783 3130 4855 Magistri
3156 4785 3424 4842 insidiose
3442 4784 3515 4842 ab

1911 4871 2169 4943 ipsis,qui
2194 4871 2264 4926 ab
2284 4871 2690 4942 Hierosolymis
2728 4870 3073 4928 advenerant
3082 4873 3285 4930 Scriba
3304 4875 3517 4931 etPha-

1909 4962 2076 5027 risai,
2108 4961 2367 5016 refertur.
2394 4961 2503 5015 Sed
2530 4960 2869 5032 evangelista
2898 4961 3194 5034 dupliciter
3210 4980 3306 5019 eos
3322 4964 3512 5019 redar-

1906 5052 2192 5123 guit,quia
2221 5050 2425 5107 Scriba
2451 5056 2614 5106 erant
2640 5056 2699 5104 et
2716 5051 2972 5106 doctores
2995 5052 3257 5125 legis,qui
3275 5052 3513 5109 insidia-

1906 5140 2131 5209 bantur,
2156 5146 2213 5196 et
2240 5140 2371 5212 quia
2399 5156 2434 5195 a
2451 5140 2572 5195 loco
2598 5146 2789 5196 sancto
2822 5149 3090 5197 venerant
3117 5142 3506 5214 metropolita,

1907 5230 2003 5286 ubi
2032 5247 2217 5285 arcem
2242 5229 2513 5285 tenebant
2538 5229 2737 5285 divina
2764 5231 3136 5296 auctoritatis,
3160 5238 3219 5287 et
3244 5232 3510 5304 magiste-

1904 5320 2051 5372 rium
2073 5319 2358 5375 doctrina.
2384 5318 2493 5374 Sed
2515 5318 2734 5373 divinus
2762 5319 3032 5390 Magister
3060 5326 3118 5375 et
3133 5321 3275 5392 legis
3303 5337 3510 5394 propa-

1905 5408 2070 5474 lator,
2106 5407 2467 5481 sicutfulgur,
2492 5425 2587 5463 eos
2609 5407 2849 5463 terribili
2870 5409 3155 5466 collisione
3166 5427 3337 5482 quam
3358 5428 3507 5484 sape

1905 5499 2232 5569 repercutit,
2268 5506 2324 5553 et
2349 5514 2578 5554 corusco
2600 5497 2897 5553 verborum
2919 5500 3201 5562 retundit;
3229 5501 3310 5555 ita
3328 5507 3393 5556 ut
3410 5517 3506 5556 eos

1903 5584 2212 5643 intonando
2231 5588 2532 5654 deterreat,
2566 5591 2623 5643 et
2640 5602 2773 5642 suos
2799 5587 3057 5642 doctrina
3078 5588 3315 5644 salutari
3337 5588 3509 5644 corri-
