3888 6172
429 319 529 377 531
1197 314 1255 369 S.
1296 311 1677 367 PASCHASII
1712 308 2074 367 RADBERTI
2112 305 2416 362 ABBATIS
2460 300 2953 362 CORBEIENSIS.
3568 312 3652 370 532

425 450 527 516 gat
544 447 603 499 et
622 441 1069 507 emendet,sicuti
1102 441 1208 495 hoc
1227 440 1349 493 loco
1370 438 1563 492 fecisse
1582 437 1871 501 miramur,
1896 436 2029 490 dum
2050 435 2343 503 Arumque
2372 433 2667 486 confirmat
2686 433 2851 499 facta,
2865 449 3059 487 verum
3073 433 3243 488 etiam
3258 434 3481 490 conterit
3502 438 3654 492 etdes-

429 517 699 588 lsharisaai
730 538 786 587 et
822 531 1032 586 Scriba:
1081 528 1330 601 gestiunt
1357 527 1674 597 vituperare
1729 526 2031 596 discipulos
2112 523 2251 576 truit
2279 522 2530 587 adversa,
2556 522 2820 593 profecto,
2844 528 2901 576 et
2917 523 3162 577 ostendit
3180 524 3323 595 quod
3343 542 3542 596 semper
3560 544 3656 581 ma-

433 624 555 693 ejus
583 637 649 676 ac
678 619 1105 693 reprehendere.
1136 618 1311 672 Miror
1329 622 1519 669 autem
1550 615 1689 669 nihil
1718 615 1787 667 de
1814 631 1879 667 eo
1911 630 2032 685 pro-
2113 611 2198 682 gis
2228 612 2303 665 sit
2331 612 2648 665 animarum
2673 612 3069 682 levatio,quam
3094 629 3385 683 corporum
3414 616 3655 669 sectanda.

432 712 726 783 phetatum
757 709 904 779 quod
929 704 1640 777 nonimpleverit,nihilque
1658 704 1716 757 in
1729 703 1895 757 terris
1919 703 2037 772 egit
2186 703 2333 754 Nam
2358 703 2498 755 Deus
2527 702 2700 754 dixit:
2732 703 2953 756 llonora
2972 706 3188 769 patrem
3211 707 3367 755 tuum
3383 708 3427 756 et
3444 709 3659 762 matrem.

437 799 585 867 quod
614 796 1040 868 pronuntiatum
1094 793 1248 866 prius
1280 809 1391 847 non
1432 791 1622 846 fuerit.
1651 792 1720 845 Et
1746 791 1871 844 ideo
1903 791 2035 861 quia
2114 791 2182 844 Et
2210 793 2310 859 qui
2339 792 2689 843 maledixerit
2713 793 2871 859 patri
2898 794 2978 843 vel
3000 795 3193 855 matri,
3216 797 3385 845 morte
3404 795 3660 846 moriatur.

434 886 760 957 praedictum
785 889 924 949 erat,
950 884 1074 954 Ipse
1092 888 1288 951 arguet
1298 898 1403 950 pro
1426 882 1728 934 mansuetis
1742 882 2029 947 terrmUsa.
2127 881 2217 933 Vos
2244 885 2428 933 autem
2454 881 2660 933 dicitis:
2693 881 3013 948 Quicunque
3024 881 3230 934 dixerit
3247 884 3396 949 patri
3416 884 3489 935 vel
3506 885 3663 947 matri,

435 989 510 1039 xx,
557 973 630 1039 4i,
662 974 764 1027 hoc
802 974 923 1026 loco
962 971 1279 1043 complevit,
1312 971 1444 1024 dum
1471 986 1572 1041 pro
1602 969 1871 1039 apostolis
1896 968 2030 1033 suis,
2118 985 2325 1022 munus
2344 970 2702 1037 quodcunque
2717 974 2789 1022 est
2819 986 2883 1022 ea:
2906 986 3007 1029 me,
3038 972 3142 1023 tibi
3146 971 3464 1038 proderit,et
3480 986 3575 1022 non
3589 970 3665 1023 ho-

439 1061 986 1134 quimansuetissimi
1007 1065 1186 1125 erant,
1213 1059 1435 1114 Scribas
1447 1058 1827 1113 etPharisaaos
1842 1058 2035 1111 redar-
2120 1060 2339 1112 norabit
2359 1062 2583 1127 patrem
2611 1074 2772 1110 suum
2793 1062 2874 1112 rei
2894 1063 3153 1115 matrem.
3190 1058 3437 1112 Brevitas
3454 1058 3671 1112 dictionis

435 1151 560 1222 guit
586 1168 651 1205 ac
674 1151 924 1204 revincit.
952 1151 1130 1203 Nemo
1160 1155 1351 1202 tamen
1379 1164 1505 1201 cum
1529 1148 1645 1202 haec
1664 1147 2037 1211 audit,existi-
2121 1164 2287 1218 quam
2319 1164 2464 1217 saepe
2495 1146 2552 1200 in
2583 1147 2886 1218 Scripturls
2903 1147 3103 1203 divinis
3128 1146 3514 1201 obscuritatem
3537 1163 3673 1217 gene-

437 1244 554 1294 met
581 1239 885 1311 discipulos
929 1237 1154 1292 Domini
1181 1237 1285 1291 sub
1328 1237 1509 1308 specie
1546 1242 1899 1307 contemptus
1927 1235 2033 1300 sui,
2121 1241 2228 1301 rat,
2290 1242 2346 1290 et
2373 1236 2757 1289 difficultatem
2786 1235 3170 1306 intelligentiae
3191 1236 3359 1307 parit,
3383 1236 3513 1290 sicut
3532 1236 3581 1289 in
3593 1236 3673 1289 hoc

436 1327 663 1382 incultis
698 1333 757 1382 et
798 1327 973 1381 illotis
1002 1325 1262 1379 manibus
1308 1341 1372 1378 ac
1402 1326 1450 1379 si
1484 1324 1740 1389 rusticos,
1775 1329 2039 1378 consuete
2121 1324 2242 1379 loco
2272 1340 2397 1378 cum
2425 1326 2536 1378 ait:
2567 1327 2772 1379 Munus
2790 1327 3150 1393 quodcunque
3180 1330 3254 1378 est
3280 1341 3459 1391 came,
3483 1326 3679 1393 tibipro-

438 1416 829 1481 manducasse,
883 1415 1194 1485 praesertim
1228 1415 1361 1484 quia
1387 1430 1594 1467 mensae
1622 1414 1846 1467 Domini
1880 1413 2040 1483 quasi
2122 1414 2287 1467 derit.
2315 1414 2457 1467 Nam
2481 1414 2661 1468 honor
2676 1414 2735 1468 in
2757 1414 2958 1468 divinis
2986 1402 3314 1468 litterisnon
3345 1420 3454 1467 tam
3483 1414 3538 1467 in
3560 1414 3677 1466 salu-

441 1505 684 1559 convivaa
729 1504 1029 1574 participes
1072 1507 1252 1556 erant.
1301 1503 1432 1557 Ideo
1462 1503 1639 1573 magis
1678 1502 2035 1568 credendum,
2123 1502 2451 1569 tationibus,
2484 1509 2541 1556 et
2556 1502 2835 1574 obsequiis
2864 1503 3191 1566 inferendis,
3215 1520 3385 1574 quam
3406 1503 3460 1556 in
3481 1502 3677 1556 eleemo-

442 1591 592 1664 quod
622 1607 979 1645 communem
1008 1590 1349 1644 servaverint
1396 1590 1767 1656 honestatem,
1819 1591 2042 1661 quando
2125 1592 2280 1663 synis
2309 1597 2503 1658 636
2531 1598 2588 1646 et
2607 1592 3183 1647 muneribusacdonis
3207 1610 3309 1647 seu
3325 1589 3672 1655 oblationibus,

442 1680 593 1734 istud
622 1695 807 1750 neque
834 1685 1037 1735 natura
1060 1680 1289 1751 patitur,
1324 1696 1507 1751 neque
1535 1680 1934 1751 hospitalitatis
1950 1680 2044 1733 ad-
2126 1687 2396 1738 servatur.
2421 1682 2582 1736 Unde
2602 1682 2808 1736 Paulus
2836 1682 2947 1737 ait:
2974 1684 3199 1737 Honora
3237 1684 3432 1735 viduas
3457 1697 3561 1749 qua
3582 1696 3677 1732 rere

444 1768 620 1823 mittit
650 1768 885 1824 affectio.
915 1769 1051 1833 Quis
1080 1769 1270 1840 itaque
1299 1786 1425 1822 mox
1452 1786 1657 1839 aquam
1699 1786 1810 1823 non
1841 1770 2039 1822 offerat
2060 1773 2100 1834 Β
2125 1774 2301 1826 uidua:
2330 1777 2460 1825 sunt
2488 1774 2533 1835 (Ι
2557 1772 2699 1825 Tim.
2718 1789 2768 1824 ν.
2802 1771 2879 1838 3).
2917 1772 3146 1826 Necnon
3172 1778 3231 1826 et
3251 1771 3405 1825 alibi.
3434 1768 3577 1840 probi
3596 1767 3677 1821 du-

443 1857 723 1920 manibus,
744 1857 1092 1911 advenientis
1113 1862 1341 1928 propter
1354 1858 1949 1928 obsequium,autquis
1979 1858 2045 1911 ad
2133 1861 2329 1931 plicem
2363 1859 2609 1913 habeant
2638 1860 2926 1925 honorem,
2962 1862 3208 1915 Maxime
3236 1863 3337 1929 qui
3362 1861 3597 1913 laborant
3630 1859 3677 1908 in

445 1945 1181 2016 otferentisinjuriamistud
1207 1947 1684 2001 recusetofficium
1702 1947 2045 2002 ?Praesertim
2129 1942 2289 1994 verbo
2344 1941 2442 1994 Dei
2480 1942 2665 2006 (Ιθίάις
2702 1941 2804 2005 17),
2841 1941 2935 2011 qui
2988 1940 3257 1994 nimirum
3289 1941 3477 2002 honor,
3506 1938 3679 1992 dom-Im

445 2050 573 2089 cum
617 2035 735 2109 ipse
772 2035 1043 2089 Dominus
1090 2043 1293 2105 arguat
1321 2036 1629 2101 Simonem,
1662 2026 1950 2090 invitatus
1976 2035 2046 2089 ad
2130 2029 2481 2099 intelligitur.
2512 2030 2579 2083 Et
2598 2046 2696 2100 per
2724 2030 2828 2082 hoc
2856 2030 3185 2085 mandatum
3210 2029 3492 2101 jubemur,
3517 2032 3574 2081 ut
3589 2027 3682 2079 bovi

447 2139 698 2177 mensam
726 2143 740 2187 ;
771 2127 1010 2192 Aquam,
1039 2124 1242 2195 inquit,
1267 2127 1528 2179 manibus
1552 2129 1685 2179 meis
1717 2142 1827 2178 non
1855 2126 2052 2178 dedisti
2134 2121 2437 2173 trituranti
2463 2136 2524 2171 os
2553 2134 2661 2172 non
2684 2119 2980 2187 alligemus
3006 2120 3061 2190 (Ι
3088 2121 3211 2173 Cor.
3249 2137 3320 2184 IX,
3353 2115 3403 2186 9)
3430 2114 3682 2188 ;quoniam

444 2211 596 2283 (Luc.
632 2226 729 2277 vn,
761 2212 871 2278 44).
906 2212 1042 2266 Vult
1071 2213 1262 2283 itaque
1292 2213 1415 2266 fieri
1447 2213 1739 2277 Dominus,
1787 2213 1933 2284 quod
1974 2212 2052 2266 sic
2131 2212 2336 2277 dignus
2352 2215 2427 2263 est
2442 2212 2730 2278 operarius
2746 2211 3096 2266 mercedesua
3122 2210 3339 2275 (Matth.
3364 2225 3417 2271 κ,
3442 2207 3540 2262 l0».
3568 2205 3684 2259 Prae-

449 2299 698 2372 exegisse
728 2300 1114 2370 perdocemur.
1147 2301 1252 2355 Sed
1281 2301 1547 2355 Pharisaei
1567 2317 1678 2355 non
1699 2301 2051 2371 diligentiam
2133 2304 2360 2370 ceperat
2390 2314 2522 2368 ergo
2552 2298 2822 2352 Dominus
2838 2297 3376 2353 imbecillitatesvel
3404 2300 3599 2360 aetates,
3621 2292 3686 2345 vel

449 2388 697 2459 corporis
725 2406 759 2442 a
788 2388 1075 2459 discipulis
1095 2390 1340 2453 Domini,
1370 2390 1467 2444 sed
1492 2390 1907 2461 superstitionis
1937 2407 2051 2445 suae
2134 2388 2397 2459 penurias
2427 2394 2727 2458 parentum
2756 2387 3137 2452 considerans,
3174 2393 3241 2441 ut
3272 2386 3370 2441 filii
3391 2384 3689 2440 honorarent

450 2477 791 2548 baptismata
819 2476 1198 2547 requirebant,
1234 2495 1343 2548 quo
1372 2478 1430 2532 in
1458 2495 1668 2543 mensa,
1716 2483 1781 2532 ut
1818 2495 1937 2533 mos
1967 2484 2053 2533 est
2134 2482 2351 2547 patrem
2382 2476 2466 2529 vel
2513 2481 2773 2540 matrem,
2808 2475 2976 2529 etiam
3025 2476 3084 2530 in
3109 2476 3241 2530 vitae
3285 2472 3607 2533 necessariis,
3647 2473 3691 2522 et

453 2566 826 2639 quorumdam
856 2566 1060 2636 saepius
1086 2566 1368 2628 lavabant.
1392 2567 1701 2622 nescientes
1724 2584 1899 2621 unum
1920 2567 2052 2640 bap-
2134 2565 2522 2620 ministrarent
2553 2565 2877 2636 parentibus
2907 2566 3041 2619 suis.
3068 2564 3415 2635 Hancigitur
3440 2559 3690 2633 providen-

452 2655 638 2719 tismo,
676 2671 785 2725 quo
824 2671 858 2708 a
884 2654 1119 2708 Domino
1144 2660 1338 2722 635
1358 2656 1656 2711 lavandum
1676 2664 1797 2712 erat
1819 2663 1876 2711 et
1897 2658 2052 2712 inno-
2133 2655 2409 2711 tissimam
2438 2655 2537 2709 Dei
2556 2656 2732 2724 legem
2754 2655 3001 2709 volentes
3022 2653 3228 2709 Scribae
3249 2660 3307 2709 et
3332 2645 3696 2707 Pharisaeisub-

452 2744 717 2807 vandum,
743 2743 915 2797 simul
945 2759 1145 2814 corpus
1177 2749 1234 2798 et
1261 2745 1467 2811 anima,
1489 2762 1598 2816 quo
1629 2762 1738 2800 non
1754 2747 1822 2800 ad
1840 2747 2051 2801 cultum
2136 2750 2373 2807 vertere,
2405 2749 2468 2797 ut
2495 2744 2845 2814 impietatem
2863 2743 2966 2798 sub
2992 2744 3219 2797 nomine
3262 2742 3484 2814 pietatis
3510 2737 3695 2792 induce-

455 2832 722 2898 cutis,sed
741 2833 811 2886 ad
830 2833 1224 2887 conscientiam
1258 2833 1581 2888 diluendam
1610 2835 1881 2889 Dominus
1907 2853 2019 2905 pra:
2037 2865 2051 2876 -
2135 2839 2263 2886 rent
2295 2832 2364 2885 ob
2382 2832 2676 2886 avaritiam
2692 2849 2873 2896 suam,
2898 2839 2955 2886 et
2968 2833 3182 2886 lucrum
3211 2830 3695 2901 pecuniarum;qua

456 2922 677 2992 paravit
704 2921 763 2975 in
791 2921 1049 3000 salutem.
1082 2922 1224 2975 Hinc
1253 2922 1534 2992 Propheta
1563 2922 1897 2993 precabatur
1924 2941 2052 2977 cum
2137 2922 2205 2975 de
2233 2938 2400 2976 causa
2419 2922 2732 2975 docuerunt
2752 2921 3025 2992 pessimos
3047 2922 3209 2982 ﬁlios,
3233 2926 3301 2975 ut
3322 2920 3369 2974 si
3390 2918 3508 2990 quis
3525 2931 3583 2970 ea
3600 2928 3696 2983 qua:

457 3010 694 3065 diceret:
725 3008 982 3078 Amplius
1015 3014 1138 3063 lava
1170 3026 1254 3063 me
1280 3011 1349 3063 ab
1379 3013 1664 3078 injustitia
1697 3027 1815 3064 mea
1843 3014 2053 3078 (Psata.
2136 3010 2465 3081 parentibus
2493 3010 2609 3064 suis
2630 3010 2981 3064 debebantur
3008 3016 3065 3064 et
3084 3011 3289 3064 offerre
3318 3002 3692 3063 debueranteis,

458 3096 534 3160 4).
570 3098 676 3152 Sed
724 3098 827 3151 has
860 3098 1287 3169 superstitiones
1322 3098 1641 3153 Judaeorum
1674 3099 1852 3170 magis
1879 3090 2124 3171 aperitC
2144 3103 2197 3153 in
2232 3099 2426 3154 usibus
2455 3099 2911 3154 necessariisDeo
2943 3116 3144 3153 vovere
3169 3099 3437 3153 voluisset
3453 3095 3542 3167 qui
3568 3105 3699 3146 verus

459 3185 621 3241 nobis
640 3187 863 3241 Marcus
883 3186 1376 3257 evangelista,cum
1404 3187 1502 3253 ait,
1518 3188 1844 3241 Pharisaeiet
1859 3188 2061 3243 Scriba:
2144 3194 2229 3242 est
2256 3194 2415 3259 pater
2439 3195 2496 3243 et
2516 3189 2807 3254 Dominus,
2841 3188 3048 3242 oblatio
3077 3188 3302 3242 Domini
3327 3185 3699 3259 praeponeretur

464 3291 577 3330 non
599 3277 941 3329 manducaui
975 3278 1086 3328 nisi
1113 3276 1299 3328 crebro
1328 3278 1509 3328 (arent
1531 3291 1752 3339 manus,
1768 3281 1817 3329 et
1847 3292 1969 3330 cum
2000 3279 2062 3330 de
2144 3285 2441 3349 parentum
2466 3278 2812 3344 muneribus,
2840 3283 2897 3331 et
2915 3277 3489 3351 irretractabilisesset
3504 3268 3694 3332 oblatio,

459 3365 581 3433 foro
608 3366 860 3431 veniunt,
894 3366 1009 3418 nisi
1031 3366 1298 3431 baptizati
1322 3365 1557 3431 fuerint,
1582 3380 1693 3417 non
1720 3366 2064 3419 manducant
2147 3384 2219 3422 ne
2245 3368 2466 3423 illorum
2491 3369 2609 3439 jam
2630 3368 2780 3422 ultra
2798 3368 3117 3422 subveniret
3131 3366 3433 3437 angustiis.
3464 3363 3556 3416 Vel
3577 3361 3698 3414 certe

467 3455 661 3521 (Marc.
696 3467 789 3517 vn,
820 3450 873 3511 3.
899 3454 971 3521 4),
997 3457 1283 3506 servantes
1315 3451 1482 3505 etiam
1505 3451 1785 3523 baptisma
1807 3454 2062 3520 calicum,
2148 3456 2251 3528 ipsi
2284 3463 2544 3528 parentes
2590 3457 2636 3510 si
2667 3474 2789 3528 quas
2818 3458 2932 3512 Deo
2962 3462 3290 3511 consecrata
3318 3453 3616 3511 cernebant,
3644 3461 3698 3500 ne

463 3557 761 3597 urceorum
784 3547 841 3596 et
864 3546 1320 3607 aaramentorum,
1355 3556 1572 3595 necnon
1611 3547 1668 3595 et
1689 3541 1979 3607 lectorum,
2013 3548 2068 3598 et
2150 3546 2425 3617 sacrilegii
2456 3546 2670 3600 crimen
2698 3547 3069 3609 incurrerent,
3104 3551 3340 3616 tangere
3369 3538 3695 3598 declinabant,

464 3631 576 3685 alia
603 3631 1035 3703 quamplurima,
1060 3630 1365 3685 secundum
1390 3630 1834 3694 puriﬁcationem
1851 3632 2066 3687 Judaeo-
2150 3636 2338 3705 sicque
2354 3641 2600 3705 egestate
2616 3635 3072 3690 conficiebantur.
3095 3637 3277 3705 Atque
3299 3635 3378 3689 ita
3398 3632 3556 3686 ﬁebat
3573 3626 3698 3682 obla—

466 3736 612 3775 rum.
640 3720 821 3784 Quam
842 3720 1005 3792 plane
1029 3718 1474 3791 purificationem
1505 3735 1775 3774 manuum
1796 3720 2069 3793 desuper—
2148 3724 2227 3778 tio
2258 3724 2560 3779 liberorum
2592 3724 2696 3778 sub
2726 3724 3013 3779 occasione
3041 3724 3236 3794 templi
3262 3730 3322 3777 et
3338 3722 3455 3786 Dei,
3478 3725 3537 3774 ut
3562 3718 3610 3771 in
3626 3729 3698 3769 sa-

464 3809 693 3865 stitione
724 3810 1037 3864 venientem
1070 3809 1245 3879 magis
1266 3825 1434 3879 quam
1457 3808 1855 3874 dehonestate,
1879 3816 1935 3865 et
1962 3828 2068 3865 usu
2150 3814 2441 3868 cerdotum
2471 3814 2626 3867 lucra
2656 3814 3033 3868 cederetllaac
3049 3812 3328 3883 siquidem
3360 3804 3700 3883 pessimaPha-

469 3898 1327 3972 quotidianaillicalumniantes,
1347 3898 1859 3969 requirebant,cum
1882 3906 2071 3955 essent
2150 3904 2439 3957 risreorum
2469 3903 2700 3957 traditio
2729 3904 2797 3956 de
2840 3903 2950 3955 alia
2979 3902 3265 3955 occasione
3297 3899 3558 3961 veniebat;
3590 3908 3700 3964 quo-

468 3987 679 4059 impuri
699 3993 757 4041 et
772 3988 1212 4042 immundi.Erat
1224 4004 1467 4059 namque
1488 4005 1679 4042 eorum
1699 3988 1927 4042 traditio
1938 3991 2066 4045 talis
2152 3993 2301 4047 niam
2331 3993 2494 4047 multi
2512 3992 2782 4046 habentes
2812 3992 3084 4062 obligatos
3106 4008 3215 4046 aere
3236 3992 3439 4054 alieno,
3471 3994 3524 4042 et
3540 3984 3700 4039 nolen-

470 4077 693 4147 qualem
724 4077 960 4146 apostoli
990 4076 1200 4130 imitari
1221 4077 1610 4147 superstitiose
1636 4076 2063 4143 nolebant.Qui—
2144 4089 2231 4138 tes
2260 4081 2365 4136 sibi
2385 4082 2659 4136 creditum
2692 4082 2942 4145 reddere,
2973 4080 3310 4152 delegabant
3339 4072 3697 4134 sacerdotibus

469 4172 574 4228 bus
604 4173 877 4227 Dominus
906 4173 1194 4243 respondit
1217 4191 1228 4224 :
2144 4178 2210 4227 ut
2232 4171 2682 4245 exacta‘pecunia
2701 4170 3025 4225 ministeriis
3042 4171 3238 4242 templi
3260 4177 3320 4224 et
3337 4183 3522 4225 eorum
3541 4161 3700 4218 usibus

543 4260 881 4326 Quareetvos
906 4262 2063 4332 transgrediminimandatumlieipropter
2144 4262 2465 4316 deservit-et.
2527 4260 2726 4331 Sicque
2771 4260 3046 4314 docebant
3074 4266 3138 4314 ut
3175 4260 3428 4315 dicerent
3459 4254 3590 4329 patri
3634 4245 3699 4302 vel

473 4349 831 4402 traditionem
854 4354 1090 4402 vestram
1119 4348 1295 4401 PEcce
1320 4348 1863 4419 Magisteregregius,
1898 4369 2066 4421 quam
2090 4402 2134 4421 η
2151 4351 2343 4405 matri:
2365 4351 2568 4405 Munus
2586 4349 2955 4420 quodcunque
2977 4356 3065 4404 est
3093 4367 3159 4403 ex
3188 4366 3279 4403 me
3304 4350 3418 4404 Deo
3439 4340 3700 4401 votisobla-

1401 4402 1436 4418 υ
1615 4402 1650 4417 υ
1702 4402 1752 4419 υ
1906 4402 2066 4421 τητ-
2596 4402 2683 4420 νιη
2778 4402 2781 4403 ν
2862 4402 2881 4420 ι
2938 4402 2997 4403 η
3048 4402 3059 4404 τ
3103 4402 3153 4403 κν
3306 4402 3335 4404 -
3400 4402 3403 4403 ν

471 4436 647 4491 libere
666 4453 792 4491 cum
818 4437 970 4491 omni
986 4435 1318 4490 auctoritate
1335 4435 1541 4501 divina,
1575 4452 1739 4507 quam
1763 4438 2062 4507 sapienter,
2088 4402 2136 4459 Β
2151 4437 2409 4505 tum,tibi
2429 4438 2713 4509 prodest.o
2742 4443 2919 4508 pater,
2953 4438 3217 4507 quoniam
3239 4454 3305 4492 ex
3325 4454 3415 4492 me
3444 4451 3536 4506 pro
3548 4438 3597 4485 te
3611 4428 3700 4482 Deo

474 4542 641 4598 quam
673 4526 1072 4582 ofﬁciosissime
1098 4524 1403 4595 respondit,
1426 4530 1483 4580 et
1510 4525 1704 4579 falsam
1731 4526 2069 4582 calumniam
2154 4530 2403 4582 offertur.
2438 4526 2651 4591 Quibus
2682 4527 2927 4597 profecto
2968 4526 3147 4581 verbis
3175 4526 3373 4581 callide
3404 4518 3702 4579 evacuabanl

472 4631 608 4670 vera
633 4615 884 4670 confutat
912 4620 970 4669 et
1013 4615 1264 4668 retundit
1306 4614 1773 4685 interrogatione;
1807 4617 2070 4687 quoniam
2153 4617 2419 4671 honorem
2437 4616 2702 4686 patris,et
2723 4616 2987 4669 mandata
3007 4616 3106 4670 Dei
3124 4615 3440 4686 transgredi
3467 4608 3706 4667 faciebant

475 4704 732 4775 iniquum
760 4709 848 4758 est
869 4705 1197 4758 mandatum
1233 4704 1330 4758 Dei
1350 4711 1582 4776 propter
1609 4704 1941 4760 traditiones
1970 4706 2072 4761 ho-
2155 4721 2255 4775 pro
2276 4704 3173 4775 suisconcupiscentiarumlucris,
3197 4697 3705 4759 nolentesattendel‘e

481 4792 700 4847 minum
746 4794 915 4848 etiam
963 4794 1277 4864 superﬂuas
1323 4798 1380 4848 et
1424 4810 1595 4848 vanas
1635 4793 1867 4848 honeste
1896 4794 2075 4864 magis
2158 4793 2305 4864 quod
2338 4792 2418 4845 ait
2445 4792 2565 4863 ipse
2600 4794 2905 4848 Dominus:
2943 4795 3379 4848 Misericordiam
3411 4796 3521 4846 rolo
3560 4782 3705 4849 magis

481 4898 651 4953 quam
680 4881 1198 4952 reprehensibiliter
1222 4883 1671 4953 praetermittere.
1700 4883 1780 4936 Ac
1802 4883 1849 4935 si
1870 4882 2078 4936 diceret
2158 4897 2326 4949 quam
2346 4885 2685 4949 sacri/icium
2724 4883 2917 4949 (Matth
2961 4897 3039 4947 Ix,
3078 4881 3183 4940 13).
3218 4883 3319 4937 Vel
3344 4883 3451 4937 alio
3476 4875 3622 4934 modo
3637 4871 3706 4924 in-

482 4970 755 5035 Salvator,
783 4969 840 5024 Si
855 4970 1462 5040 proptertraditionem
1494 4970 1785 5025 hominum
1811 4971 1910 5024 Dei
1943 4986 2078 5040 praz-
2158 4971 2521 5041 telligendum
2554 4977 2618 5024 ut
2646 4971 2830 5041 possit
2848 4970 3053 5025 habere
3083 4977 3198 5025 tam
3231 4971 3408 5025 brevis
3434 4966 3587 5023 dictio
3610 4973 3707 5015 sen-

482 5065 644 5132 cepta
661 5059 748 5113 vel
766 5057 1597 5131 mandatacontemnitis,quare
1612 5059 1913 5129 discipulos
1924 5074 2076 5113 meos
2158 5076 2302 5122 sum,
2338 5076 2542 5113 munus
2569 5061 2714 5131 quod
2738 5077 2803 5113 ex
2837 5077 2926 5114 me
2944 5067 3029 5114 est
3046 5060 3147 5114 tibi
3174 5061 3505 5132 proderit.ac
3523 5055 3563 5109 si
3583 5050 3706 5105 dice-

480 5149 807 5204 innocentes
827 5152 882 5201 et
911 5145 1052 5199 bene
1083 5146 1331 5201 conscios
1364 5149 1791 5220 reprehenditis,
1834 5164 1899 5201 eo
1929 5148 2077 5218 quod
2162 5157 2283 5206 ret:
2348 5151 2694 5221 Compellitis
2723 5151 2866 5205 filios
2896 5157 2960 5204 ut
3006 5150 3197 5204 dicant
3231 5148 3548 5221 parentibus
3586 5138 3704 5195 suis»

482 5237 766 5292 seniorum
781 5241 1092 5290 vestrorum
1106 5233 1368 5289 instituta
1384 5238 1544 5305 quasi
1564 5238 1663 5292 Dei
1680 5242 1953 5309 praecepta
1970 5253 2080 5291 non
2166 5258 2369 5295 munus
2387 5241 2471 5293 vel
2490 5240 2696 5293 donum
2724 5241 3092 5310 quodcunque
3109 5257 3172 5293 ex
3196 5256 3284 5293 me
3302 5239 3441 5293 votis
3461 5234 3708 5290 oblaturus

482 5326 825 5391 custodiunt,
853 5340 978 5378 cum
1012 5322 1337 5376 sceleratius
1363 5323 1439 5377 sit
1477 5325 1577 5379 Dei
1606 5327 1887 5397 negligere
1923 5340 2077 5379 inan-
2158 5348 2308 5385 eram
2340 5329 2594 5393 Domino,
2626 5328 2681 5382 in
2699 5335 2826 5382 tuos
2849 5345 3114 5383 consumo
3127 5328 3483 5398 usustibique
3498 5319 3705 5395 prodest.

481 5422 616 5477 data
644 5436 814 5492 quam
842 5418 1175 5474 traditiones
1196 5419 1486 5473 hominum
1510 5425 1822 5493 superfluas
1852 5429 2078 5494 praeter—
2160 5438 2192 5473 ο
2222 5426 2398 5491 pater,
2432 5420 2515 5471 vel
2546 5436 2578 5470 ο
2605 5424 2807 5483 mater,
2838 5424 2901 5472 ut
2925 5419 3007 5471 illi
3039 5418 3301 5472 timentes
3329 5415 3565 5486 accipere
3587 5400 3707 5479 quod

484 5509 750 5567 mittere?
772 5509 862 5565 Sic
891 5525 1135 5579 namque
1165 5507 1464 5562 fortissimo
1492 5525 1669 5564 cuneo
1690 5512 1869 5567 nodus
1899 5512 2080 5565 malus
2161 5511 2276 5563 Deo
2308 5509 2503 5562 saltem
2527 5507 2828 5561 voluntatis
2843 5514 2969 5562 voto
2998 5494 3708 5576 videbantmancipatumdta

487 5600 823 5658 dissolvitur.
852 5598 942 5656 Sic
968 5598 1206 5655 caelestis
1243 5601 1433 5655 orator
1460 5613 1573 5653 non
1599 5599 1780 5655 solum
1810 5616 1913 5656 sua
1951 5588 2081 5656 δύο·
2166 5602 2232 5655 ut
2273 5596 2496 5671 inopem
2518 5596 2726 5652 vellent
2752 5597 2937 5668 magis
2952 5596 3122 5653 vitam
3155 5596 3377 5663 ducere,
3401 5607 3555 5671 quam
3580 5593 3708 5642 come
