  <div class='ocr_page' id='page_1' title='image "/cluster/home/n/w/nwhite01/storage/ocr_20150623/120/hvd.32044054759824/272.png"; bbox 0 0 3888 6172; ppageno 0'>
   <div class='ocr_carea' id='block_1_1' title="bbox 248 290 362 349">
    <p class='ocr_par' dir='ltr' id='par_1_1' title="bbox 248 290 362 349">
     <span class='ocr_line' id='line_1_1' title="bbox 248 290 362 349; baseline 0.018 -2"><span class='ocrx_word' id='word_1_1' title='bbox 248 290 362 349; x_wconf 84' lang='grc'>533</span> 
     </span>
    </p>
   </div>
   <div class='ocr_carea' id='block_1_2' title="bbox 997 288 1840 359">
    <p class='ocr_par' dir='ltr' id='par_1_2' title="bbox 997 288 1840 346">
     <span class='ocr_line' id='line_1_2' title="bbox 997 288 1840 346; baseline 0.004 -3"><span class='ocrx_word' id='word_1_2' title='bbox 997 288 1373 344; x_wconf 82' lang='lat' dir='ltr'>EXPOSITIO</span> <span class='ocrx_word' id='word_1_3' title='bbox 1414 290 1491 345; x_wconf 88' lang='lat' dir='ltr'><strong>IN</strong></span> <span class='ocrx_word' id='word_1_4' title='bbox 1528 290 1840 346; x_wconf 78' lang='grc' dir='ltr'>ΜΑἸἾἨΛΞ</span> 
     </span>
    </p>
   </div>
   <div class='ocr_carea' id='block_1_3' title="bbox 1926 288 2788 359">
    <p class='ocr_par' dir='ltr' id='par_1_3' title="bbox 1926 293 2788 359">
     <span class='ocr_line' id='line_1_3' title="bbox 1926 293 2788 359; baseline -0.001 -12"><span class='ocrx_word' id='word_1_5' title='bbox 1926 293 1980 347; x_wconf 73' lang='lat' dir='ltr'>li.</span> <span class='ocrx_word' id='word_1_6' title='bbox 2024 323 2091 337; x_wconf 93' lang='lat'>-</span> <span class='ocrx_word' id='word_1_7' title='bbox 2128 295 2264 350; x_wconf 89' lang='lat' dir='ltr'>LIB.</span> <span class='ocrx_word' id='word_1_8' title='bbox 2307 294 2429 359; x_wconf 87' lang='lat' dir='ltr'>VII,</span> <span class='ocrx_word' id='word_1_9' title='bbox 2471 294 2628 351; x_wconf 85' lang='lat' dir='ltr'>CAP.</span> <span class='ocrx_word' id='word_1_10' title='bbox 2670 293 2788 348; x_wconf 79' lang='lat' dir='ltr'>XV.</span> 
     </span>
    </p>
   </div>
   <div class='ocr_carea' id='block_1_4' title="bbox 3422 298 3534 361">
    <p class='ocr_par' dir='ltr' id='par_1_4' title="bbox 3422 298 3534 361">
     <span class='ocr_line' id='line_1_4' title="bbox 3422 298 3534 361; baseline -0.045 -1"><span class='ocrx_word' id='word_1_11' title='bbox 3422 298 3534 361; x_wconf 78' lang='grc'>534</span> 
     </span>
    </p>
   </div>
   <div class='ocr_carea' id='block_1_5' title="bbox 250 402 3524 491">
    <p class='ocr_par' dir='ltr' id='par_1_5' title="bbox 250 402 3524 491">
     <span class='ocr_line' id='line_1_5' title="bbox 250 402 3524 491; baseline 0.003 -20"><span class='ocrx_word' id='word_1_12' title='bbox 250 418 392 471; x_wconf 87' lang='lat' dir='ltr'>dere</span> <span class='ocrx_word' id='word_1_13' title='bbox 412 419 483 472; x_wconf 91' lang='lat' dir='ltr'>de</span> <span class='ocrx_word' id='word_1_14' title='bbox 512 402 872 471; x_wconf 78' lang='lat' dir='ltr'>consecratis.</span> <span class='ocrx_word' id='word_1_15' title='bbox 901 419 1089 480; x_wconf 60' lang='lat'>637</span> <span class='ocrx_word' id='word_1_16' title='bbox 1122 414 1299 477; x_wconf 89' lang='lat' dir='ltr'>Quam</span> <span class='ocrx_word' id='word_1_17' title='bbox 1328 416 1664 470; x_wconf 86' lang='lat' dir='ltr'>sententiam</span> <span class='ocrx_word' id='word_1_18' title='bbox 1686 417 2177 478; x_wconf 76' lang='lat' dir='ltr'>PaterAutuntur</span> <span class='ocrx_word' id='word_1_19' title='bbox 2218 420 2473 474; x_wconf 90' lang='lat' dir='ltr'>homines</span> <span class='ocrx_word' id='word_1_20' title='bbox 2515 437 2526 472; x_wconf 93' lang='lat'><strong>:</strong></span> <span class='ocrx_word' id='word_1_21' title='bbox 2579 419 2732 474; x_wconf 89' lang='lat' dir='ltr'>verbi</span> <span class='ocrx_word' id='word_1_22' title='bbox 2776 421 2980 491; x_wconf 88' lang='lat' dir='ltr'>gratia,</span> <span class='ocrx_word' id='word_1_23' title='bbox 3017 421 3241 477; x_wconf 84' lang='lat' dir='ltr'>suillam</span> <span class='ocrx_word' id='word_1_24' title='bbox 3273 439 3524 489; x_wconf 87' lang='lat' dir='ltr'>carnem,</span> 
     </span>
    </p>
   </div>
   <div class='ocr_carea' id='block_1_6' title="bbox 243 503 1853 577">
    <p class='ocr_par' dir='ltr' id='par_1_6' title="bbox 243 503 1853 577">
     <span class='ocr_line' id='line_1_6' title="bbox 243 503 1853 577; baseline -0.001 -17"><span class='ocrx_word' id='word_1_25' title='bbox 243 506 608 577; x_wconf 79' lang='lat' dir='ltr'>Augustinus</span> <span class='ocrx_word' id='word_1_26' title='bbox 623 504 1031 560; x_wconf 85' lang='lat' dir='ltr'>sententiarum</span> <span class='ocrx_word' id='word_1_27' title='bbox 1043 503 1294 557; x_wconf 90' lang='lat' dir='ltr'>omnium</span> <span class='ocrx_word' id='word_1_28' title='bbox 1313 504 1600 558; x_wconf 87' lang='lat' dir='ltr'>absolutor</span> <span class='ocrx_word' id='word_1_29' title='bbox 1618 506 1853 560; x_wconf 82' lang='lat' dir='ltr'>eximius</span> 
     </span>
    </p>
   </div>
   <div class='ocr_carea' id='block_1_7' title="bbox 250 592 1855 666">
    <p class='ocr_par' dir='ltr' id='par_1_7' title="bbox 250 592 1855 666">
     <span class='ocr_line' id='line_1_7' title="bbox 250 592 1855 666; baseline 0 -18"><span class='ocrx_word' id='word_1_30' title='bbox 250 602 311 648; x_wconf 93' lang='lat' dir='ltr'>et</span> <span class='ocrx_word' id='word_1_31' title='bbox 331 595 720 666; x_wconf 73' lang='lat' dir='ltr'>quaestionum</span> <span class='ocrx_word' id='word_1_32' title='bbox 750 593 1116 662; x_wconf 84' lang='lat' dir='ltr'>investigator</span> <span class='ocrx_word' id='word_1_33' title='bbox 1145 592 1469 657; x_wconf 85' lang='lat' dir='ltr'>acerrimus,</span> <span class='ocrx_word' id='word_1_34' title='bbox 1497 595 1661 663; x_wconf 89' lang='lat' dir='ltr'>longe</span> <span class='ocrx_word' id='word_1_35' title='bbox 1691 595 1855 649; x_wconf 81' lang='lat' dir='ltr'>aliter</span> 
     </span>
    </p>
   </div>
   <div class='ocr_carea' id='block_1_8' title="bbox 244 682 1853 753">
    <p class='ocr_par' dir='ltr' id='par_1_8' title="bbox 244 682 1853 753">
     <span class='ocr_line' id='line_1_8' title="bbox 244 682 1853 753; baseline -0.001 -14"><span class='ocrx_word' id='word_1_36' title='bbox 244 685 512 749; x_wconf 80' lang='lat' dir='ltr'>absolvit,</span> <span class='ocrx_word' id='word_1_37' title='bbox 537 685 753 738; x_wconf 76' lang='lat' dir='ltr'>dicens:</span> <span class='ocrx_word' id='word_1_38' title='bbox 776 684 980 737; x_wconf 87' lang='lat' dir='ltr'>Munus</span> <span class='ocrx_word' id='word_1_39' title='bbox 1003 682 1375 753; x_wconf 80' lang='lat' dir='ltr'>quodcunque</span> <span class='ocrx_word' id='word_1_40' title='bbox 1397 683 1561 737; x_wconf 75' lang='lat' dir='ltr'>offers</span> <span class='ocrx_word' id='word_1_41' title='bbox 1586 684 1785 750; x_wconf 88' lang='lat' dir='ltr'>mei,ac</span> <span class='ocrx_word' id='word_1_42' title='bbox 1807 684 1853 737; x_wconf 89' lang='lat' dir='ltr'>si</span> 
     </span>
    </p>
   </div>
   <div class='ocr_carea' id='block_1_9' title="bbox 245 771 1873 843">
    <p class='ocr_par' dir='ltr' id='par_1_9' title="bbox 245 771 1873 843">
     <span class='ocr_line' id='line_1_9' title="bbox 245 771 1873 843; baseline 0 -15"><span class='ocrx_word' id='word_1_43' title='bbox 245 774 407 828; x_wconf 83' lang='lat' dir='ltr'>ﬁlius</span> <span class='ocrx_word' id='word_1_44' title='bbox 430 774 645 827; x_wconf 85' lang='lat' dir='ltr'>diceret</span> <span class='ocrx_word' id='word_1_45' title='bbox 661 773 734 826; x_wconf 88' lang='lat' dir='ltr'>ad</span> <span class='ocrx_word' id='word_1_46' title='bbox 754 779 972 843; x_wconf 77' lang='lat' dir='ltr'>patrem</span> <span class='ocrx_word' id='word_1_47' title='bbox 995 789 1005 824; x_wconf 93' lang='lat'><strong>:</strong></span> <span class='ocrx_word' id='word_1_48' title='bbox 1032 772 1212 824; x_wconf 84' lang='lat' dir='ltr'>Causa</span> <span class='ocrx_word' id='word_1_49' title='bbox 1237 771 1346 825; x_wconf 90' lang='lat' dir='ltr'>mei</span> <span class='ocrx_word' id='word_1_50' title='bbox 1365 772 1432 825; x_wconf 84' lang='lat' dir='ltr'>ad</span> <span class='ocrx_word' id='word_1_51' title='bbox 1452 778 1505 825; x_wconf 87' lang='lat' dir='ltr'>te</span> <span class='ocrx_word' id='word_1_52' title='bbox 1528 773 1873 843; x_wconf 63' lang='lat' dir='ltr'>pertinebit.~</span> 
     </span>
    </p>
   </div>
   <div class='ocr_carea' id='block_1_10' title="bbox 243 859 1851 933">
    <p class='ocr_par' dir='ltr' id='par_1_10' title="bbox 243 859 1851 933">
     <span class='ocr_line' id='line_1_10' title="bbox 243 859 1851 933; baseline -0.001 -16"><span class='ocrx_word' id='word_1_53' title='bbox 243 863 467 929; x_wconf 85' lang='lat' dir='ltr'><strong>Quibus</strong></span> <span class='ocrx_word' id='word_1_54' title='bbox 494 862 679 917; x_wconf 81' lang='lat' dir='ltr'><strong>verbis</strong></span> <span class='ocrx_word' id='word_1_55' title='bbox 726 859 1119 931; x_wconf 85' lang='lat' dir='ltr'>signiﬁcabant</span> <span class='ocrx_word' id='word_1_56' title='bbox 1145 861 1245 914; x_wconf 77' lang='lat' dir='ltr'>filii</span> <span class='ocrx_word' id='word_1_57' title='bbox 1271 862 1391 930; x_wconf 91' lang='lat' dir='ltr'>jam</span> <span class='ocrx_word' id='word_1_58' title='bbox 1423 877 1535 915; x_wconf 91' lang='lat' dir='ltr'>non</span> <span class='ocrx_word' id='word_1_59' title='bbox 1567 861 1671 915; x_wconf 92' lang='lat' dir='ltr'>sibi</span> <span class='ocrx_word' id='word_1_60' title='bbox 1713 879 1851 933; x_wconf 89' lang='lat' dir='ltr'>opus</span> 
     </span>
    </p>
   </div>
   <div class='ocr_carea' id='block_1_11' title="bbox 249 948 1855 1023">
    <p class='ocr_par' dir='ltr' id='par_1_11' title="bbox 249 948 1855 1023">
     <span class='ocr_line' id='line_1_11' title="bbox 249 948 1855 1023; baseline -0.002 -15"><span class='ocrx_word' id='word_1_61' title='bbox 249 969 376 1008; x_wconf 87' lang='lat' dir='ltr'>esse</span> <span class='ocrx_word' id='word_1_62' title='bbox 422 957 723 1023; x_wconf 80' lang='lat' dir='ltr'>parentum</span> <span class='ocrx_word' id='word_1_63' title='bbox 764 967 863 1021; x_wconf 91' lang='lat' dir='ltr'>pro</span> <span class='ocrx_word' id='word_1_64' title='bbox 891 966 950 1004; x_wconf 90' lang='lat' dir='ltr'>se</span> <span class='ocrx_word' id='word_1_65' title='bbox 979 948 1307 1015; x_wconf 81' lang='lat' dir='ltr'>oblationes,</span> <span class='ocrx_word' id='word_1_66' title='bbox 1340 966 1404 1003; x_wconf 91' lang='lat' dir='ltr'>eo</span> <span class='ocrx_word' id='word_1_67' title='bbox 1444 951 1591 1021; x_wconf 92' lang='lat' dir='ltr'>quod</span> <span class='ocrx_word' id='word_1_68' title='bbox 1617 952 1737 1021; x_wconf 87' lang='lat' dir='ltr'>jam</span> <span class='ocrx_word' id='word_1_69' title='bbox 1783 952 1855 1005; x_wconf 90' lang='lat' dir='ltr'>ad</span> 
     </span>
    </p>
   </div>
   <div class='ocr_carea' id='block_1_12' title="bbox 248 1039 1856 1110">
    <p class='ocr_par' dir='ltr' id='par_1_12' title="bbox 248 1039 1856 1110">
     <span class='ocr_line' id='line_1_12' title="bbox 248 1039 1856 1110; baseline -0.001 -14"><span class='ocrx_word' id='word_1_70' title='bbox 248 1057 379 1095; x_wconf 85' lang='lat' dir='ltr'>eam</span> <span class='ocrx_word' id='word_1_71' title='bbox 408 1046 636 1096; x_wconf 70' lang='lat' dir='ltr'>aetatem</span> <span class='ocrx_word' id='word_1_72' title='bbox 662 1039 1067 1110; x_wconf 82' lang='lat' dir='ltr'>pervenissent,</span> <span class='ocrx_word' id='word_1_73' title='bbox 1090 1054 1200 1108; x_wconf 91' lang='lat' dir='ltr'>qua</span> <span class='ocrx_word' id='word_1_74' title='bbox 1237 1047 1466 1108; x_wconf 87' lang='lat' dir='ltr'>possent</span> <span class='ocrx_word' id='word_1_75' title='bbox 1501 1040 1609 1110; x_wconf 88' lang='lat' dir='ltr'>ipsi</span> <span class='ocrx_word' id='word_1_76' title='bbox 1655 1040 1856 1094; x_wconf 80' lang='lat' dir='ltr'>oll‘erre</span> 
     </span>
    </p>
   </div>
   <div class='ocr_carea' id='block_1_13' title="bbox 241 1128 1856 1202">
    <p class='ocr_par' dir='ltr' id='par_1_13' title="bbox 241 1128 1856 1202">
     <span class='ocr_line' id='line_1_13' title="bbox 241 1128 1856 1202; baseline -0.001 -17"><span class='ocrx_word' id='word_1_77' title='bbox 241 1147 349 1202; x_wconf 87' lang='lat' dir='ltr'>pro</span> <span class='ocrx_word' id='word_1_78' title='bbox 370 1147 454 1185; x_wconf 86' lang='lat' dir='ltr'>se.</span> <span class='ocrx_word' id='word_1_79' title='bbox 487 1130 553 1184; x_wconf 89' lang='lat' dir='ltr'>In</span> <span class='ocrx_word' id='word_1_80' title='bbox 583 1129 688 1182; x_wconf 90' lang='lat' dir='ltr'>hac</span> <span class='ocrx_word' id='word_1_81' title='bbox 725 1144 858 1198; x_wconf 89' lang='lat' dir='ltr'>ergo</span> <span class='ocrx_word' id='word_1_82' title='bbox 898 1133 1062 1181; x_wconf 72' lang='lat' dir='ltr'>aetate</span> <span class='ocrx_word' id='word_1_83' title='bbox 1106 1128 1397 1182; x_wconf 88' lang='lat' dir='ltr'>constituti</span> <span class='ocrx_word' id='word_1_84' title='bbox 1425 1128 1547 1191; x_wconf 82' lang='lat' dir='ltr'>lilii,</span> <span class='ocrx_word' id='word_1_85' title='bbox 1594 1134 1658 1182; x_wconf 92' lang='lat' dir='ltr'>ut</span> <span class='ocrx_word' id='word_1_86' title='bbox 1686 1128 1856 1184; x_wconf 81' lang='lat' dir='ltr'>libere</span> 
     </span>
    </p>
   </div>
   <div class='ocr_carea' id='block_1_14' title="bbox 240 1215 1860 1291">
    <p class='ocr_par' dir='ltr' id='par_1_14' title="bbox 240 1215 1860 1291">
     <span class='ocr_line' id='line_1_14' title="bbox 240 1215 1860 1291; baseline -0.001 -18"><span class='ocrx_word' id='word_1_87' title='bbox 240 1223 485 1291; x_wconf 86' lang='lat' dir='ltr'>possent</span> <span class='ocrx_word' id='word_1_88' title='bbox 514 1215 842 1289; x_wconf 88' lang='lat' dir='ltr'>parentibus</span> <span class='ocrx_word' id='word_1_89' title='bbox 861 1215 1064 1281; x_wconf 84' lang='lat' dir='ltr'>dicere,</span> <span class='ocrx_word' id='word_1_90' title='bbox 1091 1220 1147 1269; x_wconf 89' lang='lat' dir='ltr'>et</span> <span class='ocrx_word' id='word_1_91' title='bbox 1165 1232 1293 1269; x_wconf 89' lang='lat' dir='ltr'>cum</span> <span class='ocrx_word' id='word_1_92' title='bbox 1325 1216 1428 1269; x_wconf 90' lang='lat' dir='ltr'>hoc</span> <span class='ocrx_word' id='word_1_93' title='bbox 1446 1216 1737 1282; x_wconf 82' lang='lat' dir='ltr'>dixissent,</span> <span class='ocrx_word' id='word_1_94' title='bbox 1765 1234 1860 1271; x_wconf 91' lang='lat' dir='ltr'>ne-</span> 
     </span>
    </p>
   </div>
   <div class='ocr_carea' id='block_1_15' title="bbox 242 1304 1859 1379">
    <p class='ocr_par' dir='ltr' id='par_1_15' title="bbox 242 1304 1859 1379">
     <span class='ocr_line' id='line_1_15' title="bbox 242 1304 1859 1379; baseline -0.001 -17"><span class='ocrx_word' id='word_1_95' title='bbox 242 1308 467 1379; x_wconf 88' lang='lat' dir='ltr'>gabant</span> <span class='ocrx_word' id='word_1_96' title='bbox 503 1306 771 1361; x_wconf 65' lang='lat' dir='ltr'>Pharisaei</span> <span class='ocrx_word' id='word_1_97' title='bbox 798 1321 923 1359; x_wconf 89' lang='lat' dir='ltr'>reos</span> <span class='ocrx_word' id='word_1_98' title='bbox 954 1321 1076 1358; x_wconf 89' lang='lat' dir='ltr'>esse</span> <span class='ocrx_word' id='word_1_99' title='bbox 1109 1305 1272 1370; x_wconf 84' lang='lat' dir='ltr'>ﬁlios,</span> <span class='ocrx_word' id='word_1_100' title='bbox 1308 1305 1354 1358; x_wconf 89' lang='lat' dir='ltr'>si</span> <span class='ocrx_word' id='word_1_101' title='bbox 1385 1304 1713 1376; x_wconf 88' lang='lat' dir='ltr'>parentibus</span> <span class='ocrx_word' id='word_1_102' title='bbox 1742 1307 1859 1360; x_wconf 88' lang='lat' dir='ltr'>suis</span> 
     </span>
    </p>
   </div>
   <div class='ocr_carea' id='block_1_16' title="bbox 239 1394 1858 1468">
    <p class='ocr_par' dir='ltr' id='par_1_16' title="bbox 239 1394 1858 1468">
     <span class='ocr_line' id='line_1_16' title="bbox 239 1394 1858 1468; baseline -0.002 -16"><span class='ocrx_word' id='word_1_103' title='bbox 239 1414 358 1451; x_wconf 84' lang='lat' dir='ltr'>non</span> <span class='ocrx_word' id='word_1_104' title='bbox 390 1401 731 1468; x_wconf 67' lang='lat' dir='ltr'>praestarent</span> <span class='ocrx_word' id='word_1_105' title='bbox 756 1395 1046 1448; x_wconf 86' lang='lat' dir='ltr'>honorem.</span> <span class='ocrx_word' id='word_1_106' title='bbox 1071 1394 1178 1447; x_wconf 87' lang='lat' dir='ltr'>Sed</span> <span class='ocrx_word' id='word_1_107' title='bbox 1202 1410 1313 1447; x_wconf 90' lang='lat' dir='ltr'>non</span> <span class='ocrx_word' id='word_1_108' title='bbox 1343 1394 1502 1448; x_wconf 89' lang='lat' dir='ltr'>video</span> <span class='ocrx_word' id='word_1_109' title='bbox 1526 1400 1718 1449; x_wconf 88' lang='lat' dir='ltr'>utrum</span> <span class='ocrx_word' id='word_1_110' title='bbox 1744 1412 1858 1450; x_wconf 88' lang='lat' dir='ltr'>res-</span> 
     </span>
    </p>
   </div>
   <div class='ocr_carea' id='block_1_17' title="bbox 237 1482 1851 1558">
    <p class='ocr_par' dir='ltr' id='par_1_17' title="bbox 237 1482 1851 1558">
     <span class='ocr_line' id='line_1_17' title="bbox 237 1482 1851 1558; baseline -0.001 -18"><span class='ocrx_word' id='word_1_111' title='bbox 237 1486 495 1558; x_wconf 87' lang='lat' dir='ltr'>pondeat</span> <span class='ocrx_word' id='word_1_112' title='bbox 532 1483 966 1539; x_wconf 64' lang='lat' dir='ltr'>circumstantiae</span> <span class='ocrx_word' id='word_1_113' title='bbox 1020 1482 1291 1547; x_wconf 85' lang='lat' dir='ltr'>lectionis,</span> <span class='ocrx_word' id='word_1_114' title='bbox 1339 1483 1447 1537; x_wconf 90' lang='lat' dir='ltr'>nisi</span> <span class='ocrx_word' id='word_1_115' title='bbox 1499 1484 1851 1539; x_wconf 88' lang='lat' dir='ltr'>solummodo</span> 
     </span>
    </p>
   </div>
   <div class='ocr_carea' id='block_1_18' title="bbox 237 1572 1853 1647">
    <p class='ocr_par' dir='ltr' id='par_1_18' title="bbox 237 1572 1853 1647">
     <span class='ocr_line' id='line_1_18' title="bbox 237 1572 1853 1647; baseline -0.001 -18"><span class='ocrx_word' id='word_1_116' title='bbox 237 1576 377 1647; x_wconf 84' lang='lat' dir='ltr'>quia</span> <span class='ocrx_word' id='word_1_117' title='bbox 405 1575 469 1628; x_wconf 91' lang='lat' dir='ltr'>in</span> <span class='ocrx_word' id='word_1_118' title='bbox 489 1575 603 1628; x_wconf 83' lang='lat' dir='ltr'>fine</span> <span class='ocrx_word' id='word_1_119' title='bbox 630 1578 890 1645; x_wconf 89' lang='lat' dir='ltr'>parentes</span> <span class='ocrx_word' id='word_1_120' title='bbox 921 1588 1031 1626; x_wconf 91' lang='lat' dir='ltr'>non</span> <span class='ocrx_word' id='word_1_121' title='bbox 1064 1572 1427 1632; x_wconf 88' lang='lat' dir='ltr'>honorantes,</span> <span class='ocrx_word' id='word_1_122' title='bbox 1453 1573 1716 1644; x_wconf 86' lang='lat' dir='ltr'>superbia</span> <span class='ocrx_word' id='word_1_123' title='bbox 1741 1574 1853 1627; x_wconf 89' lang='lat' dir='ltr'>cul-</span> 
     </span>
    </p>
   </div>
   <div class='ocr_carea' id='block_1_19' title="bbox 234 1660 1844 1735">
    <p class='ocr_par' dir='ltr' id='par_1_19' title="bbox 234 1660 1844 1735">
     <span class='ocr_line' id='line_1_19' title="bbox 234 1660 1844 1735; baseline -0.002 -17"><span class='ocrx_word' id='word_1_124' title='bbox 234 1665 530 1735; x_wconf 86' lang='lat' dir='ltr'>pabantur</span> <span class='ocrx_word' id='word_1_125' title='bbox 540 1661 1025 1734; x_wconf 69' lang='lat' dir='ltr'>illecti,przeceptis</span> <span class='ocrx_word' id='word_1_126' title='bbox 1035 1677 1147 1715; x_wconf 89' lang='lat' dir='ltr'>non</span> <span class='ocrx_word' id='word_1_127' title='bbox 1162 1660 1612 1731; x_wconf 78' lang='lat' dir='ltr'>obtemperantes</span> <span class='ocrx_word' id='word_1_128' title='bbox 1624 1662 1844 1716; x_wconf 85' lang='lat' dir='ltr'>divinis.</span> 
     </span>
    </p>
   </div>
   <div class='ocr_carea' id='block_1_20' title="bbox 309 1751 1910 1841">
    <p class='ocr_par' dir='ltr' id='par_1_20' title="bbox 309 1751 1910 1841">
     <span class='ocr_line' id='line_1_20' title="bbox 309 1751 1910 1841; baseline -0.003 -32"><span class='ocrx_word' id='word_1_129' title='bbox 309 1756 649 1822; x_wconf 56' lang='lat' dir='ltr'>Hypocritea,</span> <span class='ocrx_word' id='word_1_130' title='bbox 686 1754 811 1805; x_wconf 85' lang='lat' dir='ltr'>bene</span> <span class='ocrx_word' id='word_1_131' title='bbox 858 1751 1200 1819; x_wconf 83' lang='lat' dir='ltr'>prophetavit</span> <span class='ocrx_word' id='word_1_132' title='bbox 1240 1752 1414 1804; x_wconf 78' lang='lat' dir='ltr'>Isaias</span> <span class='ocrx_word' id='word_1_133' title='bbox 1442 1753 1504 1804; x_wconf 78' lang='lat' dir='ltr'>de</span> <span class='ocrx_word' id='word_1_134' title='bbox 1544 1754 1708 1805; x_wconf 85' lang='lat' dir='ltr'>vobis.</span> <span class='ocrx_word' id='word_1_135' title='bbox 1762 1752 1910 1841; x_wconf 82' lang='lat' dir='ltr'>Id-B</span> 
     </span>
    </p>
   </div>
   <div class='ocr_carea' id='block_1_21' title="bbox 236 1837 1848 1911">
    <p class='ocr_par' dir='ltr' id='par_1_21' title="bbox 236 1837 1848 1911">
     <span class='ocr_line' id='line_1_21' title="bbox 236 1837 1848 1911; baseline -0.001 -17"><span class='ocrx_word' id='word_1_136' title='bbox 236 1841 388 1895; x_wconf 86' lang='lat' dir='ltr'>circo</span> <span class='ocrx_word' id='word_1_137' title='bbox 418 1840 747 1911; x_wconf 70' lang='lat' dir='ltr'>hypocritte,</span> <span class='ocrx_word' id='word_1_138' title='bbox 775 1838 906 1910; x_wconf 87' lang='lat' dir='ltr'>quia</span> <span class='ocrx_word' id='word_1_139' title='bbox 931 1838 1210 1891; x_wconf 86' lang='lat' dir='ltr'>docebant</span> <span class='ocrx_word' id='word_1_140' title='bbox 1229 1837 1413 1891; x_wconf 87' lang='lat' dir='ltr'>dicere</span> <span class='ocrx_word' id='word_1_141' title='bbox 1440 1840 1580 1892; x_wconf 85' lang='lat' dir='ltr'>ﬁlios</span> <span class='ocrx_word' id='word_1_142' title='bbox 1619 1844 1848 1911; x_wconf 88' lang='lat' dir='ltr'>propter</span> 
     </span>
    </p>
   </div>
   <div class='ocr_carea' id='block_1_22' title="bbox 239 1927 1849 1998">
    <p class='ocr_par' dir='ltr' id='par_1_22' title="bbox 239 1927 1849 1998">
     <span class='ocr_line' id='line_1_22' title="bbox 239 1927 1849 1998; baseline -0.001 -15"><span class='ocrx_word' id='word_1_143' title='bbox 239 1930 546 1983; x_wconf 83' lang='lat' dir='ltr'>avaritiam</span> <span class='ocrx_word' id='word_1_144' title='bbox 576 1948 588 1982; x_wconf 91' lang='lat'>:</span> <span class='ocrx_word' id='word_1_145' title='bbox 616 1929 820 1982; x_wconf 89' lang='lat' dir='ltr'>Munus</span> <span class='ocrx_word' id='word_1_146' title='bbox 841 1927 1212 1998; x_wconf 87' lang='lat' dir='ltr'>quodcunque</span> <span class='ocrx_word' id='word_1_147' title='bbox 1234 1933 1319 1981; x_wconf 91' lang='lat' dir='ltr'>est</span> <span class='ocrx_word' id='word_1_148' title='bbox 1355 1945 1418 1981; x_wconf 87' lang='lat' dir='ltr'>ex</span> <span class='ocrx_word' id='word_1_149' title='bbox 1448 1946 1555 1982; x_wconf 89' lang='lat' dir='ltr'>me.</span> <span class='ocrx_word' id='word_1_150' title='bbox 1584 1928 1688 1983; x_wconf 90' lang='lat' dir='ltr'>Ubi</span> <span class='ocrx_word' id='word_1_151' title='bbox 1719 1928 1849 1982; x_wconf 91' lang='lat' dir='ltr'>insi-</span> 
     </span>
    </p>
   </div>
   <div class='ocr_carea' id='block_1_23' title="bbox 236 2017 1848 2089">
    <p class='ocr_par' dir='ltr' id='par_1_23' title="bbox 236 2017 1848 2089">
     <span class='ocr_line' id='line_1_23' title="bbox 236 2017 1848 2089; baseline -0.001 -17"><span class='ocrx_word' id='word_1_152' title='bbox 236 2024 375 2073; x_wconf 86' lang='lat' dir='ltr'>nuat</span> <span class='ocrx_word' id='word_1_153' title='bbox 422 2018 578 2089; x_wconf 91' lang='lat' dir='ltr'>quod</span> <span class='ocrx_word' id='word_1_154' title='bbox 616 2034 820 2071; x_wconf 84' lang='lat' dir='ltr'>vacuus</span> <span class='ocrx_word' id='word_1_155' title='bbox 858 2022 944 2071; x_wconf 89' lang='lat' dir='ltr'>est</span> <span class='ocrx_word' id='word_1_156' title='bbox 972 2020 1151 2071; x_wconf 88' lang='lat' dir='ltr'>honor</span> <span class='ocrx_word' id='word_1_157' title='bbox 1190 2034 1224 2070; x_wconf 91' lang='lat' dir='ltr'>a</span> <span class='ocrx_word' id='word_1_158' title='bbox 1272 2019 1545 2081; x_wconf 87' lang='lat' dir='ltr'>mercede,</span> <span class='ocrx_word' id='word_1_159' title='bbox 1590 2018 1638 2071; x_wconf 93' lang='lat' dir='ltr'>si</span> <span class='ocrx_word' id='word_1_160' title='bbox 1686 2017 1848 2071; x_wconf 87' lang='lat' dir='ltr'>labiis</span> 
     </span>
    </p>
   </div>
   <div class='ocr_carea' id='block_1_24' title="bbox 234 2106 1848 2171">
    <p class='ocr_par' dir='ltr' id='par_1_24' title="bbox 234 2106 1848 2171">
     <span class='ocr_line' id='line_1_24' title="bbox 234 2106 1848 2171; baseline -0.001 -10"><span class='ocrx_word' id='word_1_161' title='bbox 234 2113 466 2161; x_wconf 85' lang='lat' dir='ltr'>tantum</span> <span class='ocrx_word' id='word_1_162' title='bbox 518 2107 633 2171; x_wconf 86' lang='lat' dir='ltr'>ﬁat,</span> <span class='ocrx_word' id='word_1_163' title='bbox 669 2111 726 2159; x_wconf 91' lang='lat' dir='ltr'>et</span> <span class='ocrx_word' id='word_1_164' title='bbox 768 2122 879 2159; x_wconf 83' lang='lat' dir='ltr'>non</span> <span class='ocrx_word' id='word_1_165' title='bbox 935 2106 994 2159; x_wconf 92' lang='lat' dir='ltr'>in</span> <span class='ocrx_word' id='word_1_166' title='bbox 1036 2106 1221 2159; x_wconf 88' lang='lat' dir='ltr'>corde.</span> <span class='ocrx_word' id='word_1_167' title='bbox 1272 2107 1416 2160; x_wconf 88' lang='lat' dir='ltr'>Nam</span> <span class='ocrx_word' id='word_1_168' title='bbox 1446 2106 1627 2160; x_wconf 88' lang='lat' dir='ltr'>tribus</span> <span class='ocrx_word' id='word_1_169' title='bbox 1669 2106 1848 2159; x_wconf 92' lang='lat' dir='ltr'>modis</span> 
     </span>
    </p>
   </div>
   <div class='ocr_carea' id='block_1_25' title="bbox 236 2194 1849 2266">
    <p class='ocr_par' dir='ltr' id='par_1_25' title="bbox 236 2194 1849 2266">
     <span class='ocr_line' id='line_1_25' title="bbox 236 2194 1849 2266; baseline -0.001 -16"><span class='ocrx_word' id='word_1_170' title='bbox 236 2196 420 2250; x_wconf 90' lang='lat' dir='ltr'>Deum</span> <span class='ocrx_word' id='word_1_171' title='bbox 474 2195 828 2260; x_wconf 79' lang='lat' dir='ltr'>honorificat,</span> <span class='ocrx_word' id='word_1_172' title='bbox 872 2195 1056 2259; x_wconf 91' lang='lat' dir='ltr'>corde,</span> <span class='ocrx_word' id='word_1_173' title='bbox 1096 2212 1281 2266; x_wconf 90' lang='lat' dir='ltr'>opere,</span> <span class='ocrx_word' id='word_1_174' title='bbox 1332 2201 1388 2248; x_wconf 90' lang='lat' dir='ltr'>et</span> <span class='ocrx_word' id='word_1_175' title='bbox 1428 2211 1702 2249; x_wconf 86' lang='lat' dir='ltr'>sermone.</span> <span class='ocrx_word' id='word_1_176' title='bbox 1740 2194 1849 2249; x_wconf 88' lang='lat' dir='ltr'>Sed</span> 
     </span>
    </p>
   </div>
   <div class='ocr_carea' id='block_1_26' title="bbox 237 2283 1850 2355">
    <p class='ocr_par' dir='ltr' id='par_1_26' title="bbox 237 2283 1850 2355">
     <span class='ocr_line' id='line_1_26' title="bbox 237 2283 1850 2355; baseline -0.001 -16"><span class='ocrx_word' id='word_1_177' title='bbox 237 2285 371 2355; x_wconf 87' lang='lat' dir='ltr'>quia</span> <span class='ocrx_word' id='word_1_178' title='bbox 414 2284 601 2339; x_wconf 66' lang='lat' dir='ltr'>Judaei</span> <span class='ocrx_word' id='word_1_179' title='bbox 635 2285 693 2338; x_wconf 91' lang='lat' dir='ltr'>in</span> <span class='ocrx_word' id='word_1_180' title='bbox 742 2284 826 2338; x_wconf 92' lang='lat' dir='ltr'>his</span> <span class='ocrx_word' id='word_1_181' title='bbox 866 2290 1215 2338; x_wconf 89' lang='lat' dir='ltr'>evanuerant</span> <span class='ocrx_word' id='word_1_182' title='bbox 1246 2291 1474 2355; x_wconf 88' lang='lat' dir='ltr'>propter</span> <span class='ocrx_word' id='word_1_183' title='bbox 1518 2283 1850 2338; x_wconf 84' lang='lat' dir='ltr'>traditiones</span> 
     </span>
    </p>
   </div>
   <div class='ocr_carea' id='block_1_27' title="bbox 238 2375 1847 2446">
    <p class='ocr_par' dir='ltr' id='par_1_27' title="bbox 238 2375 1847 2446">
     <span class='ocr_line' id='line_1_27' title="bbox 238 2375 1847 2446; baseline 0 -16"><span class='ocrx_word' id='word_1_184' title='bbox 238 2393 395 2442; x_wconf 88' lang='lat' dir='ltr'>suas,</span> <span class='ocrx_word' id='word_1_185' title='bbox 428 2376 562 2430; x_wconf 90' lang='lat' dir='ltr'>ideo</span> <span class='ocrx_word' id='word_1_186' title='bbox 588 2392 622 2429; x_wconf 92' lang='lat' dir='ltr'>a</span> <span class='ocrx_word' id='word_1_187' title='bbox 656 2377 775 2430; x_wconf 89' lang='lat' dir='ltr'>Deo</span> <span class='ocrx_word' id='word_1_188' title='bbox 799 2382 857 2430; x_wconf 91' lang='lat' dir='ltr'>et</span> <span class='ocrx_word' id='word_1_189' title='bbox 880 2375 1325 2430; x_wconf 83' lang='lat' dir='ltr'>atraditionibus</span> <span class='ocrx_word' id='word_1_190' title='bbox 1347 2376 1446 2429; x_wconf 90' lang='lat' dir='ltr'>Dei</span> <span class='ocrx_word' id='word_1_191' title='bbox 1473 2376 1638 2446; x_wconf 90' lang='lat' dir='ltr'>longe</span> <span class='ocrx_word' id='word_1_192' title='bbox 1667 2382 1847 2430; x_wconf 91' lang='lat' dir='ltr'>erant.</span> 
     </span>
    </p>
   </div>
   <div class='ocr_carea' id='block_1_28' title="bbox 239 2464 1845 2536">
    <p class='ocr_par' dir='ltr' id='par_1_28' title="bbox 239 2464 1845 2536">
     <span class='ocr_line' id='line_1_28' title="bbox 239 2464 1845 2536; baseline -0.001 -16"><span class='ocrx_word' id='word_1_193' title='bbox 239 2466 305 2521; x_wconf 88' lang='lat' dir='ltr'>Et</span> <span class='ocrx_word' id='word_1_194' title='bbox 335 2466 482 2536; x_wconf 83' lang='lat' dir='ltr'>quia</span> <span class='ocrx_word' id='word_1_195' title='bbox 531 2466 752 2520; x_wconf 86' lang='lat' dir='ltr'>molesti</span> <span class='ocrx_word' id='word_1_196' title='bbox 800 2471 962 2519; x_wconf 90' lang='lat' dir='ltr'>erant</span> <span class='ocrx_word' id='word_1_197' title='bbox 1000 2465 1115 2518; x_wconf 91' lang='lat' dir='ltr'>Deo</span> <span class='ocrx_word' id='word_1_198' title='bbox 1146 2464 1344 2533; x_wconf 87' lang='lat' dir='ltr'>magis,</span> <span class='ocrx_word' id='word_1_199' title='bbox 1381 2480 1547 2534; x_wconf 89' lang='lat' dir='ltr'>quam</span> <span class='ocrx_word' id='word_1_200' title='bbox 1579 2464 1845 2535; x_wconf 86' lang='lat' dir='ltr'>religiosi,</span> 
     </span>
    </p>
   </div>
   <div class='ocr_carea' id='block_1_29' title="bbox 237 2553 1845 2623">
    <p class='ocr_par' dir='ltr' id='par_1_29' title="bbox 237 2553 1845 2623">
     <span class='ocr_line' id='line_1_29' title="bbox 237 2553 1845 2623; baseline -0.001 -15"><span class='ocrx_word' id='word_1_201' title='bbox 237 2555 358 2609; x_wconf 85' lang='lat' dir='ltr'>sine</span> <span class='ocrx_word' id='word_1_202' title='bbox 389 2571 567 2610; x_wconf 87' lang='lat' dir='ltr'>causa</span> <span class='ocrx_word' id='word_1_203' title='bbox 600 2556 771 2609; x_wconf 92' lang='lat' dir='ltr'>Deum</span> <span class='ocrx_word' id='word_1_204' title='bbox 802 2553 1059 2608; x_wconf 85' lang='lat' dir='ltr'>colebant</span> <span class='ocrx_word' id='word_1_205' title='bbox 1097 2572 1110 2620; x_wconf 88' lang='lat'><strong>;</strong></span> <span class='ocrx_word' id='word_1_206' title='bbox 1157 2553 1213 2606; x_wconf 91' lang='lat' dir='ltr'>in</span> <span class='ocrx_word' id='word_1_207' title='bbox 1247 2570 1357 2623; x_wconf 91' lang='lat' dir='ltr'>quo</span> <span class='ocrx_word' id='word_1_208' title='bbox 1401 2553 1554 2607; x_wconf 89' lang='lat' dir='ltr'>cultu</span> <span class='ocrx_word' id='word_1_209' title='bbox 1599 2553 1747 2607; x_wconf 91' lang='lat' dir='ltr'>Deus</span> <span class='ocrx_word' id='word_1_210' title='bbox 1790 2553 1845 2607; x_wconf 91' lang='lat' dir='ltr'>in</span> 
     </span>
    </p>
   </div>
   <div class='ocr_carea' id='block_1_30' title="bbox 238 2641 1851 2709">
    <p class='ocr_par' dir='ltr' id='par_1_30' title="bbox 238 2641 1851 2709">
     <span class='ocr_line' id='line_1_30' title="bbox 238 2641 1851 2709; baseline -0.001 -10"><span class='ocrx_word' id='word_1_211' title='bbox 238 2661 413 2699; x_wconf 86' lang='lat' dir='ltr'>causa</span> <span class='ocrx_word' id='word_1_212' title='bbox 440 2660 553 2698; x_wconf 91' lang='lat' dir='ltr'>non</span> <span class='ocrx_word' id='word_1_213' title='bbox 586 2648 726 2709; x_wconf 85' lang='lat' dir='ltr'>erat,</span> <span class='ocrx_word' id='word_1_214' title='bbox 758 2644 893 2697; x_wconf 90' lang='lat' dir='ltr'>dum</span> <span class='ocrx_word' id='word_1_215' title='bbox 932 2642 1070 2696; x_wconf 90' lang='lat' dir='ltr'>vitia</span> <span class='ocrx_word' id='word_1_216' title='bbox 1099 2641 1372 2696; x_wconf 90' lang='lat' dir='ltr'>docebant</span> <span class='ocrx_word' id='word_1_217' title='bbox 1400 2641 1457 2695; x_wconf 91' lang='lat' dir='ltr'>in</span> <span class='ocrx_word' id='word_1_218' title='bbox 1485 2643 1598 2695; x_wconf 85' lang='lat' dir='ltr'>vita</span> <span class='ocrx_word' id='word_1_219' title='bbox 1642 2658 1765 2706; x_wconf 86' lang='lat' dir='ltr'>sua,</span> <span class='ocrx_word' id='word_1_220' title='bbox 1794 2646 1851 2697; x_wconf 89' lang='lat' dir='ltr'>et</span> 
     </span>
    </p>
   </div>
   <div class='ocr_carea' id='block_1_31' title="bbox 238 2730 1848 2808">
    <p class='ocr_par' dir='ltr' id='par_1_31' title="bbox 238 2730 1848 2808">
     <span class='ocr_line' id='line_1_31' title="bbox 238 2730 1848 2808; baseline -0.002 -20"><span class='ocrx_word' id='word_1_221' title='bbox 238 2732 879 2808; x_wconf 35' lang='lat' dir='ltr'>mandata&#39;Testamenti</span> <span class='ocrx_word' id='word_1_222' title='bbox 912 2731 1013 2786; x_wconf 90' lang='lat' dir='ltr'>Dei</span> <span class='ocrx_word' id='word_1_223' title='bbox 1045 2730 1458 2801; x_wconf 83' lang='lat' dir='ltr'>relinquebant.</span> <span class='ocrx_word' id='word_1_224' title='bbox 1488 2730 1700 2794; x_wconf 86' lang='lat' dir='ltr'>Quibus</span> <span class='ocrx_word' id='word_1_225' title='bbox 1726 2731 1848 2801; x_wconf 87' lang='lat' dir='ltr'>ipse</span> 
     </span>
    </p>
   </div>
   <div class='ocr_carea' id='block_1_32' title="bbox 236 2820 1846 2891">
    <p class='ocr_par' dir='ltr' id='par_1_32' title="bbox 236 2820 1846 2891">
     <span class='ocr_line' id='line_1_32' title="bbox 236 2820 1846 2891; baseline -0.001 -16"><span class='ocrx_word' id='word_1_226' title='bbox 236 2824 401 2887; x_wconf 87' lang='lat' dir='ltr'>dixit,</span> <span class='ocrx_word' id='word_1_227' title='bbox 436 2824 639 2878; x_wconf 83' lang='lat' dir='ltr'>Audite</span> <span class='ocrx_word' id='word_1_228' title='bbox 658 2827 705 2874; x_wconf 86' lang='lat' dir='ltr'>et</span> <span class='ocrx_word' id='word_1_229' title='bbox 738 2823 1031 2888; x_wconf 82' lang='lat' dir='ltr'>intelligile</span> <span class='ocrx_word' id='word_1_230' title='bbox 1074 2821 1254 2874; x_wconf 83' lang='lat' dir='ltr'>Aures</span> <span class='ocrx_word' id='word_1_231' title='bbox 1287 2820 1581 2891; x_wconf 89' lang='lat' dir='ltr'>utriusque</span> <span class='ocrx_word' id='word_1_232' title='bbox 1603 2820 1846 2873; x_wconf 86' lang='lat' dir='ltr'>hominis</span> 
     </span>
    </p>
   </div>
   <div class='ocr_carea' id='block_1_33' title="bbox 234 2909 1844 2983">
    <p class='ocr_par' dir='ltr' id='par_1_33' title="bbox 234 2909 1844 2983">
     <span class='ocr_line' id='line_1_33' title="bbox 234 2909 1844 2983; baseline -0.002 -17"><span class='ocrx_word' id='word_1_233' title='bbox 234 2911 517 2983; x_wconf 85' lang='lat' dir='ltr'>requirit;</span> <span class='ocrx_word' id='word_1_234' title='bbox 548 2911 681 2981; x_wconf 84' lang='lat' dir='ltr'>quia</span> <span class='ocrx_word' id='word_1_235' title='bbox 708 2926 813 2964; x_wconf 86' lang='lat' dir='ltr'>nec</span> <span class='ocrx_word' id='word_1_236' title='bbox 841 2916 991 2963; x_wconf 86' lang='lat' dir='ltr'>recte</span> <span class='ocrx_word' id='word_1_237' title='bbox 1020 2909 1178 2962; x_wconf 90' lang='lat' dir='ltr'>audit</span> <span class='ocrx_word' id='word_1_238' title='bbox 1199 2910 1371 2972; x_wconf 89' lang='lat' dir='ltr'>intus,</span> <span class='ocrx_word' id='word_1_239' title='bbox 1406 2909 1501 2979; x_wconf 92' lang='lat' dir='ltr'>qui</span> <span class='ocrx_word' id='word_1_240' title='bbox 1532 2909 1844 2963; x_wconf 89' lang='lat' dir='ltr'>contemnit</span> 
     </span>
    </p>
   </div>
   <div class='ocr_carea' id='block_1_34' title="bbox 237 2996 1845 3069">
    <p class='ocr_par' dir='ltr' id='par_1_34' title="bbox 237 2996 1845 3069">
     <span class='ocr_line' id='line_1_34' title="bbox 237 2996 1845 3069; baseline -0.002 -16"><span class='ocrx_word' id='word_1_241' title='bbox 237 3016 362 3069; x_wconf 72' lang='lat' dir='ltr'>quae</span> <span class='ocrx_word' id='word_1_242' title='bbox 396 2999 498 3052; x_wconf 90' lang='lat' dir='ltr'>Dei</span> <span class='ocrx_word' id='word_1_243' title='bbox 537 3003 670 3052; x_wconf 90' lang='lat' dir='ltr'>sunt</span> <span class='ocrx_word' id='word_1_244' title='bbox 715 2997 910 3051; x_wconf 88' lang='lat' dir='ltr'>audire</span> <span class='ocrx_word' id='word_1_245' title='bbox 955 2997 1127 3050; x_wconf 86' lang='lat' dir='ltr'>foris:</span> <span class='ocrx_word' id='word_1_246' title='bbox 1173 3014 1275 3051; x_wconf 89' lang='lat' dir='ltr'>nec</span> <span class='ocrx_word' id='word_1_247' title='bbox 1318 2996 1470 3051; x_wconf 83' lang='lat' dir='ltr'>foris.</span> <span class='ocrx_word' id='word_1_248' title='bbox 1513 3002 1576 3051; x_wconf 93' lang='lat' dir='ltr'>ut</span> <span class='ocrx_word' id='word_1_249' title='bbox 1613 2996 1845 3067; x_wconf 88' lang='lat' dir='ltr'>dignum</span> 
     </span>
    </p>
   </div>
   <div class='ocr_carea' id='block_1_35' title="bbox 1937 509 3529 584">
    <p class='ocr_par' dir='ltr' id='par_1_35' title="bbox 1937 509 3529 584">
     <span class='ocr_line' id='line_1_35' title="bbox 1937 509 3529 584; baseline 0.004 -23"><span class='ocrx_word' id='word_1_250' title='bbox 1937 514 2169 573; x_wconf 88' lang='lat' dir='ltr'>ostreas,</span> <span class='ocrx_word' id='word_1_251' title='bbox 2202 516 2260 562; x_wconf 90' lang='lat' dir='ltr'>et</span> <span class='ocrx_word' id='word_1_252' title='bbox 2289 510 2522 579; x_wconf 86' lang='lat' dir='ltr'>lepores,</span> <span class='ocrx_word' id='word_1_253' title='bbox 2573 526 2673 563; x_wconf 88' lang='lat' dir='ltr'>seu</span> <span class='ocrx_word' id='word_1_254' title='bbox 2709 509 3027 564; x_wconf 85' lang='lat' dir='ltr'>istiusmodi</span> <span class='ocrx_word' id='word_1_255' title='bbox 3063 511 3375 566; x_wconf 86' lang='lat' dir='ltr'>animantia</span> <span class='ocrx_word' id='word_1_256' title='bbox 3404 529 3529 584; x_wconf 64' lang='lat' dir='ltr'>quae</span> 
     </span>
    </p>
   </div>
   <div class='ocr_carea' id='block_1_36' title="bbox 1937 596 3526 670">
    <p class='ocr_par' dir='ltr' id='par_1_36' title="bbox 1937 596 3526 670">
     <span class='ocr_line' id='line_1_36' title="bbox 1937 596 3526 670; baseline 0.003 -21"><span class='ocrx_word' id='word_1_257' title='bbox 1937 612 2048 649; x_wconf 90' lang='lat' dir='ltr'>non</span> <span class='ocrx_word' id='word_1_258' title='bbox 2072 596 2293 651; x_wconf 86' lang='lat' dir='ltr'>ﬁndunt</span> <span class='ocrx_word' id='word_1_259' title='bbox 2323 597 2590 667; x_wconf 86' lang='lat' dir='ltr'>ungulam</span> <span class='ocrx_word' id='word_1_260' title='bbox 2622 613 2722 651; x_wconf 90' lang='lat' dir='ltr'>nec</span> <span class='ocrx_word' id='word_1_261' title='bbox 2747 597 3061 666; x_wconf 88' lang='lat' dir='ltr'>ruminant,</span> <span class='ocrx_word' id='word_1_262' title='bbox 3080 614 3182 653; x_wconf 90' lang='lat' dir='ltr'>nec</span> <span class='ocrx_word' id='word_1_263' title='bbox 3202 599 3261 653; x_wconf 91' lang='lat' dir='ltr'>in</span> <span class='ocrx_word' id='word_1_264' title='bbox 3282 599 3526 670; x_wconf 89' lang='lat' dir='ltr'>piscibus</span> 
     </span>
    </p>
   </div>
   <div class='ocr_carea' id='block_1_37' title="bbox 1935 686 3533 759">
    <p class='ocr_par' dir='ltr' id='par_1_37' title="bbox 1935 686 3533 759">
     <span class='ocr_line' id='line_1_37' title="bbox 1935 686 3533 759; baseline 0.004 -21"><span class='ocrx_word' id='word_1_265' title='bbox 1935 701 2256 755; x_wconf 87' lang='lat' dir='ltr'>squammas</span> <span class='ocrx_word' id='word_1_266' title='bbox 2284 686 2510 740; x_wconf 90' lang='lat' dir='ltr'>habent.</span> <span class='ocrx_word' id='word_1_267' title='bbox 2535 687 2843 740; x_wconf 87' lang='lat' dir='ltr'>Commune</span> <span class='ocrx_word' id='word_1_268' title='bbox 2863 703 2996 757; x_wconf 91' lang='lat' dir='ltr'>ergo</span> <span class='ocrx_word' id='word_1_269' title='bbox 3015 687 3220 742; x_wconf 89' lang='lat' dir='ltr'>dicitur</span> <span class='ocrx_word' id='word_1_270' title='bbox 3248 688 3397 759; x_wconf 90' lang='lat' dir='ltr'>quod</span> <span class='ocrx_word' id='word_1_271' title='bbox 3425 705 3533 744; x_wconf 66' lang='lat' dir='ltr'>cm-</span> 
     </span>
    </p>
   </div>
   <div class='ocr_carea' id='block_1_38' title="bbox 1934 774 3528 846">
    <p class='ocr_par' dir='ltr' id='par_1_38' title="bbox 1934 774 3528 846">
     <span class='ocr_line' id='line_1_38' title="bbox 1934 774 3528 846; baseline 0.003 -19"><span class='ocrx_word' id='word_1_272' title='bbox 1934 775 2071 827; x_wconf 90' lang='lat' dir='ltr'>teris</span> <span class='ocrx_word' id='word_1_273' title='bbox 2118 779 2274 845; x_wconf 89' lang='lat' dir='ltr'>patet</span> <span class='ocrx_word' id='word_1_274' title='bbox 2302 774 2642 840; x_wconf 89' lang='lat' dir='ltr'>hominibus,</span> <span class='ocrx_word' id='word_1_275' title='bbox 2684 780 2741 829; x_wconf 90' lang='lat' dir='ltr'>et</span> <span class='ocrx_word' id='word_1_276' title='bbox 2790 774 2847 828; x_wconf 90' lang='lat' dir='ltr'>in</span> <span class='ocrx_word' id='word_1_277' title='bbox 2881 791 3180 831; x_wconf 90' lang='lat' dir='ltr'>commune</span> <span class='ocrx_word' id='word_1_278' title='bbox 3206 782 3528 846; x_wconf 86' lang='lat' dir='ltr'>vescuntur,</span> 
     </span>
    </p>
   </div>
   <div class='ocr_carea' id='block_1_39' title="bbox 1936 864 3530 934">
    <p class='ocr_par' dir='ltr' id='par_1_39' title="bbox 1936 864 3530 934">
     <span class='ocr_line' id='line_1_39' title="bbox 1936 864 3530 934; baseline 0.004 -18"><span class='ocrx_word' id='word_1_279' title='bbox 1936 864 2093 933; x_wconf 88' lang='lat' dir='ltr'>quasi</span> <span class='ocrx_word' id='word_1_280' title='bbox 2137 864 2232 934; x_wconf 90' lang='lat' dir='ltr'>qui</span> <span class='ocrx_word' id='word_1_281' title='bbox 2262 880 2373 917; x_wconf 89' lang='lat' dir='ltr'>non</span> <span class='ocrx_word' id='word_1_282' title='bbox 2403 870 2535 918; x_wconf 85' lang='lat' dir='ltr'>sunt</span> <span class='ocrx_word' id='word_1_283' title='bbox 2564 864 2633 917; x_wconf 91' lang='lat' dir='ltr'>de</span> <span class='ocrx_word' id='word_1_284' title='bbox 2664 870 2821 934; x_wconf 90' lang='lat' dir='ltr'>parte</span> <span class='ocrx_word' id='word_1_285' title='bbox 2864 864 2980 928; x_wconf 89' lang='lat' dir='ltr'>Dei,</span> <span class='ocrx_word' id='word_1_286' title='bbox 3013 870 3072 919; x_wconf 94' lang='lat' dir='ltr'>et</span> <span class='ocrx_word' id='word_1_287' title='bbox 3106 865 3231 920; x_wconf 91' lang='lat' dir='ltr'>ideo</span> <span class='ocrx_word' id='word_1_288' title='bbox 3262 883 3296 920; x_wconf 91' lang='lat' dir='ltr'>a</span> <span class='ocrx_word' id='word_1_289' title='bbox 3321 867 3530 922; x_wconf 60' lang='lat' dir='ltr'>Iudaeis</span> 
     </span>
    </p>
   </div>
   <div class='ocr_carea' id='block_1_40' title="bbox 1939 952 3526 1022">
    <p class='ocr_par' dir='ltr' id='par_1_40' title="bbox 1939 952 3526 1022">
     <span class='ocr_line' id='line_1_40' title="bbox 1939 952 3526 1022; baseline 0.003 -17"><span class='ocrx_word' id='word_1_290' title='bbox 1939 952 2259 1022; x_wconf 87' lang='lat' dir='ltr'>hujusmodi</span> <span class='ocrx_word' id='word_1_291' title='bbox 2300 952 2406 1006; x_wconf 91' lang='lat' dir='ltr'>cibi</span> <span class='ocrx_word' id='word_1_292' title='bbox 2435 968 2758 1006; x_wconf 88' lang='lat' dir='ltr'>communes</span> <span class='ocrx_word' id='word_1_293' title='bbox 2810 960 3081 1007; x_wconf 88' lang='lat' dir='ltr'>vocantur</span> <span class='ocrx_word' id='word_1_294' title='bbox 3126 960 3181 1008; x_wconf 91' lang='lat' dir='ltr'>et</span> <span class='ocrx_word' id='word_1_295' title='bbox 3227 955 3526 1010; x_wconf 88' lang='lat' dir='ltr'>immundi.</span> 
     </span>
    </p>
   </div>
   <div class='ocr_carea' id='block_1_41' title="bbox 1938 1041 3533 1115">
    <p class='ocr_par' dir='ltr' id='par_1_41' title="bbox 1938 1041 3533 1115">
     <span class='ocr_line' id='line_1_41' title="bbox 1938 1041 3533 1115; baseline 0.003 -21"><span class='ocrx_word' id='word_1_296' title='bbox 1938 1042 2098 1095; x_wconf 88' lang='lat' dir='ltr'>Unde</span> <span class='ocrx_word' id='word_1_297' title='bbox 2129 1041 2222 1095; x_wconf 89' lang='lat' dir='ltr'>ubi</span> <span class='ocrx_word' id='word_1_298' title='bbox 2257 1058 2403 1095; x_wconf 92' lang='lat' dir='ltr'>unus</span> <span class='ocrx_word' id='word_1_299' title='bbox 2428 1041 2704 1111; x_wconf 88' lang='lat' dir='ltr'>interpres</span> <span class='ocrx_word' id='word_1_300' title='bbox 2727 1041 2900 1095; x_wconf 80' lang='lat' dir='ltr'>dixit:</span> <span class='ocrx_word' id='word_1_301' title='bbox 2940 1043 3055 1096; x_wconf 84' lang='lat' dir='ltr'>Hoc</span> <span class='ocrx_word' id='word_1_302' title='bbox 3081 1043 3408 1115; x_wconf 88' lang='lat' dir='ltr'>coinquinat</span> <span class='ocrx_word' id='word_1_303' title='bbox 3433 1045 3533 1100; x_wconf 88' lang='lat' dir='ltr'>ho-</span> 
     </span>
    </p>
   </div>
   <div class='ocr_carea' id='block_1_42' title="bbox 1940 1126 3531 1196">
    <p class='ocr_par' dir='ltr' id='par_1_42' title="bbox 1940 1126 3531 1196">
     <span class='ocr_line' id='line_1_42' title="bbox 1940 1126 3531 1196; baseline 0.002 -13"><span class='ocrx_word' id='word_1_304' title='bbox 1940 1130 2167 1196; x_wconf 88' lang='lat' dir='ltr'>minem,</span> <span class='ocrx_word' id='word_1_305' title='bbox 2203 1132 2347 1185; x_wconf 87' lang='lat' dir='ltr'>alter</span> <span class='ocrx_word' id='word_1_306' title='bbox 2380 1148 2392 1183; x_wconf 92' lang='lat'>:</span> <span class='ocrx_word' id='word_1_307' title='bbox 2426 1130 2542 1184; x_wconf 83' lang='lat' dir='ltr'>Hoc</span> <span class='ocrx_word' id='word_1_308' title='bbox 2571 1126 3280 1186; x_wconf 48' lang='lat' dir='ltr'>communicat&#39;hominem.</span> <span class='ocrx_word' id='word_1_309' title='bbox 3301 1133 3531 1188; x_wconf 88' lang='lat' dir='ltr'>Etunus</span> 
     </span>
    </p>
   </div>
   <div class='ocr_carea' id='block_1_43' title="bbox 1942 1218 3531 1292">
    <p class='ocr_par' dir='ltr' id='par_1_43' title="bbox 1942 1218 3531 1292">
     <span class='ocr_line' id='line_1_43' title="bbox 1942 1218 3531 1292; baseline 0.003 -19"><span class='ocrx_word' id='word_1_310' title='bbox 1942 1220 2203 1292; x_wconf 89' lang='lat' dir='ltr'>idemque</span> <span class='ocrx_word' id='word_1_311' title='bbox 2231 1236 2427 1274; x_wconf 86' lang='lat' dir='ltr'>sensus</span> <span class='ocrx_word' id='word_1_312' title='bbox 2453 1224 2555 1273; x_wconf 89' lang='lat' dir='ltr'>est.</span> <span class='ocrx_word' id='word_1_313' title='bbox 2587 1218 2856 1289; x_wconf 89' lang='lat' dir='ltr'>Discipuli</span> <span class='ocrx_word' id='word_1_314' title='bbox 2885 1225 3076 1275; x_wconf 89' lang='lat' dir='ltr'>autem</span> <span class='ocrx_word' id='word_1_315' title='bbox 3101 1238 3231 1276; x_wconf 91' lang='lat' dir='ltr'>cum</span> <span class='ocrx_word' id='word_1_316' title='bbox 3259 1221 3531 1277; x_wconf 80' lang='lat' dir='ltr'>accessis-</span> 
     </span>
    </p>
   </div>
   <div class='ocr_carea' id='block_1_44' title="bbox 1941 1308 3531 1383">
    <p class='ocr_par' dir='ltr' id='par_1_44' title="bbox 1941 1308 3531 1383">
     <span class='ocr_line' id='line_1_44' title="bbox 1941 1308 3531 1383; baseline 0.003 -20"><span class='ocrx_word' id='word_1_317' title='bbox 1941 1315 2085 1373; x_wconf 88' lang='lat' dir='ltr'>sent,</span> <span class='ocrx_word' id='word_1_318' title='bbox 2127 1314 2183 1363; x_wconf 91' lang='lat' dir='ltr'>et</span> <span class='ocrx_word' id='word_1_319' title='bbox 2227 1309 2585 1364; x_wconf 87' lang='lat' dir='ltr'>nuntiassent</span> <span class='ocrx_word' id='word_1_320' title='bbox 2609 1308 2662 1362; x_wconf 89' lang='lat' dir='ltr'>ei</span> <span class='ocrx_word' id='word_1_321' title='bbox 2692 1308 2761 1362; x_wconf 90' lang='lat' dir='ltr'>de</span> <span class='ocrx_word' id='word_1_322' title='bbox 2815 1308 2920 1363; x_wconf 88' lang='lat' dir='ltr'>hoc</span> <span class='ocrx_word' id='word_1_323' title='bbox 2968 1308 3153 1377; x_wconf 89' lang='lat' dir='ltr'>verbo,</span> <span class='ocrx_word' id='word_1_324' title='bbox 3188 1311 3531 1383; x_wconf 89' lang='lat' dir='ltr'>respondens</span> 
     </span>
    </p>
   </div>
   <div class='ocr_carea' id='block_1_45' title="bbox 1938 1396 2179 1451">
    <p class='ocr_par' dir='ltr' id='par_1_45' title="bbox 1938 1396 2179 1451">
     <span class='ocr_line' id='line_1_45' title="bbox 1938 1396 2179 1451; baseline 0.004 -1"><span class='ocrx_word' id='word_1_325' title='bbox 1938 1396 2021 1450; x_wconf 90' lang='lat' dir='ltr'>ait</span> <span class='ocrx_word' id='word_1_326' title='bbox 2054 1397 2134 1450; x_wconf 92' lang='lat' dir='ltr'>eis</span> <span class='ocrx_word' id='word_1_327' title='bbox 2167 1416 2179 1451; x_wconf 89' lang='lat'><strong>:</strong></span> 
     </span>
    </p>
   </div>
   <div class='ocr_carea' id='block_1_46' title="bbox 2010 1486 3569 1554">
    <p class='ocr_par' dir='ltr' id='par_1_46' title="bbox 2010 1486 3569 1554">
     <span class='ocr_line' id='line_1_46' title="bbox 2010 1486 3569 1554; baseline 0.001 -13"><span class='ocrx_word' id='word_1_328' title='bbox 2010 1486 2202 1541; x_wconf 85' lang='lat' dir='ltr'>Omnis</span> <span class='ocrx_word' id='word_1_329' title='bbox 2224 1487 2519 1554; x_wconf 83' lang='lat' dir='ltr'>plantatio,</span> <span class='ocrx_word' id='word_1_330' title='bbox 2547 1501 2717 1554; x_wconf 89' lang='lat' dir='ltr'>quam</span> <span class='ocrx_word' id='word_1_331' title='bbox 2746 1502 2859 1540; x_wconf 88' lang='lat' dir='ltr'>non</span> <span class='ocrx_word' id='word_1_332' title='bbox 2886 1489 3165 1554; x_wconf 76' lang='lat' dir='ltr'>plantavit</span> <span class='ocrx_word' id='word_1_333' title='bbox 3191 1488 3355 1542; x_wconf 82' lang='lat' dir='ltr'>Pater</span> <span class='ocrx_word' id='word_1_334' title='bbox 3374 1503 3527 1543; x_wconf 84' lang='lat' dir='ltr'>meus</span> <span class='ocrx_word' id='word_1_335' title='bbox 3553 1522 3569 1535; x_wconf 71' lang='grc' dir='ltr'><strong>ι</strong></span> 
     </span>
    </p>
   </div>
   <div class='ocr_carea' id='block_1_47' title="bbox 1934 1573 3527 1647">
    <p class='ocr_par' dir='ltr' id='par_1_47' title="bbox 1934 1573 3527 1647">
     <span class='ocr_line' id='line_1_47' title="bbox 1934 1573 3527 1647; baseline 0.001 -17"><span class='ocrx_word' id='word_1_336' title='bbox 1934 1578 2169 1640; x_wconf 59' lang='lat' dir='ltr'>celestis,</span> <span class='ocrx_word' id='word_1_337' title='bbox 2203 1576 2598 1628; x_wconf 85' lang='lat' dir='ltr'>eradicabitur.</span> <span class='ocrx_word' id='word_1_338' title='bbox 2624 1573 2769 1629; x_wconf 88' lang='lat' dir='ltr'>Mira</span> <span class='ocrx_word' id='word_1_339' title='bbox 2785 1575 2945 1629; x_wconf 88' lang='lat' dir='ltr'>valde</span> <span class='ocrx_word' id='word_1_340' title='bbox 2975 1580 3033 1630; x_wconf 87' lang='lat' dir='ltr'>et</span> <span class='ocrx_word' id='word_1_341' title='bbox 3051 1575 3189 1631; x_wconf 87' lang='lat' dir='ltr'>satis</span> <span class='ocrx_word' id='word_1_342' title='bbox 3212 1576 3444 1647; x_wconf 84' lang='lat' dir='ltr'>provida</span> <span class='ocrx_word' id='word_1_343' title='bbox 3465 1576 3527 1631; x_wconf 89' lang='lat' dir='ltr'>in</span> 
     </span>
    </p>
   </div>
   <div class='ocr_carea' id='block_1_48' title="bbox 1934 1663 3532 1737">
    <p class='ocr_par' dir='ltr' id='par_1_48' title="bbox 1934 1663 3532 1737">
     <span class='ocr_line' id='line_1_48' title="bbox 1934 1663 3532 1737; baseline 0.001 -19"><span class='ocrx_word' id='word_1_344' title='bbox 1934 1664 2191 1718; x_wconf 88' lang='lat' dir='ltr'>omnibus</span> <span class='ocrx_word' id='word_1_345' title='bbox 2219 1663 2425 1719; x_wconf 89' lang='lat' dir='ltr'>Christi</span> <span class='ocrx_word' id='word_1_346' title='bbox 2464 1664 2773 1735; x_wconf 89' lang='lat' dir='ltr'>responsio,</span> <span class='ocrx_word' id='word_1_347' title='bbox 2809 1669 2873 1718; x_wconf 94' lang='lat' dir='ltr'>ut</span> <span class='ocrx_word' id='word_1_348' title='bbox 2909 1669 2965 1719; x_wconf 91' lang='lat' dir='ltr'>et</span> <span class='ocrx_word' id='word_1_349' title='bbox 3002 1664 3307 1737; x_wconf 84' lang='lat' dir='ltr'>discipulos</span> <span class='ocrx_word' id='word_1_350' title='bbox 3331 1665 3532 1720; x_wconf 85' lang='lat' dir='ltr'>doceat</span> 
     </span>
    </p>
   </div>
   <div class='ocr_carea' id='block_1_49' title="bbox 1933 1752 3525 1826">
    <p class='ocr_par' dir='ltr' id='par_1_49' title="bbox 1933 1752 3525 1826">
     <span class='ocr_line' id='line_1_49' title="bbox 1933 1752 3525 1826; baseline 0.001 -20"><span class='ocrx_word' id='word_1_351' title='bbox 1933 1760 1989 1807; x_wconf 91' lang='lat' dir='ltr'>et</span> <span class='ocrx_word' id='word_1_352' title='bbox 2016 1754 2276 1816; x_wconf 89' lang='lat' dir='ltr'>instruat,</span> <span class='ocrx_word' id='word_1_353' title='bbox 2301 1758 2359 1807; x_wconf 90' lang='lat' dir='ltr'>et</span> <span class='ocrx_word' id='word_1_354' title='bbox 2386 1752 2715 1807; x_wconf 87' lang='lat' dir='ltr'>insidiantes</span> <span class='ocrx_word' id='word_1_355' title='bbox 2740 1752 2847 1807; x_wconf 90' lang='lat' dir='ltr'>sibi</span> <span class='ocrx_word' id='word_1_356' title='bbox 2877 1753 3145 1808; x_wconf 86' lang='lat' dir='ltr'>divinitus</span> <span class='ocrx_word' id='word_1_357' title='bbox 3163 1754 3525 1826; x_wconf 87' lang='lat' dir='ltr'>repercutiat.</span> 
     </span>
    </p>
   </div>
   <div class='ocr_carea' id='block_1_50' title="bbox 1934 1842 3531 1913">
    <p class='ocr_par' dir='ltr' id='par_1_50' title="bbox 1934 1842 3531 1913">
     <span class='ocr_line' id='line_1_50' title="bbox 1934 1842 3531 1913; baseline 0.001 -16"><span class='ocrx_word' id='word_1_358' title='bbox 1934 1844 2124 1897; x_wconf 85' lang='lat' dir='ltr'>Omnis</span> <span class='ocrx_word' id='word_1_359' title='bbox 2152 1846 2322 1903; x_wconf 85' lang='lat' dir='ltr'>enim,</span> <span class='ocrx_word' id='word_1_360' title='bbox 2355 1842 2558 1913; x_wconf 88' lang='lat' dir='ltr'>inquit,</span> <span class='ocrx_word' id='word_1_361' title='bbox 2584 1844 2882 1910; x_wconf 83' lang='lat' dir='ltr'>plantatio,</span> <span class='ocrx_word' id='word_1_362' title='bbox 2911 1858 3081 1910; x_wconf 88' lang='lat' dir='ltr'>quam</span> <span class='ocrx_word' id='word_1_363' title='bbox 3114 1859 3226 1897; x_wconf 86' lang='lat' dir='ltr'>non</span> <span class='ocrx_word' id='word_1_364' title='bbox 3249 1845 3531 1912; x_wconf 75' lang='lat' dir='ltr'>plantavit</span> 
     </span>
    </p>
   </div>
   <div class='ocr_carea' id='block_1_51' title="bbox 1891 1929 3532 2003">
    <p class='ocr_par' dir='ltr' id='par_1_51' title="bbox 1891 1929 3532 2003">
     <span class='ocr_line' id='line_1_51' title="bbox 1891 1929 3532 2003; baseline 0.002 -20"><span class='ocrx_word' id='word_1_365' title='bbox 1891 1997 1896 2003; x_wconf 21' lang='lat'><em>.</em></span> <span class='ocrx_word' id='word_1_366' title='bbox 1930 1933 2092 1984; x_wconf 89' lang='lat' dir='ltr'>Pater</span> <span class='ocrx_word' id='word_1_367' title='bbox 2115 1946 2266 1983; x_wconf 81' lang='lat' dir='ltr'>meus</span> <span class='ocrx_word' id='word_1_368' title='bbox 2311 1932 2548 1995; x_wconf 69' lang='lat' dir='ltr'>caelestis,</span> <span class='ocrx_word' id='word_1_369' title='bbox 2601 1931 2998 1984; x_wconf 85' lang='lat' dir='ltr'>cradicabitur.</span> <span class='ocrx_word' id='word_1_370' title='bbox 3046 1929 3189 1994; x_wconf 86' lang='lat' dir='ltr'>Quia</span> <span class='ocrx_word' id='word_1_371' title='bbox 3218 1931 3400 1985; x_wconf 90' lang='lat' dir='ltr'>omnis</span> <span class='ocrx_word' id='word_1_372' title='bbox 3431 1931 3532 1986; x_wconf 92' lang='lat' dir='ltr'>illa</span> 
     </span>
    </p>
   </div>
   <div class='ocr_carea' id='block_1_52' title="bbox 1930 2018 3531 2083">
    <p class='ocr_par' dir='ltr' id='par_1_52' title="bbox 1930 2018 3531 2083">
     <span class='ocr_line' id='line_1_52' title="bbox 1930 2018 3531 2083; baseline 0.001 -10"><span class='ocrx_word' id='word_1_373' title='bbox 1930 2019 2159 2073; x_wconf 89' lang='lat' dir='ltr'>traditio</span> <span class='ocrx_word' id='word_1_374' title='bbox 2186 2018 2526 2083; x_wconf 64' lang='lat' dir='ltr'>Iudaeorum,</span> <span class='ocrx_word' id='word_1_375' title='bbox 2562 2019 2711 2072; x_wconf 88' lang='lat' dir='ltr'>unde</span> <span class='ocrx_word' id='word_1_376' title='bbox 2739 2034 2924 2073; x_wconf 88' lang='lat' dir='ltr'>sermo</span> <span class='ocrx_word' id='word_1_377' title='bbox 2962 2034 3190 2073; x_wconf 76' lang='lat' dir='ltr'>exorsus</span> <span class='ocrx_word' id='word_1_378' title='bbox 3219 2023 3323 2083; x_wconf 87' lang='lat' dir='ltr'>est,</span> <span class='ocrx_word' id='word_1_379' title='bbox 3356 2035 3471 2074; x_wconf 89' lang='lat' dir='ltr'>non</span> <span class='ocrx_word' id='word_1_380' title='bbox 3494 2036 3531 2074; x_wconf 86' lang='lat' dir='ltr'>a</span> 
     </span>
    </p>
   </div>
   <div class='ocr_carea' id='block_1_53' title="bbox 1929 2107 3526 2178">
    <p class='ocr_par' dir='ltr' id='par_1_53' title="bbox 1929 2107 3526 2178">
     <span class='ocr_line' id='line_1_53' title="bbox 1929 2107 3526 2178; baseline 0.001 -15"><span class='ocrx_word' id='word_1_381' title='bbox 1929 2109 2044 2163; x_wconf 89' lang='lat' dir='ltr'>Deo</span> <span class='ocrx_word' id='word_1_382' title='bbox 2066 2109 2232 2162; x_wconf 88' lang='lat' dir='ltr'>Patre</span> <span class='ocrx_word' id='word_1_383' title='bbox 2260 2114 2403 2177; x_wconf 88' lang='lat' dir='ltr'>erat,</span> <span class='ocrx_word' id='word_1_384' title='bbox 2429 2108 2527 2162; x_wconf 90' lang='lat' dir='ltr'>sed</span> <span class='ocrx_word' id='word_1_385' title='bbox 2557 2107 2882 2178; x_wconf 87' lang='lat' dir='ltr'>superstitio</span> <span class='ocrx_word' id='word_1_386' title='bbox 2904 2107 3216 2173; x_wconf 89' lang='lat' dir='ltr'>hominum,</span> <span class='ocrx_word' id='word_1_387' title='bbox 3241 2124 3343 2178; x_wconf 90' lang='lat' dir='ltr'>pro</span> <span class='ocrx_word' id='word_1_388' title='bbox 3362 2108 3526 2178; x_wconf 84' lang='lat' dir='ltr'>cujus</span> 
     </span>
    </p>
   </div>
   <div class='ocr_carea' id='block_1_54' title="bbox 1929 2195 3530 2268">
    <p class='ocr_par' dir='ltr' id='par_1_54' title="bbox 1929 2195 3530 2268">
     <span class='ocr_line' id='line_1_54' title="bbox 1929 2195 3530 2268; baseline 0.001 -18"><span class='ocrx_word' id='word_1_389' title='bbox 1929 2197 2115 2251; x_wconf 86' lang='lat' dir='ltr'>favore</span> <span class='ocrx_word' id='word_1_390' title='bbox 2160 2198 2331 2251; x_wconf 90' lang='lat' dir='ltr'>etiam</span> <span class='ocrx_word' id='word_1_391' title='bbox 2364 2196 2503 2268; x_wconf 82' lang='lat' dir='ltr'>legis</span> <span class='ocrx_word' id='word_1_392' title='bbox 2541 2201 2819 2268; x_wconf 66' lang='lat' dir='ltr'>praecepta</span> <span class='ocrx_word' id='word_1_393' title='bbox 2847 2195 3427 2268; x_wconf 85' lang='lat' dir='ltr'>transgrediebantur,</span> <span class='ocrx_word' id='word_1_394' title='bbox 3470 2202 3530 2252; x_wconf 85' lang='lat' dir='ltr'>et</span> 
     </span>
    </p>
   </div>
   <div class='ocr_carea' id='block_1_55' title="bbox 1934 2284 3529 2356">
    <p class='ocr_par' dir='ltr' id='par_1_55' title="bbox 1934 2284 3529 2356">
     <span class='ocr_line' id='line_1_55' title="bbox 1934 2284 3529 2356; baseline 0.001 -17"><span class='ocrx_word' id='word_1_395' title='bbox 1934 2286 2057 2340; x_wconf 86' lang='lat' dir='ltr'>ideo</span> <span class='ocrx_word' id='word_1_396' title='bbox 2097 2287 2241 2341; x_wconf 89' lang='lat' dir='ltr'>hanc</span> <span class='ocrx_word' id='word_1_397' title='bbox 2287 2286 2601 2341; x_wconf 89' lang='lat' dir='ltr'>doctrinam</span> <span class='ocrx_word' id='word_1_398' title='bbox 2656 2285 3049 2341; x_wconf 85' lang='lat' dir='ltr'>eradicandam</span> <span class='ocrx_word' id='word_1_399' title='bbox 3090 2284 3529 2356; x_wconf 87' lang='lat' dir='ltr'>quam.provide</span> 
     </span>
    </p>
   </div>
   <div class='ocr_carea' id='block_1_56' title="bbox 1933 2374 3530 2446">
    <p class='ocr_par' dir='ltr' id='par_1_56' title="bbox 1933 2374 3530 2446">
     <span class='ocr_line' id='line_1_56' title="bbox 1933 2374 3530 2446; baseline 0 -17"><span class='ocrx_word' id='word_1_400' title='bbox 1933 2376 2070 2429; x_wconf 88' lang='lat' dir='ltr'>satis</span> <span class='ocrx_word' id='word_1_401' title='bbox 2101 2377 2501 2442; x_wconf 87' lang='lat' dir='ltr'>comminatur,</span> <span class='ocrx_word' id='word_1_402' title='bbox 2525 2392 2591 2429; x_wconf 90' lang='lat' dir='ltr'>ac</span> <span class='ocrx_word' id='word_1_403' title='bbox 2618 2375 2667 2429; x_wconf 91' lang='lat' dir='ltr'>si</span> <span class='ocrx_word' id='word_1_404' title='bbox 2685 2375 2894 2429; x_wconf 89' lang='lat' dir='ltr'>diceret</span> <span class='ocrx_word' id='word_1_405' title='bbox 2919 2393 2931 2427; x_wconf 88' lang='lat'><strong>:</strong></span> <span class='ocrx_word' id='word_1_406' title='bbox 2965 2375 3271 2446; x_wconf 88' lang='lat' dir='ltr'>Propterea</span> <span class='ocrx_word' id='word_1_407' title='bbox 3289 2374 3383 2429; x_wconf 90' lang='lat' dir='ltr'>isti</span> <span class='ocrx_word' id='word_1_408' title='bbox 3397 2375 3530 2445; x_wconf 85' lang='lat' dir='ltr'>jure</span> 
     </span>
    </p>
   </div>
   <div class='ocr_carea' id='block_1_57' title="bbox 1933 2462 3529 2535">
    <p class='ocr_par' dir='ltr' id='par_1_57' title="bbox 1933 2462 3529 2535">
     <span class='ocr_line' id='line_1_57' title="bbox 1933 2462 3529 2535; baseline 0.001 -17"><span class='ocrx_word' id='word_1_409' title='bbox 1933 2464 2253 2519; x_wconf 85' lang='lat' dir='ltr'>eradicandi</span> <span class='ocrx_word' id='word_1_410' title='bbox 2283 2471 2434 2528; x_wconf 92' lang='lat' dir='ltr'>sunt,</span> <span class='ocrx_word' id='word_1_411' title='bbox 2453 2465 2581 2535; x_wconf 90' lang='lat' dir='ltr'>quia</span> <span class='ocrx_word' id='word_1_412' title='bbox 2614 2480 2726 2518; x_wconf 89' lang='lat' dir='ltr'>non</span> <span class='ocrx_word' id='word_1_413' title='bbox 2752 2469 3082 2535; x_wconf 86' lang='lat' dir='ltr'>permanent</span> <span class='ocrx_word' id='word_1_414' title='bbox 3104 2463 3164 2518; x_wconf 91' lang='lat' dir='ltr'>in</span> <span class='ocrx_word' id='word_1_415' title='bbox 3185 2463 3441 2518; x_wconf 86' lang='lat' dir='ltr'>doctrina</span> <span class='ocrx_word' id='word_1_416' title='bbox 3466 2462 3529 2520; x_wconf 86' lang='lat' dir='ltr'>in</span> 
     </span>
    </p>
   </div>
   <div class='ocr_carea' id='block_1_58' title="bbox 1933 2552 3533 2625">
    <p class='ocr_par' dir='ltr' id='par_1_58' title="bbox 1933 2552 3533 2625">
     <span class='ocr_line' id='line_1_58' title="bbox 1933 2552 3533 2625; baseline 0.001 -19"><span class='ocrx_word' id='word_1_417' title='bbox 1933 2569 2098 2624; x_wconf 87' lang='lat' dir='ltr'>quaa</span> <span class='ocrx_word' id='word_1_418' title='bbox 2147 2553 2262 2607; x_wconf 91' lang='lat' dir='ltr'>Deo</span> <span class='ocrx_word' id='word_1_419' title='bbox 2309 2553 2546 2624; x_wconf 86' lang='lat' dir='ltr'>plantati</span> <span class='ocrx_word' id='word_1_420' title='bbox 2603 2558 2754 2619; x_wconf 90' lang='lat' dir='ltr'>sunt,</span> <span class='ocrx_word' id='word_1_421' title='bbox 2805 2552 2875 2607; x_wconf 91' lang='lat' dir='ltr'>de</span> <span class='ocrx_word' id='word_1_422' title='bbox 2928 2569 3040 2623; x_wconf 90' lang='lat' dir='ltr'>qua</span> <span class='ocrx_word' id='word_1_423' title='bbox 3078 2552 3216 2606; x_wconf 86' lang='lat' dir='ltr'>dicit</span> <span class='ocrx_word' id='word_1_424' title='bbox 3250 2552 3373 2624; x_wconf 88' lang='lat' dir='ltr'>ipse</span> <span class='ocrx_word' id='word_1_425' title='bbox 3428 2568 3533 2625; x_wconf 86' lang='lat' dir='ltr'>per</span> 
     </span>
    </p>
   </div>
   <div class='ocr_carea' id='block_1_59' title="bbox 1932 2642 3528 2713">
    <p class='ocr_par' dir='ltr' id='par_1_59' title="bbox 1932 2642 3528 2713">
     <span class='ocr_line' id='line_1_59' title="bbox 1932 2642 3528 2713; baseline -0.001 -16"><span class='ocrx_word' id='word_1_426' title='bbox 1932 2642 2134 2697; x_wconf 89' lang='lat' dir='ltr'>Isaiam</span> <span class='ocrx_word' id='word_1_427' title='bbox 2164 2642 2494 2713; x_wconf 87' lang='lat' dir='ltr'>prophetam</span> <span class='ocrx_word' id='word_1_428' title='bbox 2531 2660 2542 2694; x_wconf 89' lang='lat'><strong>:</strong></span> <span class='ocrx_word' id='word_1_429' title='bbox 2575 2642 2685 2709; x_wconf 85' lang='lat' dir='ltr'>Ego</span> <span class='ocrx_word' id='word_1_430' title='bbox 2707 2647 2755 2695; x_wconf 83' lang='lat' dir='ltr'>te</span> <span class='ocrx_word' id='word_1_431' title='bbox 2780 2644 3039 2710; x_wconf 83' lang='lat' dir='ltr'>plantavi</span> <span class='ocrx_word' id='word_1_432' title='bbox 3061 2644 3284 2696; x_wconf 85' lang='lat' dir='ltr'>vineam</span> <span class='ocrx_word' id='word_1_433' title='bbox 3302 2644 3528 2696; x_wconf 80' lang='lat' dir='ltr'>electam</span> 
     </span>
    </p>
   </div>
   <div class='ocr_carea' id='block_1_60' title="bbox 1934 2728 3529 2801">
    <p class='ocr_par' dir='ltr' id='par_1_60' title="bbox 1934 2728 3529 2801">
     <span class='ocr_line' id='line_1_60' title="bbox 1934 2728 3529 2801; baseline 0.001 -17"><span class='ocrx_word' id='word_1_434' title='bbox 1934 2732 2056 2797; x_wconf 88' lang='lat' dir='ltr'>(lsa.</span> <span class='ocrx_word' id='word_1_435' title='bbox 2086 2748 2138 2797; x_wconf 90' lang='lat' dir='ltr'>v,</span> <span class='ocrx_word' id='word_1_436' title='bbox 2190 2728 2265 2797; x_wconf 77' lang='lat'>2),</span> <span class='ocrx_word' id='word_1_437' title='bbox 2305 2731 2402 2785; x_wconf 89' lang='lat' dir='ltr'>sed</span> <span class='ocrx_word' id='word_1_438' title='bbox 2448 2730 2555 2801; x_wconf 90' lang='lat' dir='ltr'>ipsi</span> <span class='ocrx_word' id='word_1_439' title='bbox 2592 2730 2865 2800; x_wconf 86' lang='lat' dir='ltr'>pravitate</span> <span class='ocrx_word' id='word_1_440' title='bbox 2919 2746 3022 2785; x_wconf 89' lang='lat' dir='ltr'>sua</span> <span class='ocrx_word' id='word_1_441' title='bbox 3064 2730 3283 2801; x_wconf 82' lang='lat' dir='ltr'>decepti</span> <span class='ocrx_word' id='word_1_442' title='bbox 3334 2745 3529 2785; x_wconf 80' lang='lat' dir='ltr'>semen</span> 
     </span>
    </p>
   </div>
   <div class='ocr_carea' id='block_1_61' title="bbox 1930 2818 3528 2892">
    <p class='ocr_par' dir='ltr' id='par_1_61' title="bbox 1930 2818 3528 2892">
     <span class='ocr_line' id='line_1_61' title="bbox 1930 2818 3528 2892; baseline 0.001 -19"><span class='ocrx_word' id='word_1_443' title='bbox 1930 2836 2172 2892; x_wconf 89' lang='lat' dir='ltr'>nequam</span> <span class='ocrx_word' id='word_1_444' title='bbox 2202 2819 2272 2873; x_wconf 91' lang='lat' dir='ltr'>ab</span> <span class='ocrx_word' id='word_1_445' title='bbox 2301 2819 2423 2891; x_wconf 90' lang='lat' dir='ltr'>ipso</span> <span class='ocrx_word' id='word_1_446' title='bbox 2446 2821 2566 2890; x_wconf 89' lang='lat' dir='ltr'>jam</span> <span class='ocrx_word' id='word_1_447' title='bbox 2600 2820 2748 2873; x_wconf 89' lang='lat' dir='ltr'>ultra</span> <span class='ocrx_word' id='word_1_448' title='bbox 2768 2823 3057 2873; x_wconf 90' lang='lat' dir='ltr'>vocantur.</span> <span class='ocrx_word' id='word_1_449' title='bbox 3077 2818 3186 2873; x_wconf 88' lang='lat' dir='ltr'>Sed</span> <span class='ocrx_word' id='word_1_450' title='bbox 3212 2818 3353 2873; x_wconf 76' lang='lat' dir='ltr'>forte</span> <span class='ocrx_word' id='word_1_451' title='bbox 3379 2834 3528 2891; x_wconf 65' lang='lat' dir='ltr'>que-</span> 
     </span>
    </p>
   </div>
   <div class='ocr_carea' id='block_1_62' title="bbox 1929 2906 3526 2979">
    <p class='ocr_par' dir='ltr' id='par_1_62' title="bbox 1929 2906 3526 2979">
     <span class='ocr_line' id='line_1_62' title="bbox 1929 2906 3526 2979; baseline -0.001 -17"><span class='ocrx_word' id='word_1_452' title='bbox 1929 2914 2015 2962; x_wconf 90' lang='lat' dir='ltr'>ret</span> <span class='ocrx_word' id='word_1_453' title='bbox 2059 2908 2263 2978; x_wconf 89' lang='lat' dir='ltr'>aliquis</span> <span class='ocrx_word' id='word_1_454' title='bbox 2295 2928 2306 2962; x_wconf 93' lang='lat'><strong>:</strong></span> <span class='ocrx_word' id='word_1_455' title='bbox 2365 2909 2430 2963; x_wconf 93' lang='lat' dir='ltr'>Si</span> <span class='ocrx_word' id='word_1_456' title='bbox 2475 2908 2811 2962; x_wconf 82' lang='lat' dir='ltr'>eradicanda</span> <span class='ocrx_word' id='word_1_457' title='bbox 2860 2908 2935 2962; x_wconf 90' lang='lat' dir='ltr'>sit</span> <span class='ocrx_word' id='word_1_458' title='bbox 2972 2924 3006 2961; x_wconf 90' lang='lat' dir='ltr'>a</span> <span class='ocrx_word' id='word_1_459' title='bbox 3044 2907 3210 2962; x_wconf 89' lang='lat' dir='ltr'>Patre</span> <span class='ocrx_word' id='word_1_460' title='bbox 3249 2906 3526 2979; x_wconf 89' lang='lat' dir='ltr'>plantatio</span> 
     </span>
    </p>
   </div>
   <div class='ocr_carea' id='block_1_63' title="bbox 1928 2995 3526 3068">
    <p class='ocr_par' dir='ltr' id='par_1_63' title="bbox 1928 2995 3526 3068">
     <span class='ocr_line' id='line_1_63' title="bbox 1928 2995 3526 3068; baseline 0 -18"><span class='ocrx_word' id='word_1_461' title='bbox 1928 2996 2088 3050; x_wconf 90' lang='lat' dir='ltr'>Pauli</span> <span class='ocrx_word' id='word_1_462' title='bbox 2118 2997 2374 3068; x_wconf 91' lang='lat' dir='ltr'>apostoli,</span> <span class='ocrx_word' id='word_1_463' title='bbox 2409 2997 2478 3051; x_wconf 88' lang='lat' dir='ltr'>de</span> <span class='ocrx_word' id='word_1_464' title='bbox 2505 3013 2616 3067; x_wconf 88' lang='lat' dir='ltr'>qua</span> <span class='ocrx_word' id='word_1_465' title='bbox 2660 2996 2797 3051; x_wconf 91' lang='lat' dir='ltr'>dicit</span> <span class='ocrx_word' id='word_1_466' title='bbox 2825 2998 2878 3060; x_wconf 89' lang='grc' dir='ltr'>(Ι</span> <span class='ocrx_word' id='word_1_467' title='bbox 2914 2997 3037 3052; x_wconf 79' lang='lat' dir='ltr'>Cor.</span> <span class='ocrx_word' id='word_1_468' title='bbox 3081 3009 3167 3061; x_wconf 80' lang='lat' dir='ltr'>In,</span> <span class='ocrx_word' id='word_1_469' title='bbox 3213 2995 3265 3062; x_wconf 90' lang='lat'>6,</span> <span class='ocrx_word' id='word_1_470' title='bbox 3301 2997 3378 3064; x_wconf 83' lang='lat'>9),</span> <span class='ocrx_word' id='word_1_471' title='bbox 3418 2996 3526 3064; x_wconf 83' lang='lat' dir='ltr'>Ego</span> 
     </span>
    </p>
   </div>
   <div class='ocr_carea' id='block_1_64' title="bbox 236 3083 3527 3158">
    <p class='ocr_par' dir='ltr' id='par_1_64' title="bbox 236 3083 3527 3158">
     <span class='ocr_line' id='line_1_64' title="bbox 236 3083 3527 3158; baseline -0.001 -17"><span class='ocrx_word' id='word_1_472' title='bbox 236 3096 337 3152; x_wconf 81' lang='lat' dir='ltr'>est,</span> <span class='ocrx_word' id='word_1_473' title='bbox 369 3086 550 3147; x_wconf 83' lang='lat' dir='ltr'>audit,</span> <span class='ocrx_word' id='word_1_474' title='bbox 584 3085 680 3157; x_wconf 89' lang='lat' dir='ltr'>qui</span> <span class='ocrx_word' id='word_1_475' title='bbox 708 3085 861 3139; x_wconf 89' lang='lat' dir='ltr'>intus</span> <span class='ocrx_word' id='word_1_476' title='bbox 903 3102 1004 3139; x_wconf 91' lang='lat' dir='ltr'>nec</span> <span class='ocrx_word' id='word_1_477' title='bbox 1040 3085 1309 3155; x_wconf 86' lang='lat' dir='ltr'>intelligit</span> <span class='ocrx_word' id='word_1_478' title='bbox 1349 3102 1471 3156; x_wconf 77' lang='lat' dir='ltr'>quae</span> <span class='ocrx_word' id='word_1_479' title='bbox 1499 3085 1657 3139; x_wconf 90' lang='lat' dir='ltr'>audit</span> <span class='ocrx_word' id='word_1_480' title='bbox 1682 3085 1834 3140; x_wconf 86' lang='lat' dir='ltr'>foris.</span> <span class='ocrx_word' id='word_1_481' title='bbox 1859 3099 1902 3158; x_wconf 72' lang='grc' dir='ltr'>ο</span> <span class='ocrx_word' id='word_1_482' title='bbox 1919 3090 2194 3154; x_wconf 84' lang='lat' dir='ltr'>plantavi,</span> <span class='ocrx_word' id='word_1_483' title='bbox 2218 3088 2407 3154; x_wconf 83' lang='lat' dir='ltr'>Apollo</span> <span class='ocrx_word' id='word_1_484' title='bbox 2421 3088 2643 3153; x_wconf 75' lang='lat' dir='ltr'>rigavit.</span> <span class='ocrx_word' id='word_1_485' title='bbox 2666 3085 3036 3156; x_wconf 88' lang='lat' dir='ltr'>Nequaquam</span> <span class='ocrx_word' id='word_1_486' title='bbox 3057 3084 3233 3155; x_wconf 89' lang='lat' dir='ltr'>igitur</span> <span class='ocrx_word' id='word_1_487' title='bbox 3251 3083 3358 3138; x_wconf 88' lang='lat' dir='ltr'>hoc</span> <span class='ocrx_word' id='word_1_488' title='bbox 3374 3083 3527 3138; x_wconf 82' lang='lat' dir='ltr'>dixe-</span> 
     </span>
    </p>
   </div>
   <div class='ocr_carea' id='block_1_65' title="bbox 302 3174 1843 3244">
    <p class='ocr_par' dir='ltr' id='par_1_65' title="bbox 302 3174 1843 3244">
     <span class='ocr_line' id='line_1_65' title="bbox 302 3174 1843 3244; baseline -0.001 -13"><span class='ocrx_word' id='word_1_489' title='bbox 302 3178 434 3231; x_wconf 81' lang='lat' dir='ltr'>Non</span> <span class='ocrx_word' id='word_1_490' title='bbox 455 3177 599 3244; x_wconf 79' lang='lat' dir='ltr'>quod</span> <span class='ocrx_word' id='word_1_491' title='bbox 638 3178 814 3228; x_wconf 79' lang='lat' dir='ltr'>intrat</span> <span class='ocrx_word' id='word_1_492' title='bbox 846 3178 907 3228; x_wconf 80' lang='lat' dir='ltr'>in.</span> <span class='ocrx_word' id='word_1_493' title='bbox 938 3192 992 3227; x_wconf 83' lang='lat' dir='ltr'>os</span> <span class='ocrx_word' id='word_1_494' title='bbox 1022 3178 1354 3243; x_wconf 80' lang='lat' dir='ltr'>coinquinat</span> <span class='ocrx_word' id='word_1_495' title='bbox 1382 3176 1681 3228; x_wconf 83' lang='lat' dir='ltr'>hominem.</span> <span class='ocrx_word' id='word_1_496' title='bbox 1714 3174 1843 3229; x_wconf 74' lang='lat' dir='ltr'>Haec</span> 
     </span>
    </p>
   </div>
   <div class='ocr_carea' id='block_1_66' title="bbox 236 3262 1842 3334">
    <p class='ocr_par' dir='ltr' id='par_1_66' title="bbox 236 3262 1842 3334">
     <span class='ocr_line' id='line_1_66' title="bbox 236 3262 1842 3334; baseline -0.002 -15"><span class='ocrx_word' id='word_1_497' title='bbox 236 3264 387 3329; x_wconf 88' lang='lat' dir='ltr'>ideo,</span> <span class='ocrx_word' id='word_1_498' title='bbox 409 3264 546 3334; x_wconf 89' lang='lat' dir='ltr'>quia</span> <span class='ocrx_word' id='word_1_499' title='bbox 572 3263 674 3334; x_wconf 90' lang='lat' dir='ltr'>ipsi</span> <span class='ocrx_word' id='word_1_500' title='bbox 706 3263 1007 3333; x_wconf 72' lang='lat' dir='ltr'>discipulos</span> <span class='ocrx_word' id='word_1_501' title='bbox 1038 3262 1522 3333; x_wconf 87' lang='lat' dir='ltr'>reprehendebant</span> <span class='ocrx_word' id='word_1_502' title='bbox 1548 3263 1695 3334; x_wconf 92' lang='lat' dir='ltr'>quod</span> <span class='ocrx_word' id='word_1_503' title='bbox 1731 3280 1842 3317; x_wconf 92' lang='lat' dir='ltr'>non</span> 
     </span>
    </p>
   </div>
   <div class='ocr_carea' id='block_1_67' title="bbox 234 3351 1834 3422">
    <p class='ocr_par' dir='ltr' id='par_1_67' title="bbox 234 3351 1834 3422">
     <span class='ocr_line' id='line_1_67' title="bbox 234 3351 1834 3422; baseline -0.001 -15"><span class='ocrx_word' id='word_1_504' title='bbox 234 3354 494 3408; x_wconf 86' lang='lat' dir='ltr'>lavarent</span> <span class='ocrx_word' id='word_1_505' title='bbox 530 3369 748 3407; x_wconf 89' lang='lat' dir='ltr'>manus.</span> <span class='ocrx_word' id='word_1_506' title='bbox 785 3352 908 3416; x_wconf 87' lang='lat' dir='ltr'>Quo</span> <span class='ocrx_word' id='word_1_507' title='bbox 952 3351 1118 3405; x_wconf 88' lang='lat' dir='ltr'>verbo</span> <span class='ocrx_word' id='word_1_508' title='bbox 1148 3352 1362 3414; x_wconf 87' lang='lat' dir='ltr'>audito,</span> <span class='ocrx_word' id='word_1_509' title='bbox 1417 3352 1563 3422; x_wconf 91' lang='lat' dir='ltr'>quod</span> <span class='ocrx_word' id='word_1_510' title='bbox 1602 3352 1834 3417; x_wconf 83' lang='lat' dir='ltr'>dixerat,</span> 
     </span>
    </p>
   </div>
   <div class='ocr_carea' id='block_1_68' title="bbox 235 3441 1839 3509">
    <p class='ocr_par' dir='ltr' id='par_1_68' title="bbox 235 3441 1839 3509">
     <span class='ocr_line' id='line_1_68' title="bbox 235 3441 1839 3509; baseline -0.001 -14"><span class='ocrx_word' id='word_1_511' title='bbox 235 3443 389 3508; x_wconf 75' lang='lat' dir='ltr'>Quod</span> <span class='ocrx_word' id='word_1_512' title='bbox 418 3447 599 3495; x_wconf 85' lang='lat' dir='ltr'>intrat</span> <span class='ocrx_word' id='word_1_513' title='bbox 628 3443 691 3495; x_wconf 88' lang='lat' dir='ltr'>in</span> <span class='ocrx_word' id='word_1_514' title='bbox 720 3457 774 3493; x_wconf 89' lang='lat' dir='ltr'>os</span> <span class='ocrx_word' id='word_1_515' title='bbox 798 3457 907 3494; x_wconf 87' lang='lat' dir='ltr'>non</span> <span class='ocrx_word' id='word_1_516' title='bbox 939 3443 1264 3509; x_wconf 85' lang='lat' dir='ltr'>coinquinat</span> <span class='ocrx_word' id='word_1_517' title='bbox 1288 3441 1585 3502; x_wconf 80' lang='lat' dir='ltr'>hominem,</span> <span class='ocrx_word' id='word_1_518' title='bbox 1610 3441 1839 3493; x_wconf 88' lang='lat' dir='ltr'>scanda-</span> 
     </span>
    </p>
   </div>
   <div class='ocr_carea' id='block_1_69' title="bbox 232 3528 1834 3598">
    <p class='ocr_par' dir='ltr' id='par_1_69' title="bbox 232 3528 1834 3598">
     <span class='ocr_line' id='line_1_69' title="bbox 232 3528 1834 3598; baseline -0.001 -15"><span class='ocrx_word' id='word_1_519' title='bbox 232 3531 387 3585; x_wconf 84' lang='lat' dir='ltr'>lizati</span> <span class='ocrx_word' id='word_1_520' title='bbox 414 3537 551 3584; x_wconf 88' lang='lat' dir='ltr'>sunt</span> <span class='ocrx_word' id='word_1_521' title='bbox 590 3535 647 3583; x_wconf 92' lang='lat' dir='ltr'>et</span> <span class='ocrx_word' id='word_1_522' title='bbox 689 3529 757 3583; x_wconf 90' lang='lat' dir='ltr'>de</span> <span class='ocrx_word' id='word_1_523' title='bbox 788 3529 892 3582; x_wconf 92' lang='lat' dir='ltr'>hoc</span> <span class='ocrx_word' id='word_1_524' title='bbox 922 3529 1087 3582; x_wconf 85' lang='lat' dir='ltr'>verbo</span> <span class='ocrx_word' id='word_1_525' title='bbox 1119 3528 1379 3598; x_wconf 81' lang='lat' dir='ltr'>discipuli</span> <span class='ocrx_word' id='word_1_526' title='bbox 1409 3530 1532 3598; x_wconf 87' lang='lat' dir='ltr'>ejus</span> <span class='ocrx_word' id='word_1_527' title='bbox 1567 3528 1834 3593; x_wconf 87' lang='lat' dir='ltr'>dicentes,</span> 
     </span>
    </p>
   </div>
   <div class='ocr_carea' id='block_1_70' title="bbox 231 3618 1837 3688">
    <p class='ocr_par' dir='ltr' id='par_1_70' title="bbox 231 3618 1837 3688">
     <span class='ocr_line' id='line_1_70' title="bbox 231 3618 1837 3688; baseline -0.003 -13"><span class='ocrx_word' id='word_1_528' title='bbox 231 3620 351 3676; x_wconf 83' lang='lat' dir='ltr'>Scis</span> <span class='ocrx_word' id='word_1_529' title='bbox 365 3623 503 3688; x_wconf 85' lang='lat' dir='ltr'>quia</span> <span class='ocrx_word' id='word_1_530' title='bbox 519 3620 780 3672; x_wconf 71' lang='lat' dir='ltr'>Pharisaei</span> <span class='ocrx_word' id='word_1_531' title='bbox 791 3620 981 3671; x_wconf 85' lang='lat' dir='ltr'>audito</span> <span class='ocrx_word' id='word_1_532' title='bbox 1000 3620 1158 3670; x_wconf 81' lang='lat' dir='ltr'>verbo</span> <span class='ocrx_word' id='word_1_533' title='bbox 1174 3618 1271 3670; x_wconf 87' lang='lat' dir='ltr'>hoc</span> <span class='ocrx_word' id='word_1_534' title='bbox 1285 3619 1659 3671; x_wconf 67' lang='lat' dir='ltr'>scandc‘ilizati</span> <span class='ocrx_word' id='word_1_535' title='bbox 1672 3622 1805 3671; x_wconf 86' lang='lat' dir='ltr'>sunt</span> <span class='ocrx_word' id='word_1_536' title='bbox 1820 3624 1837 3670; x_wconf 85' lang='grc'><em>1</em></span> 
     </span>
    </p>
   </div>
   <div class='ocr_carea' id='block_1_71' title="bbox 230 3705 1836 3777">
    <p class='ocr_par' dir='ltr' id='par_1_71' title="bbox 230 3705 1836 3777">
     <span class='ocr_line' id='line_1_71' title="bbox 230 3705 1836 3777; baseline -0.002 -14"><span class='ocrx_word' id='word_1_537' title='bbox 230 3709 379 3763; x_wconf 87' lang='lat' dir='ltr'>Nam</span> <span class='ocrx_word' id='word_1_538' title='bbox 423 3709 485 3761; x_wconf 90' lang='lat' dir='ltr'>in</span> <span class='ocrx_word' id='word_1_539' title='bbox 514 3708 617 3761; x_wconf 92' lang='lat' dir='ltr'>hoc</span> <span class='ocrx_word' id='word_1_540' title='bbox 642 3708 947 3777; x_wconf 89' lang='lat' dir='ltr'>plurimum</span> <span class='ocrx_word' id='word_1_541' title='bbox 1003 3705 1545 3767; x_wconf 86' lang='lat' dir='ltr'>scandalizabantur,</span> <span class='ocrx_word' id='word_1_542' title='bbox 1591 3723 1655 3760; x_wconf 93' lang='lat' dir='ltr'>eo</span> <span class='ocrx_word' id='word_1_543' title='bbox 1688 3707 1836 3777; x_wconf 91' lang='lat' dir='ltr'>quod</span> 
     </span>
    </p>
   </div>
   <div class='ocr_carea' id='block_1_72' title="bbox 230 3795 1832 3866">
    <p class='ocr_par' dir='ltr' id='par_1_72' title="bbox 230 3795 1832 3866">
     <span class='ocr_line' id='line_1_72' title="bbox 230 3795 1832 3866; baseline -0.001 -15"><span class='ocrx_word' id='word_1_544' title='bbox 230 3799 478 3851; x_wconf 80' lang='lat' dir='ltr'>solveret</span> <span class='ocrx_word' id='word_1_545' title='bbox 526 3797 708 3865; x_wconf 87' lang='lat' dir='ltr'>legem</span> <span class='ocrx_word' id='word_1_546' title='bbox 760 3795 958 3866; x_wconf 79' lang='lat' dir='ltr'>Moysi.</span> <span class='ocrx_word' id='word_1_547' title='bbox 991 3796 1133 3849; x_wconf 90' lang='lat' dir='ltr'>Nam</span> <span class='ocrx_word' id='word_1_548' title='bbox 1161 3813 1226 3848; x_wconf 82' lang='lat' dir='ltr'>ex</span> <span class='ocrx_word' id='word_1_549' title='bbox 1256 3796 1360 3848; x_wconf 88' lang='lat' dir='ltr'>hoc</span> <span class='ocrx_word' id='word_1_550' title='bbox 1402 3811 1514 3849; x_wconf 82' lang='lat' dir='ltr'>uno</span> <span class='ocrx_word' id='word_1_551' title='bbox 1558 3811 1832 3860; x_wconf 91' lang='lat' dir='ltr'>sermone,</span> 
     </span>
    </p>
   </div>
   <div class='ocr_carea' id='block_1_73' title="bbox 230 3884 1836 3956">
    <p class='ocr_par' dir='ltr' id='par_1_73' title="bbox 230 3884 1836 3956">
     <span class='ocr_line' id='line_1_73' title="bbox 230 3884 1836 3956; baseline 0 -17"><span class='ocrx_word' id='word_1_552' title='bbox 230 3886 418 3941; x_wconf 88' lang='lat' dir='ltr'>omnis</span> <span class='ocrx_word' id='word_1_553' title='bbox 444 3884 769 3956; x_wconf 88' lang='lat' dir='ltr'>superstitio</span> <span class='ocrx_word' id='word_1_554' title='bbox 789 3884 1148 3939; x_wconf 88' lang='lat' dir='ltr'>Judaicarum</span> <span class='ocrx_word' id='word_1_555' title='bbox 1169 3885 1623 3939; x_wconf 85' lang='lat' dir='ltr'>Observationum</span> <span class='ocrx_word' id='word_1_556' title='bbox 1649 3884 1836 3939; x_wconf 84' lang='lat' dir='ltr'>fuerat</span> 
     </span>
    </p>
   </div>
   <div class='ocr_carea' id='block_1_74' title="bbox 230 3973 1836 4044">
    <p class='ocr_par' dir='ltr' id='par_1_74' title="bbox 230 3973 1836 4044">
     <span class='ocr_line' id='line_1_74' title="bbox 230 3973 1836 4044; baseline -0.001 -15"><span class='ocrx_word' id='word_1_557' title='bbox 230 3975 414 4040; x_wconf 86' lang='lat' dir='ltr'>elisa;</span> <span class='ocrx_word' id='word_1_558' title='bbox 450 3973 717 4044; x_wconf 91' lang='lat' dir='ltr'>quoniam</span> <span class='ocrx_word' id='word_1_559' title='bbox 762 3990 985 4027; x_wconf 89' lang='lat' dir='ltr'>omnem</span> <span class='ocrx_word' id='word_1_560' title='bbox 1034 3974 1361 4043; x_wconf 91' lang='lat' dir='ltr'>religionem</span> <span class='ocrx_word' id='word_1_561' title='bbox 1392 3990 1552 4027; x_wconf 89' lang='lat' dir='ltr'>suam</span> <span class='ocrx_word' id='word_1_562' title='bbox 1602 3974 1659 4026; x_wconf 92' lang='lat' dir='ltr'>in</span> <span class='ocrx_word' id='word_1_563' title='bbox 1700 3974 1836 4028; x_wconf 90' lang='lat' dir='ltr'>cibis</span> 
     </span>
    </p>
   </div>
   <div class='ocr_carea' id='block_1_75' title="bbox 229 4062 1835 4134">
    <p class='ocr_par' dir='ltr' id='par_1_75' title="bbox 229 4062 1835 4134">
     <span class='ocr_line' id='line_1_75' title="bbox 229 4062 1835 4134; baseline 0.001 -19"><span class='ocrx_word' id='word_1_564' title='bbox 229 4063 521 4118; x_wconf 89' lang='lat' dir='ltr'>sumendis</span> <span class='ocrx_word' id='word_1_565' title='bbox 574 4062 1074 4134; x_wconf 88' lang='lat' dir='ltr'>abominandisque</span> <span class='ocrx_word' id='word_1_566' title='bbox 1119 4063 1541 4116; x_wconf 85' lang='lat' dir='ltr'>arbitrabantur</span> <span class='ocrx_word' id='word_1_567' title='bbox 1570 4080 1691 4116; x_wconf 91' lang='lat' dir='ltr'>esse</span> <span class='ocrx_word' id='word_1_568' title='bbox 1735 4080 1835 4134; x_wconf 91' lang='lat' dir='ltr'>po-</span> 
     </span>
    </p>
   </div>
   <div class='ocr_carea' id='block_1_76' title="bbox 227 4152 1837 4222">
    <p class='ocr_par' dir='ltr' id='par_1_76' title="bbox 227 4152 1837 4222">
     <span class='ocr_line' id='line_1_76' title="bbox 227 4152 1837 4222; baseline 0 -16"><span class='ocrx_word' id='word_1_569' title='bbox 227 4153 423 4209; x_wconf 83' lang='lat' dir='ltr'>sitam.</span> <span class='ocrx_word' id='word_1_570' title='bbox 464 4153 550 4207; x_wconf 92' lang='lat' dir='ltr'>Ob</span> <span class='ocrx_word' id='word_1_571' title='bbox 578 4167 748 4222; x_wconf 91' lang='lat' dir='ltr'>quam</span> <span class='ocrx_word' id='word_1_572' title='bbox 779 4168 1008 4205; x_wconf 86' lang='lat' dir='ltr'>causam</span> <span class='ocrx_word' id='word_1_573' title='bbox 1062 4152 1193 4222; x_wconf 89' lang='lat' dir='ltr'>quia</span> <span class='ocrx_word' id='word_1_574' title='bbox 1222 4152 1441 4206; x_wconf 86' lang='lat' dir='ltr'>dixerat</span> <span class='ocrx_word' id='word_1_575' title='bbox 1474 4170 1485 4203; x_wconf 92' lang='lat'><strong>:</strong></span> <span class='ocrx_word' id='word_1_576' title='bbox 1539 4153 1662 4206; x_wconf 74' lang='lat' dir='ltr'>Non</span> <span class='ocrx_word' id='word_1_577' title='bbox 1691 4154 1837 4220; x_wconf 84' lang='lat' dir='ltr'>quod</span> 
     </span>
    </p>
   </div>
   <div class='ocr_carea' id='block_1_77' title="bbox 231 4241 1829 4309">
    <p class='ocr_par' dir='ltr' id='par_1_77' title="bbox 231 4241 1829 4309">
     <span class='ocr_line' id='line_1_77' title="bbox 231 4241 1829 4309; baseline -0.001 -15"><span class='ocrx_word' id='word_1_578' title='bbox 231 4246 414 4295; x_wconf 86' lang='lat' dir='ltr'>intrat</span> <span class='ocrx_word' id='word_1_579' title='bbox 436 4245 499 4295; x_wconf 88' lang='lat' dir='ltr'>in</span> <span class='ocrx_word' id='word_1_580' title='bbox 520 4258 576 4294; x_wconf 80' lang='lat' dir='ltr'>os</span> <span class='ocrx_word' id='word_1_581' title='bbox 602 4243 929 4309; x_wconf 81' lang='lat' dir='ltr'>coinquinat</span> <span class='ocrx_word' id='word_1_582' title='bbox 960 4242 1257 4303; x_wconf 82' lang='lat' dir='ltr'>hominem,</span> <span class='ocrx_word' id='word_1_583' title='bbox 1289 4241 1829 4306; x_wconf 84' lang='lat' dir='ltr'>scandalizabantur,</span> 
     </span>
    </p>
   </div>
   <div class='ocr_carea' id='block_1_78' title="bbox 229 4328 1828 4400">
    <p class='ocr_par' dir='ltr' id='par_1_78' title="bbox 229 4328 1828 4400">
     <span class='ocr_line' id='line_1_78' title="bbox 229 4328 1828 4400; baseline -0.001 -16"><span class='ocrx_word' id='word_1_584' title='bbox 229 4332 368 4400; x_wconf 91' lang='lat' dir='ltr'>quia</span> <span class='ocrx_word' id='word_1_585' title='bbox 396 4331 458 4383; x_wconf 90' lang='lat' dir='ltr'>in</span> <span class='ocrx_word' id='word_1_586' title='bbox 488 4329 593 4383; x_wconf 91' lang='lat' dir='ltr'>hoc</span> <span class='ocrx_word' id='word_1_587' title='bbox 622 4345 753 4393; x_wconf 92' lang='lat' dir='ltr'>uno,</span> <span class='ocrx_word' id='word_1_588' title='bbox 790 4328 1032 4399; x_wconf 86' lang='lat' dir='ltr'>plurima</span> <span class='ocrx_word' id='word_1_589' title='bbox 1062 4346 1127 4382; x_wconf 87' lang='lat' dir='ltr'>ex</span> <span class='ocrx_word' id='word_1_590' title='bbox 1156 4336 1333 4399; x_wconf 88' lang='lat' dir='ltr'>parte,</span> <span class='ocrx_word' id='word_1_591' title='bbox 1378 4329 1699 4383; x_wconf 85' lang='lat' dir='ltr'>solvebatur</span> <span class='ocrx_word' id='word_1_592' title='bbox 1723 4330 1828 4383; x_wconf 86' lang='lat' dir='ltr'>lex.</span> 
     </span>
    </p>
   </div>
   <div class='ocr_carea' id='block_1_79' title="bbox 1924 3173 3531 3246">
    <p class='ocr_par' dir='ltr' id='par_1_79' title="bbox 1924 3173 3531 3246">
     <span class='ocr_line' id='line_1_79' title="bbox 1924 3173 3531 3246; baseline 0 -18"><span class='ocrx_word' id='word_1_593' title='bbox 1924 3174 2033 3228; x_wconf 88' lang='lat' dir='ltr'>rim</span> <span class='ocrx_word' id='word_1_594' title='bbox 2067 3175 2198 3246; x_wconf 90' lang='lat' dir='ltr'>quia</span> <span class='ocrx_word' id='word_1_595' title='bbox 2229 3173 2505 3245; x_wconf 88' lang='lat' dir='ltr'>sequitur,</span> <span class='ocrx_word' id='word_1_596' title='bbox 2538 3175 2676 3228; x_wconf 87' lang='lat' dir='ltr'>Deus</span> <span class='ocrx_word' id='word_1_597' title='bbox 2705 3179 2893 3227; x_wconf 86' lang='lat' dir='ltr'>autem</span> <span class='ocrx_word' id='word_1_598' title='bbox 2921 3175 3331 3227; x_wconf 75' lang='lat' dir='ltr'>incrementum</span> <span class='ocrx_word' id='word_1_599' title='bbox 3354 3173 3531 3228; x_wconf 78' lang='lat' dir='ltr'>dedit.</span> 
     </span>
    </p>
   </div>
   <div class='ocr_carea' id='block_1_80' title="bbox 1924 3262 3526 3334">
    <p class='ocr_par' dir='ltr' id='par_1_80' title="bbox 1924 3262 3526 3334">
     <span class='ocr_line' id='line_1_80' title="bbox 1924 3262 3526 3334; baseline -0.001 -17"><span class='ocrx_word' id='word_1_600' title='bbox 1924 3264 2066 3318; x_wconf 88' lang='lat' dir='ltr'>Dicit</span> <span class='ocrx_word' id='word_1_601' title='bbox 2096 3271 2155 3318; x_wconf 91' lang='lat' dir='ltr'>et</span> <span class='ocrx_word' id='word_1_602' title='bbox 2171 3263 2291 3334; x_wconf 92' lang='lat' dir='ltr'>ipse</span> <span class='ocrx_word' id='word_1_603' title='bbox 2321 3263 2455 3317; x_wconf 85' lang='lat' dir='ltr'>alibi</span> <span class='ocrx_word' id='word_1_604' title='bbox 2482 3281 2495 3316; x_wconf 89' lang='lat'><strong>:</strong></span> <span class='ocrx_word' id='word_1_605' title='bbox 2523 3264 2622 3317; x_wconf 86' lang='lat' dir='ltr'>Dei</span> <span class='ocrx_word' id='word_1_606' title='bbox 2660 3265 3018 3330; x_wconf 77' lang='lat' dir='ltr'>agricultura</span> <span class='ocrx_word' id='word_1_607' title='bbox 3046 3264 3190 3327; x_wconf 80' lang='lat' dir='ltr'>estis,</span> <span class='ocrx_word' id='word_1_608' title='bbox 3231 3262 3331 3316; x_wconf 85' lang='lat' dir='ltr'>Dei</span> <span class='ocrx_word' id='word_1_609' title='bbox 3358 3262 3526 3329; x_wconf 59' lang='lat' dir='ltr'>adiﬁ-</span> 
     </span>
    </p>
   </div>
   <div class='ocr_carea' id='block_1_81' title="bbox 1923 3351 3517 3419">
    <p class='ocr_par' dir='ltr' id='par_1_81' title="bbox 1923 3351 3517 3419">
     <span class='ocr_line' id='line_1_81' title="bbox 1923 3351 3517 3419; baseline -0.001 -13"><span class='ocrx_word' id='word_1_610' title='bbox 1923 3356 2064 3407; x_wconf 89' lang='lat' dir='ltr'>catio</span> <span class='ocrx_word' id='word_1_611' title='bbox 2094 3355 2236 3406; x_wconf 85' lang='lat' dir='ltr'>estis.</span> <span class='ocrx_word' id='word_1_612' title='bbox 2281 3352 2350 3406; x_wconf 90' lang='lat' dir='ltr'>Et</span> <span class='ocrx_word' id='word_1_613' title='bbox 2376 3352 2433 3406; x_wconf 91' lang='lat' dir='ltr'>in</span> <span class='ocrx_word' id='word_1_614' title='bbox 2453 3351 2563 3405; x_wconf 90' lang='lat' dir='ltr'>alio</span> <span class='ocrx_word' id='word_1_615' title='bbox 2593 3352 2711 3405; x_wconf 91' lang='lat' dir='ltr'>loco</span> <span class='ocrx_word' id='word_1_616' title='bbox 2735 3369 2747 3381; x_wconf 90' lang='grc'><strong>·</strong></span> <span class='ocrx_word' id='word_1_617' title='bbox 2783 3353 2877 3405; x_wconf 84' lang='lat' dir='ltr'>Dei</span> <span class='ocrx_word' id='word_1_618' title='bbox 2898 3355 3263 3419; x_wconf 83' lang='lat' dir='ltr'>cooperatores</span> <span class='ocrx_word' id='word_1_619' title='bbox 3288 3365 3517 3417; x_wconf 85' lang='lat' dir='ltr'>sumus;</span> 
     </span>
    </p>
   </div>
   <div class='ocr_carea' id='block_1_82' title="bbox 1922 3438 3523 3512">
    <p class='ocr_par' dir='ltr' id='par_1_82' title="bbox 1922 3438 3523 3512">
     <span class='ocr_line' id='line_1_82' title="bbox 1922 3438 3523 3512; baseline 0.001 -18"><span class='ocrx_word' id='word_1_620' title='bbox 1922 3441 1970 3494; x_wconf 92' lang='lat' dir='ltr'>si</span> <span class='ocrx_word' id='word_1_621' title='bbox 2016 3446 2205 3495; x_wconf 88' lang='lat' dir='ltr'>autem</span> <span class='ocrx_word' id='word_1_622' title='bbox 2255 3448 2663 3512; x_wconf 88' lang='lat' dir='ltr'>cooperatores,</span> <span class='ocrx_word' id='word_1_623' title='bbox 2716 3456 2851 3511; x_wconf 88' lang='lat' dir='ltr'>ergo</span> <span class='ocrx_word' id='word_1_624' title='bbox 2903 3440 3194 3511; x_wconf 88' lang='lat' dir='ltr'>plantante</span> <span class='ocrx_word' id='word_1_625' title='bbox 3247 3438 3423 3493; x_wconf 86' lang='lat' dir='ltr'>Paulo</span> <span class='ocrx_word' id='word_1_626' title='bbox 3463 3444 3523 3495; x_wconf 91' lang='lat' dir='ltr'>et</span> 
     </span>
    </p>
   </div>
   <div class='ocr_carea' id='block_1_83' title="bbox 1921 3526 3522 3601">
    <p class='ocr_par' dir='ltr' id='par_1_83' title="bbox 1921 3526 3522 3601">
     <span class='ocr_line' id='line_1_83' title="bbox 1921 3526 3522 3601; baseline 0 -18"><span class='ocrx_word' id='word_1_627' title='bbox 1921 3530 2308 3601; x_wconf 89' lang='lat' dir='ltr'>superrigante</span> <span class='ocrx_word' id='word_1_628' title='bbox 2327 3530 2524 3601; x_wconf 86' lang='lat' dir='ltr'>Apollo</span> <span class='ocrx_word' id='word_1_629' title='bbox 2543 3530 2693 3584; x_wconf 90' lang='lat' dir='ltr'>Deus</span> <span class='ocrx_word' id='word_1_630' title='bbox 2711 3545 2836 3583; x_wconf 89' lang='lat' dir='ltr'>cum</span> <span class='ocrx_word' id='word_1_631' title='bbox 2858 3526 3313 3600; x_wconf 87' lang='lat' dir='ltr'>cooperatoribus</span> <span class='ocrx_word' id='word_1_632' title='bbox 3323 3532 3522 3594; x_wconf 66' lang='grc' dir='ltr'>σεο</span> 
     </span>
    </p>
   </div>
   <div class='ocr_carea' id='block_1_84' title="bbox 1923 3616 3519 3689">
    <p class='ocr_par' dir='ltr' id='par_1_84' title="bbox 1923 3616 3519 3689">
     <span class='ocr_line' id='line_1_84' title="bbox 1923 3616 3519 3689; baseline -0.001 -17"><span class='ocrx_word' id='word_1_633' title='bbox 1923 3620 2040 3672; x_wconf 88' lang='lat' dir='ltr'>suis</span> <span class='ocrx_word' id='word_1_634' title='bbox 2068 3619 2287 3689; x_wconf 90' lang='lat' dir='ltr'>plantat</span> <span class='ocrx_word' id='word_1_635' title='bbox 2317 3624 2374 3672; x_wconf 92' lang='lat' dir='ltr'>et</span> <span class='ocrx_word' id='word_1_636' title='bbox 2401 3619 2541 3688; x_wconf 82' lang='lat' dir='ltr'>rigat</span> <span class='ocrx_word' id='word_1_637' title='bbox 2571 3636 2583 3683; x_wconf 85' lang='lat'><strong>;</strong></span> <span class='ocrx_word' id='word_1_638' title='bbox 2616 3618 2749 3688; x_wconf 90' lang='lat' dir='ltr'>quia</span> <span class='ocrx_word' id='word_1_639' title='bbox 2778 3624 2835 3671; x_wconf 92' lang='lat' dir='ltr'>et</span> <span class='ocrx_word' id='word_1_640' title='bbox 2860 3618 2968 3688; x_wconf 87' lang='lat' dir='ltr'>ipsi</span> <span class='ocrx_word' id='word_1_641' title='bbox 3008 3633 3122 3671; x_wconf 90' lang='lat' dir='ltr'>non</span> <span class='ocrx_word' id='word_1_642' title='bbox 3150 3616 3304 3671; x_wconf 89' lang='lat' dir='ltr'>aliud</span> <span class='ocrx_word' id='word_1_643' title='bbox 3345 3633 3519 3687; x_wconf 83' lang='lat' dir='ltr'>quam</span> 
     </span>
    </p>
   </div>
   <div class='ocr_carea' id='block_1_85' title="bbox 1921 3703 3518 3779">
    <p class='ocr_par' dir='ltr' id='par_1_85' title="bbox 1921 3703 3518 3779">
     <span class='ocr_line' id='line_1_85' title="bbox 1921 3703 3518 3779; baseline -0.001 -18"><span class='ocrx_word' id='word_1_644' title='bbox 1921 3724 2042 3779; x_wconf 81' lang='lat' dir='ltr'>quae</span> <span class='ocrx_word' id='word_1_645' title='bbox 2074 3707 2166 3761; x_wconf 88' lang='lat' dir='ltr'>Dei</span> <span class='ocrx_word' id='word_1_646' title='bbox 2195 3712 2327 3761; x_wconf 80' lang='lat' dir='ltr'>sunt</span> <span class='ocrx_word' id='word_1_647' title='bbox 2359 3707 2614 3777; x_wconf 89' lang='lat' dir='ltr'>plantant</span> <span class='ocrx_word' id='word_1_648' title='bbox 2642 3711 2701 3759; x_wconf 90' lang='lat' dir='ltr'>et</span> <span class='ocrx_word' id='word_1_649' title='bbox 2725 3710 2919 3776; x_wconf 87' lang='lat' dir='ltr'>agunt.</span> <span class='ocrx_word' id='word_1_650' title='bbox 2953 3705 3063 3760; x_wconf 89' lang='lat' dir='ltr'>Sed</span> <span class='ocrx_word' id='word_1_651' title='bbox 3101 3703 3370 3759; x_wconf 60' lang='lat' dir='ltr'>Pharisaei</span> <span class='ocrx_word' id='word_1_652' title='bbox 3400 3718 3518 3760; x_wconf 87' lang='lat' dir='ltr'>non</span> 
     </span>
    </p>
   </div>
   <div class='ocr_carea' id='block_1_86' title="bbox 1920 3791 3520 3867">
    <p class='ocr_par' dir='ltr' id='par_1_86' title="bbox 1920 3791 3520 3867">
     <span class='ocr_line' id='line_1_86' title="bbox 1920 3791 3520 3867; baseline -0.002 -17"><span class='ocrx_word' id='word_1_653' title='bbox 1920 3813 1986 3851; x_wconf 88' lang='lat' dir='ltr'>ea</span> <span class='ocrx_word' id='word_1_654' title='bbox 2013 3813 2134 3867; x_wconf 70' lang='lat' dir='ltr'>quae</span> <span class='ocrx_word' id='word_1_655' title='bbox 2174 3795 2273 3849; x_wconf 87' lang='lat' dir='ltr'>Dei</span> <span class='ocrx_word' id='word_1_656' title='bbox 2306 3800 2467 3849; x_wconf 89' lang='lat' dir='ltr'>erant</span> <span class='ocrx_word' id='word_1_657' title='bbox 2494 3793 2786 3859; x_wconf 85' lang='lat' dir='ltr'>docebant,</span> <span class='ocrx_word' id='word_1_658' title='bbox 2825 3793 2924 3847; x_wconf 90' lang='lat' dir='ltr'>sed</span> <span class='ocrx_word' id='word_1_659' title='bbox 2964 3809 3087 3864; x_wconf 66' lang='lat' dir='ltr'>quas</span> <span class='ocrx_word' id='word_1_660' title='bbox 3120 3791 3435 3852; x_wconf 85' lang='lat' dir='ltr'>hominum,</span> <span class='ocrx_word' id='word_1_661' title='bbox 3460 3796 3520 3847; x_wconf 89' lang='lat' dir='ltr'>et</span> 
     </span>
    </p>
   </div>
   <div class='ocr_carea' id='block_1_87' title="bbox 1918 3880 3517 3956">
    <p class='ocr_par' dir='ltr' id='par_1_87' title="bbox 1918 3880 3517 3956">
     <span class='ocr_line' id='line_1_87' title="bbox 1918 3880 3517 3956; baseline -0.003 -17"><span class='ocrx_word' id='word_1_662' title='bbox 1918 3886 2044 3940; x_wconf 91' lang='lat' dir='ltr'>ideo</span> <span class='ocrx_word' id='word_1_663' title='bbox 2083 3901 2251 3956; x_wconf 89' lang='lat' dir='ltr'>quam</span> <span class='ocrx_word' id='word_1_664' title='bbox 2281 3885 2422 3939; x_wconf 90' lang='lat' dir='ltr'>bene</span> <span class='ocrx_word' id='word_1_665' title='bbox 2466 3883 2733 3954; x_wconf 86' lang='lat' dir='ltr'>Magister</span> <span class='ocrx_word' id='word_1_666' title='bbox 2777 3899 2941 3936; x_wconf 88' lang='lat' dir='ltr'>verus</span> <span class='ocrx_word' id='word_1_667' title='bbox 2982 3887 3041 3936; x_wconf 90' lang='lat' dir='ltr'>et</span> <span class='ocrx_word' id='word_1_668' title='bbox 3080 3883 3288 3952; x_wconf 88' lang='lat' dir='ltr'>justus,</span> <span class='ocrx_word' id='word_1_669' title='bbox 3322 3880 3517 3936; x_wconf 82' lang='lat' dir='ltr'>Omnis</span> 
     </span>
    </p>
   </div>
   <div class='ocr_carea' id='block_1_88' title="bbox 1914 3971 3517 4044">
    <p class='ocr_par' dir='ltr' id='par_1_88' title="bbox 1914 3971 3517 4044">
     <span class='ocr_line' id='line_1_88' title="bbox 1914 3971 3517 4044; baseline -0.002 -17"><span class='ocrx_word' id='word_1_670' title='bbox 1914 3978 2209 4043; x_wconf 84' lang='lat' dir='ltr'>plantatio,</span> <span class='ocrx_word' id='word_1_671' title='bbox 2243 3972 2445 4044; x_wconf 87' lang='lat' dir='ltr'>inquit,</span> <span class='ocrx_word' id='word_1_672' title='bbox 2481 3988 2649 4041; x_wconf 89' lang='lat' dir='ltr'>quam</span> <span class='ocrx_word' id='word_1_673' title='bbox 2680 3987 2793 4026; x_wconf 87' lang='lat' dir='ltr'>non</span> <span class='ocrx_word' id='word_1_674' title='bbox 2824 3972 3104 4039; x_wconf 85' lang='lat' dir='ltr'>plantavit</span> <span class='ocrx_word' id='word_1_675' title='bbox 3150 3971 3309 4023; x_wconf 87' lang='lat' dir='ltr'>Pater</span> <span class='ocrx_word' id='word_1_676' title='bbox 3337 3983 3517 4037; x_wconf 82' lang='lat' dir='ltr'>meus,</span> 
     </span>
    </p>
   </div>
   <div class='ocr_carea' id='block_1_89' title="bbox 1919 4056 3516 4130">
    <p class='ocr_par' dir='ltr' id='par_1_89' title="bbox 1919 4056 3516 4130">
     <span class='ocr_line' id='line_1_89' title="bbox 1919 4056 3516 4130; baseline -0.001 -14"><span class='ocrx_word' id='word_1_677' title='bbox 1919 4063 2315 4116; x_wconf 79' lang='lat' dir='ltr'>eradicabitur.</span> <span class='ocrx_word' id='word_1_678' title='bbox 2333 4061 2661 4116; x_wconf 87' lang='lat' dir='ltr'>Abutuntur</span> <span class='ocrx_word' id='word_1_679' title='bbox 2680 4060 2785 4114; x_wconf 93' lang='lat' dir='ltr'>hoc</span> <span class='ocrx_word' id='word_1_680' title='bbox 2803 4060 2924 4114; x_wconf 93' lang='lat' dir='ltr'>loco</span> <span class='ocrx_word' id='word_1_681' title='bbox 2946 4058 3040 4130; x_wconf 90' lang='lat' dir='ltr'>qui</span> <span class='ocrx_word' id='word_1_682' title='bbox 3062 4057 3310 4125; x_wconf 86' lang='lat' dir='ltr'>diversas</span> <span class='ocrx_word' id='word_1_683' title='bbox 3339 4056 3516 4114; x_wconf 80' lang='lat' dir='ltr'>intro—</span> 
     </span>
    </p>
   </div>
   <div class='ocr_carea' id='block_1_90' title="bbox 1919 4147 3516 4219">
    <p class='ocr_par' dir='ltr' id='par_1_90' title="bbox 1919 4147 3516 4219">
     <span class='ocr_line' id='line_1_90' title="bbox 1919 4147 3516 4219; baseline -0.002 -14"><span class='ocrx_word' id='word_1_684' title='bbox 1919 4151 2133 4205; x_wconf 91' lang='lat' dir='ltr'>ducunt</span> <span class='ocrx_word' id='word_1_685' title='bbox 2147 4156 2397 4211; x_wconf 89' lang='lat' dir='ltr'>naturas,</span> <span class='ocrx_word' id='word_1_686' title='bbox 2416 4150 2495 4203; x_wconf 91' lang='lat' dir='ltr'>ita</span> <span class='ocrx_word' id='word_1_687' title='bbox 2521 4150 2769 4204; x_wconf 90' lang='lat' dir='ltr'>dicentes</span> <span class='ocrx_word' id='word_1_688' title='bbox 2791 4166 2802 4201; x_wconf 95' lang='lat'>:</span> <span class='ocrx_word' id='word_1_689' title='bbox 2827 4148 2886 4203; x_wconf 89' lang='lat' dir='ltr'>Si</span> <span class='ocrx_word' id='word_1_690' title='bbox 2914 4147 3189 4219; x_wconf 89' lang='lat' dir='ltr'>plantatio</span> <span class='ocrx_word' id='word_1_691' title='bbox 3210 4162 3381 4218; x_wconf 87' lang='lat' dir='ltr'>quam</span> <span class='ocrx_word' id='word_1_692' title='bbox 3400 4162 3516 4202; x_wconf 88' lang='lat' dir='ltr'>non</span> 
     </span>
    </p>
   </div>
   <div class='ocr_carea' id='block_1_91' title="bbox 1918 4235 3517 4310">
    <p class='ocr_par' dir='ltr' id='par_1_91' title="bbox 1918 4235 3517 4310">
     <span class='ocr_line' id='line_1_91' title="bbox 1918 4235 3517 4310; baseline -0.001 -19"><span class='ocrx_word' id='word_1_693' title='bbox 1918 4239 2192 4310; x_wconf 87' lang='lat' dir='ltr'>plantavit</span> <span class='ocrx_word' id='word_1_694' title='bbox 2221 4240 2404 4302; x_wconf 90' lang='lat' dir='ltr'>Pater,</span> <span class='ocrx_word' id='word_1_695' title='bbox 2440 4237 2834 4303; x_wconf 83' lang='lat' dir='ltr'>eradicabitur,</span> <span class='ocrx_word' id='word_1_696' title='bbox 2869 4253 3003 4307; x_wconf 85' lang='lat' dir='ltr'>ergo</span> <span class='ocrx_word' id='word_1_697' title='bbox 3032 4252 3202 4308; x_wconf 86' lang='lat' dir='ltr'>quam</span> <span class='ocrx_word' id='word_1_698' title='bbox 3230 4236 3327 4290; x_wconf 91' lang='lat' dir='ltr'>ille</span> <span class='ocrx_word' id='word_1_699' title='bbox 3358 4235 3517 4307; x_wconf 88' lang='lat' dir='ltr'>plan-</span> 
     </span>
    </p>
   </div>
   <div class='ocr_carea' id='block_1_92' title="bbox 1917 4324 3509 4413">
    <p class='ocr_par' dir='ltr' id='par_1_92' title="bbox 1917 4324 3509 4413">
     <span class='ocr_line' id='line_1_92' title="bbox 1917 4324 3509 4413; baseline -0.002 -31"><span class='ocrx_word' id='word_1_700' title='bbox 1917 4328 2055 4382; x_wconf 86' lang='lat' dir='ltr'>tavit</span> <span class='ocrx_word' id='word_1_701' title='bbox 2084 4344 2201 4413; x_wconf 66' lang='lat' dir='ltr'>non</span> <span class='ocrx_word' id='word_1_702' title='bbox 2223 4333 2405 4397; x_wconf 88' lang='lat' dir='ltr'>potest</span> <span class='ocrx_word' id='word_1_703' title='bbox 2431 4327 2723 4392; x_wconf 89' lang='lat' dir='ltr'>eradicari,</span> <span class='ocrx_word' id='word_1_704' title='bbox 2755 4331 2811 4380; x_wconf 86' lang='lat' dir='ltr'>et</span> <span class='ocrx_word' id='word_1_705' title='bbox 2840 4326 2966 4381; x_wconf 90' lang='lat' dir='ltr'>ideo</span> <span class='ocrx_word' id='word_1_706' title='bbox 2994 4342 3159 4381; x_wconf 92' lang='lat' dir='ltr'>nemo</span> <span class='ocrx_word' id='word_1_707' title='bbox 3196 4325 3259 4380; x_wconf 89' lang='lat' dir='ltr'>in</span> <span class='ocrx_word' id='word_1_708' title='bbox 3286 4324 3509 4391; x_wconf 90' lang='lat' dir='ltr'>melius,</span> 
     </span>
    </p>
   </div>
   <div class='ocr_carea' id='block_1_93' title="bbox 230 4413 3511 4488">
    <p class='ocr_par' dir='ltr' id='par_1_93' title="bbox 230 4413 3511 4488">
     <span class='ocr_line' id='line_1_93' title="bbox 230 4413 3511 4488; baseline -0.001 -18"><span class='ocrx_word' id='word_1_709' title='bbox 230 4418 332 4473; x_wconf 82' lang='lat' dir='ltr'>Vel</span> <span class='ocrx_word' id='word_1_710' title='bbox 364 4417 491 4472; x_wconf 91' lang='lat' dir='ltr'>ideo</span> <span class='ocrx_word' id='word_1_711' title='bbox 521 4417 879 4471; x_wconf 87' lang='lat' dir='ltr'>scandalizati</span> <span class='ocrx_word' id='word_1_712' title='bbox 925 4418 1208 4484; x_wconf 86' lang='lat' dir='ltr'>dicuntur,</span> <span class='ocrx_word' id='word_1_713' title='bbox 1243 4418 1389 4488; x_wconf 86' lang='lat' dir='ltr'>quod</span> <span class='ocrx_word' id='word_1_714' title='bbox 1433 4435 1545 4471; x_wconf 87' lang='lat' dir='ltr'>non</span> <span class='ocrx_word' id='word_1_715' title='bbox 1571 4418 1701 4481; x_wconf 87' lang='lat' dir='ltr'>illis,</span> <span class='ocrx_word' id='word_1_716' title='bbox 1736 4413 2077 4472; x_wconf 88' lang='lat' dir='ltr'>seanemo</span> <span class='ocrx_word' id='word_1_717' title='bbox 2098 4417 2156 4471; x_wconf 91' lang='lat' dir='ltr'>in</span> <span class='ocrx_word' id='word_1_718' title='bbox 2174 4417 2422 4471; x_wconf 89' lang='lat' dir='ltr'>deterius</span> <span class='ocrx_word' id='word_1_719' title='bbox 2445 4422 2629 4487; x_wconf 88' lang='lat' dir='ltr'>potest</span> <span class='ocrx_word' id='word_1_720' title='bbox 2648 4416 3071 4487; x_wconf 88' lang='lat' dir='ltr'>transplantari.</span> <span class='ocrx_word' id='word_1_721' title='bbox 3086 4415 3184 4469; x_wconf 91' lang='lat' dir='ltr'>sed</span> <span class='ocrx_word' id='word_1_722' title='bbox 3207 4413 3511 4485; x_wconf 85' lang='lat' dir='ltr'>unusquis-</span> 
     </span>
    </p>
   </div>
   <div class='ocr_carea' id='block_1_94' title="bbox 229 4506 1836 4582">
    <p class='ocr_par' dir='ltr' id='par_1_94' title="bbox 229 4506 1836 4582">
     <span class='ocr_line' id='line_1_94' title="bbox 229 4506 1836 4582; baseline 0 -22"><span class='ocrx_word' id='word_1_723' title='bbox 229 4507 412 4560; x_wconf 87' lang='lat' dir='ltr'>turbis</span> <span class='ocrx_word' id='word_1_724' title='bbox 434 4512 629 4572; x_wconf 68' lang='lat'><strong>038</strong></span> <span class='ocrx_word' id='word_1_725' title='bbox 649 4507 723 4560; x_wconf 87' lang='lat' dir='ltr'>sit</span> <span class='ocrx_word' id='word_1_726' title='bbox 751 4508 986 4560; x_wconf 89' lang='lat' dir='ltr'>locutus.</span> <span class='ocrx_word' id='word_1_727' title='bbox 1022 4508 1193 4560; x_wconf 88' lang='lat' dir='ltr'>Porro</span> <span class='ocrx_word' id='word_1_728' title='bbox 1217 4507 1562 4571; x_wconf 87' lang='lat' dir='ltr'>scandalum,</span> <span class='ocrx_word' id='word_1_729' title='bbox 1589 4506 1836 4582; x_wconf 81' lang='lat' dir='ltr'>quiafre-</span> 
     </span>
    </p>
   </div>
   <div class='ocr_carea' id='block_1_95' title="bbox 232 4595 1833 4666">
    <p class='ocr_par' dir='ltr' id='par_1_95' title="bbox 232 4595 1833 4666">
     <span class='ocr_line' id='line_1_95' title="bbox 232 4595 1833 4666; baseline -0.001 -16"><span class='ocrx_word' id='word_1_730' title='bbox 232 4603 473 4664; x_wconf 88' lang='lat' dir='ltr'>quenter</span> <span class='ocrx_word' id='word_1_731' title='bbox 494 4597 616 4666; x_wconf 87' lang='lat' dir='ltr'>jam</span> <span class='ocrx_word' id='word_1_732' title='bbox 644 4596 704 4649; x_wconf 91' lang='lat' dir='ltr'>in</span> <span class='ocrx_word' id='word_1_733' title='bbox 732 4596 939 4649; x_wconf 91' lang='lat' dir='ltr'>nostris</span> <span class='ocrx_word' id='word_1_734' title='bbox 970 4595 1171 4649; x_wconf 90' lang='lat' dir='ltr'>litteris</span> <span class='ocrx_word' id='word_1_735' title='bbox 1198 4595 1420 4666; x_wconf 89' lang='lat' dir='ltr'>legitur,</span> <span class='ocrx_word' id='word_1_736' title='bbox 1460 4596 1679 4649; x_wconf 87' lang='lat' dir='ltr'>noverit</span> <span class='ocrx_word' id='word_1_737' title='bbox 1707 4596 1833 4649; x_wconf 88' lang='lat' dir='ltr'>dili-</span> 
     </span>
    </p>
   </div>
   <div class='ocr_carea' id='block_1_96' title="bbox 232 4684 1832 4755">
    <p class='ocr_par' dir='ltr' id='par_1_96' title="bbox 232 4684 1832 4755">
     <span class='ocr_line' id='line_1_96' title="bbox 232 4684 1832 4755; baseline 0 -17"><span class='ocrx_word' id='word_1_738' title='bbox 232 4698 371 4752; x_wconf 80' lang='lat' dir='ltr'>gens</span> <span class='ocrx_word' id='word_1_739' title='bbox 398 4685 590 4748; x_wconf 89' lang='lat' dir='ltr'>lector,</span> <span class='ocrx_word' id='word_1_740' title='bbox 628 4684 760 4755; x_wconf 90' lang='lat' dir='ltr'>quia</span> <span class='ocrx_word' id='word_1_741' title='bbox 799 4684 978 4754; x_wconf 88' lang='lat' dir='ltr'>magis</span> <span class='ocrx_word' id='word_1_742' title='bbox 1030 4684 1288 4738; x_wconf 79' lang='lat' dir='ltr'>Graecum</span> <span class='ocrx_word' id='word_1_743' title='bbox 1337 4690 1423 4737; x_wconf 89' lang='lat' dir='ltr'>est</span> <span class='ocrx_word' id='word_1_744' title='bbox 1460 4700 1629 4755; x_wconf 91' lang='lat' dir='ltr'>quam</span> <span class='ocrx_word' id='word_1_745' title='bbox 1678 4684 1832 4738; x_wconf 85' lang='lat' dir='ltr'>Lati-</span> 
     </span>
    </p>
   </div>
   <div class='ocr_carea' id='block_1_97' title="bbox 229 4772 1836 4844">
    <p class='ocr_par' dir='ltr' id='par_1_97' title="bbox 229 4772 1836 4844">
     <span class='ocr_line' id='line_1_97' title="bbox 229 4772 1836 4844; baseline 0.002 -20"><span class='ocrx_word' id='word_1_746' title='bbox 229 4787 385 4826; x_wconf 91' lang='lat' dir='ltr'>num.</span> <span class='ocrx_word' id='word_1_747' title='bbox 410 4774 555 4827; x_wconf 77' lang='lat' dir='ltr'>Nam</span> <span class='ocrx_word' id='word_1_748' title='bbox 585 4772 678 4826; x_wconf 92' lang='lat' dir='ltr'>ubi</span> <span class='ocrx_word' id='word_1_749' title='bbox 714 4773 965 4827; x_wconf 90' lang='lat' dir='ltr'>Psalmus</span> <span class='ocrx_word' id='word_1_750' title='bbox 995 4773 1148 4837; x_wconf 89' lang='lat' dir='ltr'>dicit,</span> <span class='ocrx_word' id='word_1_751' title='bbox 1170 4774 1493 4827; x_wconf 89' lang='lat' dir='ltr'>scandalum</span> <span class='ocrx_word' id='word_1_752' title='bbox 1525 4780 1836 4844; x_wconf 89' lang='lat' dir='ltr'>posuerunt</span> 
     </span>
    </p>
   </div>
   <div class='ocr_carea' id='block_1_98' title="bbox 230 4860 1833 4934">
    <p class='ocr_par' dir='ltr' id='par_1_98' title="bbox 230 4860 1833 4934">
     <span class='ocr_line' id='line_1_98' title="bbox 230 4860 1833 4934; baseline 0.002 -19"><span class='ocrx_word' id='word_1_753' title='bbox 230 4861 387 4926; x_wconf 87' lang='lat' dir='ltr'>mihi,</span> <span class='ocrx_word' id='word_1_754' title='bbox 421 4862 651 4916; x_wconf 71' lang='lat' dir='ltr'>Graecus</span> <span class='ocrx_word' id='word_1_755' title='bbox 689 4861 875 4925; x_wconf 85' lang='lat' dir='ltr'>habet,</span> <span class='ocrx_word' id='word_1_756' title='bbox 910 4860 1178 4915; x_wconf 69' lang='grc' dir='ltr'>Σκὰνδαλα</span> <span class='ocrx_word' id='word_1_757' title='bbox 1219 4863 1379 4915; x_wconf 83' lang='grc' dir='ltr'>ἕΟεντό</span> <span class='ocrx_word' id='word_1_758' title='bbox 1418 4882 1500 4934; x_wconf 81' lang='grc' dir='ltr'>μοι</span> <span class='ocrx_word' id='word_1_759' title='bbox 1539 4863 1686 4934; x_wconf 91' lang='lat' dir='ltr'>quod</span> <span class='ocrx_word' id='word_1_760' title='bbox 1732 4877 1833 4918; x_wconf 91' lang='lat' dir='ltr'>nos</span> 
     </span>
    </p>
   </div>
   <div class='ocr_carea' id='block_1_99' title="bbox 228 4950 1827 5022">
    <p class='ocr_par' dir='ltr' id='par_1_99' title="bbox 228 4950 1827 5022">
     <span class='ocr_line' id='line_1_99' title="bbox 228 4950 1827 5022; baseline 0.003 -20"><span class='ocrx_word' id='word_1_761' title='bbox 228 4950 457 5005; x_wconf 85' lang='lat' dir='ltr'>verbum</span> <span class='ocrx_word' id='word_1_762' title='bbox 496 4950 916 5015; x_wconf 76' lang='lat' dir='ltr'>olfendiculum,</span> <span class='ocrx_word' id='word_1_763' title='bbox 948 4950 1032 5004; x_wconf 88' lang='lat' dir='ltr'>vel</span> <span class='ocrx_word' id='word_1_764' title='bbox 1062 4950 1304 5012; x_wconf 88' lang='lat' dir='ltr'>ruinam,</span> <span class='ocrx_word' id='word_1_765' title='bbox 1336 4958 1391 5004; x_wconf 91' lang='lat' dir='ltr'>et</span> <span class='ocrx_word' id='word_1_766' title='bbox 1430 4952 1827 5022; x_wconf 87' lang='lat' dir='ltr'>impactionem</span> 
     </span>
    </p>
   </div>
   <div class='ocr_carea' id='block_1_100' title="bbox 227 5038 1828 5109">
    <p class='ocr_par' dir='ltr' id='par_1_100' title="bbox 227 5038 1828 5109">
     <span class='ocr_line' id='line_1_100' title="bbox 227 5038 1828 5109; baseline 0.001 -17"><span class='ocrx_word' id='word_1_767' title='bbox 227 5039 382 5108; x_wconf 83' lang='lat' dir='ltr'>pedis</span> <span class='ocrx_word' id='word_1_768' title='bbox 409 5055 712 5109; x_wconf 91' lang='lat' dir='ltr'>possumus</span> <span class='ocrx_word' id='word_1_769' title='bbox 741 5039 943 5093; x_wconf 88' lang='lat' dir='ltr'>dicere.</span> <span class='ocrx_word' id='word_1_770' title='bbox 981 5038 1189 5093; x_wconf 87' lang='lat' dir='ltr'>Idcirco</span> <span class='ocrx_word' id='word_1_771' title='bbox 1227 5039 1365 5093; x_wconf 91' lang='lat' dir='ltr'>nulli</span> <span class='ocrx_word' id='word_1_772' title='bbox 1396 5039 1539 5094; x_wconf 86' lang='lat' dir='ltr'>facto</span> <span class='ocrx_word' id='word_1_773' title='bbox 1574 5041 1657 5093; x_wconf 90' lang='lat' dir='ltr'>vel</span> <span class='ocrx_word' id='word_1_774' title='bbox 1680 5041 1828 5094; x_wconf 91' lang='lat' dir='ltr'>dicto</span> 
     </span>
    </p>
   </div>
   <div class='ocr_carea' id='block_1_101' title="bbox 229 5127 1828 5199">
    <p class='ocr_par' dir='ltr' id='par_1_101' title="bbox 229 5127 1828 5199">
     <span class='ocr_line' id='line_1_101' title="bbox 229 5127 1828 5199; baseline 0.003 -21"><span class='ocrx_word' id='word_1_775' title='bbox 229 5127 402 5181; x_wconf 70' lang='lat' dir='ltr'>ruina:</span> <span class='ocrx_word' id='word_1_776' title='bbox 418 5127 768 5181; x_wconf 88' lang='lat' dir='ltr'>occasionem</span> <span class='ocrx_word' id='word_1_777' title='bbox 789 5127 923 5181; x_wconf 90' lang='lat' dir='ltr'>dare</span> <span class='ocrx_word' id='word_1_778' title='bbox 946 5127 1234 5182; x_wconf 86' lang='lat' dir='ltr'>debemus.</span> <span class='ocrx_word' id='word_1_779' title='bbox 1260 5129 1327 5181; x_wconf 89' lang='lat' dir='ltr'>Et</span> <span class='ocrx_word' id='word_1_780' title='bbox 1346 5128 1675 5191; x_wconf 88' lang='lat' dir='ltr'>notandum,</span> <span class='ocrx_word' id='word_1_781' title='bbox 1699 5130 1828 5199; x_wconf 89' lang='lat' dir='ltr'>quia</span> 
     </span>
    </p>
   </div>
   <div class='ocr_carea' id='block_1_102' title="bbox 229 5214 1829 5285">
    <p class='ocr_par' dir='ltr' id='par_1_102' title="bbox 229 5214 1829 5285">
     <span class='ocr_line' id='line_1_102' title="bbox 229 5214 1829 5285; baseline 0.003 -18"><span class='ocrx_word' id='word_1_782' title='bbox 229 5214 322 5268; x_wconf 91' lang='lat' dir='ltr'>ubi</span> <span class='ocrx_word' id='word_1_783' title='bbox 350 5232 452 5270; x_wconf 90' lang='lat' dir='ltr'>nos</span> <span class='ocrx_word' id='word_1_784' title='bbox 480 5215 755 5269; x_wconf 89' lang='lat' dir='ltr'>habemus</span> <span class='ocrx_word' id='word_1_785' title='bbox 800 5216 960 5279; x_wconf 82' lang='lat' dir='ltr'>Quod</span> <span class='ocrx_word' id='word_1_786' title='bbox 994 5216 1241 5285; x_wconf 88' lang='lat' dir='ltr'>procedit</span> <span class='ocrx_word' id='word_1_787' title='bbox 1284 5234 1348 5270; x_wconf 88' lang='lat' dir='ltr'>ex</span> <span class='ocrx_word' id='word_1_788' title='bbox 1398 5233 1512 5281; x_wconf 90' lang='lat' dir='ltr'>ore,</span> <span class='ocrx_word' id='word_1_789' title='bbox 1548 5217 1651 5270; x_wconf 92' lang='lat' dir='ltr'>hoc</span> <span class='ocrx_word' id='word_1_790' title='bbox 1681 5218 1829 5273; x_wconf 59' lang='lat' dir='ltr'>eoin-</span> 
     </span>
    </p>
   </div>
   <div class='ocr_carea' id='block_1_103' title="bbox 231 5296 1828 5373">
    <p class='ocr_par' dir='ltr' id='par_1_103' title="bbox 231 5296 1828 5373">
     <span class='ocr_line' id='line_1_103' title="bbox 231 5296 1828 5373; baseline 0.001 -16"><span class='ocrx_word' id='word_1_791' title='bbox 231 5303 422 5373; x_wconf 87' lang='lat' dir='ltr'>quinat</span> <span class='ocrx_word' id='word_1_792' title='bbox 446 5304 753 5365; x_wconf 86' lang='lat' dir='ltr'>hominem,</span> <span class='ocrx_word' id='word_1_793' title='bbox 788 5304 885 5356; x_wconf 88' lang='lat' dir='ltr'>alii</span> <span class='ocrx_word' id='word_1_794' title='bbox 915 5303 1129 5357; x_wconf 91' lang='lat' dir='ltr'>codices</span> <span class='ocrx_word' id='word_1_795' title='bbox 1169 5304 1397 5365; x_wconf 87' lang='lat' dir='ltr'>habent,</span> <span class='ocrx_word' id='word_1_796' title='bbox 1432 5296 1828 5358; x_wconf 32' lang='lat' dir='ltr'>Hoc&#39;commu-</span> 
     </span>
    </p>
   </div>
   <div class='ocr_carea' id='block_1_104' title="bbox 231 5391 1826 5462">
    <p class='ocr_par' dir='ltr' id='par_1_104' title="bbox 231 5391 1826 5462">
     <span class='ocr_line' id='line_1_104' title="bbox 231 5391 1826 5462; baseline 0.003 -18"><span class='ocrx_word' id='word_1_797' title='bbox 231 5392 380 5445; x_wconf 87' lang='lat' dir='ltr'>nicat</span> <span class='ocrx_word' id='word_1_798' title='bbox 422 5392 731 5446; x_wconf 89' lang='lat' dir='ltr'>hominem.</span> <span class='ocrx_word' id='word_1_799' title='bbox 787 5392 922 5456; x_wconf 68' lang='lat' dir='ltr'>Quae</span> <span class='ocrx_word' id='word_1_800' title='bbox 971 5391 1094 5445; x_wconf 87' lang='lat' dir='ltr'>ideo</span> <span class='ocrx_word' id='word_1_801' title='bbox 1145 5392 1400 5454; x_wconf 82' lang='lat' dir='ltr'>dixerim,</span> <span class='ocrx_word' id='word_1_802' title='bbox 1454 5395 1585 5462; x_wconf 89' lang='lat' dir='ltr'>quia</span> <span class='ocrx_word' id='word_1_803' title='bbox 1630 5392 1826 5448; x_wconf 89' lang='lat' dir='ltr'>beatus</span> 
     </span>
    </p>
   </div>
   <div class='ocr_carea' id='block_1_105' title="bbox 232 5480 1826 5553">
    <p class='ocr_par' dir='ltr' id='par_1_105' title="bbox 232 5480 1826 5553">
     <span class='ocr_line' id='line_1_105' title="bbox 232 5480 1826 5553; baseline 0.001 -19"><span class='ocrx_word' id='word_1_804' title='bbox 232 5480 628 5553; x_wconf 82' lang='lat' dir='ltr'>Hieronymus,</span> <span class='ocrx_word' id='word_1_805' title='bbox 660 5480 829 5535; x_wconf 88' lang='lat' dir='ltr'>etiam</span> <span class='ocrx_word' id='word_1_806' title='bbox 861 5480 965 5534; x_wconf 88' lang='lat' dir='ltr'>hoc</span> <span class='ocrx_word' id='word_1_807' title='bbox 999 5480 1138 5546; x_wconf 90' lang='lat' dir='ltr'>loco,</span> <span class='ocrx_word' id='word_1_808' title='bbox 1180 5480 1363 5552; x_wconf 89' lang='lat' dir='ltr'>ipsum</span> <span class='ocrx_word' id='word_1_809' title='bbox 1407 5481 1635 5535; x_wconf 87' lang='lat' dir='ltr'>verbum</span> <span class='ocrx_word' id='word_1_810' title='bbox 1664 5498 1826 5553; x_wconf 84' lang='lat' dir='ltr'>expo-</span> 
     </span>
    </p>
   </div>
   <div class='ocr_carea' id='block_1_106' title="bbox 232 5569 1825 5642">
    <p class='ocr_par' dir='ltr' id='par_1_106' title="bbox 232 5569 1825 5642">
     <span class='ocr_line' id='line_1_106' title="bbox 232 5569 1825 5642; baseline 0.002 -18"><span class='ocrx_word' id='word_1_811' title='bbox 232 5569 360 5636; x_wconf 86' lang='lat' dir='ltr'>suit,</span> <span class='ocrx_word' id='word_1_812' title='bbox 399 5570 592 5625; x_wconf 86' lang='lat' dir='ltr'>dicens</span> <span class='ocrx_word' id='word_1_813' title='bbox 637 5586 960 5626; x_wconf 88' lang='lat' dir='ltr'>communes</span> <span class='ocrx_word' id='word_1_814' title='bbox 1007 5569 1159 5625; x_wconf 91' lang='lat' dir='ltr'>cibos</span> <span class='ocrx_word' id='word_1_815' title='bbox 1216 5586 1356 5637; x_wconf 89' lang='lat' dir='ltr'>esse,</span> <span class='ocrx_word' id='word_1_816' title='bbox 1391 5570 1593 5642; x_wconf 89' lang='lat' dir='ltr'>quibus</span> <span class='ocrx_word' id='word_1_817' title='bbox 1631 5587 1825 5627; x_wconf 90' lang='lat' dir='ltr'>omnes</span> 
     </span>
    </p>
   </div>
   <div class='ocr_carea' id='block_1_107' title="bbox 1917 4501 3512 4578">
    <p class='ocr_par' dir='ltr' id='par_1_107' title="bbox 1917 4501 3512 4578">
     <span class='ocr_line' id='line_1_107' title="bbox 1917 4501 3512 4578; baseline -0.003 -17"><span class='ocrx_word' id='word_1_818' title='bbox 1917 4524 2024 4578; x_wconf 91' lang='lat' dir='ltr'>que</span> <span class='ocrx_word' id='word_1_819' title='bbox 2039 4508 2201 4577; x_wconf 83' lang='lat' dir='ltr'>juxta</span> <span class='ocrx_word' id='word_1_820' title='bbox 2222 4514 2481 4560; x_wconf 85' lang='lat' dir='ltr'>naturam</span> <span class='ocrx_word' id='word_1_821' title='bbox 2504 4522 2665 4560; x_wconf 90' lang='lat' dir='ltr'>suam</span> <span class='ocrx_word' id='word_1_822' title='bbox 2679 4504 3056 4559; x_wconf 82' lang='lat' dir='ltr'>fructiﬁcabit.</span> <span class='ocrx_word' id='word_1_823' title='bbox 3071 4503 3314 4557; x_wconf 85' lang='lat' dir='ltr'>Videant</span> <span class='ocrx_word' id='word_1_824' title='bbox 3335 4501 3512 4572; x_wconf 85' lang='lat' dir='ltr'>igitur</span> 
     </span>
    </p>
   </div>
   <div class='ocr_carea' id='block_1_108' title="bbox 1915 4593 3513 4665">
    <p class='ocr_par' dir='ltr' id='par_1_108' title="bbox 1915 4593 3513 4665">
     <span class='ocr_line' id='line_1_108' title="bbox 1915 4593 3513 4665; baseline -0.002 -16"><span class='ocrx_word' id='word_1_825' title='bbox 1915 4597 2056 4649; x_wconf 88' lang='lat' dir='ltr'>tales</span> <span class='ocrx_word' id='word_1_826' title='bbox 2101 4611 2173 4648; x_wconf 90' lang='lat' dir='ltr'>ne</span> <span class='ocrx_word' id='word_1_827' title='bbox 2218 4595 2360 4649; x_wconf 82' lang='lat' dir='ltr'>forte</span> <span class='ocrx_word' id='word_1_828' title='bbox 2407 4594 2643 4648; x_wconf 90' lang='lat' dir='ltr'>audiant</span> <span class='ocrx_word' id='word_1_829' title='bbox 2680 4594 2817 4648; x_wconf 92' lang='lat' dir='ltr'>illud</span> <span class='ocrx_word' id='word_1_830' title='bbox 2848 4593 3134 4665; x_wconf 71' lang='lat' dir='ltr'>prophetae</span> <span class='ocrx_word' id='word_1_831' title='bbox 3174 4608 3241 4646; x_wconf 81' lang='lat' dir='ltr'>ex</span> <span class='ocrx_word' id='word_1_832' title='bbox 3269 4607 3513 4664; x_wconf 85' lang='lat' dir='ltr'>persona</span> 
     </span>
    </p>
   </div>
   <div class='ocr_carea' id='block_1_109' title="bbox 1916 4681 3510 4752">
    <p class='ocr_par' dir='ltr' id='par_1_109' title="bbox 1916 4681 3510 4752">
     <span class='ocr_line' id='line_1_109' title="bbox 1916 4681 3510 4752; baseline -0.002 -14"><span class='ocrx_word' id='word_1_833' title='bbox 1916 4684 2140 4738; x_wconf 90' lang='lat' dir='ltr'>Domini</span> <span class='ocrx_word' id='word_1_834' title='bbox 2160 4702 2170 4737; x_wconf 95' lang='lat'>:</span> <span class='ocrx_word' id='word_1_835' title='bbox 2194 4686 2304 4752; x_wconf 87' lang='lat' dir='ltr'>Ego</span> <span class='ocrx_word' id='word_1_836' title='bbox 2326 4690 2372 4737; x_wconf 85' lang='lat' dir='ltr'>te</span> <span class='ocrx_word' id='word_1_837' title='bbox 2386 4685 2643 4752; x_wconf 87' lang='lat' dir='ltr'>plantavi</span> <span class='ocrx_word' id='word_1_838' title='bbox 2664 4685 2727 4736; x_wconf 90' lang='lat' dir='ltr'>in</span> <span class='ocrx_word' id='word_1_839' title='bbox 2749 4684 2971 4737; x_wconf 87' lang='lat' dir='ltr'>vineam</span> <span class='ocrx_word' id='word_1_840' title='bbox 2991 4681 3510 4750; x_wconf 86' lang='lat' dir='ltr'>electam,quomodo</span> 
     </span>
    </p>
   </div>
   <div class='ocr_carea' id='block_1_110' title="bbox 1917 4769 3513 4829">
    <p class='ocr_par' dir='ltr' id='par_1_110' title="bbox 1917 4769 3513 4829">
     <span class='ocr_line' id='line_1_110' title="bbox 1917 4769 3513 4829; baseline -0.003 -1"><span class='ocrx_word' id='word_1_841' title='bbox 1917 4790 2171 4829; x_wconf 81' lang='lat' dir='ltr'>conversa</span> <span class='ocrx_word' id='word_1_842' title='bbox 2201 4790 2252 4826; x_wconf 89' lang='lat' dir='ltr'>es</span> <span class='ocrx_word' id='word_1_843' title='bbox 2274 4775 2336 4826; x_wconf 89' lang='lat' dir='ltr'>in</span> <span class='ocrx_word' id='word_1_844' title='bbox 2362 4773 2805 4826; x_wconf 83' lang='lat' dir='ltr'>amaritudinem</span> <span class='ocrx_word' id='word_1_845' title='bbox 2824 4774 2954 4825; x_wconf 86' lang='lat' dir='ltr'>vitis</span> <span class='ocrx_word' id='word_1_846' title='bbox 2977 4773 3174 4825; x_wconf 67' lang='lat' dir='ltr'>aliena</span> <span class='ocrx_word' id='word_1_847' title='bbox 3188 4776 3213 4825; x_wconf 84' lang='lat'><strong><em>?</em></strong></span> <span class='ocrx_word' id='word_1_848' title='bbox 3230 4769 3513 4826; x_wconf 82' lang='lat' dir='ltr'>Plantavit</span> 
     </span>
    </p>
   </div>
   <div class='ocr_carea' id='block_1_111' title="bbox 1915 4857 3509 4932">
    <p class='ocr_par' dir='ltr' id='par_1_111' title="bbox 1915 4857 3509 4932">
     <span class='ocr_line' id='line_1_111' title="bbox 1915 4857 3509 4932; baseline -0.003 -14"><span class='ocrx_word' id='word_1_849' title='bbox 1915 4880 2038 4918; x_wconf 90' lang='lat' dir='ltr'>eam</span> <span class='ocrx_word' id='word_1_850' title='bbox 2060 4861 2336 4932; x_wconf 90' lang='lat' dir='ltr'>siquidem</span> <span class='ocrx_word' id='word_1_851' title='bbox 2358 4862 2525 4923; x_wconf 90' lang='lat' dir='ltr'>Deus,</span> <span class='ocrx_word' id='word_1_852' title='bbox 2561 4866 2619 4914; x_wconf 84' lang='lat' dir='ltr'>et</span> <span class='ocrx_word' id='word_1_853' title='bbox 2642 4876 2808 4914; x_wconf 90' lang='lat' dir='ltr'>nemo</span> <span class='ocrx_word' id='word_1_854' title='bbox 2828 4864 3015 4930; x_wconf 87' lang='lat' dir='ltr'>potest</span> <span class='ocrx_word' id='word_1_855' title='bbox 3039 4857 3324 4917; x_wconf 75' lang='lat' dir='ltr'>eradicare</span> <span class='ocrx_word' id='word_1_856' title='bbox 3349 4858 3509 4930; x_wconf 86' lang='lat' dir='ltr'>plan-</span> 
     </span>
    </p>
   </div>
   <div class='ocr_carea' id='block_1_112' title="bbox 1914 4945 3511 5020">
    <p class='ocr_par' dir='ltr' id='par_1_112' title="bbox 1914 4945 3511 5020">
     <span class='ocr_line' id='line_1_112' title="bbox 1914 4945 3511 5020; baseline -0.004 -14"><span class='ocrx_word' id='word_1_857' title='bbox 1914 4952 2185 5006; x_wconf 87' lang='lat' dir='ltr'>tationem</span> <span class='ocrx_word' id='word_1_858' title='bbox 2214 4953 2355 5020; x_wconf 87' lang='lat' dir='ltr'>ejus,</span> <span class='ocrx_word' id='word_1_859' title='bbox 2389 4966 2557 5019; x_wconf 89' lang='lat' dir='ltr'>quam</span> <span class='ocrx_word' id='word_1_860' title='bbox 2589 4947 2864 5020; x_wconf 85' lang='lat' dir='ltr'>plantavit</span> <span class='ocrx_word' id='word_1_861' title='bbox 2881 4948 3019 5018; x_wconf 91' lang='lat' dir='ltr'>ipse,</span> <span class='ocrx_word' id='word_1_862' title='bbox 3042 4946 3153 5001; x_wconf 85' lang='lat' dir='ltr'>nisi</span> <span class='ocrx_word' id='word_1_863' title='bbox 3171 4946 3291 5018; x_wconf 86' lang='lat' dir='ltr'>ipse</span> <span class='ocrx_word' id='word_1_864' title='bbox 3305 4945 3511 5001; x_wconf 86' lang='lat' dir='ltr'>tribue-</span> 
     </span>
    </p>
   </div>
   <div class='ocr_carea' id='block_1_113' title="bbox 1908 5033 3502 5107">
    <p class='ocr_par' dir='ltr' id='par_1_113' title="bbox 1908 5033 3502 5107">
     <span class='ocr_line' id='line_1_113' title="bbox 1908 5033 3502 5107; baseline -0.003 -15"><span class='ocrx_word' id='word_1_865' title='bbox 1908 5040 1984 5093; x_wconf 88' lang='lat' dir='ltr'>rit</span> <span class='ocrx_word' id='word_1_866' title='bbox 2013 5054 2302 5092; x_wconf 87' lang='lat' dir='ltr'>assensum</span> <span class='ocrx_word' id='word_1_867' title='bbox 2338 5036 2395 5090; x_wconf 89' lang='lat' dir='ltr'>in</span> <span class='ocrx_word' id='word_1_868' title='bbox 2426 5052 2537 5107; x_wconf 90' lang='lat' dir='ltr'>quo</span> <span class='ocrx_word' id='word_1_869' title='bbox 2568 5035 2883 5106; x_wconf 87' lang='lat' dir='ltr'>plantatum</span> <span class='ocrx_word' id='word_1_870' title='bbox 2913 5034 3001 5089; x_wconf 89' lang='lat' dir='ltr'>vel</span> <span class='ocrx_word' id='word_1_871' title='bbox 3028 5033 3367 5089; x_wconf 86' lang='lat' dir='ltr'>seminatum</span> <span class='ocrx_word' id='word_1_872' title='bbox 3397 5036 3502 5099; x_wconf 81' lang='lat' dir='ltr'>est,</span> 
     </span>
    </p>
   </div>
   <div class='ocr_carea' id='block_1_114' title="bbox 1910 5122 3506 5194">
    <p class='ocr_par' dir='ltr' id='par_1_114' title="bbox 1910 5122 3506 5194">
     <span class='ocr_line' id='line_1_114' title="bbox 1910 5122 3506 5194; baseline -0.003 -12"><span class='ocrx_word' id='word_1_873' title='bbox 1910 5144 2101 5182; x_wconf 88' lang='lat' dir='ltr'>semen</span> <span class='ocrx_word' id='word_1_874' title='bbox 2123 5142 2316 5180; x_wconf 86' lang='lat' dir='ltr'>verum</span> <span class='ocrx_word' id='word_1_875' title='bbox 2342 5140 2534 5178; x_wconf 90' lang='lat' dir='ltr'>semen</span> <span class='ocrx_word' id='word_1_876' title='bbox 2560 5123 2796 5193; x_wconf 75' lang='lat' dir='ltr'>justitiae</span> <span class='ocrx_word' id='word_1_877' title='bbox 2822 5128 2880 5179; x_wconf 90' lang='lat' dir='ltr'>et</span> <span class='ocrx_word' id='word_1_878' title='bbox 2904 5122 3175 5178; x_wconf 86' lang='lat' dir='ltr'>bonitatis</span> <span class='ocrx_word' id='word_1_879' title='bbox 3198 5141 3213 5189; x_wconf 88' lang='lat'><strong>;</strong></span> <span class='ocrx_word' id='word_1_880' title='bbox 3238 5122 3506 5194; x_wconf 86' lang='lat' dir='ltr'>quoniam</span> 
     </span>
    </p>
   </div>
   <div class='ocr_carea' id='block_1_115' title="bbox 1909 5212 3507 5286">
    <p class='ocr_par' dir='ltr' id='par_1_115' title="bbox 1909 5212 3507 5286">
     <span class='ocr_line' id='line_1_115' title="bbox 1909 5212 3507 5286; baseline -0.001 -16"><span class='ocrx_word' id='word_1_881' title='bbox 1909 5217 2018 5270; x_wconf 88' lang='lat' dir='ltr'>ista</span> <span class='ocrx_word' id='word_1_882' title='bbox 2040 5215 2313 5286; x_wconf 88' lang='lat' dir='ltr'>plantatio</span> <span class='ocrx_word' id='word_1_883' title='bbox 2342 5214 2402 5268; x_wconf 92' lang='lat' dir='ltr'>in</span> <span class='ocrx_word' id='word_1_884' title='bbox 2430 5214 2717 5268; x_wconf 87' lang='lat' dir='ltr'>voluntate</span> <span class='ocrx_word' id='word_1_885' title='bbox 2747 5213 2959 5285; x_wconf 90' lang='lat' dir='ltr'>proprii</span> <span class='ocrx_word' id='word_1_886' title='bbox 2987 5212 3205 5267; x_wconf 73' lang='lat' dir='ltr'>arbitrii</span> <span class='ocrx_word' id='word_1_887' title='bbox 3232 5216 3350 5279; x_wconf 85' lang='lat' dir='ltr'>est;</span> <span class='ocrx_word' id='word_1_888' title='bbox 3376 5213 3507 5268; x_wconf 91' lang='lat' dir='ltr'>nul-</span> 
     </span>
    </p>
   </div>
   <div class='ocr_carea' id='block_1_116' title="bbox 1908 5301 3508 5374">
    <p class='ocr_par' dir='ltr' id='par_1_116' title="bbox 1908 5301 3508 5374">
     <span class='ocr_line' id='line_1_116' title="bbox 1908 5301 3508 5374; baseline -0.001 -16"><span class='ocrx_word' id='word_1_889' title='bbox 1908 5304 2105 5374; x_wconf 87' lang='lat' dir='ltr'>lusque</span> <span class='ocrx_word' id='word_1_890' title='bbox 2129 5304 2273 5357; x_wconf 88' lang='lat' dir='ltr'>alius</span> <span class='ocrx_word' id='word_1_891' title='bbox 2293 5302 2543 5357; x_wconf 88' lang='lat' dir='ltr'>eradicat</span> <span class='ocrx_word' id='word_1_892' title='bbox 2560 5318 2705 5369; x_wconf 90' lang='lat' dir='ltr'>eam,</span> <span class='ocrx_word' id='word_1_893' title='bbox 2730 5302 2838 5356; x_wconf 88' lang='lat' dir='ltr'>nisi</span> <span class='ocrx_word' id='word_1_894' title='bbox 2867 5301 3254 5373; x_wconf 89' lang='lat' dir='ltr'>unusquisque</span> <span class='ocrx_word' id='word_1_895' title='bbox 3281 5302 3508 5374; x_wconf 88' lang='lat' dir='ltr'>proprio</span> 
     </span>
    </p>
   </div>
   <div class='ocr_carea' id='block_1_117' title="bbox 1906 5390 3505 5463">
    <p class='ocr_par' dir='ltr' id='par_1_117' title="bbox 1906 5390 3505 5463">
     <span class='ocr_line' id='line_1_117' title="bbox 1906 5390 3505 5463; baseline 0 -17"><span class='ocrx_word' id='word_1_896' title='bbox 1906 5393 2040 5446; x_wconf 90' lang='lat' dir='ltr'>vitio</span> <span class='ocrx_word' id='word_1_897' title='bbox 2072 5392 2337 5462; x_wconf 87' lang='lat' dir='ltr'>deceptus</span> <span class='ocrx_word' id='word_1_898' title='bbox 2380 5392 2525 5447; x_wconf 87' lang='lat' dir='ltr'>Nam</span> <span class='ocrx_word' id='word_1_899' title='bbox 2554 5391 2734 5463; x_wconf 86' lang='lat' dir='ltr'>ipsam</span> <span class='ocrx_word' id='word_1_900' title='bbox 2763 5391 3155 5446; x_wconf 85' lang='lat' dir='ltr'>inﬁdelitatem</span> <span class='ocrx_word' id='word_1_901' title='bbox 3183 5390 3505 5449; x_wconf 61' lang='lat' dir='ltr'>Judaorum</span> 
     </span>
    </p>
   </div>
   <div class='ocr_carea' id='block_1_118' title="bbox 1908 5477 3505 5554">
    <p class='ocr_par' dir='ltr' id='par_1_118' title="bbox 1908 5477 3505 5554">
     <span class='ocr_line' id='line_1_118' title="bbox 1908 5477 3505 5554; baseline -0.003 -18"><span class='ocrx_word' id='word_1_902' title='bbox 1908 5481 2313 5554; x_wconf 86' lang='lat' dir='ltr'>plantationem</span> <span class='ocrx_word' id='word_1_903' title='bbox 2340 5481 2604 5553; x_wconf 89' lang='lat' dir='ltr'>appellat,</span> <span class='ocrx_word' id='word_1_904' title='bbox 2636 5497 2804 5553; x_wconf 90' lang='lat' dir='ltr'>quam</span> <span class='ocrx_word' id='word_1_905' title='bbox 2830 5497 2943 5536; x_wconf 89' lang='lat' dir='ltr'>non</span> <span class='ocrx_word' id='word_1_906' title='bbox 2972 5481 3138 5535; x_wconf 88' lang='lat' dir='ltr'>Pater</span> <span class='ocrx_word' id='word_1_907' title='bbox 3170 5479 3415 5536; x_wconf 61' lang='lat' dir='ltr'>celestis</span> <span class='ocrx_word' id='word_1_908' title='bbox 3444 5477 3505 5533; x_wconf 92' lang='lat' dir='ltr'>in</span> 
     </span>
    </p>
   </div>
   <div class='ocr_carea' id='block_1_119' title="bbox 1908 5568 3497 5643">
    <p class='ocr_par' dir='ltr' id='par_1_119' title="bbox 1908 5568 3497 5643">
     <span class='ocr_line' id='line_1_119' title="bbox 1908 5568 3497 5643; baseline -0.006 -15"><span class='ocrx_word' id='word_1_909' title='bbox 1908 5571 1988 5629; x_wconf 91' lang='lat' dir='ltr'>eis</span> <span class='ocrx_word' id='word_1_910' title='bbox 2015 5572 2383 5643; x_wconf 82' lang='lat' dir='ltr'>plantaverat,</span> <span class='ocrx_word' id='word_1_911' title='bbox 2411 5570 2511 5627; x_wconf 88' lang='lat' dir='ltr'>sed</span> <span class='ocrx_word' id='word_1_912' title='bbox 2536 5570 2809 5628; x_wconf 88' lang='lat' dir='ltr'>diabolus.</span> <span class='ocrx_word' id='word_1_913' title='bbox 2835 5570 2907 5626; x_wconf 89' lang='lat' dir='ltr'>Et</span> <span class='ocrx_word' id='word_1_914' title='bbox 2933 5570 3060 5626; x_wconf 87' lang='lat' dir='ltr'>ideo</span> <span class='ocrx_word' id='word_1_915' title='bbox 3097 5568 3233 5625; x_wconf 88' lang='lat' dir='ltr'>alibi</span> <span class='ocrx_word' id='word_1_916' title='bbox 3260 5568 3333 5623; x_wconf 85' lang='lat' dir='ltr'>ad</span> <span class='ocrx_word' id='word_1_917' title='bbox 3362 5576 3497 5621; x_wconf 82' lang='lat' dir='ltr'>eos:</span> 
     </span>
    </p>
   </div>
  </div>
