3888 6172
193 298 282 356 537

916 302 1293 359 EXPOSITIO
1332 302 1412 357 IN
1450 300 1898 357 MA'I‘THJEUM.
1944 332 2008 344 —
2047 303 2183 357 LIB.
2226 303 2347 369 VII,
2392 303 2548 358 CAP.
2590 303 2708 357 XV.

3345 310 3452 367 538

191 441 336 481 sensu
378 426 672 496 pravitatis
717 427 1025 483 immutari.
1053 428 1161 482 Sed
1192 428 1392 480 Petrus
1421 426 1674 490 audiens,
1706 429 1772 479 ut
1780 425 1836 485 A
1857 425 2177 487 manducat,
2208 443 2333 479 cum
2364 443 2466 497 per
2492 444 2554 480 os
2584 428 2706 497 ejus
2735 427 2892 482 cibus
2920 429 3272 485 sumituraut
3286 437 3450 501 potus

190 515 302 579 dixi,
333 531 458 585 qua:
513 515 667 569 dicta
710 523 861 581 sunt,
906 517 1220 587 suspicatus
1264 521 1350 569 est
1406 516 1463 569 in
1494 514 1774 586 parabolis

190 618 300 658 eum
327 603 507 657 fuisse
534 604 804 670 locutum,
836 611 892 659 et
916 605 1053 659 ideo
1068 606 1148 659 sic
1177 604 1502 675 respondit:
1528 606 1773 660 Edissere

191 694 666 761 nobisparabolam
694 698 891 760 istam;
923 696 1015 749 cui
1045 695 1140 749 ille
1163 695 1303 749 dixit
1335 714 1345 745 :
1376 696 1569 749 Adhuc
1596 699 1643 747 et
1684 711 1772 748 vos

190 785 289 836 sine
314 785 597 836 intellectu
627 786 754 837 estis
771 789 795 836 Ρ
818 784 894 838 Ex
924 800 1036 855 quo
1051 784 1495 838 animadvertere
1506 782 1773 837 debemus

188 870 429 925 vitiosum
461 888 585 926 esse
603 872 938 937 auditorem,
960 873 1091 943 quia
1110 880 1176 926 ut
1192 872 1426 926 obscura
1456 872 1769 936 manifeste,

188 966 273 1014 aut
295 960 597 1015 manifesta
624 961 857 1017 obscure
887 963 1003 1016 vult
1026 960 1404 1031 interpretari,
1434 966 1534 1014 aut
1564 960 1773 1014 intelli-

185 1066 320 1119 gere,
348 1050 495 1104 sicut
520 1050 577 1104 in
597 1051 700 1105 hoc
719 1051 840 1105 loco
860 1051 1090 1105 Petrum
1113 1051 1309 1104 fecisse
1341 1050 1639 1114 cernimus,
1676 1051 1772 1121 qui

185 1140 235 1193 in
252 1155 306 1192 re
316 1144 437 1192 tam
455 1140 754 1194 manifesta
768 1140 1059 1211 mysticam
1074 1139 1768 1210 requiritintelligentiam.

187 1227 380 1282 Tamen
411 1227 853 1300 benignissimus
880 1230 1149 1299 Magister
1176 1229 1530 1295 sententiam,
1564 1230 1631 1283 de
1664 1246 1775 1301 qua

185 1322 293 1370 orta
318 1316 513 1371 fuerat
532 1318 660 1371 talis
691 1318 953 1388 suspicio,
999 1318 1182 1372 adhuc
1231 1318 1470 1389 explicat
1505 1324 1563 1372 et
1589 1319 1727 1373 dicit
1756 1337 1768 1372 :

245 1406 361 1460 Non
395 1409 713 1474 intelligitis
755 1410 889 1475 quia
944 1423 1102 1461 omne
1142 1409 1286 1476 quod
1314 1411 1377 1461 in
1405 1425 1460 1461 os
1490 1411 1669 1461 intrat
1709 1411 1771 1461 in

185 1498 414 1548 ventrem
429 1496 605 1560 vadit,
630 1500 679 1548 et
697 1498 759 1549 in
782 1512 1043 1550 secessum
1065 1499 1353 1550 mittitur?
1381 1496 1586 1551 Omnia
1599 1497 1770 1551 Evan-

182 1581 445 1651 geliorum
485 1584 629 1648 loca,
666 1584 888 1647 fratres,
911 1585 1057 1655 apud
1080 1585 1371 1639 haereticos
1401 1592 1459 1639 et
1484 1602 1773 1657 perversos

1855 514 2180 569 immundus
2210 516 2335 575 erit,
2383 516 2486 570 etsi
2516 517 2815 586 contigerit
2853 517 3041 571 ebrius
3068 523 3132 573 ut
3181 527 3369 575 vomat
3396 527 3453 576 et

1855 605 2179 674 crapulatus
2208 605 2396 670 fuerit,
2418 606 2669 676 nunquid
2694 607 2827 676 quia
2863 624 2959 661 ore
2990 608 3124 662 exiit
3153 625 3265 662 non
3296 610 3450 664 coin-

1856 692 2055 761 quinat
2070 694 2352 747 hominem
2374 695 2397 747 '?
2416 694 2734 748 Absurdum
2762 696 2911 749 enim
2941 703 2998 750 et
3017 698 3250 752 stultum
3283 700 3452 754 nimis

1855 788 2029 841 est.ut
2051 789 2185 837 tunc
2205 790 2467 853 putemus
2478 800 2589 837 non
2611 785 2731 837 ﬁeri
2759 784 3113 840 immundum
3146 788 3449 854 hominem,

1855 887 1983 925 cum
2024 873 2327 926 manducet
2368 888 2544 943 usque
2572 872 2641 925 ad
2670 874 2979 943 crapulam,
3015 880 3072 927 et
3100 874 3342 928 inebriat
3368 892 3449 941 se,

1857 966 1990 1014 tunc
2020 968 2207 1015 autem
2236 979 2346 1015 non
2370 968 2650 1032 putemus,
2667 964 2797 1032 quia
2814 964 2881 1016 de
2909 980 3005 1016 ore
3031 964 3147 1016 exit
3170 964 3215 1017 si
3238 971 3445 1017 vomat.

1854 1051 1947 1104 Ait
1969 1051 2119 1104 enim
2150 1050 2423 1104 Dominus
2452 1068 2463 1102 :
2494 1052 2618 1103 Non
2650 1052 2796 1120 quod
2814 1052 3062 1105 intratin
3095 1069 3173 1115 os,
3191 1054 3283 1105 sed
3302 1054 3451 1122 quod

1857 1140 1970 1193 exit
1997 1140 2324 1210 coinquinat
2365 1139 2669 1193 hominem.
2704 1141 2827 1194 Jam
2860 1141 3005 1210 quod
3027 1141 3096 1194 de
3124 1142 3452 1212 idolothytis

1856 1229 1961 1283 dici
1992 1234 2173 1300 potest
2196 1229 2243 1282 si
2272 1228 2694 1283 manducaverit
2720 1230 2906 1295 homo,
2934 1230 3139 1283 Paulus
3165 1231 3451 1300 apostolus

1854 1318 2041 1386 solvit,
2063 1317 2192 1387 quia
2222 1333 2336 1371 non
2392 1317 2500 1371 nisi
2555 1333 2622 1371 ex
2670 1317 3010 1370 conscientia
3056 1318 3452 1388 coinquinatur

1853 1407 2056 1477 aliquis
2084 1423 2211 1460 cum
2232 1406 2668 1460 manducaverit.
2693 1406 2969 1470 Quoniam
3000 1406 3182 1460 omnis
3196 1413 3455 1461 creatura

1854 1512 1955 1567 per
1972 1512 2033 1548 se
2062 1495 2209 1549 bona
2238 1500 2340 1559 est,
2371 1496 2467 1549 sed
2501 1496 2634 1566 quia
2672 1496 2833 1549 idolis
2879 1495 3170 1549 immolata
3195 1501 3297 1561 est,
3330 1512 3453 1549 ma-

1853 1585 1973 1639 lum
2003 1590 2105 1639 est.
2132 1585 2398 1655 Nunquid
2444 1585 2549 1639 hoc
2578 1585 2658 1638 ita
2677 1585 2782 1638 hoc
2810 1585 2929 1638 loco
2958 1584 3366 1657 explanabitur,
3392 1589 3457 1640 ut

184 1670 416 1741 perfidiae
466 1688 582 1727 sua:
609 1672 886 1735 doctores,
922 1674 1089 1744 plena
1117 1680 1251 1728 sunt
1310 1675 1603 1729 scandalis.
1644 1670 1831 1745 quiaB
1851 1674 2075 1745 quando
2128 1674 2435 1727 manducas
2483 1689 2596 1729 non
2628 1674 2704 1727 sis
2747 1674 3089 1739 immundus,
3125 1679 3182 1728 et
3230 1674 3455 1745 quando

182 1760 274 1830 ipsi
291 1760 395 1815 sibi
418 1762 780 1832 praetendunt
812 1763 1060 1833 laqueos,
1090 1769 1149 1817 et
1169 1764 1463 1818 innectunt
1482 1765 1677 1830 nodos,
1712 1770 1775 1819 ut

181 1847 500 1905 subvertant
527 1850 843 1905 doctrinam
871 1852 1071 1906 salutis
1097 1858 1155 1907 et
1187 1854 1468 1924 decipiant
1496 1854 1770 1908 incautos.

185 1938 326 1993 Unde
354 1945 416 1993 et
434 1939 498 1993 in
519 1939 625 1994 hac
657 1941 939 1995 sententia
967 1942 1386 1996 calumniantur
1408 1943 1557 2013 quod
1584 1943 1776 1997 Domi-

182 2044 293 2094 nus,
321 2029 584 2083 omnium
618 2035 950 2084 naturarum
975 2036 1214 2097 creator,
1240 2032 1484 2103 physicae
1511 2032 1768 2103 disputa-

183 2116 332 2171 tionis
380 2117 562 2171 fuerit
606 2118 858 2188 ignarus,
890 2119 1025 2173 dum
1074 2124 1239 2190 putat
1291 2137 1485 2175 omnes
1530 2120 1683 2176 cibos
1717 2122 1776 2176 in

180 2212 417 2261 ventrem
468 2206 555 2261 ire
583 2212 640 2261 et
668 2207 726 2261 in
760 2224 1038 2263 secessum
1071 2209 1238 2275 mitti,
1268 2226 1393 2264 eum
1426 2210 1616 2264 statim
1640 2227 1777 2266 escae

181 2294 358 2351 infusae
376 2302 440 2350 et
472 2302 775 2367 assumpta:
818 2296 1090 2358 faucibus,
1121 2313 1223 2369 per
1243 2303 1400 2353 artus
1430 2304 1488 2352 et
1507 2316 1674 2353 venas
1714 2317 1779 2354 ac

179 2384 443 2457 medullas
474 2401 786 2456 nervosque
813 2386 1140 2447 fundantur,
1175 2387 1336 2442 itaut
1363 2387 1587 2458 singula
1610 2406 1781 2442 mem-

182 2472 271 2526 bra
294 2473 583 2544 accipiant
606 2480 795 2545 partes
838 2490 968 2529 suas
1017 2474 1219 2546 quibus
1245 2476 1417 2530 alitur
1444 2482 1502 2531 et
1530 2477 1782 2531 nutritur

180 2576 329 2617 omne
346 2579 582 2634 corpus,
628 2569 686 2617 et
713 2563 962 2619 universi
1001 2565 1265 2620 humores
1304 2565 1363 2619 in
1390 2566 1617 2620 homine
1648 2584 1773 2637 pro-

182 2657 458 2706 creantur.
494 2652 655 2706 Unde
682 2652 1000 2707 istiusmodi
1047 2654 1481 2709 calumniatorcs
1507 2655 1776 2710 insidiose

176 2739 297 2794 dum
350 2741 553 2795 volunt
607 2740 913 2796 Salvatoris
951 2743 1362 2813 reprehendere
1407 2744 1769 2811 sententiam,

175 2844 321 2883 suam
351 2830 670 2885 ostendunt
697 2831 1059 2902 imperitiam.
1093 2832 1224 2902 quia
1271 2833 1543 2886 Dominus
1582 2834 1663 2887 sic
1691 2835 1778 2887 lo-

185 2918 384 2988 quitur,
420 2924 493 2972 ut
519 2924 726 2974 natura
753 2926 811 2974 et
838 2936 976 2975 usus
1006 2921 1224 2975 vivendi
1263 2926 1366 2987 est,
1400 2938 1513 2975 non
1543 2927 1608 2976 ut
1638 2923 1781 2993 phy-

179 3007 341 3062 sicam
370 3009 598 3075 doceat,
626 3009 724 3063 sed
771 3015 837 3064 ut
864 3009 1123 3064 homines
1153 3010 1223 3064 ad
1252 3011 1530 3065 ccelestem
1563 3012 1786 3066 erudiat

1857 1763 2083 1833 exspuis
2113 1763 2223 1817 eris
2270 1763 2632 1817 immundus?
2659 1764 2771 1817 Aut
2798 1764 3021 1833 quando
3051 1763 3199 1834 quod
3228 1763 3455 1834 gravius

1857 1857 1961 1917 est,
1993 1868 2169 1922 usque
2199 1852 2269 1905 ad
2296 1868 2562 1906 nauseam
2589 1852 2823 1910 veneris.
2857 1852 2989 1921 quia
3014 1851 3203 1905 bibisti
3229 1853 3340 1906 eris
3368 1868 3457 1906 co-

1856 1939 2207 2011 inquinatus,
2242 1947 2300 1994 et
2328 1940 2460 2012 quia
2505 1940 2782 2004 vomuisti,
2825 1940 2936 1994 cris
2959 1940 3321 1995 immundus?
3343 1941 3453 1995 Ta-

1858 2045 1988 2083 men
2015 2030 2315 2101 Apostolus
2343 2029 2478 2083 dicit
2502 2043 2514 2078 :
2548 2031 2690 2097 Quia
2714 2031 2912 2083 ebriosi
2937 2046 3170 2097 regnum
3215 2031 3314 2083 Dei
3342 2045 3454 2083 non

1856 2120 2206 2188 possidebunt
2236 2121 2284 2189 (Ι
2319 2121 2441 2175 Cor.
2477 2133 2546 2183 v1,
2572 2116 2679 2187 40).
2732 2118 2801 2173 Et
2836 2119 3090 2173 Salvator
3122 2136 3134 2170 :
3178 2120 3351 2172 Videte
3387 2135 3455 2172 ne

1859 2213 2167 2275 graventur
2194 2210 2359 2261 corda
2406 2213 2585 2261 vestra
2635 2210 2699 2261 in
2749 2211 2981 2277 crapula
3021 2209 3165 2270 (Luc.
3197 2220 3309 2273 xxt,
3339 2207 3453 2275 34).

1862 2300 2007 2363 Quia
2034 2316 2147 2354 non
2168 2299 2247 2353 sic
2275 2304 2363 2353 est
2388 2300 2732 2354 contrarium
2765 2299 2986 2370 (inquit)
3008 2298 3162 2353 omni
3190 2297 3456 2353 Christia-

1862 2405 1956 2444 no.
2013 2389 2224 2443 Verum
2281 2389 2504 2459 quando
2561 2389 2802 2460 exspuis,
2836 2389 2969 2459 quia
2998 2388 3067 2442 de
3096 2404 3192 2442 ore
3215 2394 3313 2442 tuo
3343 2386 3459 2442 exit

1864 2476 2096 2547 aliquid,
2131 2483 2188 2531 et
2215 2478 2439 2547 quando
2489 2476 2700 2534 bibisti.
2731 2477 2789 2530 in
2807 2493 2869 2530 os
2901 2482 3060 2532 tuum
3092 2476 3323 2531 intravit
3350 2476 3454 2530 ali-

1862 2565 1995 2636 quid
2017 2582 2127 2636 quo
2149 2565 2480 2636 inquineris,
2494 2566 2575 2619 ita
2589 2572 2896 2636 utregnum
2920 2566 3021 2620 Dei
3042 2565 3327 2637 possidere
3342 2581 3456 2620 non

1860 2655 2056 2725 possis.
2096 2654 2240 2719 Quid
2262 2671 2396 2724 ergo
2421 2655 2596 2708 voluit
2612 2655 2883 2709 Dominus
2906 2655 3122 2708 dicere:
3150 2655 3275 2708 Non
3307 2653 3456 2724 quod

1863 2744 2039 2798 intrat
2061 2744 2120 2797 in
2140 2761 2219 2808 os,
2249 2744 2345 2797 sed
2367 2744 2513 2814 quod
2544 2743 2659 2797 exit
2684 2742 3011 2814 coinquinat
3026 2743 3329 2797 hominem.
3349 2741 3458 2796 nisi

1863 2833 2026 2891 forte.
2060 2833 2192 2903 quia
2218 2838 2438 2887 secutos
2469 2833 2667 2887 eodem
2704 2832 2821 2886 loco
2868 2833 3089 2887 Marcus
3114 2831 3459 2901 evangelista

1863 2921 2004 2976 dixit
2046 2940 2056 2974 :
2091 2924 2213 2975 Non
2246 2924 2580 2990 intellig-itis,
2610 2923 2746 2989 quia
2796 2937 2955 2975 omne
3003 2924 3337 2974 extrinsecus
3374 2923 3462 2974 in-

1868 3015 2073 3065 troieris
2099 3014 2162 3064 in
2191 3012 2488 3076 hominem,
2524 3026 2635 3064 non
2657 3015 2827 3079 potest
2854 3026 2980 3063 eum
3028 3012 3457 3075 communicare,

185 3096 557 3169 disciplinam.
590 3098 866 3162 Quoniam
914 3104 1035 3170 ipse
1082 3115 1308 3153 omnem
1338 3105 1597 3154 naturam
1626 3102 2000 3170 tantocquia
2029 3116 2141 3154 non
2191 3104 2390 3153 introit
2423 3103 2483 3153 in
2523 3115 2615 3153 cor
2655 3104 2788 3168 ejus,
2821 3101 2912 3153 sed
2932 3103 2995 3152 in
3022 3104 3285 3163 ventrem,
3311 3103 3361 3153 et
3399 3101 3462 3152 in

180 3187 414 3257 amplius
446 3186 622 3247 novit,
644 3193 855 3257 quanto
875 3193 1097 3242 constat
1127 3205 1339 3254 verum,
1368 3189 1500 3260 quia
1520 3190 1637 3261 ipse
1658 3207 1782 3245 eam

182 3276 430 3331 condidit
460 3282 521 3329 et
537 3275 766 3330 creavit.
790 3276 895 3331 Sed
910 3282 1101 3331 tamen
1118 3278 1373 3348 quamvis
1392 3278 1782 3348 hujuscemodi

180 3363 382 3419 locutio
413 3365 657 3435 simplex
687 3381 806 3419 esse
847 3365 1121 3432 videatur,
1171 3383 1486 3437 quaeramus
1514 3375 1783 3438 quantam

178 3452 236 3506 in
253 3470 313 3507 se
332 3454 551 3509 habeat
578 3454 813 3508 rationis
832 3454 1123 3509 veritatem
1154 3462 1209 3509 et
1221 3472 1372 3510 sana:
1400 3456 1786 3527 intelligentiae

179 3540 567 3614 disciplinam;
620 3559 752 3597 nam
779 3548 995 3599 naturae
1027 3545 1204 3598 victus
1234 3545 1314 3599 sic
1357 3563 1415 3598 se
1443 3544 1614 3600 habet
1632 3563 1785 3609 usus,

181 3637 239 3684 ut
265 3633 417 3702 quod
446 3632 509 3686 in
539 3649 602 3686 os
655 3632 849 3694 intrat,
882 3650 1009 3686 mox
1032 3638 1099 3687 ut
1118 3634 1306 3687 fauces
1332 3632 1637 3697 transierit,
1673 3633 1789 3702 pri-

178 3735 327 3774 mum
354 3722 415 3775 in
448 3726 702 3775 ventrem
723 3721 907 3788 vadat,
931 3722 1120 3791 sicque
1146 3722 1409 3793 liquidior
1434 3738 1561 3776 esca
1589 3728 1647 3776 et
1662 3722 1787 3793 pin-

177 3810 413 3877 guedior
440 3827 604 3873 escae,
648 3816 924 3881 potusque
951 3827 1149 3865 succus
1175 3827 1276 3883 per
1303 3828 1500 3866 omnes
1520 3828 1689 3866 venas
1727 3816 1785 3865 et

176 3904 330 3953 artus
383 3916 448 3955 se
498 3900 730 3963 dividat,
762 3905 827 3953 ut
885 3899 1089 3970 singuli
1136 3900 1421 3962 humores.
1447 3901 1779 3972 singulaque

178 3987 568 4043 membrorum
598 3988 948 4049 ofﬁcia,suas
977 3989 1253 4060 accipiant
1282 3992 1657 4061 partes.Tunc
1684 3991 1784 4045 de-

179 4092 330 4131 mum
351 4094 490 4132 cum
516 4080 638 4148 jam
671 4079 901 4132 decocta
928 4078 1140 4133 fuerint
1163 4084 1220 4133 et
1241 4079 1479 4150 digesta,
1503 4080 1637 4134 velit
1648 4080 1790 4134 nolit

177 4165 540 4222 adversarius
571 4167 726 4237 (quia
751 4166 831 4221 sic
858 4166 919 4220 in
946 4173 1150 4221 natura
1188 4167 1308 4239 ipse
1336 4172 1557 4222 creator
1605 4170 1791 4223 ﬁrma-

175 4254 270 4319 vit)
298 4274 407 4327 per
428 4256 678 4311 occultos
708 4261 927 4310 meatus
956 4256 1203 4327 corporis
1234 4274 1374 4327 quos
1404 4257 1581 4311 Graeci
1610 4257 1790 4329 πόρους

1864 3205 2124 3243 secessum
2149 3192 2284 3242 exiit
2310 3205 2561 3257 purgans
2590 3204 2774 3242 omnes
2805 3189 3223 3255 cscas?(;l!atth,
3250 3203 3345 3250 v11,
3376 3184 3460 3255 18,

1863 3278 1977 3339 19).
2008 3278 2269 3348 Alioquin
2303 3278 2412 3332 nisi
2449 3294 2651 3349 corpus
2694 3278 2958 3331 vitiosum
3015 3277 3229 3331 fuisset.
3262 3282 3326 3330 ut
3350 3276 3466 3330 ine-

1868 3366 2369 3431 briaretur,644
2401 3374 2500 3421 aut
2527 3367 2738 3437 aliquid
2767 3367 2879 3421 tale
2910 3365 3249 3425 admitteret,
3270 3365 3466 3436 utique

1870 3472 1983 3509 non
2009 3456 2187 3509 ﬁeret.
2222 3456 2292 3508 Et
2320 3455 2445 3509 ideo
2472 3472 2584 3509 non
2615 3456 2684 3510 de
2713 3456 2961 3526 corporis
2998 3472 3094 3509 ore
3125 3460 3345 3509 tantum
3376 3455 3465 3509 in-
3500 3490 3512 3497 ο

1870 3543 2124 3613 telligere
2144 3543 2430 3606 debemus,
2472 3545 2620 3598 unde
2668 3551 2873 3598 exeunt
2900 3545 3050 3597 mala
3079 3561 3201 3614 quae
3220 3543 3468 3614 coinqui-

1871 3638 2010 3687 nant
2037 3632 2343 3697 hominem,
2371 3634 2467 3686 sed
2489 3634 2668 3702 magis
2698 3634 2767 3685 de
2798 3649 2893 3686 ore
2925 3632 3107 3686 cordis
3162 3632 3469 3702 Propterea

1873 3728 1930 3776 et
1958 3722 2049 3774 hic
2078 3721 2373 3775 Matthzeus
2402 3721 2480 3774 ait
2514 3740 2526 3774 :
2561 3722 2685 3787 Qum
2712 3727 2897 3774 autem.
2934 3722 3235 3790 procedunt
3284 3722 3347 3773 de
3376 3735 3467 3773 ore

1870 3814 1933 3865 de
1962 3813 2118 3865 corde
2140 3815 2360 3875 exeunt,
2396 3816 2444 3863 et
2473 3827 2535 3863 ea
2570 3812 2939 3879 coinquinant
2964 3810 3260 3862 hominem.
3287 3808 3469 3863 Habet

1867 3900 2024 3955 enim
2045 3916 2141 3953 cor
2163 3916 2226 3953 os
2255 3916 2439 3964 suum,
2455 3899 2598 3953 sicut
2616 3905 2673 3953 et
2701 3898 2937 3952 interior
2964 3899 3132 3951 homo
3153 3913 3317 3951 aures
3338 3914 3467 3951 suas

1872 3997 1928 4043 et
1958 3989 2148 4043 oculos
2182 4005 2331 4053 suos,
2366 3988 2571 4059 quibus
2594 3988 2781 4042 videat
2807 3993 2907 4041 aut
2934 3987 3129 4041 audiat
3156 3987 3324 4041 homo
3346 4002 3469 4057 qum

1874 4079 1973 4133 Dei
2003 4083 2151 4132 sunt.
2186 4078 2344 4132 Unde
2372 4078 2419 4131 si
2443 4094 2554 4131 non
2585 4077 2784 4131 exierit
2817 4076 3267 4148 concupiscentia
3294 4081 3352 4131 et
3377 4090 3473 4129 vo-

1875 4168 2083 4231 luntas,
2115 4170 2216 4220 aut
2242 4182 2505 4220 assensus
2549 4167 2710 4220 malae
2731 4166 2829 4229 rei,
2864 4182 2898 4219 a
2949 4166 3104 4227 foris,
3135 4181 3248 4219 non
3287 4168 3474 4236 potest

1874 4256 2087 4309 intrare
2108 4255 2252 4325 quod
2267 4255 2619 4326 coinquinet:
2648 4256 2789 4322 Quia
2807 4258 2999 4309 omnia
3012 4256 3224 4308 munda
3246 4255 3472 4308 mundis

178 4353 398 4411 vocant,
433 4352 495 4400 et
519 4362 620 4405 nos
640 4350 938 4415 aperturas
966 4345 1244 4416 possimus
1269 4346 1569 4417 appellare,
1599 4347 1668 4399 ad
1701 4347 1790 4400 in-
1810 4409 1850 4417 ﬂ
1870 4347 2006 4415 (Tit.
2038 4362 2075 4408 ι,
2110 4345 2209 4411 15).
2248 4344 2390 4398 Hinc
2446 4360 2669 4415 quoque
2717 4336 3018 4415 Apostolus
3047 4344 3115 4398 de
3146 4342 3472 4415 idolothytis

176 4409 393 4488 femora
411 4439 612 4500 ωε
641 4409 990 4499 dilabuntur,
1009 4434 1263 4504 quamvis
1292 4409 1445 4505 prius
1474 4434 1614 4489 cinis
1645 4434 1792 4489 cibo-
1809 4409 1856 4466 D
1875 4409 2135 4505 prohibet
2152 4409 2511 4493 manducare,
2538 4409 2593 4488 si
2611 4409 2833 4487 noveris
2848 4434 2995 4504 quod
3012 4409 3469 4497 immolatum‘sit,

177 4537 299 4576 rum
328 4524 603 4578 decoctus
626 4523 859 4594 insuper
877 4522 1140 4593 deinceps
1168 4528 1225 4576 et
1252 4523 1372 4594 ipsa
1401 4540 1531 4577 caro
1560 4540 1685 4595 quae
1723 4541 1789 4578 ex

176 4610 261 4664 his
304 4612 586 4675 nutritur,
625 4617 685 4666 et
713 4628 908 4666 omnes
956 4612 1346 4665 rheumatismi
1377 4613 1447 4666 ad
1490 4614 1606 4668 ima
1634 4630 1790 4667 sece-

176 4699 341 4767 dunt,
360 4718 496 4755 cum
527 4701 876 4765 decrescunt,
920 4701 1029 4754 nisi
1066 4701 1230 4771 pauci
1259 4702 1542 4767 humores,
1575 4702 1670 4773 qui
1692 4719 1795 4773 per

176 4805 328 4855 suos,
364 4796 438 4845 ut
465 4790 598 4853 dixn,
635 4807 801 4861 poros
834 4795 1159 4860 egeruntur.
1193 4791 1327 4854 Qua}
1364 4791 1553 4845 omnia
1596 4791 1653 4845 in
1674 4808 1793 4845 cor-

173 4895 313 4948 pore
335 4879 598 4933 humano
614 4895 746 4933 suos
766 4894 1016 4933 secessus
1036 4878 1402 4942 habent.licct
1422 4896 1615 4934 eorum
1637 4880 1793 4951 prius

170 4966 314 5021 cinis
334 4974 401 5022 et
435 4967 700 5023 materies
720 4967 791 5021 ad
815 4967 931 5021 ima
965 4967 1213 5035 decocta,
1229 4969 1346 5038 jam
1379 4968 1603 5038 putrida
1624 4976 1794 5039 atque

172 5056 397 5125 putida,
427 5057 741 5112 secesserit.
769 5056 840 5109 Et
865 5056 991 5110 ideo
1022 5073 1190 5127 quam
1213 5057 1343 5111 vani
1361 5058 1492 5121 sint,
1515 5074 1795 5128 quamque

170 5144 377 5200 indicti
411 5146 511 5215 qui
541 5146 653 5200 ista
671 5145 1109 5216 reprehendunt,
1142 5146 1264 5216 ipsa
1291 5151 1499 5200 natura
1528 5147 1707 5209 docet,
1741 5130 1826 5201 et.

173 5236 390 5289 veritas
411 5234 551 5289 dicti
581 5251 680 5289 eos
708 5234 957 5288 revincit.
994 5237 1270 5289 Caeterum
1302 5235 1451 5305 quod
1481 5235 1560 5289 ait
1587 5254 1597 5289 :

239 5326 375 5379 Non
410 5326 644 5392 quodin
670 5340 726 5377 os
748 5326 945 5389 intrat,
978 5324 1069 5376 sed
1096 5326 1240 5392 quod
1259 5325 1321 5376 de
1353 5325 1509 5377 corde
1555 5326 1797 5392 procedit

169 5414 519 5482 coinquinat
537 5413 836 5467 hominem.
870 5411 996 5466 Non
1038 5412 1225 5465 minor
1253 5412 1486 5482 quaestio
1512 5418 1631 5481 est;
1668 5413 1802 5484 quia

168 5503 277 5556 etsi
309 5517 389 5554 ea
423 5516 550 5570 qua;
576 5502 647 5555 de
678 5501 845 5555 corde
873 5507 973 5554 aut
1012 5501 1083 5554 de
1108 5516 1205 5554 ore
1234 5500 1384 5555 mala
1406 5509 1628 5564 exeunt,
1672 5518 1799 5558 vere

168 5588 562 5663 coinquinant
587 5589 894 5659 hominem,
928 5595 995 5645 ut
1023 5594 1161 5660 puta
1187 5605 1312 5644 cum
1341 5589 1508 5644 homo
1538 5589 1803 5658 bibit,aut

1872 4539 1943 4577 ne
1958 4516 2115 4577 'forte
2139 4540 2201 4575 ex
2231 4523 2571 4577 conscientia
2594 4524 2917 4588 sordideris,
2942 4523 3085 4593 quod
3101 4539 3164 4576 ex
3191 4528 3468 4589 creatura,

1877 4612 2009 4683 quia
2038 4611 2184 4665 bona
2203 4617 2289 4665 est
2317 4628 2385 4665 ex
2415 4628 2621 4675 se,non
2652 4613 2861 4683 poteris
2908 4612 2997 4667 Sic
3018 4613 3156 4666 etde
3178 4612 3333 4665 omni
3349 4627 3477 4666 esca

1878 4706 1935 4754 et
1962 4705 2096 4771 potu
2128 4699 2554 4770 intelligendum
2580 4706 2683 4765 est,
2713 4701 2841 4771 quia
2873 4717 2984 4755 non
3015 4718 3079 4755 ex
3104 4717 3164 4754 se
3184 4700 3478 4755 sordidant
3530 4690 3537 4699 ’

1878 4789 2181 4851 hominem,
2208 4790 2302 4842 sed
2334 4806 2399 4842 ex
2422 4789 2552 4842 vitio
2574 4789 2705 4859 quia
2734 4790 2879 4842 male
2926 4795 3245 4856 sumuntur,
3301 4789 3477 4843 sordi-

1877 4879 2086 4932 dantur
2111 4879 2382 4933 homines.
2416 4879 2485 4932 Et
2498 4878 2624 4931 ideo
2654 4878 2937 4947 sequitur:

1948 4969 2021 5021 De
2050 4970 2206 5021 corde
2245 4971 2395 5021 enim
2425 4973 2621 5020 exeunt
2648 4971 2996 5034 cogitationes
3024 4972 3202 5034 mata,
3235 4971 3479 5036 fornica-

1881 5059 2071 5121 tiones,
2109 5057 2427 5120 homicidia,
2458 5058 2634 5123 furta,
2665 5056 3024 5123 blasphemiae.
3063 5057 3182 5110 Hec
3210 5061 3361 5120 sunt,
3389 5056 3478 5110 in-

1882 5144 2157 5214 quit,qu:e
2175 5147 2541 5213 coinquinant
2572 5145 2866 5197 hominem.
2897 5145 3030 5207 Quae
3057 5144 3187 5198 licet
3215 5144 3481 5200 extrinse-

1883 5250 1981 5287 cus
2006 5235 2163 5297 tlant,
2192 5239 2381 5287 tamen
2403 5234 2471 5287 de
2500 5234 2652 5287 intus
2684 5234 2951 5305 procedit,
2979 5239 3042 5288 ut
3068 5234 3225 5288 ﬁant.
3262 5235 3331 5289 Et
3353 5234 3480 5291 ideo

1882 5323 2001 5376 sola
2030 5322 2287 5375 voluntas
2318 5322 2473 5392 prius
2506 5323 2563 5376 in
2590 5324 2754 5393 culpa
2774 5328 2877 5388 est,
2912 5323 3113 5376 deinde
3135 5330 3324 5378 reatus
3351 5324 3483 5380 facti

1885 5412 1945 5466 in
1967 5428 2149 5482 poena,
2185 5411 2318 5481 quia
2348 5411 2446 5465 illa
2470 5418 2604 5465 sunt
2630 5428 2751 5482 quae
2781 5412 3149 5482 coinquinant
3176 5414 3481 5477 hominem,

1888 5501 1983 5573 qui
2013 5502 2197 5556 cordis
2223 5518 2319 5555 ore
2348 5507 2572 5556 exeunt.
2608 5503 2679 5557 Et
2707 5518 2777 5555 ne
2820 5502 2970 5556 dicat.
3005 5502 3227 5573 aliquis,
3258 5518 3355 5556 cor
3384 5502 3485 5555 ha-

1883 5590 2050 5646 betne
2079 5591 2180 5645 os?
2199 5590 2331 5645 audi
2361 5590 2536 5644 David
2564 5589 2842 5645 dicentem
2873 5607 2884 5641 :
2932 5592 3083 5643 Tunc
3112 5592 3485 5657 repletumest
