3888 6172
214 360 311 416 541

959 367 1340 427 EXPOSITIO
1379 371 1458 427 IN
1983 399 2048 413 -—
2087 368 2224 425 LIB.
2266 367 2390 434 VII,
2433 366 2590 421 CAP.
2630 365 2750 421 XV.

3385 360 3493 419 542

212 485 331 541 luta
366 488 653 555 voluntas,
712 495 768 545 et
817 493 1065 547 min'orat
1102 493 1444 547 dominantis
1492 493 1805 558 arbitrium,
1826 498 1876 555 Α
1892 493 2127 547 missum
2150 489 2527 560 intelligeret?
2548 488 2605 543 Si
2624 488 2931 543 dixerimus
2947 486 3093 558 quod
3107 502 3173 540 ex
3183 484 3488 540 traditione

210 575 585 649 voluntasque
604 580 846 635 sustinet
868 582 1282 653 aliquantarum
1303 582 1696 638 difﬁcultatum
1720 600 1815 637 an-

209 665 447 735 gustias.
484 667 764 739 Leprosus
791 669 886 724 ille
907 671 1028 741 jam
1068 672 1233 742 longe
1269 688 1440 743 supra
1466 672 1807 743 praemissus,

210 753 343 807 dicit
378 773 392 807 :
424 756 679 823 Domine,
702 761 753 812 si
771 762 870 820 vis,
891 765 1035 828 potes
1063 778 1146 813 me
1166 762 1665 833 mundare(Matth.
1689 775 1807 826 vm,

210 843 281 902 2).
314 842 390 896 Et
417 844 780 916 Evangelista
806 847 944 901 dicit
970 867 981 901 :
1015 850 1192 903 Voluit
1221 853 1269 903 et
1299 865 1410 903 non
1434 852 1631 918 potuit.
1652 849 1809 913 Quod

209 930 422 1001 absque
468 935 738 1004 mysterio
786 936 997 991 dictum
1045 954 1167 991 esse
1206 954 1317 991 non
1356 939 1545 994 credo.
1600 938 1811 992 Idcirco

211 1019 340 1089 quid
381 1020 475 1083 sit,
509 1023 703 1089 voluit,
736 1029 791 1078 et
822 1026 956 1096 quid
991 1025 1082 1088 sit,
1114 1043 1223 1080 non
1254 1027 1453 1098 potuit,
1486 1027 1810 1097 diligentius

205 1108 589 1178 requiramus.
623 1111 900 1175 Quoniam
934 1114 1189 1168 Christus
1216 1114 1423 1169 Iudaeis
1451 1114 1582 1169 olim
1622 1131 1812 1186 repro-

206 1196 433 1259 missus,
466 1214 685 1253 memor
709 1201 1095 1271 promissionis
1129 1220 1262 1267 suae,
1298 1209 1530 1257 venerat
1569 1204 1628 1257 in
1656 1204 1810 1257 salu-

204 1290 336 1339 tem.
368 1286 535 1342 Unde
559 1293 617 1341 et
642 1288 862 1344 dicebat
886 1308 898 1343 :
930 1293 1055 1345 Non
1078 1309 1203 1345 sum
1232 1295 1431 1346 missus
1462 1296 1576 1347 nisi
1594 1296 1668 1346 ad
1695 1309 1809 1347 oves

203 1375 401 1428 domus
444 1378 618 1430 Israel
664 1380 878 1444 (Matth.
910 1397 996 1445 xv,
1028 1380 1140 1449 24),
1181 1382 1289 1436 Sed
1329 1381 1436 1453 ipsi
1465 1382 1692 1453 propria
1727 1382 1809 1436 fe-

204 1463 377 1517 ritate
405 1464 603 1519 bestiis
632 1468 911 1533 saeviores,
934 1468 1375 1525 obﬁrmaverunt
1403 1471 1618 1525 laniare
1640 1477 1697 1525 et
1717 1487 1808 1542 pe-

201 1552 412 1607 rimere
440 1569 610 1608 suum
642 1572 864 1627 semper
883 1563 1162 1628 pastorem
1193 1560 1375 1630 magis
1395 1576 1562 1631 quam
1585 1560 1695 1615 ﬁde
1718 1577 1809 1614 su-

201 1640 440 1712 scipere.
496 1643 566 1696 Et
606 1643 732 1698 ideo
763 1645 1017 1701 Christus
1045 1647 1279 1719 implere
1317 1664 1429 1704 non
1461 1654 1699 1720 poterat,
1745 1655 1809 1704 ut

199 1736 465 1785 maneret
496 1733 745 1788 occultus
772 1736 919 1806 apud
950 1736 1171 1790 Judaeos
1201 1739 1359 1809 quasi
1388 1738 1446 1792 in
1483 1738 1670 1804 domo,
1695 1755 1806 1793 non

1895 582 2235 644 Judeorum,
2268 579 2417 633 inter
2444 595 2582 649 quos
2624 578 2767 631 forte
2801 575 3101 630 tributaria
3126 572 3363 638 vivebat,
3396 589 3488 627 re-

1892 671 2064 725 vincit
2090 687 2191 724 nos
2221 668 2604 738 Evangelium.
2627 666 2772 738 quod
2803 672 2938 720 tunc
2975 664 3219 736 primum
3249 660 3387 715 dicit
3413 661 3487 715 ad

1893 760 2098 814 famam
2120 761 2148 814 J
2154 775 2253 813 esu
2280 758 2350 812 de
2370 756 2575 811 ﬁnibus
2601 755 2718 811 suis
2744 771 2868 809 eam
2897 769 3199 824 egressam.
3216 752 3349 816 Quae
3376 749 3485 804 nisi

1894 864 2118 919 egressa
2145 854 2310 911 esset,
2343 863 2454 900 non
2484 850 2620 917 puto
2650 844 2799 916 quod
2826 845 2969 898 hanc
2997 840 3360 896 confessionis
3388 856 3485 894 vo-

1894 954 2012 993 cem
2044 937 2341 990 emitteret.
2356 935 2517 990 Unde
2546 934 2743 998 fateor,
2769 932 2902 1003 quia
2920 932 3045 986 ideo
3075 931 3170 984 illa
3199 929 3488 1000 egreditur

1893 1033 1956 1082 ut
1992 1027 2336 1082 Salvatorem
2388 1023 2682 1082 inveniret.
2716 1022 2979 1093 quoniam
3020 1021 3140 1092 ipse
3171 1019 3325 1090 prius
3357 1034 3483 1072 eam

1892 1117 2272 1170 illustraverat
2308 1119 2366 1167 et
2408 1112 2724 1183 quaesierat.
2774 1110 3080 1175 Quaesierat
3126 1112 3314 1162 autem
3357 1122 3482 1160 eam

1893 1206 2116 1276 quando
2143 1203 2294 1258 venit
2322 1202 2380 1256 in
2419 1208 2607 1272 partes
2643 1200 2776 1271 Tyri
2805 1205 2863 1254 et
2890 1199 3130 1261 Sidonis,
3161 1202 3224 1251 ut
3258 1196 3316 1249 in
3355 1211 3483 1266 spe-

1892 1294 1977 1348 cie
2020 1310 2199 1363 genus
2250 1290 2595 1363 praesagiret,
2636 1289 2797 1358 cujus
2843 1288 3081 1358 figuram
3134 1290 3193 1340 et
3246 1285 3483 1337 formam

1891 1383 2000 1437 ista
2038 1381 2285 1447 tenebat,
2319 1386 2377 1434 et
2402 1379 2526 1433 ideo
2553 1378 2690 1432 ﬁdes
2719 1376 2974 1431 Ecclesia:
2997 1377 3117 1445 jam
3148 1374 3302 1428 nulla
3338 1388 3482 1443 prae-

1889 1472 2157 1542 fulgebat.

1967 1563 2117 1615 Tunc
2143 1562 2448 1615 accedentes
2476 1559 2740 1625 discipuli
2768 1558 2902 1624 ejus,
2934 1554 3203 1621 rogabant
3239 1566 3364 1604 eum
3393 1550 3481 1602 ἀί-

1890 1656 2062 1704 centes
2080 1669 2095 1704 :
2111 1651 2337 1704 Dimitte
2358 1664 2495 1711 eam,
2513 1649 2647 1716 quia
2675 1648 2880 1699 clamat
2889 1648 3007 1712 post
3030 1637 3396 1695 nos.Diversis
3416 1653 3482 1692 ex

1889 1730 2072 1794 causis
2091 1738 2348 1809 discipuli
2364 1753 2465 1808 pro
2488 1736 2592 1790 hac
2606 1733 2908 1790 Dominum
2927 1727 3483 1800 interpellant.Forte

200 1819 662 1889 impossibilitate
709 1839 829 1887 sua,
877 1825 972 1879 sed
1003 1842 1105 1896 pro
1137 1827 1386 1898 nequitia
1432 1828 1801 1898 proditorum.
1823 1819 2018 1898 Bquia
2043 1828 2225 1883 adhuc
2246 1825 2511 1898 mysteria
2542 1821 2845 1879 Salvatoris
2862 1820 3047 1874 minus
3067 1815 3479 1886 intelligebant.

198 1907 328 1962 Ideo
360 1910 518 1979 quod
553 1911 681 1965 aliis
710 1912 1008 1980 detulerat,
1039 1915 1165 1969 aliis
1193 1916 1497 1986 cogebatur
1531 1917 1801 1982 conferre,

198 1996 421 2051 dicente
443 2000 601 2068 ipso:
627 2002 873 2068 Regnum
892 2005 990 2057 Dei
1006 2007 1119 2057 vim
1139 2009 1373 2072 patitur,
1397 2012 1445 2059 et
1468 2009 1696 2060 violenti
1714 2022 1806 2061 ra-

194 2088 365 2155 piunt
395 2089 553 2141 illud
578 2091 792 2154 (Matth.
817 2105 893 2155 x1,
928 2090 1032 2157 1‘2).
1057 2093 1209 2147 Fecit
1227 2110 1360 2163 ergo
1388 2095 1505 2149 haec
1525 2095 1729 2149 mulier
1746 2095 1804 2149 in

197 2183 562 2230 sacramento
586 2178 842 2233 Ecclesiae
863 2181 973 2234 vim
994 2198 1119 2235 cum
1141 2183 1324 2237 adhuc
1345 2185 1545 2238 lateret
1560 2184 1617 2238 in
1639 2186 1805 2239 domo

193 2263 349 2331 juxta
394 2264 659 2319 Marcum
689 2267 1109 2338 evangelistam,
1140 2270 1272 2339 quia
1302 2272 1540 2326 accessit
1566 2273 1637 2327 ad
1675 2290 1805 2328 eum

197 2352 471 2407 continuo
510 2358 578 2407 ut
613 2355 841 2419 audivit,
888 2363 953 2410 ut
982 2358 1090 2411 fide
1123 2360 1398 2429 gentium,
1432 2362 1805 2432 dispensative

195 2441 330 2494 satis
360 2448 602 2513 raperet
630 2444 1014 2499 haereditatem
1047 2447 1242 2517 patris,
1274 2454 1332 2501 et
1367 2451 1635 2504 transiret
1661 2450 1802 2521 ipsa,

196 2531 458 2599 quamvis
485 2531 640 2586 canis
660 2538 849 2588 vocata
870 2533 943 2587 sit
969 2534 1029 2588 in
1049 2541 1256 2590 sortem
1293 2537 1556 2592 ﬁliorum.
1584 2539 1652 2592 Et
1680 2540 1805 2595 ideo

196 2618 323 2688 quia
336 2620 529 2673 voluit
546 2620 993 2693 Judaeos,quibus
1014 2624 1183 2689 venit,
1207 2625 1441 2691 salvare,
1464 2643 1577 2680 non
1600 2626 1800 2698 potuit,

193 2707 285 2760 sed
300 2708 414 2779 ipsi
442 2725 509 2763 se
530 2709 791 2781 indignos
812 2711 1063 2766 fecerunt
1084 2719 1305 2768 aeternae
1325 2715 1469 2781 vitae,
1491 2732 1601 2769 non
1623 2717 1807 2787 potuit

193 2795 365 2851 latere
399 2814 481 2852 ne
508 2807 706 2868 gentes
728 2801 870 2854 hanc
899 2801 1138 2856 salutem
1162 2803 1471 2874 diriperent
1490 2805 1621 2875 quia
1641 2806 1720 2859 sic
1746 2806 1805 2860 in

192 2885 625 2957 dispensatione
652 2889 749 2942 Dei
777 2890 1059 2960 provisum
1092 2898 1232 2949 erat.
1258 2901 1322 2945 ut
1351 2894 1419 2946 ad
1443 2911 1537 2947 eos
1558 2894 1802 2965 primum

190 2976 429 3037 veniret,
457 2976 664 3031 deinde
692 2978 760 3031 ad
790 2984 1005 3049 gentes,
1030 2996 1155 3033 cum
1188 2997 1315 3034 eum
1341 2999 1374 3035 a
1401 2999 1460 3035 se
1488 2982 1595 3055 ipsi
1628 2984 1803 3054 repel-

1888 1916 2019 1971 Ideo
2048 1917 2252 1970 durum
2282 1916 2362 1970 eis
2391 1915 2569 1969 visum
2599 1918 2702 1977 est,
2736 1910 2887 1980 quod
2912 1908 2984 1962 ad
3016 1915 3129 1961 tam
3161 1907 3483 1977 deprecato-

1886 2006 2000 2059 rias
2027 2022 2187 2059 voces
2213 2005 2377 2073 longe
2400 2002 2621 2073 jamdiu
2664 2000 2879 2055 nullum
2920 2011 3251 2067 responsum
3281 1994 3480 2060 daret;

1887 2101 1987 2149 aut
2020 2094 2163 2148 forte
2207 2098 2436 2165 propter
2459 2090 2688 2147 taedium
2717 2088 2862 2156 tanti
2903 2083 3183 2149 clamoris,
3212 2099 3310 2138 seu
3350 2080 3485 2153 quia

1887 2183 2269 2239 misericordia
2319 2182 2457 2237 moti
2511 2193 2835 2234 succurrere
2898 2173 3200 2246 cupiebant
3260 2171 3478 2225 misera:

1889 2274 2132 2337 mulieri,
2166 2273 2251 2326 vel
2294 2287 2395 2343 pro
2425 2285 2617 2324 amore
2647 2265 2881 2338 piissimi
2912 2262 3186 2334 Magistri,
3218 2277 3289 2315 ne
3320 2258 3481 2331 quasi

1888 2363 2130 2433 cuipiam
2161 2362 2335 2416 durus
2362 2360 2665 2422 videretur,
2696 2357 2810 2410 imo
2839 2360 2904 2409 ut
2950 2351 3264 2407 misericors
3298 2350 3478 2414 ﬁeret,

1888 2451 2210 2506 exorabant.
2243 2448 2458 2514 Quibus
2488 2449 2735 2502 clemens
2764 2444 3037 2500 Dominus
3071 2461 3082 2495 :

1958 2542 2079 2595 Non
2107 2556 2232 2593 sum
2264 2536 2704 2607 missus.inquit,
2730 2536 2843 2589 nisi
2870 2534 2943 2586 ad
2970 2548 3088 2588 oves
3116 2528 3363 2599 perditas
3389 2528 3480 2580 do-

1887 2644 2010 2682 mus
2043 2630 2232 2683 Israel.
2249 2628 2319 2682 Et
2336 2626 2469 2697 quid
2496 2631 2601 2689 est,
2626 2621 3024 2693 benignissime
3040 2619 3313 2676 Salvator,
3328 2615 3477 2687 quod

1888 2716 2006 2770 ais:
2040 2717 2164 2770 Non
2193 2732 2318 2770 sum
2350 2714 2552 2768 missus
2581 2712 2688 2766 nisi
2724 2711 2795 2765 ad
2838 2726 2966 2763 oves
3005 2706 3251 2779 perditas
3279 2704 3480 2759 domus

1888 2806 2099 2859 israel?
2146 2806 2345 2859 Nonne
2390 2809 2454 2858 tu
2501 2801 2635 2856 alibi
2666 2800 2804 2854 dicis
2834 2817 2845 2852 :
2883 2800 2945 2852 Et
2972 2800 3116 2851 alias
3145 2811 3262 2849 oves
3290 2795 3476 2858 habeo,

1886 2911 2004 2964 qua:
2022 2910 2135 2948 non
2152 2899 2284 2947 sunt
2300 2910 2364 2946 ea:
2376 2894 2471 2945 hoc
2491 2894 2643 2953 ovili,
2657 2896 2707 2943 et
2734 2892 2863 2943 illas
2887 2891 3091 2956 oportet
3112 2901 3195 2938 me
3208 2884 3479 2937 adducere

1889 2985 2063 3040 tJoan.
2095 2999 2148 3041 ι,
2185 2980 2288 3040 16.)
2316 2980 2459 3045 Quid
2482 2985 2585 3040 est,
2606 2979 2859 3050 inquam,
2882 2976 3027 3048 quod
3052 2974 3257 3044 negas?
3280 2972 3478 3026 Nonne

187 3063 389 3118 lerent.
411 3065 583 3120 Unde
602 3066 891 3137 signanter
909 3071 1123 3124 Marcus
1140 3069 1252 3123 ait:
1280 3072 1419 3138 Quia
1439 3077 1557 3125 erat
1576 3076 1801 3139 gentilis
1828 3132 1864 3139 _
1884 3071 1993 3126 ista
2017 3072 2088 3125 'de
2130 3072 2216 3125 his
2256 3070 2452 3124 ovibus
2496 3075 2598 3131 est,
2634 3084 2774 3139 quas
2817 3072 2872 3120 te
2908 3069 3130 3136 Oportet
3157 3060 3481 3115 adducere?

189 3132 710 3223 Syroplmenissa,et
739 3159 966 3225 rogabat
991 3174 1116 3211 eum
1148 3164 1212 3212 ut
1233 3132 1799 3230 démoniumvejiceret
1817 3132 1864 3196 Ο
1883 3159 1958 3214 Et
1976 3176 2101 3215 ecce
2123 3160 2286 3214 modo
2306 3159 2506 3213 devota
2526 3164 2584 3211 et
2611 3132 2790 3211 ﬁdelis
2809 3132 2979 3220 venit,
2995 3159 3164 3224 teque
3181 3151 3481 3206 conﬁtetur

187 3242 250 3295 de
279 3246 407 3308 ﬁlia
440 3246 566 3311 ejus
590 3245 776 3311 (Marc.
813 3260 910 3310 vn,
945 3244 1058 3318 ‘26).
1084 3246 1191 3310 Qui
1221 3247 1360 3302 dixit
1396 3249 1446 3303 ei
1474 3265 1487 3303 :
1884 3256 1941 3303 et
1966 3250 2266 3304 Dominum
2292 3249 2509 3314 adorat,
2541 3247 2719 3301 ﬁlium
2750 3261 2972 3317 quoque
3001 3242 3177 3298 David
3205 3247 3261 3295 te
3281 3239 3484 3295 asserit

257 3329 449 3393 Sinite
478 3334 641 3399 prius
668 3338 924 3387 saturari
952 3338 1134 3402 ﬁlios:
1168 3353 1277 3390 non
1309 3341 1459 3391 enim
1492 3341 1694 3392 bonum
1727 3344 1801 3393 est
1884 3356 2024 3404 esse,
2054 3345 2248 3405 649
2293 3339 2455 3393 sicuti
2499 3337 2870 3409 repromissus
2912 3352 2990 3401 es,
3026 3334 3160 3405 quid
3207 3338 3291 3387 est
3331 3331 3481 3403 quod

183 3436 411 3474 sumere
439 3437 648 3490 panem
678 3425 926 3489 ﬁliorum
964 3430 1012 3477 et
1044 3428 1259 3480 mittere
1290 3429 1534 3481 canibus.
1569 3429 1643 3481 At
1671 3445 1801 3483 vero
1885 3446 2008 3483 eam
2038 3428 2297 3499 repellis?
2327 3428 2428 3482 Vel
2457 3427 2589 3498 quid
2635 3433 2722 3481 est
2764 3426 2915 3480 salus
2940 3423 3134 3478 mundi
3164 3422 3311 3494 quod
3350 3421 3478 3475 ﬁliae

183 3507 502 3564 Mattheus
530 3509 682 3576 dicit,
715 3511 849 3582 quia
894 3529 1007 3567 non
1036 3515 1325 3584 respondit
1352 3515 1403 3569 ei
1433 3515 1687 3573 verbum.
1728 3518 1804 3571 Ex
1884 3518 2121 3572 salutem
2152 3524 2362 3587 negas?
2410 3518 2647 3571 Prorsus
2687 3532 2799 3569 non
2843 3514 3054 3585 absque
3100 3511 3364 3584 mysterio
3393 3515 3480 3566 est

185 3612 294 3667 quo
325 3597 677 3663 ostenditur,
713 3600 845 3671 quia
884 3601 1040 3671 prius
1069 3603 1186 3658 haec
1224 3604 1426 3658 mulier
1454 3606 1616 3675 juxta
1660 3607 1803 3660 Mar-
1886 3606 2035 3677 quod
2066 3607 2210 3677 agis.
2241 3607 2400 3660 Unde
2427 3606 2597 3660 datur
2622 3604 2860 3675 intelligi
2897 3603 3045 3675 quod
3073 3618 3342 3656 arcanum
3371 3606 3476 3667 est,

186 3703 313 3740 cum
342 3687 406 3741 in
442 3687 679 3742 domum
708 3689 875 3753 venit,
906 3697 962 3744 et
990 3691 1352 3746 exclamavit:
1387 3695 1641 3747 Miserere
1676 3698 1801 3756 mei,
1891 3701 1949 3749 et
1993 3701 2238 3766 paternae
2282 3695 2585 3749 voluntatis
2640 3698 3075 3755 sacramentum,
3117 3696 3182 3744 ut
3226 3687 3481 3744 absolute

187 3776 453 3841 Domine,
491 3779 577 3843 ﬁli
604 3778 799 3836 David.
846 3780 1058 3833 Deinde
1089 3780 1144 3834 in
1175 3782 1282 3846 via,
1315 3782 1428 3836 imo
1456 3799 1555 3853 per
1579 3799 1801 3837 omnem
1890 3790 2081 3855 pateat
2103 3784 2250 3855 quod
2264 3791 2461 3855 typum
2486 3788 2678 3837 teneat
2700 3780 2954 3835 Ecclesiae
2985 3780 3099 3833 haec
3113 3777 3319 3832 mulier
3338 3779 3482 3832 Cha-

187 3865 359 3929 viam,
404 3881 565 3919 nunc
612 3871 762 3932 ante,
798 3884 946 3922 nunc
975 3876 1124 3923 retro
1153 3870 1259 3924 hoc
1290 3872 1660 3942 proclamans.
1696 3874 1803 3928 Sed
1886 3890 2100 3938 nautea,
2123 3873 2257 3927 dum
2287 3872 2540 3944 deposcit
2564 3871 2711 3942 quod
2743 3870 2867 3924 aliis
2898 3869 3147 3922 oll‘ertur.
3174 3869 3300 3922 Non
3329 3867 3478 3937 quod

193 3954 325 4024 quia
356 3955 411 4009 ei
456 3954 703 4025 primum
738 3972 848 4010 non
879 3959 1165 4028 respondit
1194 3959 1442 4026 verbum,
1469 3978 1581 4016 non
1610 3963 1679 4016 de
1706 3979 1802 4017 su-
1886 3970 1945 4018 et
1976 3962 2240 4033 gentibus
2278 3963 2428 4016 solus
2466 3959 2841 4032 impartienda
2878 3974 2990 4012 non
3019 3962 3184 4020 esset,
3227 3956 3321 4010 sed
3363 3956 3479 4011 suis

190 4044 434 4113 percilio
467 4044 877 4100 Pbarisreorum
911 4047 1037 4113 fuit,
1068 4064 1169 4102 nec
1197 4050 1266 4102 de
1295 4050 1572 4120 superbia,
1609 4053 1701 4105 sed
1734 4069 1804 4106 ne
1886 4053 2177 4113 Dominus.
2198 4052 2331 4123 quia
2354 4053 2411 4106 in
2441 4068 2544 4106 sua
2576 4056 2819 4108 venerat.
2841 4048 3084 4120 primum
3115 4046 3356 4101 salutem
3378 4044 3481 4099 im-

190 4132 313 4204 ipse
343 4134 654 4187 sententis:
692 4151 806 4189 suae
846 4135 1129 4191 videretur
1173 4155 1294 4193 esse
1340 4141 1673 4205 contrarius,
1707 4158 1807 4213 per
1888 4141 2085 4212 partiri
2113 4142 2342 4210 gaudet,
2376 4146 2652 4212 quatenus
2678 4139 2747 4192 ab
2775 4138 2865 4192 his
2882 4136 3166 4208 primum;
3202 4133 3406 4206 quibus
3427 4140 3485 4190 et

192 4238 371 4292 quam
395 4212 674 4293 jusserat,
703 4224 766 4277 In
785 4227 934 4278 viam
954 4229 1205 4293 gentium
1226 4244 1294 4281 ne
1312 4229 1561 4282 abicritis
1587 4212 1800 4296 (Matth.
1888 4231 1958 4284 de
1986 4230 2185 4301 quibus
2213 4237 2336 4286 erat
2363 4239 2541 4298 ortus,
2586 4230 2859 4302 primitias
2902 4227 3033 4281 ﬁdei
3063 4226 3357 4298 acciperet.
3392 4226 3482 4281 Sic

190 4325 244 4373 κ,
286 4310 374 4378 5),
432 4310 668 4365 nolebat
719 4313 1063 4368 occasionem
1121 4313 1593 4372 calumniantibus
1648 4319 1802 4385 dare,
1888 4320 2115 4373 demum
2147 4337 2246 4390 per
2272 4337 2402 4375 suos
2432 4321 2733 4392 apostolos,
2762 4325 2819 4373 et
2847 4324 3070 4373 sanctos
3090 4317 3482 4388 praedicatores

191 4399 628 4470 perfectamque
659 4402 897 4456 salutem
910 4408 1101 4469 648
1120 4405 1373 4473 gentium
1397 4407 1672 4476 passionis
1692 4426 1805 4463 sua:
1823 4451 1871 4510 D
1889 4409 1957 4462 ad
1973 4416 2170 4479 gentes
2190 4410 2474 4475 transiret,
2498 4410 2761 4481 salusque
2778 4425 2891 4464 una
2909 4408 3169 4463 omnibus
3185 4411 3350 4461 esset.
3372 4406 3482 4506 sed

188 4494 245 4541 et
278 4488 723 4543 resurrectionis
750 4496 1003 4562 tempore
1035 4493 1219 4547 volens
1250 4510 1555 4553 reservare.
1572 4496 1681 4550 Sed
1712 4488 1871 4551 illa"
1891 4498 2119 4569 praefata
2155 4499 2357 4553 mulier
2389 4516 2502 4553 non
2530 4504 2728 4560 cessat,
2761 4515 2872 4553 non
2897 4496 3176 4566 frangitur
3204 4515 3217 4563 ;
3262 4501 3319 4549 et
3350 4495 3485 4566 quia

185 4577 576 4631 nihilominus
602 4585 787 4633 cessat
831 4580 1075 4635 clamare
1118 4581 1173 4635 in
1204 4582 1290 4636 via
1330 4602 1342 4635 :
1384 4585 1639 4639 Miserere
1677 4589 1802 4651 mei,
1888 4588 2343 4659 interpellaverat
2370 4590 2602 4643 chorum
2634 4589 3036 4659 apostolorum,
3082 4584 3336 4656 quamvis
3368 4600 3482 4638 non

187 4666 452 4729 Domine,
487 4669 575 4732 fili
623 4668 819 4723 David.
860 4670 1167 4741 Utramque
1210 4671 1383 4742 igitur
1428 4679 1693 4728 naturam
1747 4675 1806 4729 in
1888 4676 2329 4748 impetraverint,
2355 4694 2549 4732 rursus
2575 4677 2697 4748 ipsa
2722 4675 3076 4731 inclamando
3105 4678 3444 4746 perseverat.

184 4754 426 4808 Christo
456 4756 779 4817 conﬁtetur.
801 4773 927 4812 cum
959 4764 1015 4813 et
1043 4759 1341 4815 Dominum
1377 4777 1504 4816 eum
1536 4769 1713 4826 vocat,
1747 4769 1803 4818 et
1947 4767 3480 4833 (JuiDominus:Nonestbonumpanemsumereﬁliorum

182 4844 375 4898 ﬁlium
409 4844 588 4899 David
623 4847 950 4916 proclamat.
983 4849 1207 4904 Interea
1230 4849 1326 4904 ubi
1372 4850 1631 4906 didicerit
1659 4853 1803 4907 hanc
1884 4859 1931 4908 et
1960 4856 2176 4908 mittere
2204 4858 2450 4908 canibus.
2471 4855 2615 4919 Quia
2634 4856 2768 4909 dare
2791 4871 2993 4926 panem
3009 4853 3243 4908 canibus
3256 4853 3363 4908 etsi
3380 4854 3482 4907 hu-

177 4932 358 4987 ﬁdem
413 4934 623 4988 mulier
672 4935 741 4989 de
783 4942 952 5006 gente
989 4938 1452 5005 Chanameorum,
1489 4958 1659 5012 quam
1697 4942 1803 5013 ipsi
1885 4943 2174 4997 inanitatis
2204 4960 2315 4997 non
2350 4951 2451 5007 est,
2490 4945 2748 4998 humanas
2775 4951 2967 4999 tamen
2998 4943 3231 4998 rationis
3274 4948 3376 4997 est.
3411 4942 3480 4996 Et

180 5021 477 5076 Pharisaei
522 5028 581 5077 et
618 5023 824 5079 Scriba;
852 5026 1153 5096 negabant,
1185 5029 1547 5098 quaerendum
1577 5047 1796 5085 censeo.
1884 5033 2017 5103 quia
2044 5032 2247 5103 quibus
2270 5033 2642 5103 repromissus
2667 5040 2754 5088 est
2780 5033 2939 5104 panis
2967 5032 3112 5098 vitae,
3142 5033 3339 5087 tollere
3366 5047 3479 5085 non

176 5110 342 5167 Nulli
366 5110 796 5183 dubium,quod
826 5115 944 5170 haec
971 5122 1057 5171 est
1075 5116 1215 5172 fides
1237 5119 1526 5185 catholica,
1554 5125 1615 5174 ut
1641 5122 1803 5175 Jesus
1884 5128 1972 5175 est
1999 5121 2205 5175 bonum
2228 5122 2337 5176 illis
2355 5122 2607 5193 accipere
2627 5122 2946 5177 nolentibus
2969 5141 2982 5190 ;
3018 5139 3209 5177 rursus
3230 5121 3325 5191 qui
3347 5136 3477 5175 eum

180 5200 482 5263 Christus,
520 5217 666 5255 unus
693 5202 957 5274 idemque
996 5205 1143 5259 Deus
1171 5212 1229 5259 et
1256 5206 1424 5261 homo
1454 5207 1804 5279 intelligatur
1886 5216 2144 5281 quaerunt
2170 5218 2227 5265 et
2257 5218 2457 5282 petunt
2477 5229 2602 5266 cum
2634 5214 2763 5277 ﬁde,
2788 5213 2899 5267 illis
2924 5228 3129 5283 negare
3149 5227 3260 5265 non
3291 5216 3378 5265 est
3400 5226 3476 5264 m-

180 5294 239 5342 et
266 5288 559 5343 adoretur
592 5290 739 5353 Quid
761 5297 848 5345 est
870 5308 1004 5362 ergo
1026 5294 1172 5363 quod
1199 5294 1322 5365 ipsa
1345 5296 1549 5350 mulier
1576 5296 1804 5367 gentilis
1886 5298 2290 5368 quum.Etideo
2302 5300 2370 5353 ad
2384 5300 2685 5354 hocdiifert
2702 5298 3481 5372 piusDominus,utcustodiat

178 5383 239 5430 et
269 5377 632 5443 Chananaea,
661 5394 773 5433 non
795 5380 1017 5435 erudita
1043 5380 1103 5435 in
1132 5382 1275 5453 lege,
1307 5400 1489 5455 neque
1512 5385 1661 5439 inter
1680 5402 1806 5457 pro-
1885 5393 2296 5442 sacramentum
2321 5389 2516 5459 patris,
2535 5395 2592 5444 et
2617 5391 2853 5445 netollat
2866 5391 3070 5461 quibus
3086 5392 3478 5463 estrepromis-

178 5466 414 5538 selytos
462 5466 648 5521 adhuc
687 5468 833 5523 torte
882 5477 1305 5537 connumerata,
1338 5473 1416 5527 sic
1460 5476 1804 5529 conﬁtetur?
1885 5493 1947 5531 sa
1976 5476 2128 5531 salus
2168 5478 2275 5532 Sed
2306 5478 2416 5532 illis
2446 5478 2692 5534 oblatam
2723 5497 2868 5546 eam,
2889 5479 2996 5534 sibi
3025 5498 3138 5536 non
3165 5480 3478 5553 recipienti-

177 5554 355 5610 Unde
387 5553 593 5610 habuit
619 5561 683 5611 ut
710 5556 1060 5614 divinitatem
1084 5559 1145 5614 in
1178 5561 1403 5618 homine
1428 5563 1805 5636 deprehende-
1886 5564 2006 5632 bus,
2032 5565 2258 5621 demum
2282 5568 2417 5623 ordo
2437 5568 2560 5635 fuit,
2580 5574 2643 5624 ut
2656 5586 2716 5624 se
2734 5569 3065 5625 transferret
3085 5571 3154 5625 ad
3178 5577 3397 5641 gentes,
3418 5573 3476 5623 et

180 5650 290 5711 ret,
314 5658 575 5717 eumque
592 5645 780 5717 ipsum
798 5646 1086 5705 hominem
1107 5649 1313 5707 Filium
1333 5652 1435 5708 Dei
1454 5652 1589 5709 olim
1608 5670 1802 5726 repro-
1884 5654 2128 5713 adducat
2153 5673 2249 5714 eas
2279 5673 2406 5714 oves
2432 5658 2501 5713 ad
2522 5675 2752 5730 gregem
2779 5659 3179 5730 apostolorum,
3206 5674 3331 5728 quae
3359 5672 3473 5712 non
