3878 6158
335 2791 341 2799 _
439 2723 586 2778 citur
595 2742 696 2796 per
706 2727 1040 2798 Prophetam
1053 2731 1562 2785 :Cirwmdedm'iml
1579 2744 1658 2779 me
1676 2742 1834 2779 canes
1847 2726 2030 2789 multi,

451 274 553 329 543
1221 278 1277 331 S.
1322 275 1694 329 PASCHASII
1736 271 2099 331 RADBERTI
2135 274 2440 332 ABBATIS
2477 276 2967 335 CORBEIENSIS.
3562 284 3649 340 544

449 403 581 453 sunt
610 416 679 453 ex
710 401 814 453 hoc
849 401 997 456 ovili.
1032 402 1290 455 Defertur
1328 402 1509 453 honor
1537 400 1710 453 Israel
1740 400 1873 453 olim
1905 415 2037 470 pro-
2054 403 2104 462 Α
2122 416 2231 466 ma,
2257 407 2319 456 ut
2342 402 2457 457 ﬁlia
2489 403 2664 474 possit
2693 421 2815 458 esse
2836 404 3107 459 Ecclesia.
3130 404 3197 459 Et
3222 404 3341 459 ideo
3362 403 3543 462 dicitur
3558 408 3603 462 ei
3623 426 3654 463 a

448 488 671 553 missus,
707 506 799 553 ne,
825 490 1124 544 frustratus
1155 491 1437 543 videretur
1464 489 1728 553 indebite,
1764 507 1829 543 ac
1856 506 2002 558 nega
2120 490 2359 546 Domino
2391 507 2402 540 :
2435 494 2555 547 Fiat
2588 495 2690 547 tibi
2725 499 2867 547 sicut
2895 497 2994 560 vis,
3026 498 3090 548 ut
3116 493 3175 547 in
3199 498 3295 548 tua
3320 493 3388 547 sit
3410 495 3656 551 voluntate

446 582 555 631 tus.
591 578 698 631 Sed
748 579 978 631 affectus
1020 579 1405 647 benignissimi
1438 578 1540 630 Dei
1571 578 1626 630 iu
1685 594 1742 630 se
1773 576 2038 630 invidiam
2120 596 2185 633 ac
2224 587 2502 650 potestate
2544 582 2756 637 sanitas
2786 582 2932 638 ﬁliae.
2977 583 3068 639 Sic
3103 598 3304 652 quoque
3332 589 3561 653 quotquot
3593 602 3658 639 re-

446 666 632 738 potius
674 668 987 721 accumulat
1024 668 1339 721 Judzcorum
1393 674 1559 736 atque
1607 667 1818 731 odium,
1870 682 2039 736 quam
2120 676 2376 738 ceperunt
2433 688 2577 736 eum,
2619 673 2766 726 dedit
2814 676 2889 727 eis
2925 676 3237 741 potestatem
3276 674 3407 739 filios
3441 672 3527 725 Dei
3558 674 3662 739 ﬁeri

446 756 671 827 pietatis
701 757 976 810 eﬁ‘ectum.
1002 758 1223 810 Interea
1245 757 1561 809 (Ihaiisnzea
1583 756 1782 809 mulier
1798 756 1917 825 jam
1941 771 2040 824 per
2121 759 2299 822 (Joan.
2337 773 2375 825 ι,
2412 757 2515 821 12.)
2543 761 2691 815 Unde
2717 766 2767 814 et
2798 776 2936 815 sana
2966 762 3113 828 facta
3143 765 3217 813 est
3243 762 3357 827 filia
3379 775 3483 828 ejus
3506 762 3662 814 scilla

447 846 615 899 ﬁdem
645 848 872 905 salvata.
898 846 1181 900 interioris
1204 848 1493 899 scientiam
1524 845 1772 916 mysterii
1803 843 2035 908 habens,
2119 847 2273 901 hora.
2289 848 2448 902 Unde
2469 866 2579 902 non
2604 856 2739 904 sunt
2757 849 3021 904 audiendi
3047 849 3141 920 qui
3159 848 3347 903 dicunt
3367 863 3549 919 pueros
3560 864 3666 901 nec-

446 952 555 989 non
583 936 760 989 solum
788 952 900 989 non
932 937 1137 1005 refugit
1158 954 1215 987 se
1245 952 1439 987 canem
1468 935 1668 993 vocari,
1686 949 1872 987 verum
1904 948 2035 1003 pro-
2119 934 2252 989 dum
2275 937 2507 992 idoneos
2527 946 2591 993 ut
2606 939 2834 992 credere
2858 939 3090 1010 possint.
3103 937 3164 993 in
3190 936 3453 1008 baptismo
3468 936 3666 991 alterius

446 1025 603 1095 ponit
636 1026 902 1080 humilius
928 1029 1155 1079 catellus
1184 1044 1582 1095 nonnunquam
1609 1026 1676 1077 de
1712 1024 1888 1089 micis,
1914 1041 2035 1094 quae
2118 1024 2226 1078 ﬁde
2248 1042 2359 1080 non
2382 1044 2543 1098 posse
2568 1028 2789 1082 salvari.
2814 1029 2884 1083 Et
2902 1027 3208 1081 notandum
3230 1026 3358 1097 quia
3379 1025 3449 1079 ad
3468 1041 3670 1095 puerum

445 1115 654 1169 cadunt
682 1117 751 1169 de
794 1133 985 1170 mensa
1032 1117 1385 1169 dominorum
1430 1134 1678 1179 suorum,
1712 1132 1879 1185 quam
1920 1114 2033 1168 fre-
2116 1116 2480 1182 centurionis,
2529 1122 2587 1171 et
2616 1118 2686 1171 ad
2728 1117 2903 1171 ﬁliam
2951 1117 3138 1186 hujus,
3176 1115 3233 1169 in
3280 1113 3469 1186 quibus
3499 1128 3673 1183 magna

446 1210 683 1276 quenter
703 1206 887 1260 edere.
913 1207 1112 1276 Sicque
1144 1206 1503 1276 approbrium
1536 1206 1637 1258 sibi
1669 1206 1885 1258 illatum
1916 1220 2040 1257 ver-
2124 1203 2458 1274 praedicatur
2476 1206 2635 1270 ﬁdes,
2652 1223 2755 1278 per
2774 1223 2835 1260 se
2859 1206 3115 1261 Christus
3136 1210 3200 1259 ut
3219 1206 3667 1268 sanentur,3§|

443 1294 515 1347 tit
543 1294 841 1348 efﬁcaciter
874 1295 931 1348 in
972 1296 1392 1366 supplicationis
1422 1312 1535 1348 suae
1568 1294 2036 1348 blandimentum.
2121 1308 2234 1347 non
2254 1295 2423 1359 venit,
2452 1296 2551 1350 sed
2569 1313 2601 1350 e
2624 1296 2929 1367 longinquo
2949 1295 3136 1350 sanari
3156 1293 3506 1365 jubentur,ut
3520 1294 3675 1344 osten-

445 1382 561 1435 Nec
609 1382 815 1451 refugit
854 1383 1073 1438 Judaeos
1129 1384 1443 1454 intelligere
1499 1383 1772 1449 dominos,
1837 1380 2039 1451 quibus
2121 1381 2219 1435 dat
2247 1383 2551 1439 Dominum
2578 1401 2692 1441 non
2720 1385 2901 1440 solum
2927 1389 3100 1451 tactu,
3134 1399 3325 1438 verum
3352 1381 3514 1435 etiam
3533 1377 3676 1432 verbo

447 1471 888 1525 Chananaeorum
922 1488 955 1524 a
995 1473 1231 1525 Domino
1260 1474 1441 1525 fuerat
1469 1471 1741 1525 attributa
1769 1475 2034 1541 potestas,
2120 1476 2179 1525 et
2214 1472 2499 1529 voluntate
2530 1491 2692 1545 posse
2721 1475 2937 1530 salvare
2965 1490 3179 1529 omnes.
3211 1473 3277 1528 In
3304 1469 3498 1542 quibus
3530 1467 3681 1538 profe-

445 1563 503 1611 et
532 1575 590 1612 se
624 1576 865 1629 suosque
896 1562 1025 1630 jure
1055 1578 1221 1614 canes
1246 1578 1366 1613 esse
1391 1564 1628 1614 vocatos.
1653 1560 1761 1613 Sed
1796 1558 1928 1630 quia
1954 1558 2037 1611 illi
2120 1565 2208 1614 cto
2235 1562 2475 1618 maxime
2494 1565 2730 1618 salutem
2751 1563 3008 1635 gentium
3036 1562 3317 1632 designat,
3340 1558 3410 1613 ad
3433 1567 3562 1629 quos
3580 1554 3682 1627 ipse

447 1645 693 1701 oblatum
725 1665 925 1719 panem
946 1651 1272 1703 conculcare
1301 1651 1499 1714 scelus,
1526 1666 1634 1703 non
1658 1649 1727 1702 ad
1750 1648 1920 1701 vitam
1950 1664 2039 1702 su-
2118 1665 2220 1719 per
2246 1667 2307 1705 se
2338 1668 2451 1706 non
2476 1653 2644 1716 venit,
2681 1654 2779 1707 sed
2803 1653 2863 1707 in
2882 1652 3049 1708 verbo
3070 1651 3204 1707 ﬁdei
3233 1665 3426 1704 omnes
3450 1648 3687 1701 curantur

446 1740 1254 1810 meresuntconati,propterea
1266 1746 1428 1810 rogat
1443 1740 1674 1810 supplex
1692 1745 1810 1793 toto
1825 1737 2039 1792 deside-
2058 1801 2102 1810 λ
2121 1749 2179 1792 et
2234 1739 2548 1797 liberantur
2596 1749 2661 1797 ut
2687 1742 2803 1797 ﬁlia
2831 1741 3104 1807 mulieris,
3136 1739 3209 1796 ab
3238 1737 3391 1794 omni
3427 1733 3686 1790 dominatu

444 1823 529 1877 rio
550 1829 615 1879 ut
630 1826 711 1879 vel
734 1826 1084 1881 micasliceat
1105 1829 1353 1882 lambere
1374 1845 1528 1882 more
1548 1828 1882 1891 catulorum,
1904 1826 2037 1896 quia
2056 1801 2542 1885 Bimmundorum
2577 1831 2879 1902 spirituum
2907 1831 2966 1885 in
2995 1829 3289 1885 ablutione
3315 1824 3525 1882 salutis.
3553 1820 3689 1877 Unde

443 1913 550 1967 hoc
562 1931 674 1969 non
691 1922 775 1970 est
789 1917 983 1971 tollere
996 1934 1197 1988 panem
1210 1918 1450 1972 ﬁliorum
1467 1924 1524 1972 et
1539 1918 1762 1971 mittere
1782 1914 2032 1980 canibus,
2120 1917 2384 1973 continuo
2413 1920 2544 1975 facti
2566 1921 2706 1976 ﬁdes
2723 1920 2997 1992 sequitur,
3017 1921 3157 1975 dum
3181 1934 3312 1972 mox
3338 1916 3397 1971 in
3420 1918 3595 1968 monte
3612 1908 3689 1964 ob-

442 2004 750 2074 praesertim
783 2006 915 2077 quia
948 2008 1235 2061 multoties
1273 2007 1353 2061 eis
1403 2008 1624 2073 allatus,
1656 2006 1913 2077 repulsus
1950 2009 2039 2058 est
2118 2007 2256 2061 sessi
2282 2009 2435 2064 vario
2461 2027 2668 2081 genere
2694 2010 3016 2066 morborum
3041 2027 3076 2064 a
3100 2006 3289 2063 turbis
3319 2002 3552 2061 Domino
3578 1999 3695 2053 olfe-

441 2097 498 2147 et
542 2092 762 2149 oblatus
820 2097 957 2149 satis
1003 2097 1251 2151 studiose
1305 2098 1679 2158 conculcatus,
1732 2094 2035 2148 attributus
2117 2102 2339 2163 runtur,
2372 2099 2428 2152 id
2477 2105 2563 2154 est
2607 2117 2641 2154 a
2683 2099 3040 2155 credentibus
3091 2096 3375 2161 inﬁdeles,
3419 2090 3693 2164 ingratique

439 2187 633 2248 650
661 2185 915 2254 quamvis
958 2202 1017 2239 se
1062 2187 1381 2256 ingesserit,
1411 2192 1603 2240 tamen
1632 2200 1919 2255 nunquam
1952 2188 2039 2237 est
2118 2190 2183 2238 ut
2201 2186 2438 2242 adorent
2465 2194 2521 2243 et
2544 2190 2855 2261 procidant,
2876 2190 3281 2244 instruuntur:
3307 2184 3408 2240 sed
3431 2197 3540 2237 non
3563 2177 3697 2251 prius

441 2279 714 2343 receptus.
760 2274 901 2328 Hinc
930 2281 1034 2341 est,
1066 2276 1287 2341 fratres,
1322 2277 1467 2347 quod
1508 2276 1625 2330 haec
1665 2274 1883 2337 mulier,
1925 2272 2037 2327 ﬁde
2118 2292 2289 2345 quam
2319 2278 2378 2332 in
2427 2284 2677 2335 montem
2705 2279 2989 2335 ascendat.
3021 2278 3120 2333 Ait
3166 2276 3325 2332 enim
3354 2273 3436 2330 ita
3468 2270 3696 2337 Εναιιεο·

440 2362 648 2417 Christi
670 2364 789 2433 jam
813 2364 1048 2427 imbuta,
1068 2371 1186 2420 tam
1216 2366 1518 2421 efﬁcaciter
1544 2365 1863 2436 respondet,
1897 2368 2038 2417 tam-
2118 2363 2249 2420 ltsia
2279 2383 2290 2418 :

443 2467 550 2521 que
579 2451 867 2507 humiliter
927 2455 996 2509 Et
1024 2455 1147 2509 ideo
1178 2472 1300 2526 quae
1328 2473 1388 2510 se
1418 2471 1613 2509 canem
1646 2454 1897 2509 confessa
1928 2458 2031 2519 est,

440 2541 669 2595 tandem
695 2550 1074 2599 commutatur
1093 2546 1151 2599 in
1173 2546 1476 2608 hominem,
1504 2551 1559 2598 et
1585 2545 1663 2597 illi
1693 2543 2036 2597 oblatrantes

442 2639 637 2688 contra
667 2636 964 2692 Dominum
1001 2645 1295 2693 vertuntur
1321 2640 1379 2693 in
1408 2655 1594 2699 canes,
1617 2638 1684 2690 de
1724 2635 1925 2707 quibus
1949 2635 2049 2687 di-

2191 2508 2327 2561 Cum
2359 2511 2625 2564 transiret
2642 2511 2769 2565 inde
2778 2513 2951 2576 Jesus,
2968 2512 3118 2564 venit
3134 2523 3291 2564 secus
3307 2518 3464 2560 mare
3473 2501 3701 2562 Galilaz,

2118 2602 2164 2649 et
2196 2600 2488 2652 ascendens
2518 2602 2580 2653 in
2610 2604 2851 2654 montem
2872 2601 3083 2654 sedebat
3110 2601 3216 2653 ibi.
3242 2596 3394 2662 Quia
3418 2594 3487 2648 de
3506 2591 3607 2647 hoc
3625 2601 3709 2641 88-

2119 2686 2246 2739 culo
2271 2688 2521 2742 ascendit
2543 2688 2613 2742 ad
2637 2689 2880 2743 Patrem.
2904 2690 2967 2743 Et
2989 2694 3127 2742 tunc
3147 2687 3499 2742 accesserunt
3517 2680 3587 2734 ad
3600 2689 3708 2731 eum

2120 2777 2291 2829 turbae
2322 2780 2506 2832 multa:
2533 2778 2783 2832 habentes
2812 2795 2991 2833 secum
3022 2781 3234 2833 multos
3266 2779 3472 2840 mutos,
3504 2783 3647 2826 cacas
3672 2768 3712 2818 et

2118 2865 2358 2928 claudos,
2391 2868 2587 2921 debiles
2619 2873 2665 2921 et
2695 2870 2833 2922 alios
2858 2870 3060 2922 multos
3082 2866 3459 2936 projecerunt
3485 2860 3558 2914 ad
3578 2855 3715 2926 ped“

2117 2956 2166 3021 ej
2172 2969 2253 3016 us,
2270 2959 2317 3007 et
2349 2958 2567 3009 curavit
2588 2973 2670 3009 eos
2691 2973 2894 3012 omnes.
2912 2957 3058 3011 Nam
3080 2955 3145 3010 in
3162 2971 3233 3010 eo
3261 2954 3389 3009 loco
3403 2948 3505 3005 ubi
3527 2945 3720 3002 latinus

2116 3040 2395 3113 interpres
2424 3045 2712 3100 transtulit
2738 3047 2953 3111 debiles,
2985 3045 3045 3100 in
3079 3045 3289 3100 Graeco
3336 3040 3513 3097 habet
3536 3035 3722 3092 κύλλους

2057 3121 2101 3181 C
2117 3131 2264 3201 quod
2288 3148 2400 3188 non
2415 3135 2678 3204 generale
2697 3134 3024 3204 debilitatis,
3042 3134 3148 3189 sed
3182 3133 3362 3189 unius
3393 3119 3726 3185 inﬁrmitatis

2117 3225 2203 3274 est
2230 3237 2455 3285 nomen,
2485 3240 2651 3295 quem
2682 3240 2784 3279 nos
2815 3224 2977 3295 vulgo
3004 3239 3294 3279 mancum
3326 3231 3626 3294 possumus
3652 3210 3727 3265 di-

2116 3324 2259 3363 cere.
2283 3311 2393 3365 Sed
2420 3312 2550 3383 quia
2575 3312 2887 3384 proprietas
2905 3313 3076 3383 hujus
3097 3311 3287 3376 verbi,
3312 3310 3375 3365 in
3408 3312 3603 3364 nostra
3628 3313 3729 3356 non

2117 3398 2451 3469 exprimitur
2478 3400 2690 3472 lingua,
2734 3401 2935 3456 maluit
2961 3401 3259 3473 interpres
3291 3398 3514 3456 debiles
3540 3394 3728 3453 dicere,

2116 3502 2286 3557 quam
2331 3489 2479 3543 male
2520 3506 2633 3544 non
2670 3490 2896 3562 proprio
2944 3489 3330 3563 interpretari
3362 3485 3557 3542 verbo.
3586 3476 3733 3546 Qu0d

445 2818 743 2869 consilium
762 2821 1205 2884 mah’gnantium
1221 2820 1417 2870 obsedit
1436 2819 1691 2876 mr(1’sa!.
1709 2831 1818 2879 χχι,
1840 2815 1951 2880 17).
1968 2814 2035 2867 Et

441 2901 547 2955 hoc
565 2919 731 2972 quam
749 2905 900 2974 juste
915 2911 1281 2975 susceperunt
1302 2906 1647 2969 vocabulum,
1668 2905 1799 2974 quia
1820 2904 1918 2958 ﬁlii
1934 2906 2036 2959 Dei

442 3005 563 3043 esse
583 2992 1055 3046 noluerunt.Hinc
1073 3000 1157 3047 est
1180 2995 1326 3064 quod
1343 2997 1458 3063 jam
1483 3011 1651 3064 supra
1667 2994 1780 3047 dixi
1802 3011 1932 3048 vera
1947 2996 2036 3065 ju-

437 3078 598 3147 stitia
618 3080 737 3143 Dei,
764 3088 991 3152 propter
1013 3099 1179 3151 quam
1204 3100 1303 3137 nec
1323 3083 1534 3138 Judaeis
1555 3084 1688 3137 dare
1710 3084 1891 3154 potuit
1911 3101 2037 3155 pro-

443 3167 615 3222 missa
637 3185 757 3234 sua,
774 3187 876 3224 nec
892 3171 1155 3241 gentibus
1173 3173 1468 3243 denegare.
1489 3175 1555 3226 Et
1574 3173 1699 3227 ideo
1720 3174 2035 3227 exclamans

442 3256 696 3311 Salvator
716 3259 885 3314 dicit;
914 3261 954 3314 0
974 3264 1198 3323 mulier,
1228 3278 1430 3328 magna
1451 3267 1524 3314 est
1553 3264 1679 3328 ﬁdes
1703 3267 1832 3316 tua!
1854 3264 1926 3317 Ut
1955 3263 2033 3316 in-

439 3345 820 3416 telligeremus
850 3349 1013 3421 longe
1043 3350 1138 3404 diu
1167 3351 1451 3405 silentium
1475 3350 1697 3404 Domini
1719 3357 1776 3405 et
1796 3351 2036 3422 abnega-

437 3434 518 3489 tio
545 3452 610 3489 ex
642 3437 856 3492 ratione
886 3440 1155 3510 temporis
1185 3440 1371 3506 fuisse,
1404 3447 1459 3494 et
1497 3458 1608 3495 non
1638 3458 1702 3495 ex
1732 3441 2033 3495 voluntatis

439 3524 765 3581 difﬁcultate
797 3528 1028 3583 venisse.
1059 3530 1216 3583 Unde
1265 3546 1402 3600 rogo
1448 3531 1758 3602 perpendat
1787 3531 2033 3601 prudens

437 3613 610 3669 lector
631 3617 778 3687 quod
808 3635 953 3689 sepe
976 3635 1194 3684 moneo,
1215 3636 1284 3674 ne
1306 3621 1361 3673 in
1380 3621 1480 3674 Dei
1508 3621 1769 3692 operibus
1794 3620 2033 3675 aestimet

438 3704 640 3776 aliquis
662 3707 798 3760 talia
818 3715 875 3761 et
888 3709 1229 3780 hujusmodi,
1250 3711 1480 3764 fortuito
1500 3710 1819 3781 contigisse,
1834 3709 1929 3763 sed
1951 3709 2032 3763 sic

438 3795 812 3866 dispensatius
838 3814 874 3851 a
912 3798 1147 3853 Domino
1191 3805 1321 3853 sunt
1360 3804 1691 3869 praeparata,
1725 3804 1790 3852 ut
1817 3803 1875 3852 et
1902 3798 2031 3852 ﬁdei

435 3887 803 3941 incitamenta
832 3899 1021 3942 essent
1051 3889 1105 3942 in
1138 3888 1440 3941 miraculis.
1475 3895 1532 3941 et
1560 3889 1799 3960 amplior
1824 3888 1882 3942 in
1911 3893 2029 3942 toto

436 3993 501 4029 ex
531 3976 616 4030 his
646 3977 1047 4047 praedicaretur
1075 3978 1325 4047 operatio
1355 3977 1590 4031 Deitatis
1636 3978 1695 4031 in
1725 3977 2020 4035 doctrinis.

436 4065 579 4118 Nam
610 4066 725 4119 hmc
755 4066 975 4122 mulier.
996 4072 1059 4120 ut
1086 4084 1229 4136 saepe
1260 4066 1470 4120 dictum
1495 4075 1600 4133 est,
1620 4067 1855 4121 formam
1884 4084 2031 4122 com-

434 4154 666 4207 mendat
694 4156 967 4211 Ecclesiae.
987 4158 1054 4210 Et
1070 4157 1194 4210 ideo
1220 4156 1463 4226 perfecta
1477 4159 1594 4228 jam
1624 4159 1732 4212 ﬁde
1752 4158 2026 4212 instructa
2113 4154 2383 4167 “’“’⁸⁸“““’
2413 4154 2806 4170 ⁹ν¹³⁹νν⁸⁸““·¹“”
2844 4154 2891 4233 νζ

433 4243 585 4296 venit
641 4244 709 4296 ad
768 4245 1088 4310 Dominum,
1148 4262 1311 4314 quem
1368 4263 1479 4300 non
1536 4253 1718 4300 cessat
1773 4246 2025 4300 conﬁteri
2182 4236 2498 4301 Goneocatis
2521 4250 2809 4318 discipulis
2828 4251 2945 4302 suis
2962 4250 3045 4302 ait
3072 4250 3241 4303 illis:
3268 4244 3750 4307 Misereorturbl,

433 4333 611 4387 Deum
661 4340 717 4386 et
767 4334 1051 4388 hominem
1101 4352 1164 4388 ac
1211 4335 1496 4403 deprecari
1544 4352 1644 4406 pro
1686 4335 1801 4389 ﬁlia
1849 4341 1913 4389 ut
1958 4335 2027 4389 ab
2108 4339 2245 4403 quia
2276 4338 2463 4390 triduo
2483 4341 2609 4406 jam
2633 4341 2983 4406 perseverant
3020 4351 3282 4405 mecum,
3321 4344 3538 4393 etnon
3566 4335 3759 4391 habent

434 4423 598 4477 hoste
623 4423 958 4478 liberaretur
976 4424 1240 4493 maligno.
1264 4424 1419 4488 Quod
1450 4424 1695 4478 Ecclesia
1715 4424 1894 4478 facere
1914 4441 2026 4479 non
2043 4477 2089 4495 ἢ
2110 4426 2254 4493 quod
2280 4428 2633 4492 manducent,
2657 4432 2705 4479 et
2727 4427 3005 4479 dimittere
3023 4441 3108 4479 eos
3117 4429 3382 4495 jejuno:
3412 4430 3569 4493 noto,
3593 4440 3659 4478 ne
3675 4421 3757 4475 do-

434 4518 634 4577 cessat,
676 4531 777 4584 pro
806 4514 895 4567 his
924 4530 989 4567 ex
1015 4530 1082 4568 ea
1113 4514 1207 4585 qui
1237 4520 1643 4584 regenerantur
1678 4514 1736 4568 in
1766 4515 2016 4571 Christo.
2043 4477 2092 4535 D
2109 4517 2303 4581 ﬁeiant
2352 4517 2416 4567 in
2461 4517 2573 4567 via.
2606 4515 2783 4570 Tenet
2810 4513 3066 4569 ordinem
3095 4530 3328 4572 cursus
3360 4513 3671 4589 operandi,
3709 4514 3763 4565 et

432 4600 643 4654 Tamen
666 4602 799 4672 quia
825 4602 1034 4656 dictum
1058 4609 1140 4656 est
1163 4622 1173 4656 :
1212 4606 1276 4657 In
1294 4606 1565 4671 patientia
1591 4609 1769 4657 vestra
1798 4606 2028 4672 posside-
2109 4602 2272 4657 docet
2293 4603 2530 4675 mystica
2550 4603 2607 4658 in
2631 4602 2845 4658 eisdem
2864 4602 3153 4674 operibus,
3176 4604 3339 4660 dum
3368 4605 3639 4662 succedit
3665 4601 3761 4653 vir-

434 4691 559 4743 bilis
585 4684 807 4744 animas
837 4696 1040 4744 uestras
1064 4694 1208 4755 (Luc.
1250 4707 1358 4752 XXI,
1400 4692 1502 4761 19),
1537 4709 1700 4763 quam
1731 4693 2024 4763 patientis-
2108 4698 2292 4746 tutum
2323 4708 2481 4762 opus.
2517 4692 2662 4746 Nam
2703 4693 2760 4747 in
2791 4693 2908 4746 ﬁlia
2934 4692 3295 4751 Chananeus
3318 4696 3480 4752 ﬁdes
3507 4692 3766 4767 gentium

430 4778 569 4832 sime
598 4779 717 4833 haec
748 4781 938 4835 omnia
962 4781 1272 4851 pertulerit,
1309 4798 1588 4852 quamque
1631 4781 2028 4851 longanimiter
2106 4782 2684 4852 praeparatmgdeinde
2698 4781 3314 4838 debilitatesacmorbi
3326 4787 3465 4856 jam
3485 4785 3564 4839 de
3579 4786 3765 4837 monte

430 4870 802 4939 perseverarit
832 4870 891 4923 in
918 4871 1185 4941 rogando,
1211 4870 1410 4941 prohat
1444 4871 1810 4940 Evangelicus
1842 4887 2025 4924 sermo
2108 4887 2209 4941 per
2236 4870 2488 4925 eamdem
2521 4872 2687 4925 ﬁdem
2714 4887 2745 4925 a
2775 4871 3013 4925 Domino
3041 4880 3376 4938 curantur,
3403 4874 3615 4948 sicque
3642 4870 3769 4935 cibi,

428 4962 486 5012 et
522 4958 743 5013 Domini
773 4961 1080 5030 responsio.
1121 4960 1227 5014 Sed
1260 4964 1315 5012 et
1345 4960 1633 5013 humilitas
1664 4960 1710 5029 ej
1723 4976 1784 5012 us
1815 4965 2027 5029 quanta
2107 4975 2177 5013 ne
2200 4960 2465 5013 deﬁciant
2480 4966 2608 5030 post
2626 4960 3118 5030 languores,more
3146 4965 3627 5032 egrotantium,
3647 4960 3774 5015 oﬁ'e-

423 5048 612 5115 fuerit,
652 5056 971 5120 quantaque
1010 5049 1355 5104 admirabilis
1382 5050 1656 5121 sapientia
1687 5065 1808 5119 quae
1846 5049 2021 5101 Deum
2106 5053 2327 5114 runtur,
2355 5048 2618 5120 quoniam
2641 5049 2699 5102 in
2721 5048 2981 5102 omnibus
3003 5047 3095 5102 his
3109 5048 3329 5107 forma
3351 5059 3457 5110 est
3483 5049 3772 5109 Ecclesia.

384 5164 402 5184 ο
426 5138 504 5191 sic
532 5139 901 5208 deprehendit
931 5138 990 5192 in
1020 5139 1268 5199 homine,
1300 5144 1355 5192 et
1384 5140 1667 5193 hominem
1704 5154 1899 5192 rursus
1930 5154 2021 5192 as-
2106 5137 2266 5192 Unde
2295 5155 2358 5191 ex
2385 5137 2856 5209 consequentibus
2887 5154 3082 5193 earum
3108 5154 3340 5197 rerum
3374 5140 3777 5215 intelligentia

425 5234 715 5297 sumptum
746 5228 804 5281 in
834 5229 1031 5291 Deum,
1060 5236 1125 5281 ut
1152 5229 1297 5282 Deus
1319 5236 1375 5281 et
1405 5229 1570 5282 homo
1592 5245 1739 5282 unus
1760 5228 1833 5281 sit
1862 5227 2019 5280 Chri-
2102 5228 2304 5299 accipit
2332 5228 2744 5287 auctoritatem.
2777 5244 2848 5282 ne
2878 5228 2936 5282 in
2962 5227 3052 5282 via
3094 5233 3442 5298 praesentis
3476 5234 3619 5289 vita:
3648 5245 3780 5305 pro-

424 5319 561 5379 stus,
581 5332 804 5387 unaque
824 5334 1062 5388 persona
1084 5335 1226 5372 unus
1248 5317 1348 5371 Dei
1371 5318 1544 5371 Filius
1561 5318 2021 5383 adoretur,unus~
2102 5323 2190 5371 ter
2216 5318 2462 5372 inediam
2493 5317 2772 5371 deﬁciant:
2804 5317 2948 5372 Hinc
2976 5333 3109 5388 ergo
3141 5327 3249 5374 est
3283 5324 3462 5393 quod
3493 5325 3668 5395 prius
3685 5322 3779 5374 be-

425 5420 531 5477 que
578 5406 821 5460 hominis
851 5407 997 5461 ﬁlius
1028 5426 1038 5460 :
1070 5410 1191 5462 Non
1234 5410 1291 5460 in
1331 5410 1647 5472 cmi/usique
1679 5409 2015 5472 substantiae,
2103 5406 2311 5476 nignus
2333 5408 2604 5462 Dominus
2633 5413 2897 5461 convocat
2924 5406 3253 5478 discipulos
3286 5427 3470 5479 suos,
3492 5428 3641 5468 cum
3661 5410 3783 5485 qni-

422 5496 512 5548 sed
558 5496 771 5548 unitate
813 5512 1072 5564 persona.
1116 5496 1295 5560 Quam
1327 5510 1460 5549 sane
1500 5496 1664 5548 ﬁdem
1705 5496 1782 5547 sic
1828 5496 2020 5550 laudat
2101 5495 2203 5550 bus
2246 5497 2352 5550 init
2386 5496 2680 5551 consilium
2712 5496 2782 5551 de
2810 5496 3109 5551 refectione
3133 5497 3385 5568 plebis,
3420 5516 3497 5558 ut
3530 5505 3597 5558 in
3629 5501 3787 5557 nullo

422 5584 726 5639 Dominus:
758 5585 1036 5650 Omulier,
1056 5601 1258 5652 magna
1281 5590 1355 5637 est
1375 5586 1502 5651 fides
1526 5589 1652 5637 tua!
1672 5585 1741 5637 Et
1759 5601 1869 5638 non
1886 5602 2018 5658 qua-
2099 5590 2288 5640 essent
2314 5585 2475 5639 inscii
2510 5592 2699 5652 65g
2732 5602 2856 5656 quae
2896 5584 3149 5640 facturus
3186 5596 3360 5643 erat.
3403 5591 3488 5646 Et
3521 5593 3639 5647 hoc
3668 5589 3789 5662 agit

420 5674 727 5748 liscunque,
761 5675 857 5732 sed
886 5691 1113 5746 magna.
1135 5675 1199 5729 In
1228 5690 1339 5744 qua
1362 5673 1673 5730 renascitur
1692 5674 1871 5730 omnis
1900 5676 2017 5732 ani—
2099 5679 2161 5730 ut
2184 5674 2468 5746 magistris
2486 5674 2845 5733 ecclesiarum
2865 5675 3070 5733 futuris
3088 5680 3472 5753 exemplum
3498 5682 3788 5756 praebeat,

2114 3585 2303 3630 autem
2350 3579 2512 3632 Jesus
2566 3580 2819 3634 ascendit
2855 3579 2912 3634 in
2953 3584 3241 3642 montem,
3278 3577 3452 3651 quasi
3498 3582 3737 3630 terrenos

2112 3673 2378 3736 provocat
2408 3667 2485 3720 ad
2516 3668 2813 3724 volandum
2845 3669 3026 3741 pullos
3055 3685 3224 3737 suos,
3266 3673 3339 3723 ut
3366 3665 3577 3721 altiora
3603 3673 3737 3715 sem-

2113 3772 2214 3825 per
2256 3761 2544 3827 appetant.
2587 3758 2853 3829 quoniam
2890 3759 3011 3829 ipse
3046 3757 3123 3813 de
3156 3756 3477 3814 altissimis
3508 3750 3740 3813 sedibus,

2115 3860 2208 3897 eos
2259 3861 2452 3899 omnes
2483 3846 2579 3917 qui
2623 3848 3001 3913 inﬁrmantur,
3036 3852 3093 3901 et
3130 3847 3212 3902 ad
3265 3847 3450 3901 ﬁdem
3493 3841 3739 3902 redeunt.

2112 3950 2309 3988 curare
2330 3951 2444 3988 non
2462 3943 2663 3990 cessat.
2680 3937 2787 3991 Sed
2817 3941 3122 4008 postquam
3149 3942 3475 4001 curantur,
3496 3950 3571 3989 ne
3589 3931 3647 3986 in
3668 3927 3749 3981 vis

2111 4023 2389 4090 deﬁciant,
2423 4025 2723 4080 miseretur
2750 4042 2944 4080 eorum
2975 4025 3268 4081 Dominus
3301 4031 3567 4089 tantum,
3597 4025 3659 4075 ut
3682 4014 3745 4069 ad

2113 4118 2383 4167 montana
2413 4115 2806 4170 conscendant.
2838 4114 2998 4170 Unde
3027 4113 3355 4186 signanter
3386 4114 3477 4170 ait
3501 4125 3514 4160 ἒ
