  <div class='ocr_page' id='page_1' title='image "/cluster/home/n/w/nwhite01/storage/ocr_20150623/120/hvd.32044054759824/278.png"; bbox 0 0 3888 6172; ppageno 0'>
   <div class='ocr_carea' id='block_1_1' title="bbox 208 220 299 280">
    <p class='ocr_par' dir='ltr' id='par_1_1' title="bbox 208 220 299 280">
     <span class='ocr_line' id='line_1_1' title="bbox 208 220 299 280; baseline -0.088 1"><span class='ocrx_word' id='word_1_1' title='bbox 208 220 299 280; x_wconf 72' lang='grc'>545</span> 
     </span>
    </p>
   </div>
   <div class='ocr_carea' id='block_1_2' title="bbox 940 221 2729 291">
    <p class='ocr_par' dir='ltr' id='par_1_2' title="bbox 940 221 2729 291">
     <span class='ocr_line' id='line_1_2' title="bbox 940 221 2729 291; baseline 0.004 -15"><span class='ocrx_word' id='word_1_2' title='bbox 940 221 1317 277; x_wconf 79' lang='lat' dir='ltr'>EXPOSITIO</span> <span class='ocrx_word' id='word_1_3' title='bbox 1358 224 1433 278; x_wconf 84' lang='grc' dir='ltr'>ΙΝ</span> <span class='ocrx_word' id='word_1_4' title='bbox 1475 223 1919 279; x_wconf 66' lang='lat' dir='ltr'>MAT’I‘HJEUM.</span> <span class='ocrx_word' id='word_1_5' title='bbox 1966 255 2026 265; x_wconf 95' lang='lat'><strong>—</strong></span> <span class='ocrx_word' id='word_1_6' title='bbox 2070 226 2205 280; x_wconf 84' lang='lat' dir='ltr'>LIB.</span> <span class='ocrx_word' id='word_1_7' title='bbox 2254 227 2369 291; x_wconf 73' lang='grc' dir='ltr'>νη,</span> <span class='ocrx_word' id='word_1_8' title='bbox 2415 230 2570 287; x_wconf 75' lang='lat' dir='ltr'>CAP.</span> <span class='ocrx_word' id='word_1_9' title='bbox 2614 232 2729 284; x_wconf 69' lang='lat' dir='ltr'>XV.</span> 
     </span>
    </p>
   </div>
   <div class='ocr_carea' id='block_1_3' title="bbox 3356 241 3458 297">
    <p class='ocr_par' dir='ltr' id='par_1_3' title="bbox 3356 241 3458 297">
     <span class='ocr_line' id='line_1_3' title="bbox 3356 241 3458 297; baseline 0.01 -2"><span class='ocrx_word' id='word_1_10' title='bbox 3356 241 3458 297; x_wconf 68' lang='grc'>546</span> 
     </span>
    </p>
   </div>
   <div class='ocr_carea' id='block_1_4' title="bbox 204 345 3454 435">
    <p class='ocr_par' dir='ltr' id='par_1_4' title="bbox 204 345 3454 435">
     <span class='ocr_line' id='line_1_4' title="bbox 204 345 3454 435; baseline 0.006 -34"><span class='ocrx_word' id='word_1_11' title='bbox 204 345 632 435; x_wconf 80' lang='lat' dir='ltr'>quotiescunque</span> <span class='ocrx_word' id='word_1_12' title='bbox 660 345 1144 435; x_wconf 82' lang='lat' dir='ltr'>aliquapraecipua</span> <span class='ocrx_word' id='word_1_13' title='bbox 1156 347 1375 417; x_wconf 86' lang='lat' dir='ltr'>agenda</span> <span class='ocrx_word' id='word_1_14' title='bbox 1393 352 1542 411; x_wconf 89' lang='lat' dir='ltr'>sunt,</span> <span class='ocrx_word' id='word_1_15' title='bbox 1579 350 1847 408; x_wconf 84' lang='lat' dir='ltr'>utcumA</span> <span class='ocrx_word' id='word_1_16' title='bbox 1869 365 1981 419; x_wconf 88' lang='lat' dir='ltr'>qua</span> <span class='ocrx_word' id='word_1_17' title='bbox 2004 350 2120 420; x_wconf 91' lang='lat' dir='ltr'>ipse</span> <span class='ocrx_word' id='word_1_18' title='bbox 2150 350 2419 407; x_wconf 87' lang='lat' dir='ltr'>Dominus</span> <span class='ocrx_word' id='word_1_19' title='bbox 2446 354 2830 409; x_wconf 85' lang='lat' dir='ltr'>misericordia</span> <span class='ocrx_word' id='word_1_20' title='bbox 2843 362 3045 415; x_wconf 83' lang='lat' dir='ltr'>motus.</span> <span class='ocrx_word' id='word_1_21' title='bbox 3080 376 3142 413; x_wconf 89' lang='lat' dir='ltr'>eo</span> <span class='ocrx_word' id='word_1_22' title='bbox 3174 364 3320 431; x_wconf 89' lang='lat' dir='ltr'>quod</span> <span class='ocrx_word' id='word_1_23' title='bbox 3335 365 3454 435; x_wconf 86' lang='lat' dir='ltr'>jam</span> 
     </span>
    </p>
   </div>
   <div class='ocr_carea' id='block_1_5' title="bbox 203 433 1784 506">
    <p class='ocr_par' dir='ltr' id='par_1_5' title="bbox 203 433 1784 506">
     <span class='ocr_line' id='line_1_5' title="bbox 203 433 1784 506; baseline 0.002 -18"><span class='ocrx_word' id='word_1_24' title='bbox 203 433 503 489; x_wconf 82' lang='lat' dir='ltr'>minoribus</span> <span class='ocrx_word' id='word_1_25' title='bbox 532 441 589 489; x_wconf 89' lang='lat' dir='ltr'>et</span> <span class='ocrx_word' id='word_1_26' title='bbox 616 434 905 506; x_wconf 71' lang='lat' dir='ltr'>discipulis</span> <span class='ocrx_word' id='word_1_27' title='bbox 953 435 1068 490; x_wconf 85' lang='lat' dir='ltr'>suis</span> <span class='ocrx_word' id='word_1_28' title='bbox 1108 436 1522 491; x_wconf 85' lang='lat' dir='ltr'>communicent</span> <span class='ocrx_word' id='word_1_29' title='bbox 1550 438 1784 492; x_wconf 91' lang='lat' dir='ltr'>consilia</span> 
     </span>
    </p>
   </div>
   <div class='ocr_carea' id='block_1_6' title="bbox 201 523 1781 587">
    <p class='ocr_par' dir='ltr' id='par_1_6' title="bbox 201 523 1781 587">
     <span class='ocr_line' id='line_1_6' title="bbox 201 523 1781 587; baseline 0.001 -8"><span class='ocrx_word' id='word_1_30' title='bbox 201 540 309 587; x_wconf 87' lang='lat' dir='ltr'>sua,</span> <span class='ocrx_word' id='word_1_31' title='bbox 336 523 481 578; x_wconf 85' lang='lat' dir='ltr'>sicut</span> <span class='ocrx_word' id='word_1_32' title='bbox 510 524 782 579; x_wconf 84' lang='lat' dir='ltr'>Dominus</span> <span class='ocrx_word' id='word_1_33' title='bbox 811 541 876 579; x_wconf 83' lang='lat' dir='ltr'>ex</span> <span class='ocrx_word' id='word_1_34' title='bbox 910 524 1359 579; x_wconf 87' lang='lat' dir='ltr'>confabulatione</span> <span class='ocrx_word' id='word_1_35' title='bbox 1400 532 1467 580; x_wconf 92' lang='lat' dir='ltr'>ut&#39;</span> <span class='ocrx_word' id='word_1_36' title='bbox 1500 543 1781 581; x_wconf 83' lang='lat' dir='ltr'>commen-</span> 
     </span>
    </p>
   </div>
   <div class='ocr_carea' id='block_1_7' title="bbox 199 612 1781 679">
    <p class='ocr_par' dir='ltr' id='par_1_7' title="bbox 199 612 1781 679">
     <span class='ocr_line' id='line_1_7' title="bbox 199 612 1781 679; baseline 0.001 -12"><span class='ocrx_word' id='word_1_37' title='bbox 199 613 353 667; x_wconf 81' lang='lat' dir='ltr'><strong>detur</strong></span> <span class='ocrx_word' id='word_1_38' title='bbox 380 613 509 667; x_wconf 80' lang='lat' dir='ltr'>facti</span> <span class='ocrx_word' id='word_1_39' title='bbox 545 612 710 678; x_wconf 81' lang='lat' dir='ltr'>ratio,</span> <span class='ocrx_word' id='word_1_40' title='bbox 738 619 795 668; x_wconf 93' lang='lat' dir='ltr'>et</span> <span class='ocrx_word' id='word_1_41' title='bbox 827 613 1134 668; x_wconf 76' lang='lat' dir='ltr'>concordiae</span> <span class='ocrx_word' id='word_1_42' title='bbox 1177 614 1440 679; x_wconf 82' lang='lat' dir='ltr'>societas;</span> <span class='ocrx_word' id='word_1_43' title='bbox 1472 632 1689 669; x_wconf 87' lang='lat' dir='ltr'>necnon</span> <span class='ocrx_word' id='word_1_44' title='bbox 1718 621 1781 670; x_wconf 91' lang='lat' dir='ltr'>ut</span> 
     </span>
    </p>
   </div>
   <div class='ocr_carea' id='block_1_8' title="bbox 197 701 1781 774">
    <p class='ocr_par' dir='ltr' id='par_1_8' title="bbox 197 701 1781 774">
     <span class='ocr_line' id='line_1_8' title="bbox 197 701 1781 774; baseline 0.002 -18"><span class='ocrx_word' id='word_1_45' title='bbox 197 718 254 756; x_wconf 77' lang='lat' dir='ltr'>ex</span> <span class='ocrx_word' id='word_1_46' title='bbox 299 701 631 756; x_wconf 74' lang='lat' dir='ltr'>difﬁcultate</span> <span class='ocrx_word' id='word_1_47' title='bbox 678 702 1001 774; x_wconf 85' lang='lat' dir='ltr'>intelligant</span> <span class='ocrx_word' id='word_1_48' title='bbox 1039 703 1180 773; x_wconf 82' lang='lat' dir='ltr'>signi</span> <span class='ocrx_word' id='word_1_49' title='bbox 1227 704 1697 774; x_wconf 80' lang='lat' dir='ltr'>magnitudinem.</span> <span class='ocrx_word' id='word_1_50' title='bbox 1723 710 1781 759; x_wconf 89' lang='lat' dir='ltr'>et</span> 
     </span>
    </p>
   </div>
   <div class='ocr_carea' id='block_1_9' title="bbox 196 790 1779 863">
    <p class='ocr_par' dir='ltr' id='par_1_9' title="bbox 196 790 1779 863">
     <span class='ocr_line' id='line_1_9' title="bbox 196 790 1779 863; baseline 0 -17"><span class='ocrx_word' id='word_1_51' title='bbox 196 790 299 846; x_wconf 75' lang='lat' dir='ltr'>sint</span> <span class='ocrx_word' id='word_1_52' title='bbox 325 790 573 847; x_wconf 79' lang='lat' dir='ltr'>ministri</span> <span class='ocrx_word' id='word_1_53' title='bbox 593 791 736 846; x_wconf 86' lang='lat' dir='ltr'>tanti</span> <span class='ocrx_word' id='word_1_54' title='bbox 760 792 1120 857; x_wconf 82' lang='lat' dir='ltr'>sacramenti,</span> <span class='ocrx_word' id='word_1_55' title='bbox 1154 808 1218 846; x_wconf 89' lang='lat' dir='ltr'>ac</span> <span class='ocrx_word' id='word_1_56' title='bbox 1245 792 1381 846; x_wconf 86' lang='lat' dir='ltr'><strong>socii</strong></span> <span class='ocrx_word' id='word_1_57' title='bbox 1411 792 1472 847; x_wconf 90' lang='lat' dir='ltr'>in</span> <span class='ocrx_word' id='word_1_58' title='bbox 1495 792 1779 863; x_wconf 84' lang='lat' dir='ltr'>dispensa-</span> 
     </span>
    </p>
   </div>
   <div class='ocr_carea' id='block_1_10' title="bbox 195 878 1780 951">
    <p class='ocr_par' dir='ltr' id='par_1_10' title="bbox 195 878 1780 951">
     <span class='ocr_line' id='line_1_10' title="bbox 195 878 1780 951; baseline 0.001 -17"><span class='ocrx_word' id='word_1_59' title='bbox 195 878 335 935; x_wconf 82' lang='lat' dir='ltr'>tione</span> <span class='ocrx_word' id='word_1_60' title='bbox 363 879 583 936; x_wconf 87' lang='lat' dir='ltr'>salutis.</span> <span class='ocrx_word' id='word_1_61' title='bbox 627 881 905 946; x_wconf 77' lang='lat' dir='ltr'>Misereor,</span> <span class='ocrx_word' id='word_1_62' title='bbox 952 881 1155 951; x_wconf 86' lang='lat' dir='ltr'>inquit,</span> <span class='ocrx_word' id='word_1_63' title='bbox 1189 883 1379 946; x_wconf 68' lang='lat' dir='ltr'>turbae,</span> <span class='ocrx_word' id='word_1_64' title='bbox 1412 885 1548 950; x_wconf 85' lang='lat' dir='ltr'>quia</span> <span class='ocrx_word' id='word_1_65' title='bbox 1593 884 1780 936; x_wconf 73' lang='lat' dir='ltr'>triduo</span> 
     </span>
    </p>
   </div>
   <div class='ocr_carea' id='block_1_11' title="bbox 188 969 1782 1040">
    <p class='ocr_par' dir='ltr' id='par_1_11' title="bbox 188 969 1782 1040">
     <span class='ocr_line' id='line_1_11' title="bbox 188 969 1782 1040; baseline 0.002 -18"><span class='ocrx_word' id='word_1_66' title='bbox 188 971 298 1037; x_wconf 87' lang='lat' dir='ltr'>jam</span> <span class='ocrx_word' id='word_1_67' title='bbox 317 974 674 1038; x_wconf 75' lang='lat' dir='ltr'>perseverant</span> <span class='ocrx_word' id='word_1_68' title='bbox 702 985 937 1037; x_wconf 81' lang='lat' dir='ltr'>mecum,</span> <span class='ocrx_word' id='word_1_69' title='bbox 952 974 1009 1023; x_wconf 85' lang='lat' dir='ltr'>et</span> <span class='ocrx_word' id='word_1_70' title='bbox 1024 986 1134 1025; x_wconf 85' lang='lat' dir='ltr'>non</span> <span class='ocrx_word' id='word_1_71' title='bbox 1150 969 1353 1024; x_wconf 82' lang='lat' dir='ltr'>habent</span> <span class='ocrx_word' id='word_1_72' title='bbox 1373 972 1517 1040; x_wconf 82' lang='lat' dir='ltr'>quod</span> <span class='ocrx_word' id='word_1_73' title='bbox 1544 971 1782 1025; x_wconf 84' lang='lat' dir='ltr'>mandu-</span> 
     </span>
    </p>
   </div>
   <div class='ocr_carea' id='block_1_12' title="bbox 192 1057 1782 1130">
    <p class='ocr_par' dir='ltr' id='par_1_12' title="bbox 192 1057 1782 1130">
     <span class='ocr_line' id='line_1_12' title="bbox 192 1057 1782 1130; baseline 0.001 -17"><span class='ocrx_word' id='word_1_74' title='bbox 192 1062 321 1112; x_wconf 69' lang='lat' dir='ltr'>cent.</span> <span class='ocrx_word' id='word_1_75' title='bbox 360 1057 789 1113; x_wconf 88' lang='lat' dir='ltr'>Consideranda</span> <span class='ocrx_word' id='word_1_76' title='bbox 815 1064 902 1113; x_wconf 90' lang='lat' dir='ltr'>est</span> <span class='ocrx_word' id='word_1_77' title='bbox 922 1057 1098 1130; x_wconf 79' lang='lat' dir='ltr'>igitur</span> <span class='ocrx_word' id='word_1_78' title='bbox 1126 1058 1185 1113; x_wconf 90' lang='lat' dir='ltr'>in</span> <span class='ocrx_word' id='word_1_79' title='bbox 1214 1058 1321 1113; x_wconf 91' lang='lat' dir='ltr'>hac</span> <span class='ocrx_word' id='word_1_80' title='bbox 1348 1058 1608 1125; x_wconf 89' lang='lat' dir='ltr'>lectione,</span> <span class='ocrx_word' id='word_1_81' title='bbox 1635 1059 1782 1115; x_wconf 86' lang='lat' dir='ltr'>sicut</span> 
     </span>
    </p>
   </div>
   <div class='ocr_carea' id='block_1_13' title="bbox 191 1145 1779 1219">
    <p class='ocr_par' dir='ltr' id='par_1_13' title="bbox 191 1145 1779 1219">
     <span class='ocr_line' id='line_1_13' title="bbox 191 1145 1779 1219; baseline 0.003 -20"><span class='ocrx_word' id='word_1_82' title='bbox 191 1149 243 1200; x_wconf 90' lang='lat' dir='ltr'>et</span> <span class='ocrx_word' id='word_1_83' title='bbox 264 1145 320 1201; x_wconf 90' lang='lat' dir='ltr'>in</span> <span class='ocrx_word' id='word_1_84' title='bbox 348 1147 507 1202; x_wconf 90' lang='lat' dir='ltr'>omni</span> <span class='ocrx_word' id='word_1_85' title='bbox 527 1152 684 1202; x_wconf 86' lang='lat' dir='ltr'>textu</span> <span class='ocrx_word' id='word_1_86' title='bbox 706 1147 885 1202; x_wconf 85' lang='lat' dir='ltr'>sancti</span> <span class='ocrx_word' id='word_1_87' title='bbox 913 1145 1221 1217; x_wconf 79' lang='lat' dir='ltr'>Evangelii,</span> <span class='ocrx_word' id='word_1_88' title='bbox 1243 1147 1303 1202; x_wconf 90' lang='lat' dir='ltr'>in</span> <span class='ocrx_word' id='word_1_89' title='bbox 1332 1163 1444 1202; x_wconf 91' lang='lat' dir='ltr'>uno</span> <span class='ocrx_word' id='word_1_90' title='bbox 1470 1148 1779 1219; x_wconf 90' lang='lat' dir='ltr'>eodemque</span> 
     </span>
    </p>
   </div>
   <div class='ocr_carea' id='block_1_14' title="bbox 190 1233 1777 1308">
    <p class='ocr_par' dir='ltr' id='par_1_14' title="bbox 190 1233 1777 1308">
     <span class='ocr_line' id='line_1_14' title="bbox 190 1233 1777 1308; baseline 0.003 -21"><span class='ocrx_word' id='word_1_91' title='bbox 190 1233 560 1306; x_wconf 86' lang='lat' dir='ltr'>Redemptore</span> <span class='ocrx_word' id='word_1_92' title='bbox 586 1242 799 1302; x_wconf 89' lang='lat' dir='ltr'>nostro,</span> <span class='ocrx_word' id='word_1_93' title='bbox 829 1235 1058 1307; x_wconf 89' lang='lat' dir='ltr'>gemina</span> <span class='ocrx_word' id='word_1_94' title='bbox 1101 1251 1166 1289; x_wconf 90' lang='lat' dir='ltr'>ac</span> <span class='ocrx_word' id='word_1_95' title='bbox 1219 1234 1484 1290; x_wconf 85' lang='lat' dir='ltr'>distincta</span> <span class='ocrx_word' id='word_1_96' title='bbox 1526 1236 1777 1308; x_wconf 87' lang='lat' dir='ltr'>operatio</span> 
     </span>
    </p>
   </div>
   <div class='ocr_carea' id='block_1_15' title="bbox 190 1322 1776 1397">
    <p class='ocr_par' dir='ltr' id='par_1_15' title="bbox 190 1322 1776 1397">
     <span class='ocr_line' id='line_1_15' title="bbox 190 1322 1776 1397; baseline 0.002 -20"><span class='ocrx_word' id='word_1_97' title='bbox 190 1322 504 1379; x_wconf 87' lang='lat' dir='ltr'>Divinitatis</span> <span class='ocrx_word' id='word_1_98' title='bbox 542 1330 713 1397; x_wconf 85' lang='lat' dir='ltr'>atque</span> <span class='ocrx_word' id='word_1_99' title='bbox 743 1324 1131 1388; x_wconf 83' lang='lat' dir='ltr'>humanitatis,</span> <span class='ocrx_word' id='word_1_100' title='bbox 1164 1330 1229 1378; x_wconf 93' lang='lat' dir='ltr'>ut</span> <span class='ocrx_word' id='word_1_101' title='bbox 1251 1325 1310 1378; x_wconf 90' lang='lat' dir='ltr'>in</span> <span class='ocrx_word' id='word_1_102' title='bbox 1341 1330 1581 1396; x_wconf 89' lang='lat' dir='ltr'>utroque</span> <span class='ocrx_word' id='word_1_103' title='bbox 1610 1342 1776 1397; x_wconf 91' lang='lat' dir='ltr'>opere</span> 
     </span>
    </p>
   </div>
   <div class='ocr_carea' id='block_1_16' title="bbox 188 1411 1778 1485">
    <p class='ocr_par' dir='ltr' id='par_1_16' title="bbox 188 1411 1778 1485">
     <span class='ocr_line' id='line_1_16' title="bbox 188 1411 1778 1485; baseline 0.004 -20"><span class='ocrx_word' id='word_1_104' title='bbox 188 1411 385 1467; x_wconf 86' lang='lat' dir='ltr'>veritas</span> <span class='ocrx_word' id='word_1_105' title='bbox 408 1414 837 1469; x_wconf 87' lang='lat' dir='ltr'>commendetur</span> <span class='ocrx_word' id='word_1_106' title='bbox 862 1413 1229 1469; x_wconf 85' lang='lat' dir='ltr'>humanitatis</span> <span class='ocrx_word' id='word_1_107' title='bbox 1249 1415 1372 1484; x_wconf 86' lang='lat' dir='ltr'>ejus</span> <span class='ocrx_word' id='word_1_108' title='bbox 1391 1420 1562 1485; x_wconf 87' lang='lat' dir='ltr'>atque</span> <span class='ocrx_word' id='word_1_109' title='bbox 1582 1414 1778 1470; x_wconf 87' lang='lat' dir='ltr'>divini-</span> 
     </span>
    </p>
   </div>
   <div class='ocr_carea' id='block_1_17' title="bbox 1862 438 3455 521">
    <p class='ocr_par' dir='ltr' id='par_1_17' title="bbox 1862 438 3455 521">
     <span class='ocr_line' id='line_1_17' title="bbox 1862 438 3455 521; baseline 0.012 -31"><span class='ocrx_word' id='word_1_110' title='bbox 1862 438 2051 494; x_wconf 90' lang='lat' dir='ltr'>triduo</span> <span class='ocrx_word' id='word_1_111' title='bbox 2077 456 2207 493; x_wconf 90' lang='lat' dir='ltr'>cum</span> <span class='ocrx_word' id='word_1_112' title='bbox 2238 458 2303 494; x_wconf 92' lang='lat' dir='ltr'>eo</span> <span class='ocrx_word' id='word_1_113' title='bbox 2346 450 2785 511; x_wconf 70' lang='lat' dir='ltr'>perseverantes,</span> <span class='ocrx_word' id='word_1_114' title='bbox 2837 462 2938 499; x_wconf 86' lang='lat' dir='ltr'>nec</span> <span class='ocrx_word' id='word_1_115' title='bbox 2978 446 3261 504; x_wconf 85' lang='lat' dir='ltr'>habebant</span> <span class='ocrx_word' id='word_1_116' title='bbox 3307 455 3455 521; x_wconf 89' lang='lat' dir='ltr'>quod</span> 
     </span>
    </p>
   </div>
   <div class='ocr_carea' id='block_1_18' title="bbox 1864 529 3457 608">
    <p class='ocr_par' dir='ltr' id='par_1_18' title="bbox 1864 529 3457 608">
     <span class='ocr_line' id='line_1_18' title="bbox 1864 529 3457 608; baseline 0.01 -28"><span class='ocrx_word' id='word_1_117' title='bbox 1864 529 2285 583; x_wconf 83' lang='lat' dir='ltr'>manducarent.</span> <span class='ocrx_word' id='word_1_118' title='bbox 2319 530 2517 585; x_wconf 88' lang='lat' dir='ltr'>Procul</span> <span class='ocrx_word' id='word_1_119' title='bbox 2549 532 2718 587; x_wconf 91' lang='lat' dir='ltr'>dubio</span> <span class='ocrx_word' id='word_1_120' title='bbox 2746 540 2943 604; x_wconf 86' lang='lat' dir='ltr'>gentes</span> <span class='ocrx_word' id='word_1_121' title='bbox 2973 537 3106 606; x_wconf 85' lang='lat' dir='ltr'>quia</span> <span class='ocrx_word' id='word_1_122' title='bbox 3134 537 3313 608; x_wconf 82' lang='lat' dir='ltr'>legem</span> <span class='ocrx_word' id='word_1_123' title='bbox 3345 558 3457 597; x_wconf 91' lang='lat' dir='ltr'>non</span> 
     </span>
    </p>
   </div>
   <div class='ocr_carea' id='block_1_19' title="bbox 1866 614 3459 700">
    <p class='ocr_par' dir='ltr' id='par_1_19' title="bbox 1866 614 3459 700">
     <span class='ocr_line' id='line_1_19' title="bbox 1866 614 3459 700; baseline 0.01 -32"><span class='ocrx_word' id='word_1_124' title='bbox 1866 614 2164 681; x_wconf 85' lang='lat' dir='ltr'>habebant,</span> <span class='ocrx_word' id='word_1_125' title='bbox 2197 618 2251 670; x_wconf 91' lang='lat' dir='ltr'>id</span> <span class='ocrx_word' id='word_1_126' title='bbox 2301 624 2404 682; x_wconf 88' lang='lat' dir='ltr'>est,</span> <span class='ocrx_word' id='word_1_127' title='bbox 2439 620 2686 691; x_wconf 89' lang='lat' dir='ltr'>quinque</span> <span class='ocrx_word' id='word_1_128' title='bbox 2731 621 2901 676; x_wconf 90' lang='lat' dir='ltr'>libros</span> <span class='ocrx_word' id='word_1_129' title='bbox 2948 624 3143 695; x_wconf 82' lang='lat' dir='ltr'>Moysi,</span> <span class='ocrx_word' id='word_1_130' title='bbox 3190 644 3294 681; x_wconf 87' lang='lat' dir='ltr'>nec</span> <span class='ocrx_word' id='word_1_131' title='bbox 3333 647 3459 700; x_wconf 83' lang='lat' dir='ltr'>pro-</span> 
     </span>
    </p>
   </div>
   <div class='ocr_carea' id='block_1_20' title="bbox 1861 704 3453 781">
    <p class='ocr_par' dir='ltr' id='par_1_20' title="bbox 1861 704 3453 781">
     <span class='ocr_line' id='line_1_20' title="bbox 1861 704 3453 781; baseline 0.011 -25"><span class='ocrx_word' id='word_1_132' title='bbox 1861 704 2078 774; x_wconf 87' lang='lat' dir='ltr'>phetas,</span> <span class='ocrx_word' id='word_1_133' title='bbox 2111 722 2212 759; x_wconf 91' lang='lat' dir='ltr'>nec</span> <span class='ocrx_word' id='word_1_134' title='bbox 2235 708 2683 777; x_wconf 72' lang='lat' dir='ltr'>praedicationem</span> <span class='ocrx_word' id='word_1_135' title='bbox 2715 711 2955 781; x_wconf 85' lang='lat' dir='ltr'>alicujus</span> <span class='ocrx_word' id='word_1_136' title='bbox 2983 723 3326 780; x_wconf 88' lang='lat' dir='ltr'>sanctorum.</span> <span class='ocrx_word' id='word_1_137' title='bbox 3356 720 3453 774; x_wconf 92' lang='lat' dir='ltr'>sed</span> 
     </span>
    </p>
   </div>
   <div class='ocr_carea' id='block_1_21' title="bbox 1861 793 3452 872">
    <p class='ocr_par' dir='ltr' id='par_1_21' title="bbox 1861 793 3452 872">
     <span class='ocr_line' id='line_1_21' title="bbox 1861 793 3452 872; baseline 0.01 -27"><span class='ocrx_word' id='word_1_138' title='bbox 1861 808 1962 862; x_wconf 90' lang='lat' dir='ltr'>per</span> <span class='ocrx_word' id='word_1_139' title='bbox 1989 793 2164 846; x_wconf 91' lang='lat' dir='ltr'>solam</span> <span class='ocrx_word' id='word_1_140' title='bbox 2187 794 2356 847; x_wconf 90' lang='lat' dir='ltr'>ﬁdem</span> <span class='ocrx_word' id='word_1_141' title='bbox 2386 802 2659 849; x_wconf 88' lang='lat' dir='ltr'>venerunt</span> <span class='ocrx_word' id='word_1_142' title='bbox 2687 798 2930 867; x_wconf 91' lang='lat' dir='ltr'>primum</span> <span class='ocrx_word' id='word_1_143' title='bbox 2960 801 3029 853; x_wconf 89' lang='lat' dir='ltr'>ad</span> <span class='ocrx_word' id='word_1_144' title='bbox 3058 802 3364 872; x_wconf 83' lang='lat' dir='ltr'>Christum,</span> <span class='ocrx_word' id='word_1_145' title='bbox 3398 813 3452 861; x_wconf 86' lang='lat' dir='ltr'>et</span> 
     </span>
    </p>
   </div>
   <div class='ocr_carea' id='block_1_22' title="bbox 1861 879 3455 960">
    <p class='ocr_par' dir='ltr' id='par_1_22' title="bbox 1861 879 3455 960">
     <span class='ocr_line' id='line_1_22' title="bbox 1861 879 3455 960; baseline 0.011 -27"><span class='ocrx_word' id='word_1_146' title='bbox 1861 879 1988 935; x_wconf 84' lang='lat' dir='ltr'>ideo</span> <span class='ocrx_word' id='word_1_147' title='bbox 2035 897 2203 952; x_wconf 89' lang='lat' dir='ltr'>quam</span> <span class='ocrx_word' id='word_1_148' title='bbox 2257 880 2397 947; x_wconf 87' lang='lat' dir='ltr'>bene</span> <span class='ocrx_word' id='word_1_149' title='bbox 2443 885 2563 953; x_wconf 87' lang='lat' dir='ltr'>jam</span> <span class='ocrx_word' id='word_1_150' title='bbox 2593 886 2780 940; x_wconf 81' lang='lat' dir='ltr'>triduo</span> <span class='ocrx_word' id='word_1_151' title='bbox 2829 904 2955 941; x_wconf 91' lang='lat' dir='ltr'>cum</span> <span class='ocrx_word' id='word_1_152' title='bbox 3001 905 3066 942; x_wconf 94' lang='lat' dir='ltr'>eo</span> <span class='ocrx_word' id='word_1_153' title='bbox 3095 900 3455 960; x_wconf 83' lang='lat' dir='ltr'>perseverant</span> 
     </span>
    </p>
   </div>
   <div class='ocr_carea' id='block_1_23' title="bbox 1861 968 3452 1045">
    <p class='ocr_par' dir='ltr' id='par_1_23' title="bbox 1861 968 3452 1045">
     <span class='ocr_line' id='line_1_23' title="bbox 1861 968 3452 1045; baseline 0.01 -23"><span class='ocrx_word' id='word_1_154' title='bbox 1861 969 1995 1023; x_wconf 90' lang='lat' dir='ltr'>dum</span> <span class='ocrx_word' id='word_1_155' title='bbox 2017 968 2395 1025; x_wconf 85' lang='lat' dir='ltr'>in.nativitate</span> <span class='ocrx_word' id='word_1_156' title='bbox 2423 974 2544 1042; x_wconf 88' lang='lat' dir='ltr'>ejus</span> <span class='ocrx_word' id='word_1_157' title='bbox 2572 980 2629 1028; x_wconf 90' lang='lat' dir='ltr'>et</span> <span class='ocrx_word' id='word_1_158' title='bbox 2670 976 2926 1045; x_wconf 84' lang='lat' dir='ltr'>passione</span> <span class='ocrx_word' id='word_1_159' title='bbox 2956 994 3022 1032; x_wconf 86' lang='lat' dir='ltr'>ac</span> <span class='ocrx_word' id='word_1_160' title='bbox 3044 983 3452 1040; x_wconf 84' lang='lat' dir='ltr'>resurrectione</span> 
     </span>
    </p>
   </div>
   <div class='ocr_carea' id='block_1_24' title="bbox 1860 1060 3451 1131">
    <p class='ocr_par' dir='ltr' id='par_1_24' title="bbox 1860 1060 3451 1131">
     <span class='ocr_line' id='line_1_24' title="bbox 1860 1060 3451 1131; baseline 0.01 -20"><span class='ocrx_word' id='word_1_161' title='bbox 1860 1064 2010 1113; x_wconf 91' lang='lat' dir='ltr'>recte</span> <span class='ocrx_word' id='word_1_162' title='bbox 2047 1060 2302 1125; x_wconf 91' lang='lat' dir='ltr'>credunt,</span> <span class='ocrx_word' id='word_1_163' title='bbox 2334 1066 2392 1114; x_wconf 89' lang='lat' dir='ltr'>et</span> <span class='ocrx_word' id='word_1_164' title='bbox 2430 1072 2787 1131; x_wconf 86' lang='lat' dir='ltr'>perseverant</span> <span class='ocrx_word' id='word_1_165' title='bbox 2815 1066 2985 1121; x_wconf 90' lang='lat' dir='ltr'>etiam</span> <span class='ocrx_word' id='word_1_166' title='bbox 3020 1068 3075 1121; x_wconf 89' lang='lat' dir='ltr'>in</span> <span class='ocrx_word' id='word_1_167' title='bbox 3104 1070 3211 1123; x_wconf 88' lang='lat' dir='ltr'>ﬁde</span> <span class='ocrx_word' id='word_1_168' title='bbox 3242 1072 3451 1128; x_wconf 88' lang='lat' dir='ltr'>Christi</span> 
     </span>
    </p>
   </div>
   <div class='ocr_carea' id='block_1_25' title="bbox 1860 1148 3451 1227">
    <p class='ocr_par' dir='ltr' id='par_1_25' title="bbox 1860 1148 3451 1227">
     <span class='ocr_line' id='line_1_25' title="bbox 1860 1148 3451 1227; baseline 0.011 -26"><span class='ocrx_word' id='word_1_169' title='bbox 1860 1163 1988 1202; x_wconf 91' lang='lat' dir='ltr'>cum</span> <span class='ocrx_word' id='word_1_170' title='bbox 2025 1148 2145 1219; x_wconf 91' lang='lat' dir='ltr'>ipso</span> <span class='ocrx_word' id='word_1_171' title='bbox 2169 1150 2287 1219; x_wconf 81' lang='lat' dir='ltr'>jam</span> <span class='ocrx_word' id='word_1_172' title='bbox 2330 1149 2538 1215; x_wconf 90' lang='lat' dir='ltr'>triduo,</span> <span class='ocrx_word' id='word_1_173' title='bbox 2585 1168 2710 1205; x_wconf 91' lang='lat' dir='ltr'>cum</span> <span class='ocrx_word' id='word_1_174' title='bbox 2738 1152 2795 1206; x_wconf 90' lang='lat' dir='ltr'><strong>in</strong></span> <span class='ocrx_word' id='word_1_175' title='bbox 2827 1155 2991 1210; x_wconf 86' lang='lat' dir='ltr'>Patre</span> <span class='ocrx_word' id='word_1_176' title='bbox 3020 1159 3274 1227; x_wconf 89' lang='lat' dir='ltr'>credunt,</span> <span class='ocrx_word' id='word_1_177' title='bbox 3310 1168 3367 1216; x_wconf 89' lang='lat' dir='ltr'>et</span> <span class='ocrx_word' id='word_1_178' title='bbox 3391 1162 3451 1219; x_wconf 90' lang='lat' dir='ltr'>in</span> 
     </span>
    </p>
   </div>
   <div class='ocr_carea' id='block_1_26' title="bbox 1858 1236 3449 1317">
    <p class='ocr_par' dir='ltr' id='par_1_26' title="bbox 1858 1236 3449 1317">
     <span class='ocr_line' id='line_1_26' title="bbox 1858 1236 3449 1317; baseline 0.011 -27"><span class='ocrx_word' id='word_1_179' title='bbox 1858 1236 1979 1307; x_wconf 90' lang='lat' dir='ltr'>ipso</span> <span class='ocrx_word' id='word_1_180' title='bbox 2009 1237 2148 1292; x_wconf 87' lang='lat' dir='ltr'>Filio</span> <span class='ocrx_word' id='word_1_181' title='bbox 2175 1239 2297 1308; x_wconf 89' lang='lat' dir='ltr'>ejus</span> <span class='ocrx_word' id='word_1_182' title='bbox 2324 1239 2452 1293; x_wconf 89' lang='lat' dir='ltr'>etin</span> <span class='ocrx_word' id='word_1_183' title='bbox 2485 1239 2697 1311; x_wconf 89' lang='lat' dir='ltr'>Spiritu</span> <span class='ocrx_word' id='word_1_184' title='bbox 2726 1244 2935 1309; x_wconf 84' lang='lat' dir='ltr'>sancto,</span> <span class='ocrx_word' id='word_1_185' title='bbox 2961 1251 3018 1298; x_wconf 91' lang='lat' dir='ltr'>et</span> <span class='ocrx_word' id='word_1_186' title='bbox 3038 1257 3374 1317; x_wconf 86' lang='lat' dir='ltr'>permanent</span> <span class='ocrx_word' id='word_1_187' title='bbox 3389 1253 3449 1307; x_wconf 89' lang='lat' dir='ltr'>in</span> 
     </span>
    </p>
   </div>
   <div class='ocr_carea' id='block_1_27' title="bbox 1858 1326 3452 1408">
    <p class='ocr_par' dir='ltr' id='par_1_27' title="bbox 1858 1326 3452 1408">
     <span class='ocr_line' id='line_1_27' title="bbox 1858 1326 3452 1408; baseline 0.011 -29"><span class='ocrx_word' id='word_1_188' title='bbox 1858 1326 2205 1381; x_wconf 86' lang='lat' dir='ltr'>confessione</span> <span class='ocrx_word' id='word_1_189' title='bbox 2230 1328 2543 1387; x_wconf 86' lang='lat' dir='ltr'>Trinitatis.</span> <span class='ocrx_word' id='word_1_190' title='bbox 2564 1329 2708 1383; x_wconf 90' lang='lat' dir='ltr'>sicut</span> <span class='ocrx_word' id='word_1_191' title='bbox 2747 1332 3001 1386; x_wconf 82' lang='lat' dir='ltr'>Salvator</span> <span class='ocrx_word' id='word_1_192' title='bbox 3022 1334 3125 1389; x_wconf 86' lang='lat' dir='ltr'>ait:</span> <span class='ocrx_word' id='word_1_193' title='bbox 3151 1340 3257 1404; x_wconf 82' lang='lat' dir='ltr'>Qui</span> <span class='ocrx_word' id='word_1_194' title='bbox 3277 1356 3452 1408; x_wconf 78' lang='lat' dir='ltr'>perse-</span> 
     </span>
    </p>
   </div>
   <div class='ocr_carea' id='block_1_28' title="bbox 1860 1419 3447 1499">
    <p class='ocr_par' dir='ltr' id='par_1_28' title="bbox 1860 1419 3447 1499">
     <span class='ocr_line' id='line_1_28' title="bbox 1860 1419 3447 1499; baseline 0.01 -31"><span class='ocrx_word' id='word_1_195' title='bbox 1860 1419 2129 1469; x_wconf 78' lang='lat' dir='ltr'>veraverit</span> <span class='ocrx_word' id='word_1_196' title='bbox 2148 1433 2314 1485; x_wconf 77' lang='lat' dir='ltr'>usque</span> <span class='ocrx_word' id='word_1_197' title='bbox 2340 1421 2399 1470; x_wconf 79' lang='lat' dir='ltr'>in</span> <span class='ocrx_word' id='word_1_198' title='bbox 2412 1420 2692 1484; x_wconf 71' lang='lat' dir='ltr'>ﬁnemJu’e</span> <span class='ocrx_word' id='word_1_199' title='bbox 2711 1424 2895 1475; x_wconf 76' lang='lat' dir='ltr'>salvus</span> <span class='ocrx_word' id='word_1_200' title='bbox 2909 1425 3014 1475; x_wconf 80' lang='lat' dir='ltr'>erit</span> <span class='ocrx_word' id='word_1_201' title='bbox 3032 1425 3255 1493; x_wconf 76' lang='lat' dir='ltr'>(Matth.</span> <span class='ocrx_word' id='word_1_202' title='bbox 3273 1429 3421 1499; x_wconf 72' lang='lat' dir='ltr'>x,22)</span> <span class='ocrx_word' id='word_1_203' title='bbox 3434 1470 3447 1484; x_wconf 95' lang='lat'>.</span> 
     </span>
    </p>
   </div>
   <div class='ocr_carea' id='block_1_29' title="bbox 186 1501 1777 1575">
    <p class='ocr_par' dir='ltr' id='par_1_29' title="bbox 186 1501 1777 1575">
     <span class='ocr_line' id='line_1_29' title="bbox 186 1501 1777 1575; baseline 0.003 -20"><span class='ocrx_word' id='word_1_204' title='bbox 186 1501 307 1556; x_wconf 83' lang='lat' dir='ltr'>tatis</span> <span class='ocrx_word' id='word_1_205' title='bbox 347 1502 556 1574; x_wconf 87' lang='lat' dir='ltr'>Sicque</span> <span class='ocrx_word' id='word_1_206' title='bbox 584 1520 742 1558; x_wconf 90' lang='lat' dir='ltr'>error</span> <span class='ocrx_word' id='word_1_207' title='bbox 760 1503 1068 1558; x_wconf 86' lang='lat' dir='ltr'>Eutichetis</span> <span class='ocrx_word' id='word_1_208' title='bbox 1082 1503 1178 1574; x_wconf 91' lang='lat' dir='ltr'>qui</span> <span class='ocrx_word' id='word_1_209' title='bbox 1207 1520 1377 1557; x_wconf 89' lang='lat' dir='ltr'>unam</span> <span class='ocrx_word' id='word_1_210' title='bbox 1409 1508 1629 1558; x_wconf 88' lang='lat' dir='ltr'>tantum</span> <span class='ocrx_word' id='word_1_211' title='bbox 1640 1520 1777 1575; x_wconf 86' lang='lat' dir='ltr'>ope-</span> 
     </span>
    </p>
   </div>
   <div class='ocr_carea' id='block_1_30' title="bbox 186 1586 3452 1676">
    <p class='ocr_par' dir='ltr' id='par_1_30' title="bbox 186 1586 3452 1676">
     <span class='ocr_line' id='line_1_30' title="bbox 186 1586 3452 1676; baseline 0.005 -31"><span class='ocrx_word' id='word_1_212' title='bbox 186 1591 457 1647; x_wconf 79' lang='lat' dir='ltr'>rationem</span> <span class='ocrx_word' id='word_1_213' title='bbox 479 1592 536 1647; x_wconf 89' lang='lat' dir='ltr'>in</span> <span class='ocrx_word' id='word_1_214' title='bbox 559 1592 1171 1676; x_wconf 82' lang='lat' dir='ltr'>Christodogmatizare</span> <span class='ocrx_word' id='word_1_215' title='bbox 1191 1592 1496 1664; x_wconf 69' lang='lat' dir='ltr'>praesumit,</span> <span class='ocrx_word' id='word_1_216' title='bbox 1516 1593 1776 1648; x_wconf 89' lang='lat' dir='ltr'>condem-</span> <span class='ocrx_word' id='word_1_217' title='bbox 1792 1586 1838 1646; x_wconf 90' lang='lat' dir='ltr'><strong>B</strong></span> <span class='ocrx_word' id='word_1_218' title='bbox 1859 1593 1992 1664; x_wconf 90' lang='lat' dir='ltr'>quia</span> <span class='ocrx_word' id='word_1_219' title='bbox 2022 1594 2199 1664; x_wconf 86' lang='lat' dir='ltr'>legem</span> <span class='ocrx_word' id='word_1_220' title='bbox 2234 1612 2345 1649; x_wconf 91' lang='lat' dir='ltr'>non</span> <span class='ocrx_word' id='word_1_221' title='bbox 2368 1594 2595 1658; x_wconf 86' lang='lat' dir='ltr'>habent,</span> <span class='ocrx_word' id='word_1_222' title='bbox 2627 1614 2730 1651; x_wconf 92' lang='lat' dir='ltr'>nec</span> <span class='ocrx_word' id='word_1_223' title='bbox 2758 1599 2983 1653; x_wconf 80' lang='lat' dir='ltr'>verbum</span> <span class='ocrx_word' id='word_1_224' title='bbox 3018 1586 3452 1676; x_wconf 65' lang='lat' dir='ltr'>praedicationis,</span> 
     </span>
    </p>
   </div>
   <div class='ocr_carea' id='block_1_31' title="bbox 181 1674 3449 1764">
    <p class='ocr_par' dir='ltr' id='par_1_31' title="bbox 181 1674 3449 1764">
     <span class='ocr_line' id='line_1_31' title="bbox 181 1674 3449 1764; baseline 0.005 -29"><span class='ocrx_word' id='word_1_225' title='bbox 181 1685 364 1735; x_wconf 87' lang='lat' dir='ltr'>netur.</span> <span class='ocrx_word' id='word_1_226' title='bbox 391 1681 532 1746; x_wconf 86' lang='lat' dir='ltr'>Quis</span> <span class='ocrx_word' id='word_1_227' title='bbox 572 1682 723 1738; x_wconf 89' lang='lat' dir='ltr'>enim</span> <span class='ocrx_word' id='word_1_228' title='bbox 765 1674 898 1737; x_wconf 77' lang='lat' dir='ltr'>non</span> <span class='ocrx_word' id='word_1_229' title='bbox 921 1682 1108 1736; x_wconf 87' lang='lat' dir='ltr'>videat</span> <span class='ocrx_word' id='word_1_230' title='bbox 1136 1681 1569 1752; x_wconf 84' lang='lat' dir='ltr'>benignissimus</span> <span class='ocrx_word' id='word_1_231' title='bbox 1615 1684 1776 1738; x_wconf 90' lang='lat' dir='ltr'>Jesus</span> <span class='ocrx_word' id='word_1_232' title='bbox 1859 1681 1979 1737; x_wconf 90' lang='lat' dir='ltr'>sine</span> <span class='ocrx_word' id='word_1_233' title='bbox 2009 1699 2119 1753; x_wconf 89' lang='lat' dir='ltr'>quo</span> <span class='ocrx_word' id='word_1_234' title='bbox 2150 1701 2316 1738; x_wconf 88' lang='lat' dir='ltr'>nemo</span> <span class='ocrx_word' id='word_1_235' title='bbox 2344 1685 2497 1738; x_wconf 80' lang='lat' dir='ltr'>vivit.</span> <span class='ocrx_word' id='word_1_236' title='bbox 2543 1687 2605 1740; x_wconf 83' lang='lat' dir='ltr'>Et</span> <span class='ocrx_word' id='word_1_237' title='bbox 2634 1688 2912 1742; x_wconf 76' lang='lat' dir='ltr'>dimittere</span> <span class='ocrx_word' id='word_1_238' title='bbox 2942 1707 3025 1743; x_wconf 79' lang='lat' dir='ltr'>eos</span> <span class='ocrx_word' id='word_1_239' title='bbox 3051 1674 3449 1764; x_wconf 71' lang='lat' dir='ltr'>jejunus-nolo,</span> 
     </span>
    </p>
   </div>
   <div class='ocr_carea' id='block_1_32' title="bbox 182 1769 3454 1846">
    <p class='ocr_par' dir='ltr' id='par_1_32' title="bbox 182 1769 3454 1846">
     <span class='ocr_line' id='line_1_32' title="bbox 182 1769 3454 1846; baseline 0.005 -22"><span class='ocrx_word' id='word_1_240' title='bbox 182 1770 321 1840; x_wconf 83' lang='lat' dir='ltr'>quod</span> <span class='ocrx_word' id='word_1_241' title='bbox 353 1769 660 1826; x_wconf 78' lang='lat' dir='ltr'>miseretur</span> <span class='ocrx_word' id='word_1_242' title='bbox 683 1770 882 1837; x_wconf 63' lang='lat' dir='ltr'>turbae,</span> <span class='ocrx_word' id='word_1_243' title='bbox 915 1771 1064 1843; x_wconf 92' lang='lat' dir='ltr'>quod</span> <span class='ocrx_word' id='word_1_244' title='bbox 1101 1770 1439 1842; x_wconf 88' lang='lat' dir='ltr'>colloquitur</span> <span class='ocrx_word' id='word_1_245' title='bbox 1465 1771 1771 1842; x_wconf 87' lang='lat' dir='ltr'>discipulis,</span> <span class='ocrx_word' id='word_1_246' title='bbox 1860 1788 1926 1825; x_wconf 82' lang='lat' dir='ltr'>ne</span> <span class='ocrx_word' id='word_1_247' title='bbox 1963 1774 2219 1839; x_wconf 76' lang='lat' dir='ltr'>deﬁciant</span> <span class='ocrx_word' id='word_1_248' title='bbox 2248 1776 2309 1827; x_wconf 81' lang='lat' dir='ltr'>in</span> <span class='ocrx_word' id='word_1_249' title='bbox 2338 1777 2447 1828; x_wconf 83' lang='lat' dir='ltr'>via.</span> <span class='ocrx_word' id='word_1_250' title='bbox 2474 1775 2649 1845; x_wconf 89' lang='lat' dir='ltr'>thui</span> <span class='ocrx_word' id='word_1_251' title='bbox 2666 1777 2941 1846; x_wconf 87' lang='lat' dir='ltr'>perﬁdem</span> <span class='ocrx_word' id='word_1_252' title='bbox 2971 1779 3257 1836; x_wconf 89' lang='lat' dir='ltr'>Christum</span> <span class='ocrx_word' id='word_1_253' title='bbox 3280 1784 3454 1839; x_wconf 89' lang='lat' dir='ltr'>credi-</span> 
     </span>
    </p>
   </div>
   <div class='ocr_carea' id='block_1_33' title="bbox 181 1859 3450 1935">
    <p class='ocr_par' dir='ltr' id='par_1_33' title="bbox 181 1859 3450 1935">
     <span class='ocr_line' id='line_1_33' title="bbox 181 1859 3450 1935; baseline 0.005 -22"><span class='ocrx_word' id='word_1_254' title='bbox 181 1874 247 1913; x_wconf 88' lang='lat' dir='ltr'>ne</span> <span class='ocrx_word' id='word_1_255' title='bbox 269 1860 359 1914; x_wconf 91' lang='lat' dir='ltr'>vel</span> <span class='ocrx_word' id='word_1_256' title='bbox 400 1860 593 1915; x_wconf 88' lang='lat' dir='ltr'>inedia</span> <span class='ocrx_word' id='word_1_257' title='bbox 633 1860 717 1915; x_wconf 86' lang='lat' dir='ltr'>vel</span> <span class='ocrx_word' id='word_1_258' title='bbox 762 1861 1032 1932; x_wconf 87' lang='lat' dir='ltr'>longioris</span> <span class='ocrx_word' id='word_1_259' title='bbox 1070 1861 1168 1915; x_wconf 71' lang='lat' dir='ltr'>viae</span> <span class='ocrx_word' id='word_1_260' title='bbox 1201 1859 1409 1925; x_wconf 89' lang='lat' dir='ltr'>labore,</span> <span class='ocrx_word' id='word_1_261' title='bbox 1440 1859 1607 1915; x_wconf 88' lang='lat' dir='ltr'>turba</span> <span class='ocrx_word' id='word_1_262' title='bbox 1636 1862 1773 1915; x_wconf 88' lang='lat' dir='ltr'>defi-</span> <span class='ocrx_word' id='word_1_263' title='bbox 1858 1860 2074 1924; x_wconf 89' lang='lat' dir='ltr'>derant,</span> <span class='ocrx_word' id='word_1_264' title='bbox 2110 1861 2275 1915; x_wconf 89' lang='lat' dir='ltr'>verbo</span> <span class='ocrx_word' id='word_1_265' title='bbox 2303 1863 2433 1916; x_wconf 89' lang='lat' dir='ltr'>ﬁdei</span> <span class='ocrx_word' id='word_1_266' title='bbox 2475 1864 2734 1935; x_wconf 89' lang='lat' dir='ltr'>deinceps</span> <span class='ocrx_word' id='word_1_267' title='bbox 2763 1865 3049 1921; x_wconf 88' lang='lat' dir='ltr'>alerentur</span> <span class='ocrx_word' id='word_1_268' title='bbox 3092 1869 3151 1923; x_wconf 91' lang='lat' dir='ltr'>in</span> <span class='ocrx_word' id='word_1_269' title='bbox 3189 1873 3450 1930; x_wconf 88' lang='lat' dir='ltr'>salutem.</span> 
     </span>
    </p>
   </div>
   <div class='ocr_carea' id='block_1_34' title="bbox 181 1946 3452 2028">
    <p class='ocr_par' dir='ltr' id='par_1_34' title="bbox 181 1946 3452 2028">
     <span class='ocr_line' id='line_1_34' title="bbox 181 1946 3452 2028; baseline 0.004 -27"><span class='ocrx_word' id='word_1_270' title='bbox 181 1946 299 2013; x_wconf 88' lang='lat' dir='ltr'>ciat,</span> <span class='ocrx_word' id='word_1_271' title='bbox 321 1948 594 2004; x_wconf 78' lang='lat' dir='ltr'>aﬂ&#39;ectum</span> <span class='ocrx_word' id='word_1_272' title='bbox 622 1966 744 2004; x_wconf 87' lang='lat' dir='ltr'>esse</span> <span class='ocrx_word' id='word_1_273' title='bbox 762 1949 849 2003; x_wconf 92' lang='lat' dir='ltr'>vel</span> <span class='ocrx_word' id='word_1_274' title='bbox 868 1949 1312 2020; x_wconf 88' lang='lat' dir='ltr'>compassionem</span> <span class='ocrx_word' id='word_1_275' title='bbox 1329 1950 1591 2004; x_wconf 71' lang='lat' dir='ltr'>humanm</span> <span class='ocrx_word' id='word_1_276' title='bbox 1608 1950 1776 2021; x_wconf 82' lang='lat' dir='ltr'>fragi-</span> <span class='ocrx_word' id='word_1_277' title='bbox 1858 1947 2008 2002; x_wconf 92' lang='lat' dir='ltr'>Ordo</span> <span class='ocrx_word' id='word_1_278' title='bbox 2036 1948 2211 2019; x_wconf 82' lang='lat' dir='ltr'>igitur</span> <span class='ocrx_word' id='word_1_279' title='bbox 2234 1950 2380 2003; x_wconf 88' lang='lat' dir='ltr'>idem</span> <span class='ocrx_word' id='word_1_280' title='bbox 2422 1957 2506 2005; x_wconf 90' lang='lat' dir='ltr'>est</span> <span class='ocrx_word' id='word_1_281' title='bbox 2535 1951 2592 2003; x_wconf 90' lang='lat' dir='ltr'>in</span> <span class='ocrx_word' id='word_1_282' title='bbox 2623 1968 2881 2007; x_wconf 85' lang='lat' dir='ltr'>sermone</span> <span class='ocrx_word' id='word_1_283' title='bbox 2911 1955 3153 2023; x_wconf 89' lang='lat' dir='ltr'>Domini,</span> <span class='ocrx_word' id='word_1_284' title='bbox 3187 1959 3283 2028; x_wconf 92' lang='lat' dir='ltr'>qui</span> <span class='ocrx_word' id='word_1_285' title='bbox 3315 1966 3372 2014; x_wconf 91' lang='lat' dir='ltr'>et</span> <span class='ocrx_word' id='word_1_286' title='bbox 3392 1961 3452 2015; x_wconf 90' lang='lat' dir='ltr'>in</span> 
     </span>
    </p>
   </div>
   <div class='ocr_carea' id='block_1_35' title="bbox 181 2034 3453 2112">
    <p class='ocr_par' dir='ltr' id='par_1_35' title="bbox 181 2034 3453 2112">
     <span class='ocr_line' id='line_1_35' title="bbox 181 2034 3453 2112; baseline 0.004 -23"><span class='ocrx_word' id='word_1_287' title='bbox 181 2034 392 2091; x_wconf 81' lang='lat' dir='ltr'>litatis?</span> <span class='ocrx_word' id='word_1_288' title='bbox 412 2037 576 2102; x_wconf 87' lang='lat' dir='ltr'>Quod</span> <span class='ocrx_word' id='word_1_289' title='bbox 599 2054 731 2093; x_wconf 89' lang='lat' dir='ltr'>vero</span> <span class='ocrx_word' id='word_1_290' title='bbox 746 2038 816 2093; x_wconf 92' lang='lat' dir='ltr'>de</span> <span class='ocrx_word' id='word_1_291' title='bbox 828 2044 1042 2109; x_wconf 87' lang='lat' dir='ltr'>septem</span> <span class='ocrx_word' id='word_1_292' title='bbox 1067 2037 1307 2108; x_wconf 89' lang='lat' dir='ltr'>panibus</span> <span class='ocrx_word' id='word_1_293' title='bbox 1328 2042 1386 2092; x_wconf 88' lang='lat' dir='ltr'>et</span> <span class='ocrx_word' id='word_1_294' title='bbox 1398 2038 1590 2109; x_wconf 84' lang='lat' dir='ltr'>paucis</span> <span class='ocrx_word' id='word_1_295' title='bbox 1607 2038 1774 2110; x_wconf 88' lang='lat' dir='ltr'>pisci-</span> <span class='ocrx_word' id='word_1_296' title='bbox 1857 2038 2248 2108; x_wconf 86' lang='lat' dir='ltr'>consequenda</span> <span class='ocrx_word' id='word_1_297' title='bbox 2276 2039 2459 2109; x_wconf 83' lang='lat' dir='ltr'>gratia</span> <span class='ocrx_word' id='word_1_298' title='bbox 2497 2046 2703 2094; x_wconf 86' lang='lat' dir='ltr'>manet.</span> <span class='ocrx_word' id='word_1_299' title='bbox 2736 2042 2895 2096; x_wconf 91' lang='lat' dir='ltr'>Unde</span> <span class='ocrx_word' id='word_1_300' title='bbox 2925 2048 2982 2097; x_wconf 94' lang='lat' dir='ltr'>et</span> <span class='ocrx_word' id='word_1_301' title='bbox 3006 2044 3190 2112; x_wconf 87' lang='lat' dir='ltr'>hodie,</span> <span class='ocrx_word' id='word_1_302' title='bbox 3232 2050 3453 2103; x_wconf 88' lang='lat' dir='ltr'>venturi</span> 
     </span>
    </p>
   </div>
   <div class='ocr_carea' id='block_1_36' title="bbox 180 2125 3455 2199">
    <p class='ocr_par' dir='ltr' id='par_1_36' title="bbox 180 2125 3455 2199">
     <span class='ocr_line' id='line_1_36' title="bbox 180 2125 3455 2199; baseline 0.003 -19"><span class='ocrx_word' id='word_1_303' title='bbox 180 2125 309 2181; x_wconf 86' lang='lat' dir='ltr'>culis</span> <span class='ocrx_word' id='word_1_304' title='bbox 328 2132 584 2198; x_wconf 82' lang='lat' dir='ltr'>quatuor</span> <span class='ocrx_word' id='word_1_305' title='bbox 602 2127 897 2182; x_wconf 89' lang='lat' dir='ltr'>hominum</span> <span class='ocrx_word' id='word_1_306' title='bbox 914 2127 1092 2181; x_wconf 89' lang='lat' dir='ltr'>millia</span> <span class='ocrx_word' id='word_1_307' title='bbox 1110 2127 1400 2192; x_wconf 84' lang='lat' dir='ltr'>saturavit,</span> <span class='ocrx_word' id='word_1_308' title='bbox 1423 2127 1621 2182; x_wconf 62' lang='lat' dir='ltr'>divinae</span> <span class='ocrx_word' id='word_1_309' title='bbox 1635 2145 1774 2199; x_wconf 89' lang='lat' dir='ltr'>opus</span> <span class='ocrx_word' id='word_1_310' title='bbox 1857 2127 1927 2180; x_wconf 87' lang='lat' dir='ltr'>ad</span> <span class='ocrx_word' id='word_1_311' title='bbox 1969 2126 2328 2197; x_wconf 86' lang='lat' dir='ltr'>baptismum,</span> <span class='ocrx_word' id='word_1_312' title='bbox 2364 2128 2518 2198; x_wconf 81' lang='lat' dir='ltr'>prius</span> <span class='ocrx_word' id='word_1_313' title='bbox 2547 2131 2888 2185; x_wconf 86' lang='lat' dir='ltr'>conﬁtentur</span> <span class='ocrx_word' id='word_1_314' title='bbox 2932 2148 2993 2186; x_wconf 92' lang='lat' dir='ltr'>se</span> <span class='ocrx_word' id='word_1_315' title='bbox 3022 2134 3251 2189; x_wconf 89' lang='lat' dir='ltr'>credere</span> <span class='ocrx_word' id='word_1_316' title='bbox 3277 2136 3338 2189; x_wconf 89' lang='lat' dir='ltr'>in</span> <span class='ocrx_word' id='word_1_317' title='bbox 3369 2137 3455 2191; x_wconf 89' lang='lat' dir='ltr'>Fi-</span> 
     </span>
    </p>
   </div>
   <div class='ocr_carea' id='block_1_37' title="bbox 179 2215 3452 2293">
    <p class='ocr_par' dir='ltr' id='par_1_37' title="bbox 179 2215 3452 2293">
     <span class='ocr_line' id='line_1_37' title="bbox 179 2215 3452 2293; baseline 0.003 -23"><span class='ocrx_word' id='word_1_318' title='bbox 179 2231 290 2270; x_wconf 81' lang='lat' dir='ltr'>esse</span> <span class='ocrx_word' id='word_1_319' title='bbox 304 2216 575 2270; x_wconf 84' lang='lat' dir='ltr'>virtutis?</span> <span class='ocrx_word' id='word_1_320' title='bbox 596 2216 666 2270; x_wconf 90' lang='lat' dir='ltr'>Et</span> <span class='ocrx_word' id='word_1_321' title='bbox 683 2217 831 2288; x_wconf 91' lang='lat' dir='ltr'>quod</span> <span class='ocrx_word' id='word_1_322' title='bbox 852 2217 1036 2287; x_wconf 90' lang='lat' dir='ltr'>majus</span> <span class='ocrx_word' id='word_1_323' title='bbox 1057 2221 1160 2282; x_wconf 91' lang='lat' dir='ltr'>est,</span> <span class='ocrx_word' id='word_1_324' title='bbox 1191 2217 1300 2270; x_wconf 89' lang='lat' dir='ltr'>ista</span> <span class='ocrx_word' id='word_1_325' title='bbox 1330 2216 1412 2270; x_wconf 89' lang='lat' dir='ltr'>ita</span> <span class='ocrx_word' id='word_1_326' title='bbox 1438 2215 1497 2270; x_wconf 91' lang='lat' dir='ltr'>in</span> <span class='ocrx_word' id='word_1_327' title='bbox 1515 2217 1776 2273; x_wconf 88' lang='lat' dir='ltr'>omnibus</span> <span class='ocrx_word' id='word_1_328' title='bbox 1856 2215 1993 2270; x_wconf 89' lang='lat' dir='ltr'>lium</span> <span class='ocrx_word' id='word_1_329' title='bbox 2014 2218 2133 2281; x_wconf 89' lang='lat' dir='ltr'>Dei,</span> <span class='ocrx_word' id='word_1_330' title='bbox 2159 2224 2216 2271; x_wconf 91' lang='lat' dir='ltr'>et</span> <span class='ocrx_word' id='word_1_331' title='bbox 2232 2218 2289 2270; x_wconf 89' lang='lat' dir='ltr'>in</span> <span class='ocrx_word' id='word_1_332' title='bbox 2312 2218 2568 2287; x_wconf 85' lang='lat' dir='ltr'>passione</span> <span class='ocrx_word' id='word_1_333' title='bbox 2590 2235 2655 2271; x_wconf 89' lang='lat' dir='ltr'>ac</span> <span class='ocrx_word' id='word_1_334' title='bbox 2676 2219 3088 2275; x_wconf 88' lang='lat' dir='ltr'>resurrectione</span> <span class='ocrx_word' id='word_1_335' title='bbox 3100 2223 3306 2293; x_wconf 91' lang='lat' dir='ltr'>ejus,et</span> <span class='ocrx_word' id='word_1_336' title='bbox 3324 2224 3452 2279; x_wconf 90' lang='lat' dir='ltr'>huic</span> 
     </span>
    </p>
   </div>
   <div class='ocr_carea' id='block_1_38' title="bbox 177 2305 3454 2384">
    <p class='ocr_par' dir='ltr' id='par_1_38' title="bbox 177 2305 3454 2384">
     <span class='ocr_line' id='line_1_38' title="bbox 177 2305 3454 2384; baseline 0.003 -26"><span class='ocrx_word' id='word_1_337' title='bbox 177 2309 567 2376; x_wconf 80' lang='lat' dir='ltr'>temperentur</span> <span class='ocrx_word' id='word_1_338' title='bbox 583 2305 1458 2372; x_wconf 75' lang='lat' dir='ltr'>miraculis,dictisetfactis,utet</span> <span class='ocrx_word' id='word_1_339' title='bbox 1475 2306 1683 2360; x_wconf 90' lang='lat' dir='ltr'>veritas</span> <span class='ocrx_word' id='word_1_340' title='bbox 1698 2307 1777 2361; x_wconf 86' lang='lat' dir='ltr'>fa-</span> <span class='ocrx_word' id='word_1_341' title='bbox 1858 2305 2218 2375; x_wconf 80' lang='lat' dir='ltr'>professionis</span> <span class='ocrx_word' id='word_1_342' title='bbox 2275 2316 2624 2361; x_wconf 79' lang='lat' dir='ltr'>sacramento</span> <span class='ocrx_word' id='word_1_343' title='bbox 2673 2308 2812 2362; x_wconf 88' lang='lat' dir='ltr'>ﬁdes</span> <span class='ocrx_word' id='word_1_344' title='bbox 2855 2309 3129 2364; x_wconf 89' lang='lat' dir='ltr'>redditur.</span> <span class='ocrx_word' id='word_1_345' title='bbox 3160 2313 3344 2384; x_wconf 86' lang='lat' dir='ltr'>Atque</span> <span class='ocrx_word' id='word_1_346' title='bbox 3389 2318 3454 2369; x_wconf 91' lang='lat' dir='ltr'>ut</span> 
     </span>
    </p>
   </div>
   <div class='ocr_carea' id='block_1_39' title="bbox 177 2393 3453 2471">
    <p class='ocr_par' dir='ltr' id='par_1_39' title="bbox 177 2393 3453 2471">
     <span class='ocr_line' id='line_1_39' title="bbox 177 2393 3453 2471; baseline 0.003 -23"><span class='ocrx_word' id='word_1_347' title='bbox 177 2393 691 2449; x_wconf 83' lang='lat' dir='ltr'>cticommendetur</span> <span class='ocrx_word' id='word_1_348' title='bbox 718 2395 777 2449; x_wconf 91' lang='lat' dir='ltr'>in</span> <span class='ocrx_word' id='word_1_349' title='bbox 806 2395 1078 2450; x_wconf 90' lang='lat' dir='ltr'>miraculo</span> <span class='ocrx_word' id='word_1_350' title='bbox 1111 2394 1272 2466; x_wconf 83' lang='lat' dir='ltr'>quasi</span> <span class='ocrx_word' id='word_1_351' title='bbox 1295 2393 1353 2449; x_wconf 91' lang='lat' dir='ltr'>in</span> <span class='ocrx_word' id='word_1_352' title='bbox 1383 2394 1587 2464; x_wconf 90' lang='lat' dir='ltr'>specie,</span> <span class='ocrx_word' id='word_1_353' title='bbox 1612 2402 1669 2449; x_wconf 94' lang='lat' dir='ltr'>et</span> <span class='ocrx_word' id='word_1_354' title='bbox 1682 2412 1773 2450; x_wconf 89' lang='lat' dir='ltr'>sa-</span> <span class='ocrx_word' id='word_1_355' title='bbox 1857 2395 2002 2448; x_wconf 89' lang='lat' dir='ltr'>hanc</span> <span class='ocrx_word' id='word_1_356' title='bbox 2030 2395 2320 2449; x_wconf 85' lang='lat' dir='ltr'>verborum</span> <span class='ocrx_word' id='word_1_357' title='bbox 2343 2397 2698 2466; x_wconf 86' lang='lat' dir='ltr'>sponsionem</span> <span class='ocrx_word' id='word_1_358' title='bbox 2721 2398 2975 2468; x_wconf 84' lang='lat' dir='ltr'>quaedam</span> <span class='ocrx_word' id='word_1_359' title='bbox 3000 2400 3249 2471; x_wconf 87' lang='lat' dir='ltr'>ipsarum</span> <span class='ocrx_word' id='word_1_360' title='bbox 3262 2418 3453 2458; x_wconf 88' lang='lat' dir='ltr'>rerum</span> 
     </span>
    </p>
   </div>
   <div class='ocr_carea' id='block_1_40' title="bbox 176 2483 3453 2560">
    <p class='ocr_par' dir='ltr' id='par_1_40' title="bbox 176 2483 3453 2560">
     <span class='ocr_line' id='line_1_40' title="bbox 176 2483 3453 2560; baseline 0.003 -23"><span class='ocrx_word' id='word_1_361' title='bbox 176 2490 528 2539; x_wconf 86' lang='lat' dir='ltr'>cramentum</span> <span class='ocrx_word' id='word_1_362' title='bbox 566 2484 903 2556; x_wconf 62' lang='lat' dir='ltr'>praedicetur</span> <span class='ocrx_word' id='word_1_363' title='bbox 917 2500 1085 2556; x_wconf 90' lang='lat' dir='ltr'>opere</span> <span class='ocrx_word' id='word_1_364' title='bbox 1115 2483 1428 2538; x_wconf 87' lang='lat' dir='ltr'>divinitatis</span> <span class='ocrx_word' id='word_1_365' title='bbox 1459 2483 1517 2537; x_wconf 92' lang='lat' dir='ltr'>in</span> <span class='ocrx_word' id='word_1_366' title='bbox 1545 2500 1770 2553; x_wconf 70' lang='lat' dir='ltr'>genere.</span> <span class='ocrx_word' id='word_1_367' title='bbox 1856 2484 2062 2537; x_wconf 87' lang='lat' dir='ltr'>veritas</span> <span class='ocrx_word' id='word_1_368' title='bbox 2091 2492 2484 2554; x_wconf 85' lang='lat' dir='ltr'>consequatur,</span> <span class='ocrx_word' id='word_1_369' title='bbox 2529 2493 2648 2540; x_wconf 88' lang='lat' dir='ltr'>toto</span> <span class='ocrx_word' id='word_1_370' title='bbox 2676 2487 2734 2539; x_wconf 92' lang='lat' dir='ltr'>in</span> <span class='ocrx_word' id='word_1_371' title='bbox 2758 2488 2993 2556; x_wconf 87' lang='lat' dir='ltr'>jejuniis</span> <span class='ocrx_word' id='word_1_372' title='bbox 3023 2491 3297 2560; x_wconf 86' lang='lat' dir='ltr'>passionis</span> <span class='ocrx_word' id='word_1_373' title='bbox 3341 2493 3453 2547; x_wconf 89' lang='lat' dir='ltr'>Do-</span> 
     </span>
    </p>
   </div>
   <div class='ocr_carea' id='block_1_41' title="bbox 178 2571 3455 2645">
    <p class='ocr_par' dir='ltr' id='par_1_41' title="bbox 178 2571 3455 2645">
     <span class='ocr_line' id='line_1_41' title="bbox 178 2571 3455 2645; baseline 0.003 -18"><span class='ocrx_word' id='word_1_374' title='bbox 178 2573 289 2634; x_wconf 82' lang='lat' dir='ltr'>Qua</span> <span class='ocrx_word' id='word_1_375' title='bbox 316 2572 397 2628; x_wconf 89' lang='lat' dir='ltr'>de</span> <span class='ocrx_word' id='word_1_376' title='bbox 442 2590 617 2629; x_wconf 88' lang='lat' dir='ltr'>causa</span> <span class='ocrx_word' id='word_1_377' title='bbox 661 2590 795 2645; x_wconf 92' lang='lat' dir='ltr'>rogo</span> <span class='ocrx_word' id='word_1_378' title='bbox 844 2574 1126 2644; x_wconf 84' lang='lat' dir='ltr'>intelligat</span> <span class='ocrx_word' id='word_1_379' title='bbox 1170 2573 1478 2629; x_wconf 86' lang='lat' dir='ltr'>catholicus</span> <span class='ocrx_word' id='word_1_380' title='bbox 1527 2573 1770 2641; x_wconf 89' lang='lat' dir='ltr'>auditor,</span> <span class='ocrx_word' id='word_1_381' title='bbox 1857 2571 2073 2626; x_wconf 76' lang='lat' dir='ltr'>minicae</span> <span class='ocrx_word' id='word_1_382' title='bbox 2101 2579 2351 2642; x_wconf 86' lang='lat' dir='ltr'>tempore</span> <span class='ocrx_word' id='word_1_383' title='bbox 2371 2574 2744 2638; x_wconf 89' lang='lat' dir='ltr'>demorantes,</span> <span class='ocrx_word' id='word_1_384' title='bbox 2772 2577 3016 2645; x_wconf 89' lang='lat' dir='ltr'>quadam</span> <span class='ocrx_word' id='word_1_385' title='bbox 3045 2579 3282 2635; x_wconf 89' lang='lat' dir='ltr'>Domino</span> <span class='ocrx_word' id='word_1_386' title='bbox 3306 2597 3455 2637; x_wconf 88' lang='lat' dir='ltr'>com-</span> 
     </span>
    </p>
   </div>
   <div class='ocr_carea' id='block_1_42' title="bbox 179 2660 3452 2741">
    <p class='ocr_par' dir='ltr' id='par_1_42' title="bbox 179 2660 3452 2741">
     <span class='ocr_line' id='line_1_42' title="bbox 179 2660 3452 2741; baseline 0.002 -23"><span class='ocrx_word' id='word_1_387' title='bbox 179 2662 300 2733; x_wconf 85' lang='lat' dir='ltr'>quid</span> <span class='ocrx_word' id='word_1_388' title='bbox 330 2668 427 2717; x_wconf 84' lang='lat' dir='ltr'>est</span> <span class='ocrx_word' id='word_1_389' title='bbox 453 2664 606 2734; x_wconf 91' lang='lat' dir='ltr'>quod</span> <span class='ocrx_word' id='word_1_390' title='bbox 627 2663 984 2734; x_wconf 89' lang='lat' dir='ltr'>omnipotens</span> <span class='ocrx_word' id='word_1_391' title='bbox 1008 2664 1299 2729; x_wconf 90' lang='lat' dir='ltr'>Deus,non</span> <span class='ocrx_word' id='word_1_392' title='bbox 1330 2662 1573 2733; x_wconf 88' lang='lat' dir='ltr'>amplius</span> <span class='ocrx_word' id='word_1_393' title='bbox 1603 2679 1771 2733; x_wconf 87' lang='lat' dir='ltr'>quam</span> <span class='ocrx_word' id='word_1_394' title='bbox 1856 2660 2133 2730; x_wconf 87' lang='lat' dir='ltr'>passionis</span> <span class='ocrx_word' id='word_1_395' title='bbox 2149 2662 2416 2717; x_wconf 87' lang='lat' dir='ltr'>societate</span> <span class='ocrx_word' id='word_1_396' title='bbox 2422 2664 2770 2733; x_wconf 89' lang='lat' dir='ltr'>junguntur;</span> <span class='ocrx_word' id='word_1_397' title='bbox 2794 2681 2858 2717; x_wconf 84' lang='lat' dir='ltr'>ac</span> <span class='ocrx_word' id='word_1_398' title='bbox 2891 2682 2990 2735; x_wconf 91' lang='lat' dir='ltr'>per</span> <span class='ocrx_word' id='word_1_399' title='bbox 3020 2667 3123 2721; x_wconf 91' lang='lat' dir='ltr'>hoc</span> <span class='ocrx_word' id='word_1_400' title='bbox 3154 2668 3268 2722; x_wconf 89' lang='lat' dir='ltr'>sive</span> <span class='ocrx_word' id='word_1_401' title='bbox 3287 2686 3452 2741; x_wconf 86' lang='lat' dir='ltr'>spon-</span> 
     </span>
    </p>
   </div>
   <div class='ocr_carea' id='block_1_43' title="bbox 176 2749 3451 2828">
    <p class='ocr_par' dir='ltr' id='par_1_43' title="bbox 176 2749 3451 2828">
     <span class='ocr_line' id='line_1_43' title="bbox 176 2749 3451 2828; baseline 0.002 -22"><span class='ocrx_word' id='word_1_402' title='bbox 176 2752 419 2807; x_wconf 80' lang='lat' dir='ltr'>secundo</span> <span class='ocrx_word' id='word_1_403' title='bbox 454 2751 528 2807; x_wconf 92' lang='lat' dir='ltr'>de</span> <span class='ocrx_word' id='word_1_404' title='bbox 546 2752 786 2825; x_wconf 86' lang='lat' dir='ltr'>panibus</span> <span class='ocrx_word' id='word_1_405' title='bbox 805 2753 908 2807; x_wconf 89' lang='lat' dir='ltr'>hoc</span> <span class='ocrx_word' id='word_1_406' title='bbox 923 2752 1118 2808; x_wconf 88' lang='lat' dir='ltr'>fecerit</span> <span class='ocrx_word' id='word_1_407' title='bbox 1134 2752 1562 2815; x_wconf 89' lang='lat' dir='ltr'>miraculum,ut</span> <span class='ocrx_word' id='word_1_408' title='bbox 1579 2752 1775 2808; x_wconf 85' lang='lat' dir='ltr'>turbas</span> <span class='ocrx_word' id='word_1_409' title='bbox 1856 2749 2029 2804; x_wconf 88' lang='lat' dir='ltr'>sionis</span> <span class='ocrx_word' id='word_1_410' title='bbox 2055 2752 2411 2815; x_wconf 86' lang='lat' dir='ltr'>sacramenti,</span> <span class='ocrx_word' id='word_1_411' title='bbox 2438 2752 2551 2805; x_wconf 85' lang='lat' dir='ltr'>sive</span> <span class='ocrx_word' id='word_1_412' title='bbox 2580 2753 2990 2823; x_wconf 89' lang='lat' dir='ltr'>jejunio,omne</span> <span class='ocrx_word' id='word_1_413' title='bbox 3009 2755 3148 2810; x_wconf 92' lang='lat' dir='ltr'>illud</span> <span class='ocrx_word' id='word_1_414' title='bbox 3179 2758 3451 2828; x_wconf 86' lang='lat' dir='ltr'>passionis</span> 
     </span>
    </p>
   </div>
   <div class='ocr_carea' id='block_1_44' title="bbox 174 2840 3450 2914">
    <p class='ocr_par' dir='ltr' id='par_1_44' title="bbox 174 2840 3450 2914">
     <span class='ocr_line' id='line_1_44' title="bbox 174 2840 3450 2914; baseline 0.002 -18"><span class='ocrx_word' id='word_1_415' title='bbox 174 2847 449 2912; x_wconf 84' lang='lat' dir='ltr'>pasceret,</span> <span class='ocrx_word' id='word_1_416' title='bbox 485 2847 543 2896; x_wconf 89' lang='lat' dir='ltr'>et</span> <span class='ocrx_word' id='word_1_417' title='bbox 587 2841 840 2913; x_wconf 69' lang='lat' dir='ltr'>reliquis:</span> <span class='ocrx_word' id='word_1_418' title='bbox 868 2846 1221 2914; x_wconf 87' lang='lat' dir='ltr'>superarent.</span> <span class='ocrx_word' id='word_1_419' title='bbox 1256 2842 1382 2896; x_wconf 89' lang='lat' dir='ltr'>Non</span> <span class='ocrx_word' id='word_1_420' title='bbox 1410 2841 1561 2896; x_wconf 90' lang='lat' dir='ltr'>enim</span> <span class='ocrx_word' id='word_1_421' title='bbox 1596 2841 1775 2912; x_wconf 90' lang='lat' dir='ltr'>impo-</span> <span class='ocrx_word' id='word_1_422' title='bbox 1858 2840 2162 2895; x_wconf 79' lang='lat' dir='ltr'>Dominicse</span> <span class='ocrx_word' id='word_1_423' title='bbox 2188 2857 2315 2894; x_wconf 91' lang='lat' dir='ltr'>cum</span> <span class='ocrx_word' id='word_1_424' title='bbox 2355 2841 2591 2896; x_wconf 91' lang='lat' dir='ltr'>Domino</span> <span class='ocrx_word' id='word_1_425' title='bbox 2612 2846 2791 2911; x_wconf 85' lang='lat' dir='ltr'>agunt</span> <span class='ocrx_word' id='word_1_426' title='bbox 2820 2849 3063 2914; x_wconf 79' lang='lat' dir='ltr'>tempus.</span> <span class='ocrx_word' id='word_1_427' title='bbox 3097 2845 3313 2910; x_wconf 88' lang='lat' dir='ltr'>Quibus</span> <span class='ocrx_word' id='word_1_428' title='bbox 3339 2848 3450 2903; x_wconf 80' lang='lat' dir='ltr'>Do-</span> 
     </span>
    </p>
   </div>
   <div class='ocr_carea' id='block_1_45' title="bbox 173 2928 3451 3007">
    <p class='ocr_par' dir='ltr' id='par_1_45' title="bbox 173 2928 3451 3007">
     <span class='ocr_line' id='line_1_45' title="bbox 173 2928 3451 3007; baseline 0.002 -22"><span class='ocrx_word' id='word_1_429' title='bbox 173 2934 291 2985; x_wconf 89' lang='lat' dir='ltr'>tens</span> <span class='ocrx_word' id='word_1_430' title='bbox 316 2937 471 2996; x_wconf 80' lang='lat' dir='ltr'>erat,</span> <span class='ocrx_word' id='word_1_431' title='bbox 498 2936 564 2986; x_wconf 91' lang='lat' dir='ltr'>ut</span> <span class='ocrx_word' id='word_1_432' title='bbox 591 2928 834 3002; x_wconf 83' lang='lat' dir='ltr'>amplius</span> <span class='ocrx_word' id='word_1_433' title='bbox 856 2947 968 2986; x_wconf 90' lang='lat' dir='ltr'>non</span> <span class='ocrx_word' id='word_1_434' title='bbox 988 2936 1179 3003; x_wconf 87' lang='lat' dir='ltr'>posset</span> <span class='ocrx_word' id='word_1_435' title='bbox 1202 2930 1250 2985; x_wconf 94' lang='lat' dir='ltr'>si</span> <span class='ocrx_word' id='word_1_436' title='bbox 1279 2930 1474 2998; x_wconf 84' lang='lat' dir='ltr'>vellet;</span> <span class='ocrx_word' id='word_1_437' title='bbox 1507 2930 1605 2985; x_wconf 90' lang='lat' dir='ltr'>sed</span> <span class='ocrx_word' id='word_1_438' title='bbox 1626 2932 1773 2985; x_wconf 90' lang='lat' dir='ltr'>ratio</span> <span class='ocrx_word' id='word_1_439' title='bbox 1792 2986 1832 3007; x_wconf 59' lang='grc' dir='ltr'>η</span> <span class='ocrx_word' id='word_1_440' title='bbox 1855 2929 2041 2983; x_wconf 89' lang='lat' dir='ltr'>minus</span> <span class='ocrx_word' id='word_1_441' title='bbox 2072 2931 2332 2984; x_wconf 89' lang='lat' dir='ltr'>misertus</span> <span class='ocrx_word' id='word_1_442' title='bbox 2353 2929 2452 2993; x_wconf 88' lang='lat' dir='ltr'>ait,</span> <span class='ocrx_word' id='word_1_443' title='bbox 2469 2932 2587 3001; x_wconf 90' lang='lat' dir='ltr'>jam</span> <span class='ocrx_word' id='word_1_444' title='bbox 2607 2934 2796 2985; x_wconf 80' lang='lat' dir='ltr'>triduo</span> <span class='ocrx_word' id='word_1_445' title='bbox 2822 2949 3009 2987; x_wconf 90' lang='lat' dir='ltr'>secum</span> <span class='ocrx_word' id='word_1_446' title='bbox 3041 2951 3180 3000; x_wconf 89' lang='lat' dir='ltr'>esse,</span> <span class='ocrx_word' id='word_1_447' title='bbox 3210 2953 3352 3007; x_wconf 92' lang='lat' dir='ltr'>quos</span> <span class='ocrx_word' id='word_1_448' title='bbox 3380 2954 3451 2993; x_wconf 89' lang='lat' dir='ltr'>ne</span> 
     </span>
    </p>
   </div>
   <div class='ocr_carea' id='block_1_46' title="bbox 174 2986 3452 3094">
    <p class='ocr_par' dir='ltr' id='par_1_46' title="bbox 174 2986 3452 3094">
     <span class='ocr_line' id='line_1_46' title="bbox 460 2986 3450 3007; baseline -0.005 -4"><span class='ocrx_word' id='word_1_449' title='bbox 460 2986 470 2996; x_wconf 76' lang='grc' dir='ltr'><em>ι</em></span> <span class='ocrx_word' id='word_1_450' title='bbox 688 2986 705 3002; x_wconf 90' lang='grc'>.</span> <span class='ocrx_word' id='word_1_451' title='bbox 989 2986 1007 3003; x_wconf 86' lang='grc'>.</span> <span class='ocrx_word' id='word_1_452' title='bbox 1463 2986 1473 2998; x_wconf 83' lang='grc'><strong><em>,</em></strong></span> <span class='ocrx_word' id='word_1_453' title='bbox 2444 2986 2490 3001; x_wconf 84' lang='grc'>.,,</span> <span class='ocrx_word' id='word_1_454' title='bbox 2896 2986 2931 2987; x_wconf 25' lang='grc' dir='ltr'><strong>γ.</strong></span> <span class='ocrx_word' id='word_1_455' title='bbox 3216 2986 3350 3007; x_wconf 50' lang='grc' dir='ltr'>Ὶη-</span> <span class='ocrx_word' id='word_1_456' title='bbox 3380 2986 3450 2993; x_wconf 74' lang='grc'><strong>..,</strong></span> 
     </span>
     <span class='ocr_line' id='line_1_47' title="bbox 174 2986 3452 3094; baseline 0.002 -21"><span class='ocrx_word' id='word_1_457' title='bbox 174 3020 355 3091; x_wconf 80' lang='lat' dir='ltr'>exegit</span> <span class='ocrx_word' id='word_1_458' title='bbox 378 3036 455 3075; x_wconf 90' lang='lat' dir='ltr'>ne</span> <span class='ocrx_word' id='word_1_459' title='bbox 486 3020 615 3091; x_wconf 89' lang='lat' dir='ltr'>plus</span> <span class='ocrx_word' id='word_1_460' title='bbox 643 3025 743 3075; x_wconf 88' lang='lat' dir='ltr'>aut</span> <span class='ocrx_word' id='word_1_461' title='bbox 772 3021 957 3075; x_wconf 90' lang='lat' dir='ltr'>minus</span> <span class='ocrx_word' id='word_1_462' title='bbox 984 3020 1194 3075; x_wconf 88' lang='lat' dir='ltr'>faceret</span> <span class='ocrx_word' id='word_1_463' title='bbox 1218 3019 1277 3073; x_wconf 92' lang='lat' dir='ltr'>in</span> <span class='ocrx_word' id='word_1_464' title='bbox 1307 3020 1510 3091; x_wconf 91' lang='lat' dir='ltr'>specie,</span> <span class='ocrx_word' id='word_1_465' title='bbox 1543 2986 1834 3092; x_wconf 77' lang='lat' dir='ltr'>prapterC</span> <span class='ocrx_word' id='word_1_466' title='bbox 1852 3017 1912 3072; x_wconf 90' lang='lat' dir='ltr'>in</span> <span class='ocrx_word' id='word_1_467' title='bbox 1943 3034 2109 3072; x_wconf 89' lang='lat' dir='ltr'>cursu</span> <span class='ocrx_word' id='word_1_468' title='bbox 2132 3018 2256 3073; x_wconf 83' lang='lat' dir='ltr'>vitae</span> <span class='ocrx_word' id='word_1_469' title='bbox 2281 3019 2581 3084; x_wconf 77' lang='lat' dir='ltr'>saecularis,</span> <span class='ocrx_word' id='word_1_470' title='bbox 2614 3020 2671 3073; x_wconf 90' lang='lat' dir='ltr'>id</span> <span class='ocrx_word' id='word_1_471' title='bbox 2712 3026 2799 3075; x_wconf 88' lang='lat' dir='ltr'>est</span> <span class='ocrx_word' id='word_1_472' title='bbox 2843 3021 2903 3075; x_wconf 91' lang='lat' dir='ltr'>in</span> <span class='ocrx_word' id='word_1_473' title='bbox 2949 3038 3116 3092; x_wconf 91' lang='lat' dir='ltr'>opere</span> <span class='ocrx_word' id='word_1_474' title='bbox 3159 3024 3452 3094; x_wconf 71' lang='lat' dir='ltr'>praesentis</span> 
     </span>
    </p>
   </div>
   <div class='ocr_carea' id='block_1_47' title="bbox 176 3107 3450 3182">
    <p class='ocr_par' dir='ltr' id='par_1_47' title="bbox 176 3107 3450 3182">
     <span class='ocr_line' id='line_1_48' title="bbox 176 3107 3450 3182; baseline 0.002 -20"><span class='ocrx_word' id='word_1_475' title='bbox 176 3108 337 3164; x_wconf 84' lang='lat' dir='ltr'>ﬁdem</span> <span class='ocrx_word' id='word_1_476' title='bbox 358 3110 828 3165; x_wconf 87' lang='lat' dir='ltr'>commovendam</span> <span class='ocrx_word' id='word_1_477' title='bbox 860 3110 927 3164; x_wconf 89' lang='lat' dir='ltr'>ad</span> <span class='ocrx_word' id='word_1_478' title='bbox 959 3116 1379 3181; x_wconf 90' lang='lat' dir='ltr'>tempus,quam</span> <span class='ocrx_word' id='word_1_479' title='bbox 1394 3108 1529 3163; x_wconf 85' lang='lat' dir='ltr'>facit</span> <span class='ocrx_word' id='word_1_480' title='bbox 1544 3109 1604 3162; x_wconf 92' lang='lat' dir='ltr'>in</span> <span class='ocrx_word' id='word_1_481' title='bbox 1620 3108 1774 3163; x_wconf 90' lang='lat' dir='ltr'>omni</span> <span class='ocrx_word' id='word_1_482' title='bbox 1853 3108 2041 3163; x_wconf 63' lang='lat' dir='ltr'>saeculi</span> <span class='ocrx_word' id='word_1_483' title='bbox 2069 3107 2302 3163; x_wconf 80' lang='lat' dir='ltr'>defectio</span> <span class='ocrx_word' id='word_1_484' title='bbox 2328 3108 2708 3176; x_wconf 87' lang='lat' dir='ltr'>labefactaret,</span> <span class='ocrx_word' id='word_1_485' title='bbox 2734 3111 2853 3164; x_wconf 92' lang='lat' dir='ltr'>vult</span> <span class='ocrx_word' id='word_1_486' title='bbox 2880 3110 3003 3165; x_wconf 91' lang='lat' dir='ltr'>cibo</span> <span class='ocrx_word' id='word_1_487' title='bbox 3030 3128 3132 3167; x_wconf 89' lang='lat' dir='ltr'>suo</span> <span class='ocrx_word' id='word_1_488' title='bbox 3154 3129 3249 3167; x_wconf 91' lang='lat' dir='ltr'>eos</span> <span class='ocrx_word' id='word_1_489' title='bbox 3278 3114 3450 3182; x_wconf 88' lang='lat' dir='ltr'>alere,</span> 
     </span>
    </p>
   </div>
   <div class='ocr_carea' id='block_1_48' title="bbox 169 3197 3448 3271">
    <p class='ocr_par' dir='ltr' id='par_1_48' title="bbox 169 3197 3448 3271">
     <span class='ocr_line' id='line_1_49' title="bbox 169 3197 3448 3271; baseline 0.002 -18"><span class='ocrx_word' id='word_1_490' title='bbox 169 3203 444 3271; x_wconf 87' lang='lat' dir='ltr'>tempore,</span> <span class='ocrx_word' id='word_1_491' title='bbox 461 3205 688 3271; x_wconf 82' lang='lat' dir='ltr'>propter</span> <span class='ocrx_word' id='word_1_492' title='bbox 703 3199 1012 3254; x_wconf 87' lang='lat' dir='ltr'>doctrinam</span> <span class='ocrx_word' id='word_1_493' title='bbox 1038 3199 1360 3253; x_wconf 91' lang='lat' dir='ltr'>universum</span> <span class='ocrx_word' id='word_1_494' title='bbox 1380 3214 1560 3269; x_wconf 89' lang='lat' dir='ltr'>genus</span> <span class='ocrx_word' id='word_1_495' title='bbox 1577 3197 1774 3252; x_wconf 87' lang='lat' dir='ltr'>huma-</span> <span class='ocrx_word' id='word_1_496' title='bbox 1854 3204 2024 3269; x_wconf 85' lang='lat' dir='ltr'>atque</span> <span class='ocrx_word' id='word_1_497' title='bbox 2052 3198 2123 3252; x_wconf 89' lang='lat' dir='ltr'>ad</span> <span class='ocrx_word' id='word_1_498' title='bbox 2167 3198 2514 3269; x_wconf 90' lang='lat' dir='ltr'>pergendum</span> <span class='ocrx_word' id='word_1_499' title='bbox 2557 3200 2731 3253; x_wconf 87' lang='lat' dir='ltr'>totius</span> <span class='ocrx_word' id='word_1_500' title='bbox 2778 3199 2997 3254; x_wconf 90' lang='lat' dir='ltr'>initeris</span> <span class='ocrx_word' id='word_1_501' title='bbox 3039 3200 3448 3265; x_wconf 88' lang='lat' dir='ltr'>fortitudinem.</span> 
     </span>
    </p>
   </div>
   <div class='ocr_carea' id='block_1_49' title="bbox 171 3287 3451 3361">
    <p class='ocr_par' dir='ltr' id='par_1_49' title="bbox 171 3287 3451 3361">
     <span class='ocr_line' id='line_1_50' title="bbox 171 3287 3451 3361; baseline 0.003 -20"><span class='ocrx_word' id='word_1_502' title='bbox 171 3302 300 3342; x_wconf 89' lang='lat' dir='ltr'>num</span> <span class='ocrx_word' id='word_1_503' title='bbox 342 3290 417 3344; x_wconf 91' lang='lat' dir='ltr'>ad</span> <span class='ocrx_word' id='word_1_504' title='bbox 466 3289 859 3344; x_wconf 84' lang='lat' dir='ltr'>instruendum</span> <span class='ocrx_word' id='word_1_505' title='bbox 909 3305 1011 3361; x_wconf 91' lang='lat' dir='ltr'>per</span> <span class='ocrx_word' id='word_1_506' title='bbox 1037 3287 1302 3359; x_wconf 87' lang='lat' dir='ltr'>gratiam.</span> <span class='ocrx_word' id='word_1_507' title='bbox 1335 3287 1614 3352; x_wconf 87' lang='lat' dir='ltr'>Quoniam</span> <span class='ocrx_word' id='word_1_508' title='bbox 1659 3303 1773 3341; x_wconf 89' lang='lat' dir='ltr'>non</span> <span class='ocrx_word' id='word_1_509' title='bbox 1854 3292 2049 3353; x_wconf 69' lang='lat'>654</span> <span class='ocrx_word' id='word_1_510' title='bbox 2089 3287 2251 3359; x_wconf 90' lang='lat' dir='ltr'>panis</span> <span class='ocrx_word' id='word_1_511' title='bbox 2289 3288 2374 3342; x_wconf 90' lang='lat' dir='ltr'>sui</span> <span class='ocrx_word' id='word_1_512' title='bbox 2412 3288 2619 3343; x_wconf 90' lang='lat' dir='ltr'>virtute</span> <span class='ocrx_word' id='word_1_513' title='bbox 2659 3290 2906 3343; x_wconf 89' lang='lat' dir='ltr'>ﬁrmare.</span> <span class='ocrx_word' id='word_1_514' title='bbox 2941 3290 3049 3344; x_wconf 90' lang='lat' dir='ltr'>Sed</span> <span class='ocrx_word' id='word_1_515' title='bbox 3081 3291 3266 3347; x_wconf 89' lang='lat' dir='ltr'>minor</span> <span class='ocrx_word' id='word_1_516' title='bbox 3296 3292 3451 3350; x_wconf 87' lang='lat' dir='ltr'>valde</span> 
     </span>
    </p>
   </div>
   <div class='ocr_carea' id='block_1_50' title="bbox 168 3376 3453 3449">
    <p class='ocr_par' dir='ltr' id='par_1_50' title="bbox 168 3376 3453 3449">
     <span class='ocr_line' id='line_1_51' title="bbox 168 3376 3453 3449; baseline 0.002 -18"><span class='ocrx_word' id='word_1_517' title='bbox 168 3376 271 3431; x_wconf 88' lang='lat' dir='ltr'>nisi</span> <span class='ocrx_word' id='word_1_518' title='bbox 299 3378 449 3433; x_wconf 85' lang='lat' dir='ltr'>duas</span> <span class='ocrx_word' id='word_1_519' title='bbox 479 3378 634 3449; x_wconf 87' lang='lat' dir='ltr'>leges</span> <span class='ocrx_word' id='word_1_520' title='bbox 673 3378 936 3443; x_wconf 87' lang='lat' dir='ltr'>instituit,</span> <span class='ocrx_word' id='word_1_521' title='bbox 978 3378 1180 3449; x_wconf 82' lang='lat' dir='ltr'>quibus</span> <span class='ocrx_word' id='word_1_522' title='bbox 1223 3377 1482 3431; x_wconf 89' lang='lat' dir='ltr'>eruditur</span> <span class='ocrx_word' id='word_1_523' title='bbox 1509 3381 1567 3430; x_wconf 90' lang='lat' dir='ltr'>et</span> <span class='ocrx_word' id='word_1_524' title='bbox 1597 3377 1773 3447; x_wconf 89' lang='lat' dir='ltr'>pasci-</span> <span class='ocrx_word' id='word_1_525' title='bbox 1857 3376 1990 3446; x_wconf 90' lang='lat' dir='ltr'>quid</span> <span class='ocrx_word' id='word_1_526' title='bbox 2016 3376 2092 3430; x_wconf 92' lang='lat' dir='ltr'>sit</span> <span class='ocrx_word' id='word_1_527' title='bbox 2119 3377 2267 3447; x_wconf 93' lang='lat' dir='ltr'>quod</span> <span class='ocrx_word' id='word_1_528' title='bbox 2312 3377 2548 3447; x_wconf 88' lang='lat' dir='ltr'>apostoli</span> <span class='ocrx_word' id='word_1_529' title='bbox 2591 3395 2762 3448; x_wconf 89' lang='lat' dir='ltr'>supra</span> <span class='ocrx_word' id='word_1_530' title='bbox 2789 3378 3009 3433; x_wconf 88' lang='lat' dir='ltr'>solliciti</span> <span class='ocrx_word' id='word_1_531' title='bbox 3039 3396 3160 3434; x_wconf 90' lang='lat' dir='ltr'>esse</span> <span class='ocrx_word' id='word_1_532' title='bbox 3188 3380 3453 3437; x_wconf 87' lang='lat' dir='ltr'>dicuntur</span> 
     </span>
    </p>
   </div>
   <div class='ocr_carea' id='block_1_51' title="bbox 167 3465 3451 3539">
    <p class='ocr_par' dir='ltr' id='par_1_51' title="bbox 167 3465 3451 3539">
     <span class='ocr_line' id='line_1_52' title="bbox 167 3465 3451 3539; baseline 0.002 -20"><span class='ocrx_word' id='word_1_533' title='bbox 167 3471 257 3520; x_wconf 89' lang='lat' dir='ltr'>tur</span> <span class='ocrx_word' id='word_1_534' title='bbox 291 3468 488 3522; x_wconf 90' lang='lat' dir='ltr'>omnis</span> <span class='ocrx_word' id='word_1_535' title='bbox 512 3468 701 3521; x_wconf 89' lang='lat' dir='ltr'>anima</span> <span class='ocrx_word' id='word_1_536' title='bbox 733 3467 913 3522; x_wconf 86' lang='lat' dir='ltr'>ﬁdelis</span> <span class='ocrx_word' id='word_1_537' title='bbox 940 3468 1012 3521; x_wconf 90' lang='lat' dir='ltr'>ad</span> <span class='ocrx_word' id='word_1_538' title='bbox 1044 3467 1233 3532; x_wconf 86' lang='lat' dir='ltr'>vitam,</span> <span class='ocrx_word' id='word_1_539' title='bbox 1271 3466 1442 3521; x_wconf 84' lang='lat' dir='ltr'>Vetus</span> <span class='ocrx_word' id='word_1_540' title='bbox 1477 3465 1689 3519; x_wconf 88' lang='lat' dir='ltr'>scilicet</span> <span class='ocrx_word' id='word_1_541' title='bbox 1715 3471 1773 3520; x_wconf 92' lang='lat' dir='ltr'>et</span> <span class='ocrx_word' id='word_1_542' title='bbox 1857 3470 1984 3535; x_wconf 90' lang='lat' dir='ltr'>post</span> <span class='ocrx_word' id='word_1_543' title='bbox 2005 3466 2286 3535; x_wconf 87' lang='lat' dir='ltr'>jejunium</span> <span class='ocrx_word' id='word_1_544' title='bbox 2316 3467 2483 3521; x_wconf 89' lang='lat' dir='ltr'>unius</span> <span class='ocrx_word' id='word_1_545' title='bbox 2502 3467 2613 3521; x_wconf 90' lang='lat' dir='ltr'>diei</span> <span class='ocrx_word' id='word_1_546' title='bbox 2643 3468 2712 3520; x_wconf 92' lang='lat' dir='ltr'>de</span> <span class='ocrx_word' id='word_1_547' title='bbox 2742 3468 3041 3521; x_wconf 83' lang='lat' dir='ltr'>refectione</span> <span class='ocrx_word' id='word_1_548' title='bbox 3070 3468 3264 3539; x_wconf 87' lang='lat' dir='ltr'>plebis,</span> <span class='ocrx_word' id='word_1_549' title='bbox 3290 3477 3348 3525; x_wconf 85' lang='lat' dir='ltr'>et</span> <span class='ocrx_word' id='word_1_550' title='bbox 3364 3488 3451 3526; x_wconf 85' lang='lat' dir='ltr'>ro-</span> 
     </span>
    </p>
   </div>
   <div class='ocr_carea' id='block_1_52' title="bbox 165 3554 3451 3628">
    <p class='ocr_par' dir='ltr' id='par_1_52' title="bbox 165 3554 3451 3628">
     <span class='ocr_line' id='line_1_53' title="bbox 165 3554 3451 3628; baseline 0.002 -18"><span class='ocrx_word' id='word_1_551' title='bbox 165 3554 382 3612; x_wconf 84' lang='lat' dir='ltr'>Novum</span> <span class='ocrx_word' id='word_1_552' title='bbox 410 3558 846 3612; x_wconf 88' lang='lat' dir='ltr'>Testamentum</span> <span class='ocrx_word' id='word_1_553' title='bbox 875 3556 934 3611; x_wconf 91' lang='lat' dir='ltr'>in</span> <span class='ocrx_word' id='word_1_554' title='bbox 963 3556 1166 3627; x_wconf 87' lang='lat' dir='ltr'>quibus</span> <span class='ocrx_word' id='word_1_555' title='bbox 1208 3560 1265 3610; x_wconf 90' lang='lat' dir='ltr'>et</span> <span class='ocrx_word' id='word_1_556' title='bbox 1292 3555 1362 3610; x_wconf 89' lang='lat' dir='ltr'>de</span> <span class='ocrx_word' id='word_1_557' title='bbox 1404 3554 1607 3626; x_wconf 88' lang='lat' dir='ltr'>quibus</span> <span class='ocrx_word' id='word_1_558' title='bbox 1641 3554 1774 3609; x_wconf 87' lang='lat' dir='ltr'>vivit</span> <span class='ocrx_word' id='word_1_559' title='bbox 1850 3559 1990 3623; x_wconf 83' lang='lat' dir='ltr'>gant</span> <span class='ocrx_word' id='word_1_560' title='bbox 2028 3554 2156 3624; x_wconf 85' lang='lat' dir='ltr'>quia</span> <span class='ocrx_word' id='word_1_561' title='bbox 2188 3555 2441 3608; x_wconf 90' lang='lat' dir='ltr'>desertus</span> <span class='ocrx_word' id='word_1_562' title='bbox 2474 3562 2596 3609; x_wconf 88' lang='lat' dir='ltr'>erat</span> <span class='ocrx_word' id='word_1_563' title='bbox 2619 3557 2791 3621; x_wconf 89' lang='lat' dir='ltr'>locus,</span> <span class='ocrx_word' id='word_1_564' title='bbox 2825 3562 2882 3610; x_wconf 90' lang='lat' dir='ltr'>et</span> <span class='ocrx_word' id='word_1_565' title='bbox 2923 3558 3061 3611; x_wconf 87' lang='lat' dir='ltr'>hora</span> <span class='ocrx_word' id='word_1_566' title='bbox 3102 3560 3451 3628; x_wconf 82' lang='lat' dir='ltr'>praeterierat</span> 
     </span>
    </p>
   </div>
   <div class='ocr_carea' id='block_1_53' title="bbox 168 3643 3442 3715">
    <p class='ocr_par' dir='ltr' id='par_1_53' title="bbox 168 3643 3442 3715">
     <span class='ocr_line' id='line_1_54' title="bbox 168 3643 3442 3715; baseline 0.001 -16"><span class='ocrx_word' id='word_1_567' title='bbox 168 3647 345 3701; x_wconf 84' lang='lat' dir='ltr'>omnis</span> <span class='ocrx_word' id='word_1_568' title='bbox 372 3647 571 3701; x_wconf 81' lang='lat' dir='ltr'>anima</span> <span class='ocrx_word' id='word_1_569' title='bbox 590 3664 601 3700; x_wconf 89' lang='lat'><strong>:</strong></span> <span class='ocrx_word' id='word_1_570' title='bbox 624 3647 766 3714; x_wconf 77' lang='lat' dir='ltr'>Quia</span> <span class='ocrx_word' id='word_1_571' title='bbox 788 3661 902 3700; x_wconf 85' lang='lat' dir='ltr'>non</span> <span class='ocrx_word' id='word_1_572' title='bbox 939 3649 1004 3700; x_wconf 84' lang='lat' dir='ltr'>in</span> <span class='ocrx_word' id='word_1_573' title='bbox 1031 3648 1141 3701; x_wconf 77' lang='lat' dir='ltr'>solo</span> <span class='ocrx_word' id='word_1_574' title='bbox 1170 3660 1313 3714; x_wconf 82' lang='lat' dir='ltr'>pane</span> <span class='ocrx_word' id='word_1_575' title='bbox 1335 3647 1471 3698; x_wconf 81' lang='lat' dir='ltr'>vivit</span> <span class='ocrx_word' id='word_1_576' title='bbox 1497 3645 1771 3708; x_wconf 75' lang='lat' dir='ltr'>homo,sed</span> <span class='ocrx_word' id='word_1_577' title='bbox 1854 3649 1918 3697; x_wconf 90' lang='lat' dir='ltr'>ut</span> <span class='ocrx_word' id='word_1_578' title='bbox 1937 3643 2187 3697; x_wconf 85' lang='lat' dir='ltr'>dimittat</span> <span class='ocrx_word' id='word_1_579' title='bbox 2202 3645 2229 3697; x_wconf 89' lang='lat' dir='ltr'><strong>J</strong></span> <span class='ocrx_word' id='word_1_580' title='bbox 2235 3661 2361 3698; x_wconf 90' lang='lat' dir='ltr'>esus</span> <span class='ocrx_word' id='word_1_581' title='bbox 2383 3645 2668 3698; x_wconf 88' lang='lat' dir='ltr'>turbasire</span> <span class='ocrx_word' id='word_1_582' title='bbox 2682 3646 2751 3698; x_wconf 90' lang='lat' dir='ltr'>ad</span> <span class='ocrx_word' id='word_1_583' title='bbox 2778 3645 2955 3699; x_wconf 90' lang='lat' dir='ltr'>vicina</span> <span class='ocrx_word' id='word_1_584' title='bbox 2976 3646 3099 3699; x_wconf 81' lang='lat' dir='ltr'>lora</span> <span class='ocrx_word' id='word_1_585' title='bbox 3120 3654 3177 3700; x_wconf 91' lang='lat' dir='ltr'>et</span> <span class='ocrx_word' id='word_1_586' title='bbox 3195 3648 3442 3715; x_wconf 85' lang='lat' dir='ltr'>castella,</span> 
     </span>
    </p>
   </div>
   <div class='ocr_carea' id='block_1_54' title="bbox 166 3731 3445 3805">
    <p class='ocr_par' dir='ltr' id='par_1_54' title="bbox 166 3731 3445 3805">
     <span class='ocr_line' id='line_1_55' title="bbox 166 3731 3445 3805; baseline 0.001 -18"><span class='ocrx_word' id='word_1_587' title='bbox 166 3736 393 3791; x_wconf 71' lang='lat' dir='ltr'>inmani</span> <span class='ocrx_word' id='word_1_588' title='bbox 422 3738 590 3790; x_wconf 77' lang='lat' dir='ltr'>verba</span> <span class='ocrx_word' id='word_1_589' title='bbox 618 3737 764 3805; x_wconf 82' lang='lat' dir='ltr'>quod</span> <span class='ocrx_word' id='word_1_590' title='bbox 782 3737 1028 3805; x_wconf 73' lang='lat' dir='ltr'>procedit</span> <span class='ocrx_word' id='word_1_591' title='bbox 1050 3736 1119 3789; x_wconf 88' lang='lat' dir='ltr'>ab</span> <span class='ocrx_word' id='word_1_592' title='bbox 1134 3750 1224 3789; x_wconf 83' lang='lat' dir='ltr'>ore</span> <span class='ocrx_word' id='word_1_593' title='bbox 1246 3736 1343 3788; x_wconf 77' lang='lat' dir='ltr'>Dei</span> <span class='ocrx_word' id='word_1_594' title='bbox 1363 3734 1573 3804; x_wconf 81' lang='lat' dir='ltr'>(Matth.</span> <span class='ocrx_word' id='word_1_595' title='bbox 1590 3746 1668 3799; x_wconf 83' lang='lat' dir='ltr'>Iv,</span> <span class='ocrx_word' id='word_1_596' title='bbox 1688 3731 1765 3802; x_wconf 76' lang='grc'><strong>4).</strong></span> <span class='ocrx_word' id='word_1_597' title='bbox 1852 3748 1962 3804; x_wconf 92' lang='lat' dir='ltr'>quo</span> <span class='ocrx_word' id='word_1_598' title='bbox 1991 3732 2205 3803; x_wconf 88' lang='lat' dir='ltr'>possint</span> <span class='ocrx_word' id='word_1_599' title='bbox 2228 3732 2331 3787; x_wconf 91' lang='lat' dir='ltr'>sibi</span> <span class='ocrx_word' id='word_1_600' title='bbox 2360 3750 2546 3787; x_wconf 85' lang='lat' dir='ltr'>emere</span> <span class='ocrx_word' id='word_1_601' title='bbox 2570 3750 2725 3787; x_wconf 88' lang='lat' dir='ltr'>escas</span> <span class='ocrx_word' id='word_1_602' title='bbox 2766 3734 2870 3787; x_wconf 87' lang='lat' dir='ltr'>Hic</span> <span class='ocrx_word' id='word_1_603' title='bbox 2897 3740 3086 3788; x_wconf 90' lang='lat' dir='ltr'>autem</span> <span class='ocrx_word' id='word_1_604' title='bbox 3119 3736 3239 3805; x_wconf 89' lang='lat' dir='ltr'>jam</span> <span class='ocrx_word' id='word_1_605' title='bbox 3257 3736 3445 3790; x_wconf 89' lang='lat' dir='ltr'>triduo</span> 
     </span>
    </p>
   </div>
   <div class='ocr_carea' id='block_1_55' title="bbox 166 3820 3448 3897">
    <p class='ocr_par' dir='ltr' id='par_1_55' title="bbox 166 3820 3448 3897">
     <span class='ocr_line' id='line_1_56' title="bbox 166 3820 3448 3897; baseline -0.001 -19"><span class='ocrx_word' id='word_1_606' title='bbox 166 3824 289 3880; x_wconf 73' lang='lat' dir='ltr'>Haec</span> <span class='ocrx_word' id='word_1_607' title='bbox 331 3826 553 3897; x_wconf 87' lang='lat' dir='ltr'>quippe</span> <span class='ocrx_word' id='word_1_608' title='bbox 597 3824 825 3896; x_wconf 84' lang='lat' dir='ltr'>gemina</span> <span class='ocrx_word' id='word_1_609' title='bbox 861 3824 1088 3878; x_wconf 87' lang='lat' dir='ltr'>refectio</span> <span class='ocrx_word' id='word_1_610' title='bbox 1117 3823 1297 3878; x_wconf 88' lang='lat' dir='ltr'>Deum</span> <span class='ocrx_word' id='word_1_611' title='bbox 1335 3821 1618 3894; x_wconf 69' lang='lat' dir='ltr'>praedicat,</span> <span class='ocrx_word' id='word_1_612' title='bbox 1672 3821 1768 3893; x_wconf 92' lang='lat' dir='ltr'>qui</span> <span class='ocrx_word' id='word_1_613' title='bbox 1851 3820 2193 3890; x_wconf 88' lang='lat' dir='ltr'>perdurante</span> <span class='ocrx_word' id='word_1_614' title='bbox 2210 3821 2411 3891; x_wconf 89' lang='lat' dir='ltr'>populo</span> <span class='ocrx_word' id='word_1_615' title='bbox 2441 3826 2497 3873; x_wconf 82' lang='lat' dir='ltr'>et</span> <span class='ocrx_word' id='word_1_616' title='bbox 2526 3820 2816 3875; x_wconf 85' lang='lat' dir='ltr'>laborante</span> <span class='ocrx_word' id='word_1_617' title='bbox 2828 3838 2953 3875; x_wconf 90' lang='lat' dir='ltr'>cum</span> <span class='ocrx_word' id='word_1_618' title='bbox 2977 3822 3214 3887; x_wconf 89' lang='lat' dir='ltr'>Domino</span> <span class='ocrx_word' id='word_1_619' title='bbox 3242 3822 3300 3876; x_wconf 90' lang='lat' dir='ltr'>in</span> <span class='ocrx_word' id='word_1_620' title='bbox 3319 3839 3448 3877; x_wconf 90' lang='lat' dir='ltr'>con-</span> 
     </span>
    </p>
   </div>
   <div class='ocr_carea' id='block_1_56' title="bbox 163 3909 3445 3986">
    <p class='ocr_par' dir='ltr' id='par_1_56' title="bbox 163 3909 3445 3986">
     <span class='ocr_line' id='line_1_57' title="bbox 163 3909 3445 3986; baseline -0.001 -17"><span class='ocrx_word' id='word_1_621' title='bbox 163 3928 270 3968; x_wconf 86' lang='lat' dir='ltr'>non</span> <span class='ocrx_word' id='word_1_622' title='bbox 297 3915 559 3986; x_wconf 87' lang='lat' dir='ltr'>amplius</span> <span class='ocrx_word' id='word_1_623' title='bbox 598 3920 695 3968; x_wconf 87' lang='lat' dir='ltr'>aut</span> <span class='ocrx_word' id='word_1_624' title='bbox 745 3913 930 3967; x_wconf 89' lang='lat' dir='ltr'>minus</span> <span class='ocrx_word' id='word_1_625' title='bbox 976 3929 1036 3967; x_wconf 91' lang='lat' dir='ltr'>se</span> <span class='ocrx_word' id='word_1_626' title='bbox 1076 3912 1318 3984; x_wconf 65' lang='lat' dir='ltr'>praebuit</span> <span class='ocrx_word' id='word_1_627' title='bbox 1369 3912 1428 3966; x_wconf 91' lang='lat' dir='ltr'>in</span> <span class='ocrx_word' id='word_1_628' title='bbox 1475 3911 1765 3978; x_wconf 87' lang='lat' dir='ltr'>miraculo,</span> <span class='ocrx_word' id='word_1_629' title='bbox 1851 3926 2038 3975; x_wconf 90' lang='lat' dir='ltr'>cursu,</span> <span class='ocrx_word' id='word_1_630' title='bbox 2062 3909 2203 3964; x_wconf 91' lang='lat' dir='ltr'>nihil</span> <span class='ocrx_word' id='word_1_631' title='bbox 2238 3911 2348 3962; x_wconf 86' lang='lat' dir='ltr'>tale</span> <span class='ocrx_word' id='word_1_632' title='bbox 2396 3910 2607 3969; x_wconf 88' lang='lat' dir='ltr'>dicunt.</span> <span class='ocrx_word' id='word_1_633' title='bbox 2644 3910 2739 3964; x_wconf 89' lang='lat' dir='ltr'>sed</span> <span class='ocrx_word' id='word_1_634' title='bbox 2772 3911 2957 3974; x_wconf 88' lang='lat' dir='ltr'>silent,</span> <span class='ocrx_word' id='word_1_635' title='bbox 3003 3916 3060 3964; x_wconf 93' lang='lat' dir='ltr'>et</span> <span class='ocrx_word' id='word_1_636' title='bbox 3092 3912 3155 3965; x_wconf 89' lang='lat' dir='ltr'>ﬁt</span> <span class='ocrx_word' id='word_1_637' title='bbox 3187 3911 3256 3965; x_wconf 92' lang='lat' dir='ltr'>de</span> <span class='ocrx_word' id='word_1_638' title='bbox 3303 3928 3445 3982; x_wconf 89' lang='lat' dir='ltr'>pane</span> 
     </span>
    </p>
   </div>
   <div class='ocr_carea' id='block_1_57' title="bbox 161 3999 3443 4071">
    <p class='ocr_par' dir='ltr' id='par_1_57' title="bbox 161 3999 3443 4071">
     <span class='ocr_line' id='line_1_58' title="bbox 161 3999 3443 4071; baseline -0.001 -13"><span class='ocrx_word' id='word_1_639' title='bbox 161 4017 330 4071; x_wconf 87' lang='lat' dir='ltr'>quam</span> <span class='ocrx_word' id='word_1_640' title='bbox 362 4020 429 4058; x_wconf 92' lang='lat' dir='ltr'>se</span> <span class='ocrx_word' id='word_1_641' title='bbox 462 4002 723 4058; x_wconf 80' lang='lat' dir='ltr'>exhibuit</span> <span class='ocrx_word' id='word_1_642' title='bbox 752 4003 810 4057; x_wconf 91' lang='lat' dir='ltr'>in</span> <span class='ocrx_word' id='word_1_643' title='bbox 856 4003 1011 4056; x_wconf 86' lang='lat' dir='ltr'>Novo</span> <span class='ocrx_word' id='word_1_644' title='bbox 1038 4007 1137 4056; x_wconf 90' lang='lat' dir='ltr'>aut</span> <span class='ocrx_word' id='word_1_645' title='bbox 1167 4001 1355 4055; x_wconf 87' lang='lat' dir='ltr'>Veteri</span> <span class='ocrx_word' id='word_1_646' title='bbox 1382 4001 1766 4056; x_wconf 88' lang='lat' dir='ltr'>Testamento.</span> <span class='ocrx_word' id='word_1_647' title='bbox 1852 3999 2119 4055; x_wconf 90' lang='lat' dir='ltr'>causatio.</span> <span class='ocrx_word' id='word_1_648' title='bbox 2151 4000 2303 4069; x_wconf 86' lang='lat' dir='ltr'>quod</span> <span class='ocrx_word' id='word_1_649' title='bbox 2330 4016 2441 4052; x_wconf 90' lang='lat' dir='ltr'>non</span> <span class='ocrx_word' id='word_1_650' title='bbox 2471 4000 2584 4052; x_wconf 86' lang='lat' dir='ltr'>siut</span> <span class='ocrx_word' id='word_1_651' title='bbox 2621 4000 2769 4053; x_wconf 90' lang='lat' dir='ltr'>unde</span> <span class='ocrx_word' id='word_1_652' title='bbox 2810 4000 2907 4053; x_wconf 86' lang='lat' dir='ltr'>isti</span> <span class='ocrx_word' id='word_1_653' title='bbox 2938 4000 3154 4070; x_wconf 89' lang='lat' dir='ltr'>possint</span> <span class='ocrx_word' id='word_1_654' title='bbox 3181 4002 3443 4056; x_wconf 89' lang='lat' dir='ltr'>saturari.</span> 
     </span>
    </p>
   </div>
   <div class='ocr_carea' id='block_1_58' title="bbox 157 4088 3446 4166">
    <p class='ocr_par' dir='ltr' id='par_1_58' title="bbox 157 4088 3446 4166">
     <span class='ocr_line' id='line_1_59' title="bbox 157 4088 3446 4166; baseline 0 -21"><span class='ocrx_word' id='word_1_655' title='bbox 157 4090 428 4166; x_wconf 85' lang='lat' dir='ltr'>Duasque</span> <span class='ocrx_word' id='word_1_656' title='bbox 458 4093 599 4147; x_wconf 89' lang='lat' dir='ltr'>istas</span> <span class='ocrx_word' id='word_1_657' title='bbox 617 4092 817 4147; x_wconf 90' lang='lat' dir='ltr'>statuit</span> <span class='ocrx_word' id='word_1_658' title='bbox 837 4092 1006 4161; x_wconf 87' lang='lat' dir='ltr'>leges,</span> <span class='ocrx_word' id='word_1_659' title='bbox 1031 4108 1201 4145; x_wconf 90' lang='lat' dir='ltr'>unam</span> <span class='ocrx_word' id='word_1_660' title='bbox 1226 4106 1419 4145; x_wconf 88' lang='lat' dir='ltr'>earum</span> <span class='ocrx_word' id='word_1_661' title='bbox 1442 4090 1616 4161; x_wconf 90' lang='lat' dir='ltr'>priori</span> <span class='ocrx_word' id='word_1_662' title='bbox 1632 4107 1772 4161; x_wconf 71' lang='lat' dir='ltr'>prte-</span> <span class='ocrx_word' id='word_1_663' title='bbox 1853 4088 2207 4159; x_wconf 83' lang='lat' dir='ltr'>QuaprOpter</span> <span class='ocrx_word' id='word_1_664' title='bbox 2224 4097 2509 4157; x_wconf 75' lang='lat' dir='ltr'>gestorum</span> <span class='ocrx_word' id='word_1_665' title='bbox 2524 4107 2708 4153; x_wconf 85' lang='lat' dir='ltr'>causa,</span> <span class='ocrx_word' id='word_1_666' title='bbox 2736 4106 2838 4143; x_wconf 92' lang='lat' dir='ltr'>nec</span> <span class='ocrx_word' id='word_1_667' title='bbox 2868 4090 3146 4144; x_wconf 87' lang='lat' dir='ltr'>immerito</span> <span class='ocrx_word' id='word_1_668' title='bbox 3169 4090 3446 4146; x_wconf 86' lang='lat' dir='ltr'>rationem</span> 
     </span>
    </p>
   </div>
   <div class='ocr_carea' id='block_1_59' title="bbox 156 4178 3447 4254">
    <p class='ocr_par' dir='ltr' id='par_1_59' title="bbox 156 4178 3447 4254">
     <span class='ocr_line' id='line_1_60' title="bbox 156 4178 3447 4254; baseline -0 -18"><span class='ocrx_word' id='word_1_669' title='bbox 156 4179 293 4236; x_wconf 89' lang='lat' dir='ltr'>bens</span> <span class='ocrx_word' id='word_1_670' title='bbox 330 4182 572 4254; x_wconf 90' lang='lat' dir='ltr'>populo,</span> <span class='ocrx_word' id='word_1_671' title='bbox 617 4181 851 4235; x_wconf 87' lang='lat' dir='ltr'>alteram</span> <span class='ocrx_word' id='word_1_672' title='bbox 885 4197 1014 4235; x_wconf 89' lang='lat' dir='ltr'>vero</span> <span class='ocrx_word' id='word_1_673' title='bbox 1042 4180 1200 4235; x_wconf 91' lang='lat' dir='ltr'>dedit</span> <span class='ocrx_word' id='word_1_674' title='bbox 1227 4180 1452 4252; x_wconf 91' lang='lat' dir='ltr'>populo.</span> <span class='ocrx_word' id='word_1_675' title='bbox 1487 4196 1654 4251; x_wconf 90' lang='lat' dir='ltr'>quem</span> <span class='ocrx_word' id='word_1_676' title='bbox 1680 4196 1770 4234; x_wconf 85' lang='lat' dir='ltr'>re-</span> <span class='ocrx_word' id='word_1_677' title='bbox 1854 4178 2070 4248; x_wconf 86' lang='lat' dir='ltr'>quaerit,</span> <span class='ocrx_word' id='word_1_678' title='bbox 2104 4178 2251 4231; x_wconf 89' lang='lat' dir='ltr'>unde</span> <span class='ocrx_word' id='word_1_679' title='bbox 2291 4179 2507 4231; x_wconf 78' lang='lat' dir='ltr'>videtur</span> <span class='ocrx_word' id='word_1_680' title='bbox 2539 4179 2675 4231; x_wconf 89' lang='lat' dir='ltr'>mihi</span> <span class='ocrx_word' id='word_1_681' title='bbox 2719 4180 2863 4249; x_wconf 90' lang='lat' dir='ltr'>quod</span> <span class='ocrx_word' id='word_1_682' title='bbox 2896 4178 3122 4234; x_wconf 84' lang='lat' dir='ltr'>refectio</span> <span class='ocrx_word' id='word_1_683' title='bbox 3169 4180 3269 4234; x_wconf 90' lang='lat' dir='ltr'>illa</span> <span class='ocrx_word' id='word_1_684' title='bbox 3295 4180 3447 4236; x_wconf 87' lang='lat' dir='ltr'>salu-</span> 
     </span>
    </p>
   </div>
   <div class='ocr_carea' id='block_1_60' title="bbox 161 4267 3447 4343">
    <p class='ocr_par' dir='ltr' id='par_1_60' title="bbox 161 4267 3447 4343">
     <span class='ocr_line' id='line_1_61' title="bbox 161 4267 3447 4343; baseline 0.001 -21"><span class='ocrx_word' id='word_1_685' title='bbox 161 4268 340 4325; x_wconf 85' lang='lat' dir='ltr'>demit</span> <span class='ocrx_word' id='word_1_686' title='bbox 367 4270 652 4341; x_wconf 87' lang='lat' dir='ltr'>sanguine</span> <span class='ocrx_word' id='word_1_687' title='bbox 699 4286 821 4329; x_wconf 88' lang='lat' dir='ltr'>suo.</span> <span class='ocrx_word' id='word_1_688' title='bbox 863 4269 1053 4341; x_wconf 91' lang='lat' dir='ltr'>sicque</span> <span class='ocrx_word' id='word_1_689' title='bbox 1098 4270 1200 4343; x_wconf 68' lang='lat' dir='ltr'>has</span> <span class='ocrx_word' id='word_1_690' title='bbox 1226 4269 1367 4323; x_wconf 88' lang='lat' dir='ltr'>duas</span> <span class='ocrx_word' id='word_1_691' title='bbox 1394 4267 1569 4323; x_wconf 89' lang='lat' dir='ltr'>semel</span> <span class='ocrx_word' id='word_1_692' title='bbox 1598 4274 1655 4321; x_wconf 91' lang='lat' dir='ltr'>et</span> <span class='ocrx_word' id='word_1_693' title='bbox 1689 4285 1775 4321; x_wconf 84' lang='lat' dir='ltr'>se-</span> <span class='ocrx_word' id='word_1_694' title='bbox 1854 4273 1969 4321; x_wconf 87' lang='lat' dir='ltr'>tem</span> <span class='ocrx_word' id='word_1_695' title='bbox 1994 4268 2414 4321; x_wconf 82' lang='lat' dir='ltr'>demonstrabat</span> <span class='ocrx_word' id='word_1_696' title='bbox 2444 4268 2761 4322; x_wconf 60' lang='lat' dir='ltr'>Israeliticae</span> <span class='ocrx_word' id='word_1_697' title='bbox 2794 4269 2991 4339; x_wconf 84' lang='lat' dir='ltr'>plebis.</span> <span class='ocrx_word' id='word_1_698' title='bbox 3025 4274 3082 4323; x_wconf 90' lang='lat' dir='ltr'>et</span> <span class='ocrx_word' id='word_1_699' title='bbox 3121 4286 3447 4325; x_wconf 89' lang='lat' dir='ltr'>mensuram</span> 
     </span>
    </p>
   </div>
   <div class='ocr_carea' id='block_1_61' title="bbox 160 4346 3447 4431">
    <p class='ocr_par' dir='ltr' id='par_1_61' title="bbox 160 4346 3447 4431">
     <span class='ocr_line' id='line_1_62' title="bbox 160 4346 3447 4431; baseline 0.001 -18"><span class='ocrx_word' id='word_1_700' title='bbox 160 4361 345 4415; x_wconf 84' lang='lat' dir='ltr'>eundo</span> <span class='ocrx_word' id='word_1_701' title='bbox 376 4377 487 4431; x_wconf 89' lang='lat' dir='ltr'>pro</span> <span class='ocrx_word' id='word_1_702' title='bbox 524 4359 794 4414; x_wconf 89' lang='lat' dir='ltr'>miraculo</span> <span class='ocrx_word' id='word_1_703' title='bbox 836 4359 1074 4430; x_wconf 64' lang='lat' dir='ltr'>praebuit</span> <span class='ocrx_word' id='word_1_704' title='bbox 1094 4358 1407 4429; x_wconf 85' lang='lat' dir='ltr'>pastiones:</span> <span class='ocrx_word' id='word_1_705' title='bbox 1432 4374 1547 4412; x_wconf 91' lang='lat' dir='ltr'>una</span> <span class='ocrx_word' id='word_1_706' title='bbox 1574 4346 2081 4412; x_wconf 70' lang='lat' dir='ltr'>earumDaaternae</span> <span class='ocrx_word' id='word_1_707' title='bbox 2128 4358 2401 4411; x_wconf 82' lang='lat' dir='ltr'>satietatis</span> <span class='ocrx_word' id='word_1_708' title='bbox 2431 4375 2623 4411; x_wconf 84' lang='lat' dir='ltr'>eorum</span> <span class='ocrx_word' id='word_1_709' title='bbox 2672 4358 2768 4429; x_wconf 90' lang='lat' dir='ltr'>qui</span> <span class='ocrx_word' id='word_1_710' title='bbox 2806 4358 3056 4413; x_wconf 85' lang='lat' dir='ltr'>salvandi</span> <span class='ocrx_word' id='word_1_711' title='bbox 3103 4361 3447 4415; x_wconf 53' lang='lat' dir='ltr'>erantcldeo</span> 
     </span>
    </p>
   </div>
   <div class='ocr_carea' id='block_1_62' title="bbox 1859 1504 3448 1587">
    <p class='ocr_par' dir='ltr' id='par_1_62' title="bbox 1859 1504 3448 1587">
     <span class='ocr_line' id='line_1_63' title="bbox 1859 1504 3448 1587; baseline 0.009 -30"><span class='ocrx_word' id='word_1_712' title='bbox 1859 1504 1928 1558; x_wconf 92' lang='lat' dir='ltr'>Et</span> <span class='ocrx_word' id='word_1_713' title='bbox 1956 1504 2059 1558; x_wconf 84' lang='lat' dir='ltr'>hoc</span> <span class='ocrx_word' id='word_1_714' title='bbox 2101 1512 2187 1559; x_wconf 86' lang='lat' dir='ltr'>est</span> <span class='ocrx_word' id='word_1_715' title='bbox 2210 1506 2394 1560; x_wconf 82' lang='lat' dir='ltr'>dicere</span> <span class='ocrx_word' id='word_1_716' title='bbox 2427 1525 2439 1559; x_wconf 89' lang='lat'><strong>:</strong></span> <span class='ocrx_word' id='word_1_717' title='bbox 2474 1508 2598 1561; x_wconf 86' lang='lat' dir='ltr'>Non</span> <span class='ocrx_word' id='word_1_718' title='bbox 2646 1508 2857 1563; x_wconf 85' lang='lat' dir='ltr'>habent</span> <span class='ocrx_word' id='word_1_719' title='bbox 2906 1512 3055 1581; x_wconf 90' lang='lat' dir='ltr'>quod</span> <span class='ocrx_word' id='word_1_720' title='bbox 3090 1516 3448 1587; x_wconf 86' lang='lat' dir='ltr'>manducent,</span> 
     </span>
    </p>
   </div>
   <div class='ocr_carea' id='block_1_63' title="bbox 157 4447 1770 4521">
    <p class='ocr_par' dir='ltr' id='par_1_63' title="bbox 157 4447 1770 4521">
     <span class='ocr_line' id='line_1_64' title="bbox 157 4447 1770 4521; baseline -0.002 -15"><span class='ocrx_word' id='word_1_721' title='bbox 157 4453 354 4516; x_wconf 65' lang='grc' dir='ltr'>σεε-ς</span> <span class='ocrx_word' id='word_1_722' title='bbox 384 4451 460 4505; x_wconf 89' lang='lat' dir='ltr'>de</span> <span class='ocrx_word' id='word_1_723' title='bbox 490 4465 605 4521; x_wconf 89' lang='lat' dir='ltr'>qua</span> <span class='ocrx_word' id='word_1_724' title='bbox 626 4450 745 4520; x_wconf 87' lang='lat' dir='ltr'>jam</span> <span class='ocrx_word' id='word_1_725' title='bbox 776 4464 947 4520; x_wconf 88' lang='lat' dir='ltr'>supra</span> <span class='ocrx_word' id='word_1_726' title='bbox 973 4448 1357 4514; x_wconf 85' lang='lat' dir='ltr'>tractavimus,</span> <span class='ocrx_word' id='word_1_727' title='bbox 1375 4452 1572 4520; x_wconf 86' lang='lat' dir='ltr'>typum</span> <span class='ocrx_word' id='word_1_728' title='bbox 1585 4447 1770 4502; x_wconf 90' lang='lat' dir='ltr'>tenuit</span> 
     </span>
    </p>
   </div>
   <div class='ocr_carea' id='block_1_64' title="bbox 155 4536 1770 4610">
    <p class='ocr_par' dir='ltr' id='par_1_64' title="bbox 155 4536 1770 4610">
     <span class='ocr_line' id='line_1_65' title="bbox 155 4536 1770 4610; baseline -0.001 -17"><span class='ocrx_word' id='word_1_729' title='bbox 155 4540 365 4610; x_wconf 79' lang='lat' dir='ltr'>prioris</span> <span class='ocrx_word' id='word_1_730' title='bbox 396 4539 564 4610; x_wconf 83' lang='lat' dir='ltr'>legis,</span> <span class='ocrx_word' id='word_1_731' title='bbox 595 4538 705 4593; x_wconf 87' lang='lat' dir='ltr'>ista</span> <span class='ocrx_word' id='word_1_732' title='bbox 733 4555 863 4594; x_wconf 90' lang='lat' dir='ltr'>vero</span> <span class='ocrx_word' id='word_1_733' title='bbox 890 4538 960 4593; x_wconf 92' lang='lat' dir='ltr'>de</span> <span class='ocrx_word' id='word_1_734' title='bbox 988 4553 1102 4609; x_wconf 86' lang='lat' dir='ltr'>qua</span> <span class='ocrx_word' id='word_1_735' title='bbox 1130 4554 1280 4592; x_wconf 90' lang='lat' dir='ltr'>nunc</span> <span class='ocrx_word' id='word_1_736' title='bbox 1312 4536 1770 4609; x_wconf 87' lang='lat' dir='ltr'>loquimur,sicut</span> 
     </span>
    </p>
   </div>
   <div class='ocr_carea' id='block_1_65' title="bbox 156 4626 1770 4698">
    <p class='ocr_par' dir='ltr' id='par_1_65' title="bbox 156 4626 1770 4698">
     <span class='ocr_line' id='line_1_66' title="bbox 156 4626 1770 4698; baseline -0.001 -14"><span class='ocrx_word' id='word_1_737' title='bbox 156 4630 271 4684; x_wconf 79' lang='lat' dir='ltr'>suis</span> <span class='ocrx_word' id='word_1_738' title='bbox 316 4627 813 4684; x_wconf 90' lang='lat' dir='ltr'>demonstrabitur</span> <span class='ocrx_word' id='word_1_739' title='bbox 844 4627 1192 4694; x_wconf 78' lang='lat' dir='ltr'>diﬁ&#39;erentiis,</span> <span class='ocrx_word' id='word_1_740' title='bbox 1237 4628 1489 4698; x_wconf 85' lang='lat' dir='ltr'>figuram</span> <span class='ocrx_word' id='word_1_741' title='bbox 1508 4626 1770 4698; x_wconf 85' lang='lat' dir='ltr'>exprimit</span> 
     </span>
    </p>
   </div>
   <div class='ocr_carea' id='block_1_66' title="bbox 152 4716 1764 4789">
    <p class='ocr_par' dir='ltr' id='par_1_66' title="bbox 152 4716 1764 4789">
     <span class='ocr_line' id='line_1_67' title="bbox 152 4716 1764 4789; baseline -0.001 -17"><span class='ocrx_word' id='word_1_742' title='bbox 152 4718 291 4773; x_wconf 80' lang='lat' dir='ltr'>Novi</span> <span class='ocrx_word' id='word_1_743' title='bbox 304 4717 755 4783; x_wconf 86' lang='lat' dir='ltr'>Testamenti,in</span> <span class='ocrx_word' id='word_1_744' title='bbox 775 4734 884 4789; x_wconf 92' lang='lat' dir='ltr'>quo</span> <span class='ocrx_word' id='word_1_745' title='bbox 901 4717 1107 4772; x_wconf 77' lang='lat' dir='ltr'>Christi</span> <span class='ocrx_word' id='word_1_746' title='bbox 1119 4716 1303 4787; x_wconf 85' lang='lat' dir='ltr'>gratia</span> <span class='ocrx_word' id='word_1_747' title='bbox 1318 4716 1764 4771; x_wconf 89' lang='lat' dir='ltr'>commendatur.</span> 
     </span>
    </p>
   </div>
   <div class='ocr_carea' id='block_1_67' title="bbox 150 4805 1764 4878">
    <p class='ocr_par' dir='ltr' id='par_1_67' title="bbox 150 4805 1764 4878">
     <span class='ocr_line' id='line_1_68' title="bbox 150 4805 1764 4878; baseline -0.002 -17"><span class='ocrx_word' id='word_1_748' title='bbox 150 4807 361 4863; x_wconf 81' lang='lat' dir='ltr'>Etideo</span> <span class='ocrx_word' id='word_1_749' title='bbox 375 4808 527 4861; x_wconf 89' lang='lat' dir='ltr'>bene</span> <span class='ocrx_word' id='word_1_750' title='bbox 544 4807 615 4861; x_wconf 90' lang='lat' dir='ltr'>de</span> <span class='ocrx_word' id='word_1_751' title='bbox 626 4823 685 4861; x_wconf 88' lang='lat' dir='ltr'>se</span> <span class='ocrx_word' id='word_1_752' title='bbox 693 4812 841 4878; x_wconf 91' lang='lat' dir='ltr'>ptem</span> <span class='ocrx_word' id='word_1_753' title='bbox 858 4806 1095 4878; x_wconf 87' lang='lat' dir='ltr'>panibus</span> <span class='ocrx_word' id='word_1_754' title='bbox 1114 4806 1260 4859; x_wconf 87' lang='lat' dir='ltr'>facta</span> <span class='ocrx_word' id='word_1_755' title='bbox 1283 4812 1370 4860; x_wconf 90' lang='lat' dir='ltr'>est</span> <span class='ocrx_word' id='word_1_756' title='bbox 1391 4807 1505 4859; x_wconf 70' lang='lat' dir='ltr'>haec</span> <span class='ocrx_word' id='word_1_757' title='bbox 1516 4805 1764 4868; x_wconf 84' lang='lat' dir='ltr'>refectio;</span> 
     </span>
    </p>
   </div>
   <div class='ocr_carea' id='block_1_68' title="bbox 148 4894 1768 4967">
    <p class='ocr_par' dir='ltr' id='par_1_68' title="bbox 148 4894 1768 4967">
     <span class='ocr_line' id='line_1_69' title="bbox 148 4894 1768 4967; baseline -0.002 -16"><span class='ocrx_word' id='word_1_758' title='bbox 148 4898 433 4966; x_wconf 84' lang='lat' dir='ltr'>quoniam</span> <span class='ocrx_word' id='word_1_759' title='bbox 464 4897 526 4950; x_wconf 90' lang='lat' dir='ltr'>in</span> <span class='ocrx_word' id='word_1_760' title='bbox 565 4902 780 4967; x_wconf 89' lang='lat' dir='ltr'>septem</span> <span class='ocrx_word' id='word_1_761' title='bbox 808 4896 1050 4967; x_wconf 88' lang='lat' dir='ltr'>Spiritus</span> <span class='ocrx_word' id='word_1_762' title='bbox 1079 4895 1257 4949; x_wconf 88' lang='lat' dir='ltr'>sancti</span> <span class='ocrx_word' id='word_1_763' title='bbox 1286 4895 1445 4949; x_wconf 90' lang='lat' dir='ltr'>donis</span> <span class='ocrx_word' id='word_1_764' title='bbox 1465 4894 1637 4948; x_wconf 90' lang='lat' dir='ltr'>totius</span> <span class='ocrx_word' id='word_1_765' title='bbox 1662 4894 1768 4948; x_wconf 88' lang='lat' dir='ltr'>Ec-</span> 
     </span>
    </p>
   </div>
   <div class='ocr_carea' id='block_1_69' title="bbox 147 4984 1768 5056">
    <p class='ocr_par' dir='ltr' id='par_1_69' title="bbox 147 4984 1768 5056">
     <span class='ocr_line' id='line_1_70' title="bbox 147 4984 1768 5056; baseline -0.001 -18"><span class='ocrx_word' id='word_1_766' title='bbox 147 4987 336 5041; x_wconf 71' lang='lat' dir='ltr'>clesia:</span> <span class='ocrx_word' id='word_1_767' title='bbox 390 4986 627 5041; x_wconf 88' lang='lat' dir='ltr'>satietas</span> <span class='ocrx_word' id='word_1_768' title='bbox 665 4991 723 5039; x_wconf 91' lang='lat' dir='ltr'>et</span> <span class='ocrx_word' id='word_1_769' title='bbox 749 4985 935 5055; x_wconf 87' lang='lat' dir='ltr'>gratia</span> <span class='ocrx_word' id='word_1_770' title='bbox 978 4990 1291 5056; x_wconf 72' lang='lat' dir='ltr'>praestatur</span> <span class='ocrx_word' id='word_1_771' title='bbox 1349 4985 1654 5054; x_wconf 89' lang='lat' dir='ltr'>Propterea</span> <span class='ocrx_word' id='word_1_772' title='bbox 1698 4984 1768 5037; x_wconf 88' lang='lat' dir='ltr'>ad</span> 
     </span>
    </p>
   </div>
   <div class='ocr_carea' id='block_1_70' title="bbox 144 5072 1769 5144">
    <p class='ocr_par' dir='ltr' id='par_1_70' title="bbox 144 5072 1769 5144">
     <span class='ocr_line' id='line_1_71' title="bbox 144 5072 1769 5144; baseline -0.002 -15"><span class='ocrx_word' id='word_1_773' title='bbox 144 5074 288 5130; x_wconf 83' lang='lat' dir='ltr'>Novi</span> <span class='ocrx_word' id='word_1_774' title='bbox 338 5074 700 5129; x_wconf 82' lang='lat' dir='ltr'>Testamenti</span> <span class='ocrx_word' id='word_1_775' title='bbox 738 5081 890 5129; x_wconf 89' lang='lat' dir='ltr'>recte</span> <span class='ocrx_word' id='word_1_776' title='bbox 934 5074 1268 5144; x_wconf 87' lang='lat' dir='ltr'>intelligitur</span> <span class='ocrx_word' id='word_1_777' title='bbox 1296 5072 1579 5144; x_wconf 87' lang='lat' dir='ltr'>pertinere</span> <span class='ocrx_word' id='word_1_778' title='bbox 1640 5074 1769 5127; x_wconf 83' lang='lat' dir='ltr'>Non</span> 
     </span>
    </p>
   </div>
   <div class='ocr_carea' id='block_1_71' title="bbox 147 5162 1766 5235">
    <p class='ocr_par' dir='ltr' id='par_1_71' title="bbox 147 5162 1766 5235">
     <span class='ocr_line' id='line_1_72' title="bbox 147 5162 1766 5235; baseline -0.001 -18"><span class='ocrx_word' id='word_1_779' title='bbox 147 5165 303 5219; x_wconf 85' lang='lat' dir='ltr'>enim</span> <span class='ocrx_word' id='word_1_780' title='bbox 354 5165 571 5235; x_wconf 87' lang='lat' dir='ltr'>aliquis</span> <span class='ocrx_word' id='word_1_781' title='bbox 598 5164 1067 5233; x_wconf 88' lang='lat' dir='ltr'>evangelistarum</span> <span class='ocrx_word' id='word_1_782' title='bbox 1097 5163 1237 5216; x_wconf 84' lang='lat' dir='ltr'>dixit</span> <span class='ocrx_word' id='word_1_783' title='bbox 1268 5163 1413 5233; x_wconf 91' lang='lat' dir='ltr'>quod</span> <span class='ocrx_word' id='word_1_784' title='bbox 1446 5162 1538 5215; x_wconf 90' lang='lat' dir='ltr'>isti</span> <span class='ocrx_word' id='word_1_785' title='bbox 1573 5179 1766 5232; x_wconf 89' lang='lat' dir='ltr'>panes,</span> 
     </span>
    </p>
   </div>
   <div class='ocr_carea' id='block_1_72' title="bbox 143 5252 1763 5323">
    <p class='ocr_par' dir='ltr' id='par_1_72' title="bbox 143 5252 1763 5323">
     <span class='ocr_line' id='line_1_73' title="bbox 143 5252 1763 5323; baseline -0.001 -16"><span class='ocrx_word' id='word_1_786' title='bbox 143 5252 467 5309; x_wconf 83' lang='lat' dir='ltr'>hordeacei</span> <span class='ocrx_word' id='word_1_787' title='bbox 494 5254 725 5318; x_wconf 80' lang='lat' dir='ltr'>fuerint,</span> <span class='ocrx_word' id='word_1_788' title='bbox 757 5253 902 5308; x_wconf 89' lang='lat' dir='ltr'>sicut</span> <span class='ocrx_word' id='word_1_789' title='bbox 929 5253 999 5307; x_wconf 87' lang='lat' dir='ltr'>de</span> <span class='ocrx_word' id='word_1_790' title='bbox 1026 5253 1135 5306; x_wconf 87' lang='lat' dir='ltr'>illis</span> <span class='ocrx_word' id='word_1_791' title='bbox 1159 5253 1406 5323; x_wconf 90' lang='lat' dir='ltr'>quinque</span> <span class='ocrx_word' id='word_1_792' title='bbox 1420 5252 1628 5305; x_wconf 89' lang='lat' dir='ltr'>dictum</span> <span class='ocrx_word' id='word_1_793' title='bbox 1653 5258 1763 5306; x_wconf 86' lang='lat' dir='ltr'>est:</span> 
     </span>
    </p>
   </div>
   <div class='ocr_carea' id='block_1_73' title="bbox 146 5340 1769 5413">
    <p class='ocr_par' dir='ltr' id='par_1_73' title="bbox 146 5340 1769 5413">
     <span class='ocr_line' id='line_1_74' title="bbox 146 5340 1769 5413; baseline -0.003 -15"><span class='ocrx_word' id='word_1_794' title='bbox 146 5344 242 5397; x_wconf 83' lang='lat' dir='ltr'>sed</span> <span class='ocrx_word' id='word_1_795' title='bbox 277 5343 478 5413; x_wconf 82' lang='lat' dir='ltr'>magis</span> <span class='ocrx_word' id='word_1_796' title='bbox 499 5343 705 5397; x_wconf 86' lang='lat' dir='ltr'>triticei</span> <span class='ocrx_word' id='word_1_797' title='bbox 734 5343 905 5396; x_wconf 89' lang='lat' dir='ltr'>fuisse</span> <span class='ocrx_word' id='word_1_798' title='bbox 927 5343 1321 5406; x_wconf 88' lang='lat' dir='ltr'>creduntur,ut</span> <span class='ocrx_word' id='word_1_799' title='bbox 1334 5358 1399 5395; x_wconf 91' lang='lat' dir='ltr'>eo</span> <span class='ocrx_word' id='word_1_800' title='bbox 1414 5340 1769 5395; x_wconf 87' lang='lat' dir='ltr'>alaturChri-</span> 
     </span>
    </p>
   </div>
   <div class='ocr_carea' id='block_1_74' title="bbox 144 5429 1763 5504">
    <p class='ocr_par' dir='ltr' id='par_1_74' title="bbox 144 5429 1763 5504">
     <span class='ocr_line' id='line_1_75' title="bbox 144 5429 1763 5504; baseline -0.002 -16"><span class='ocrx_word' id='word_1_801' title='bbox 144 5433 217 5488; x_wconf 76' lang='lat' dir='ltr'>sti</span> <span class='ocrx_word' id='word_1_802' title='bbox 246 5432 518 5489; x_wconf 81' lang='lat' dir='ltr'>Ecclesia</span> <span class='ocrx_word' id='word_1_803' title='bbox 554 5448 737 5504; x_wconf 88' lang='lat' dir='ltr'>grano</span> <span class='ocrx_word' id='word_1_804' title='bbox 765 5432 1050 5496; x_wconf 88' lang='lat' dir='ltr'>frumenti,</span> <span class='ocrx_word' id='word_1_805' title='bbox 1093 5431 1241 5504; x_wconf 92' lang='lat' dir='ltr'>quod</span> <span class='ocrx_word' id='word_1_806' title='bbox 1289 5431 1491 5486; x_wconf 89' lang='lat' dir='ltr'>cadens</span> <span class='ocrx_word' id='word_1_807' title='bbox 1527 5429 1584 5485; x_wconf 90' lang='lat' dir='ltr'>in</span> <span class='ocrx_word' id='word_1_808' title='bbox 1614 5437 1763 5485; x_wconf 89' lang='lat' dir='ltr'>terra</span> 
     </span>
    </p>
   </div>
   <div class='ocr_carea' id='block_1_75' title="bbox 144 5519 1764 5606">
    <p class='ocr_par' dir='ltr' id='par_1_75' title="bbox 144 5519 1764 5606">
     <span class='ocr_line' id='line_1_76' title="bbox 144 5519 1764 5606; baseline -0.001 -25"><span class='ocrx_word' id='word_1_809' title='bbox 144 5529 461 5606; x_wconf 79' lang='lat' dir='ltr'>mortuum</span> <span class='ocrx_word' id='word_1_810' title='bbox 497 5520 626 5593; x_wconf 78' lang='lat' dir='ltr'>fuit,</span> <span class='ocrx_word' id='word_1_811' title='bbox 660 5520 862 5581; x_wconf 87' lang='lat' dir='ltr'>deinde</span> <span class='ocrx_word' id='word_1_812' title='bbox 888 5522 1132 5581; x_wconf 88' lang='lat' dir='ltr'>multum</span> <span class='ocrx_word' id='word_1_813' title='bbox 1158 5523 1403 5580; x_wconf 85' lang='lat' dir='ltr'>fructum</span> <span class='ocrx_word' id='word_1_814' title='bbox 1430 5519 1640 5579; x_wconf 86' lang='lat' dir='ltr'>attulit.</span> <span class='ocrx_word' id='word_1_815' title='bbox 1656 5522 1764 5580; x_wconf 85' lang='lat' dir='ltr'>Pro</span> 
     </span>
    </p>
   </div>
   <div class='ocr_carea' id='block_1_76' title="bbox 1849 4448 3449 4520">
    <p class='ocr_par' dir='ltr' id='par_1_76' title="bbox 1849 4448 3449 4520">
     <span class='ocr_line' id='line_1_77' title="bbox 1849 4448 3449 4520; baseline 0.001 -18"><span class='ocrx_word' id='word_1_816' title='bbox 1849 4448 2005 4502; x_wconf 88' lang='lat' dir='ltr'>favor</span> <span class='ocrx_word' id='word_1_817' title='bbox 2023 4448 2193 4502; x_wconf 92' lang='lat' dir='ltr'>fuerit</span> <span class='ocrx_word' id='word_1_818' title='bbox 2212 4450 2615 4518; x_wconf 85' lang='lat' dir='ltr'>apostolorum,</span> <span class='ocrx_word' id='word_1_819' title='bbox 2633 4453 2693 4502; x_wconf 89' lang='lat' dir='ltr'>ut</span> <span class='ocrx_word' id='word_1_820' title='bbox 2721 4450 2958 4503; x_wconf 89' lang='lat' dir='ltr'>salutem</span> <span class='ocrx_word' id='word_1_821' title='bbox 2973 4449 3158 4519; x_wconf 89' lang='lat' dir='ltr'>gentis</span> <span class='ocrx_word' id='word_1_822' title='bbox 3175 4466 3289 4503; x_wconf 74' lang='lat' dir='ltr'>suae</span> <span class='ocrx_word' id='word_1_823' title='bbox 3303 4466 3449 4520; x_wconf 65' lang='lat' dir='ltr'>quae-</span> 
     </span>
    </p>
   </div>
   <div class='ocr_carea' id='block_1_77' title="bbox 1850 4537 3447 4608">
    <p class='ocr_par' dir='ltr' id='par_1_77' title="bbox 1850 4537 3447 4608">
     <span class='ocr_line' id='line_1_78' title="bbox 1850 4537 3447 4608; baseline 0.002 -17"><span class='ocrx_word' id='word_1_824' title='bbox 1850 4544 2057 4601; x_wconf 89' lang='lat' dir='ltr'>rerent,</span> <span class='ocrx_word' id='word_1_825' title='bbox 2090 4538 2237 4591; x_wconf 89' lang='lat' dir='ltr'>sicut</span> <span class='ocrx_word' id='word_1_826' title='bbox 2264 4542 2320 4591; x_wconf 88' lang='lat' dir='ltr'>et</span> <span class='ocrx_word' id='word_1_827' title='bbox 2372 4538 2573 4591; x_wconf 87' lang='lat' dir='ltr'>Jonam</span> <span class='ocrx_word' id='word_1_828' title='bbox 2619 4537 2810 4591; x_wconf 87' lang='lat' dir='ltr'>fecisse</span> <span class='ocrx_word' id='word_1_829' title='bbox 2858 4537 3117 4608; x_wconf 88' lang='lat' dir='ltr'>legimus.</span> <span class='ocrx_word' id='word_1_830' title='bbox 3168 4539 3447 4594; x_wconf 81' lang='lat' dir='ltr'>Caeterum</span> 
     </span>
    </p>
   </div>
   <div class='ocr_carea' id='block_1_78' title="bbox 1848 4626 3448 4699">
    <p class='ocr_par' dir='ltr' id='par_1_78' title="bbox 1848 4626 3448 4699">
     <span class='ocr_line' id='line_1_79' title="bbox 1848 4626 3448 4699; baseline 0.003 -19"><span class='ocrx_word' id='word_1_831' title='bbox 1848 4626 2107 4698; x_wconf 90' lang='lat' dir='ltr'>gentibus</span> <span class='ocrx_word' id='word_1_832' title='bbox 2137 4627 2294 4681; x_wconf 88' lang='lat' dir='ltr'>nulla</span> <span class='ocrx_word' id='word_1_833' title='bbox 2313 4643 2378 4680; x_wconf 84' lang='lat' dir='ltr'>ex</span> <span class='ocrx_word' id='word_1_834' title='bbox 2398 4627 2520 4696; x_wconf 88' lang='lat' dir='ltr'>lege</span> <span class='ocrx_word' id='word_1_835' title='bbox 2543 4627 2710 4692; x_wconf 86' lang='lat' dir='ltr'>salus,</span> <span class='ocrx_word' id='word_1_836' title='bbox 2740 4644 2919 4698; x_wconf 91' lang='lat' dir='ltr'>neque</span> <span class='ocrx_word' id='word_1_837' title='bbox 2937 4645 3004 4681; x_wconf 79' lang='lat' dir='ltr'>ex</span> <span class='ocrx_word' id='word_1_838' title='bbox 3023 4627 3327 4699; x_wconf 88' lang='lat' dir='ltr'>prophetis,</span> <span class='ocrx_word' id='word_1_839' title='bbox 3348 4626 3448 4684; x_wconf 89' lang='lat' dir='ltr'>sed</span> 
     </span>
    </p>
   </div>
   <div class='ocr_carea' id='block_1_79' title="bbox 1848 4715 3447 4790">
    <p class='ocr_par' dir='ltr' id='par_1_79' title="bbox 1848 4715 3447 4790">
     <span class='ocr_line' id='line_1_80' title="bbox 1848 4715 3447 4790; baseline 0.003 -20"><span class='ocrx_word' id='word_1_840' title='bbox 1848 4733 1950 4787; x_wconf 92' lang='lat' dir='ltr'>per</span> <span class='ocrx_word' id='word_1_841' title='bbox 1976 4716 2154 4769; x_wconf 87' lang='lat' dir='ltr'>solam</span> <span class='ocrx_word' id='word_1_842' title='bbox 2195 4715 2401 4770; x_wconf 86' lang='lat' dir='ltr'>Christi</span> <span class='ocrx_word' id='word_1_843' title='bbox 2430 4717 2691 4786; x_wconf 84' lang='lat' dir='ltr'>gratiam.</span> <span class='ocrx_word' id='word_1_844' title='bbox 2716 4722 2931 4787; x_wconf 86' lang='lat' dir='ltr'>septem</span> <span class='ocrx_word' id='word_1_845' title='bbox 2960 4716 3039 4771; x_wconf 89' lang='lat' dir='ltr'>eis</span> <span class='ocrx_word' id='word_1_846' title='bbox 3069 4717 3316 4787; x_wconf 89' lang='lat' dir='ltr'>primum</span> <span class='ocrx_word' id='word_1_847' title='bbox 3344 4735 3447 4790; x_wconf 87' lang='lat' dir='ltr'>pa-</span> 
     </span>
    </p>
   </div>
   <div class='ocr_carea' id='block_1_80' title="bbox 1849 4804 3448 4877">
    <p class='ocr_par' dir='ltr' id='par_1_80' title="bbox 1849 4804 3448 4877">
     <span class='ocr_line' id='line_1_81' title="bbox 1849 4804 3448 4877; baseline 0.004 -21"><span class='ocrx_word' id='word_1_848' title='bbox 1849 4809 2047 4858; x_wconf 85' lang='lat' dir='ltr'>rantur</span> <span class='ocrx_word' id='word_1_849' title='bbox 2066 4821 2257 4875; x_wconf 83' lang='lat' dir='ltr'>panes,</span> <span class='ocrx_word' id='word_1_850' title='bbox 2279 4811 2333 4857; x_wconf 86' lang='lat' dir='ltr'>et</span> <span class='ocrx_word' id='word_1_851' title='bbox 2355 4804 2719 4873; x_wconf 81' lang='lat' dir='ltr'>franguntur;</span> <span class='ocrx_word' id='word_1_852' title='bbox 2745 4810 2809 4859; x_wconf 90' lang='lat' dir='ltr'>ut</span> <span class='ocrx_word' id='word_1_853' title='bbox 2823 4805 3062 4875; x_wconf 91' lang='lat' dir='ltr'>Spiritus</span> <span class='ocrx_word' id='word_1_854' title='bbox 3074 4807 3448 4877; x_wconf 87' lang='lat' dir='ltr'>sanctigratia</span> 
     </span>
    </p>
   </div>
   <div class='ocr_carea' id='block_1_81' title="bbox 1850 4893 3447 4964">
    <p class='ocr_par' dir='ltr' id='par_1_81' title="bbox 1850 4893 3447 4964">
     <span class='ocr_line' id='line_1_82' title="bbox 1850 4893 3447 4964; baseline 0.003 -17"><span class='ocrx_word' id='word_1_855' title='bbox 1850 4896 2076 4948; x_wconf 87' lang='lat' dir='ltr'>alantur</span> <span class='ocrx_word' id='word_1_856' title='bbox 2091 4894 2288 4964; x_wconf 75' lang='lat' dir='ltr'>gratis,</span> <span class='ocrx_word' id='word_1_857' title='bbox 2322 4893 2594 4962; x_wconf 89' lang='lat' dir='ltr'>donisque</span> <span class='ocrx_word' id='word_1_858' title='bbox 2633 4894 2947 4949; x_wconf 71' lang='lat' dir='ltr'>cmlestibus</span> <span class='ocrx_word' id='word_1_859' title='bbox 2987 4896 3328 4950; x_wconf 88' lang='lat' dir='ltr'>nutriantur.</span> <span class='ocrx_word' id='word_1_860' title='bbox 3358 4896 3447 4951; x_wconf 84' lang='lat' dir='ltr'>Ad</span> 
     </span>
    </p>
   </div>
   <div class='ocr_carea' id='block_1_82' title="bbox 1851 4983 3445 5056">
    <p class='ocr_par' dir='ltr' id='par_1_82' title="bbox 1851 4983 3445 5056">
     <span class='ocr_line' id='line_1_83' title="bbox 1851 4983 3445 5056; baseline 0.002 -19"><span class='ocrx_word' id='word_1_861' title='bbox 1851 4983 2148 5055; x_wconf 85' lang='lat' dir='ltr'>quas.quia</span> <span class='ocrx_word' id='word_1_862' title='bbox 2170 4984 2405 5037; x_wconf 86' lang='lat' dir='ltr'>necdum</span> <span class='ocrx_word' id='word_1_863' title='bbox 2430 4983 2587 5036; x_wconf 87' lang='lat' dir='ltr'>missi</span> <span class='ocrx_word' id='word_1_864' title='bbox 2616 4990 2778 5037; x_wconf 82' lang='lat' dir='ltr'>erant</span> <span class='ocrx_word' id='word_1_865' title='bbox 2791 4985 3112 5055; x_wconf 76' lang='lat' dir='ltr'>praedicare,</span> <span class='ocrx_word' id='word_1_866' title='bbox 3144 4987 3239 5040; x_wconf 91' lang='lat' dir='ltr'>sed</span> <span class='ocrx_word' id='word_1_867' title='bbox 3260 4987 3445 5056; x_wconf 88' lang='lat' dir='ltr'>potius</span> 
     </span>
    </p>
   </div>
   <div class='ocr_carea' id='block_1_83' title="bbox 1850 5073 3444 5145">
    <p class='ocr_par' dir='ltr' id='par_1_83' title="bbox 1850 5073 3444 5145">
     <span class='ocr_line' id='line_1_84' title="bbox 1850 5073 3444 5145; baseline 0.003 -19"><span class='ocrx_word' id='word_1_868' title='bbox 1850 5075 1917 5127; x_wconf 88' lang='lat' dir='ltr'>ad</span> <span class='ocrx_word' id='word_1_869' title='bbox 1943 5091 2069 5127; x_wconf 87' lang='lat' dir='ltr'>oves</span> <span class='ocrx_word' id='word_1_870' title='bbox 2093 5074 2339 5143; x_wconf 80' lang='lat' dir='ltr'>perditas</span> <span class='ocrx_word' id='word_1_871' title='bbox 2368 5073 2773 5138; x_wconf 85' lang='lat' dir='ltr'>domuslsrael,</span> <span class='ocrx_word' id='word_1_872' title='bbox 2808 5080 3104 5145; x_wconf 90' lang='lat' dir='ltr'>propterea</span> <span class='ocrx_word' id='word_1_873' title='bbox 3130 5076 3198 5129; x_wconf 89' lang='lat' dir='ltr'>de</span> <span class='ocrx_word' id='word_1_874' title='bbox 3222 5075 3307 5128; x_wconf 88' lang='lat' dir='ltr'>his</span> <span class='ocrx_word' id='word_1_875' title='bbox 3330 5091 3444 5131; x_wconf 88' lang='lat' dir='ltr'>non</span> 
     </span>
    </p>
   </div>
   <div class='ocr_carea' id='block_1_84' title="bbox 1851 5161 3440 5225">
    <p class='ocr_par' dir='ltr' id='par_1_84' title="bbox 1851 5161 3440 5225">
     <span class='ocr_line' id='line_1_85' title="bbox 1851 5161 3440 5225; baseline 0.002 -10"><span class='ocrx_word' id='word_1_876' title='bbox 1851 5163 2031 5215; x_wconf 89' lang='lat' dir='ltr'>solum</span> <span class='ocrx_word' id='word_1_877' title='bbox 2068 5168 2273 5225; x_wconf 85' lang='lat' dir='ltr'>tacent,</span> <span class='ocrx_word' id='word_1_878' title='bbox 2327 5177 2519 5214; x_wconf 82' lang='lat' dir='ltr'>verum</span> <span class='ocrx_word' id='word_1_879' title='bbox 2562 5161 2731 5216; x_wconf 86' lang='lat' dir='ltr'>etiam</span> <span class='ocrx_word' id='word_1_880' title='bbox 2775 5171 3077 5217; x_wconf 79' lang='lat' dir='ltr'>causentur</span> <span class='ocrx_word' id='word_1_881' title='bbox 3107 5170 3164 5218; x_wconf 93' lang='lat' dir='ltr'>et</span> <span class='ocrx_word' id='word_1_882' title='bbox 3210 5164 3440 5219; x_wconf 85' lang='lat' dir='ltr'>dicunt:</span> 
     </span>
    </p>
   </div>
   <div class='ocr_carea' id='block_1_85' title="bbox 1854 5252 3446 5320">
    <p class='ocr_par' dir='ltr' id='par_1_85' title="bbox 1854 5252 3446 5320">
     <span class='ocr_line' id='line_1_86' title="bbox 1854 5252 3446 5320; baseline 0.003 -16"><span class='ocrx_word' id='word_1_883' title='bbox 1854 5252 1999 5305; x_wconf 85' lang='lat' dir='ltr'>Unde</span> <span class='ocrx_word' id='word_1_884' title='bbox 2016 5255 2140 5303; x_wconf 75' lang='lat' dir='ltr'>istos</span> <span class='ocrx_word' id='word_1_885' title='bbox 2148 5254 2346 5318; x_wconf 77' lang='lat' dir='ltr'>poterit</span> <span class='ocrx_word' id='word_1_886' title='bbox 2368 5254 2491 5318; x_wconf 76' lang='lat' dir='ltr'>quis</span> <span class='ocrx_word' id='word_1_887' title='bbox 2508 5258 2764 5305; x_wconf 83' lang='lat' dir='ltr'>saturare</span> <span class='ocrx_word' id='word_1_888' title='bbox 2785 5255 3020 5320; x_wconf 74' lang='lat' dir='ltr'>panibus</span> <span class='ocrx_word' id='word_1_889' title='bbox 3038 5256 3101 5306; x_wconf 79' lang='lat' dir='ltr'>in</span> <span class='ocrx_word' id='word_1_890' title='bbox 3118 5256 3446 5309; x_wconf 69' lang='lat' dir='ltr'>solitudine?</span> 
     </span>
    </p>
   </div>
   <div class='ocr_carea' id='block_1_86' title="bbox 1854 5340 3443 5412">
    <p class='ocr_par' dir='ltr' id='par_1_86' title="bbox 1854 5340 3443 5412">
     <span class='ocr_line' id='line_1_87' title="bbox 1854 5340 3443 5412; baseline 0.004 -21"><span class='ocrx_word' id='word_1_891' title='bbox 1854 5343 2028 5407; x_wconf 76' lang='lat' dir='ltr'>(Marc</span> <span class='ocrx_word' id='word_1_892' title='bbox 2071 5354 2189 5407; x_wconf 87' lang='lat' dir='ltr'>vm,</span> <span class='ocrx_word' id='word_1_893' title='bbox 2222 5340 2291 5409; x_wconf 73' lang='lat' dir='ltr'>’i.)</span> <span class='ocrx_word' id='word_1_894' title='bbox 2324 5340 2583 5410; x_wconf 85' lang='lat' dir='ltr'>Alioquin</span> <span class='ocrx_word' id='word_1_895' title='bbox 2611 5340 2720 5395; x_wconf 89' lang='lat' dir='ltr'>nisi</span> <span class='ocrx_word' id='word_1_896' title='bbox 2741 5341 2798 5395; x_wconf 92' lang='lat' dir='ltr'>in</span> <span class='ocrx_word' id='word_1_897' title='bbox 2822 5342 3086 5412; x_wconf 86' lang='lat' dir='ltr'>mysterio</span> <span class='ocrx_word' id='word_1_898' title='bbox 3108 5343 3212 5396; x_wconf 88' lang='lat' dir='ltr'>hoc</span> <span class='ocrx_word' id='word_1_899' title='bbox 3232 5344 3443 5398; x_wconf 88' lang='lat' dir='ltr'>dictum</span> 
     </span>
    </p>
   </div>
   <div class='ocr_carea' id='block_1_87' title="bbox 1848 5429 3440 5502">
    <p class='ocr_par' dir='ltr' id='par_1_87' title="bbox 1848 5429 3440 5502">
     <span class='ocr_line' id='line_1_88' title="bbox 1848 5429 3440 5502; baseline 0.003 -19"><span class='ocrx_word' id='word_1_900' title='bbox 1848 5435 2013 5495; x_wconf 87' lang='lat' dir='ltr'>esset,</span> <span class='ocrx_word' id='word_1_901' title='bbox 2039 5429 2401 5483; x_wconf 89' lang='lat' dir='ltr'>incredulitas</span> <span class='ocrx_word' id='word_1_902' title='bbox 2413 5432 2793 5500; x_wconf 86' lang='lat' dir='ltr'>apostolorum</span> <span class='ocrx_word' id='word_1_903' title='bbox 2812 5432 2968 5485; x_wconf 89' lang='lat' dir='ltr'>valde</span> <span class='ocrx_word' id='word_1_904' title='bbox 2987 5432 3265 5502; x_wconf 88' lang='lat' dir='ltr'>culpanda</span> <span class='ocrx_word' id='word_1_905' title='bbox 3298 5439 3440 5501; x_wconf 85' lang='lat' dir='ltr'>erat,</span> 
     </span>
    </p>
   </div>
   <div class='ocr_carea' id='block_1_88' title="bbox 1847 5520 3441 5597">
    <p class='ocr_par' dir='ltr' id='par_1_88' title="bbox 1847 5520 3441 5597">
     <span class='ocr_line' id='line_1_89' title="bbox 1847 5520 3441 5597; baseline -0.001 -18"><span class='ocrx_word' id='word_1_906' title='bbox 1847 5521 1980 5593; x_wconf 87' lang='lat' dir='ltr'>quia</span> <span class='ocrx_word' id='word_1_907' title='bbox 1998 5521 2103 5580; x_wconf 87' lang='lat' dir='ltr'>etsi</span> <span class='ocrx_word' id='word_1_908' title='bbox 2132 5537 2246 5580; x_wconf 89' lang='lat' dir='ltr'>non</span> <span class='ocrx_word' id='word_1_909' title='bbox 2271 5520 2513 5590; x_wconf 86' lang='lat' dir='ltr'>aliunde,</span> <span class='ocrx_word' id='word_1_910' title='bbox 2540 5538 2605 5578; x_wconf 78' lang='lat' dir='ltr'>ex</span> <span class='ocrx_word' id='word_1_911' title='bbox 2633 5521 2807 5593; x_wconf 91' lang='lat' dir='ltr'>priori</span> <span class='ocrx_word' id='word_1_912' title='bbox 2837 5522 3039 5597; x_wconf 85' lang='lat' dir='ltr'>saltem</span> <span class='ocrx_word' id='word_1_913' title='bbox 3070 5522 3342 5578; x_wconf 88' lang='lat' dir='ltr'>miraculo</span> <span class='ocrx_word' id='word_1_914' title='bbox 3369 5521 3441 5583; x_wconf 83' lang='lat' dir='ltr'>de</span> 
     </span>
    </p>
   </div>
  </div>
