3888 6172
478 201 577 254 547

1243 196 1300 249 s.
1344 189 1715 246 PASCHASII
1761 185 2116 242 RADBERTI
2157 187 2458 242 ABBATIS
2503 190 2994 258 (DRBEIENSIS.

3555 210 3628 263 548

476 327 724 397 quinque
757 326 994 396 panibus
1024 321 1324 383 recordari,
1357 324 1413 373 et
1437 318 1576 371 scire
1608 319 1884 385 poterant,
1919 312 2064 382 quod
2083 313 2133 370 A
2150 318 2388 374 tantum,
2413 315 2500 367 hic
2523 315 2866 380 indeﬁnitus,
2907 317 3012 371 sub
3032 319 3308 388 paucitatis
3328 331 3487 381 tamen
3507 330 3635 400 signi-

474 416 590 470 Deo
603 415 742 469 nihil
762 413 1101 485 impossibile
1131 416 1268 466 erat.
1287 408 1390 462 Sed
1415 406 1609 460 tandiu
1633 407 1772 456 torte
1786 419 1878 455 eos
1892 402 2066 454 incre-

473 505 680 559 dulitas
711 504 911 565 tenuit,
933 500 1198 556 etoblivio
1223 497 1450 559 facti,ne
1471 493 1898 547 recordarentur
1918 491 2064 560 quod

476 595 668 648 fecerit
697 594 764 646 de
794 593 1039 662 quinque
1069 587 1398 660 panibus,et
1418 581 1638 636 duobus
1668 579 1928 651 piscibus,
1962 580 2062 631 do-

471 700 573 737 nec
605 682 866 754 mysteria
889 679 1305 748 complerentur
1323 686 1631 743 gestorum.
1655 671 1796 722 Nam
1821 669 1875 720 in
1892 669 2063 738 priori

474 771 652 841 signo,
689 769 819 840 quia
849 766 1095 838 quinque
1126 762 1385 818 sensibus
1415 760 1597 813 adhuc
1621 757 1715 827 qui
1739 761 2060 826 pascuntur,

473 857 863 914 tantummodo
881 854 1198 918 utebantur,
1225 857 1280 905 et
1309 849 1566 904 sensibus
1584 846 1744 900 vicini
1775 852 1936 898 erant
1952 863 2068 898 car-

475 947 828 1008 nalibus,non
851 945 968 1015 ipse
1003 942 1272 997 Dominus
1295 938 1622 993 recordatur
1649 935 1704 988 in
1726 951 1837 988 uno
1869 935 2066 987 saltem

473 1036 790 1089 laborantes
815 1034 924 1097 die,
953 1032 1049 1086 sed
1070 1029 1346 1100 discipuli,
1373 1027 1503 1096 quia
1533 1025 1715 1078 adhuc
1744 1023 1847 1077 sub
1879 1024 2066 1092 paeda-

470 1141 615 1194 gogo
647 1129 807 1177 erant
834 1122 992 1190 legis,
1025 1121 1175 1173 unde
1204 1117 1383 1171 vicina
1413 1131 1638 1185 vespere
1669 1119 1725 1168 et
1763 1113 2066 1166 inclinante

467 1213 588 1284 jam
614 1213 749 1277 sole,
786 1211 918 1281 quia
947 1209 1186 1280 amplius
1222 1223 1334 1260 non
1374 1209 1633 1275 poterant
1657 1201 1934 1256 sustinere
1965 1218 2064 1271 pro

473 1302 553 1356 eis
592 1301 980 1371 deprecantur.
1018 1295 1175 1367 quasi
1207 1312 1306 1366 pro
1345 1292 1702 1364 imperfectis.
1745 1291 1844 1344 Hic
1875 1297 2062 1343 autem

470 1391 590 1461 ipse
615 1388 887 1443 Dominus
914 1385 1243 1440 recordatur
1261 1399 1476 1446 eorum,
1494 1387 1550 1436 et
1565 1380 1818 1434 misereri
1839 1379 2059 1445 dicitur,

471 1494 779 1548 causasque
792 1474 1168 1530 miserationis
1196 1472 1448 1543 exponit:
1475 1473 1614 1537 Quia
1639 1468 2057 1538 tridu0,inquit,

466 1573 815 1638 perseverant
840 1581 1072 1626 mecum,
1105 1568 1152 1616 et
1169 1566 1386 1630 jejunos
1417 1563 1696 1613 dimittere
1715 1575 1796 1611 eos
1819 1562 1963 1617 nolo,
1996 1575 2062 1610 ne

2149 402 2424 464 ﬁcatione,
2461 421 2727 459 numerus
2758 407 3012 476 ponitur;
3046 407 3158 461 illic
3180 410 3396 482 quinque
3422 416 3560 471 millia
3580 421 3636 473 vi-

2149 507 2334 544 rorum
2343 494 2506 561 juxta
2536 493 2998 558 Pentatheucum,
3019 495 3108 548 hic
3139 501 3494 569 quatuorjuxta
3506 505 3639 561 Evan-

2144 580 2352 648 gelium
2383 603 2394 636 :
2418 581 2530 635 illic
2560 582 2852 637 duodecim
2881 584 3127 654 cephini,
3172 586 3252 640 hic
3278 596 3459 659 septem
3487 605 3640 663 sporta

2147 670 2464 738 replentur;
2498 672 2578 725 illi
2605 673 2984 727 accubuerunt
3007 691 3175 744 super
3197 676 3388 738 fenum,
3415 680 3490 733 isti
3515 699 3645 753 supra

2147 759 2380 812 solidam
2396 767 2627 826 terram;
2642 761 2724 815 illi
2735 763 2884 816 diem
2900 768 3120 818 tantum
3135 780 3301 819 unum
3312 771 3645 834 “faciunt

2147 863 2272 900 cum
2304 849 2546 909 Christo,
2577 851 2667 904 isti
2696 851 2884 905 triduo
2917 856 3519 923 perseverantirremoti.
3546 861 3651 915 Hinc

2147 937 2404 1007 superius
2420 939 2489 992 de
2511 939 2843 1009 quibusdam
2863 947 2998 1011 puto
3006 944 3027 1011 j
3035 959 3123 996 am
3137 944 3265 997 satis
3277 961 3384 998 esse
3393 952 3648 1012 tractatum,

2146 1032 2203 1078 et
2223 1027 2406 1080 omnia
2431 1028 2738 1082 secundum
2755 1047 3052 1099 personam
3072 1033 3584 1104 populicongruenter
3595 1056 3656 1092 es-

2147 1133 2206 1169 se
2227 1117 2496 1186 subjecta,
2515 1118 2747 1187 signavi.
2775 1119 2934 1172 Nunc
2955 1136 3175 1190 quoque
3192 1128 3532 1191 competenter
3549 1125 3654 1177 ratio

2148 1207 2343 1276 poscit,
2378 1223 2502 1277 quae
2525 1207 2734 1260 omissa
2773 1215 2923 1268 sunt,
2957 1208 3300 1278 singularum
3317 1227 3482 1264 rerum
3509 1229 3657 1265 causas

2148 1295 2339 1365 paucis
2369 1297 2608 1366 explere,
2658 1303 2722 1349 ut
2768 1297 3001 1366 singula:
3050 1313 3255 1353 mensae
3291 1299 3375 1353 cui
3409 1307 3660 1370 congruant

2147 1384 2293 1454 plebi
2318 1385 2438 1438 luce
2455 1386 2658 1438 clarius
2685 1391 2950 1456 patescat.
2971 1387 3113 1440 Nam
3135 1393 3368 1457 quatuor
3393 1387 3545 1441 millia
3566 1389 3660 1442 ideo

2145 1474 2348 1544 populo
2371 1474 2509 1527 Novi
2528 1474 2870 1528 Testamenti
2893 1482 3307 1546 comparantur,
3329 1478 3450 1546 quia
3465 1477 3539 1530 hic
3561 1478 3662 1530 ordo

2144 1562 2246 1616 sub
2277 1569 2520 1632 quatuor
2551 1563 2860 1632 Evangeliis
2889 1564 3092 1633 degere
3121 1564 3399 1635 probatur,
3429 1572 3478 1618 et
3509 1582 3537 1618 a
3557 1581 3663 1635 qua-

473 1660 728 1724 deﬁciant
749 1660 811 1708 in
833 1659 923 1708 via
965 1653 1215 1708 Infelices
1233 1651 1430 1714 Judaei,
1452 1649 1545 1720 qui
1573 1649 1755 1702 adhuc
1774 1648 1936 1701 hodie
1958 1648 2060 1700 hoc
2081 1642 2122 1700 B
2143 1656 2272 1704 tuor
2307 1651 2484 1720 plagis
2519 1651 2642 1704 οωὶὶ
2674 1651 2728 1704 in
2763 1653 2977 1706 unitate
3007 1653 3260 1707 Ecclesiae
3295 1653 3560 1723 colligitur.
3587 1653 3665 1716 Qui

469 1746 720 1799 triduum
747 1760 855 1797 non
875 1747 1051 1812 agunt
1069 1758 1194 1794 cum
1220 1741 1353 1794 Deo.
1386 1756 1486 1791 nec
1521 1743 1879 1807 perseverant
1897 1737 1951 1789 in
1975 1737 2060 1788 his

473 1851 594 1904 quae
624 1833 725 1886 Dei
759 1831 1054 1900 sunt,quia
1082 1830 1139 1882 in
1167 1829 1441 1882 Trinitate
1468 1827 1692 1880 deitatis
1721 1827 1919 1878 nolunt
1939 1841 2058 1878 cre-

468 1923 620 1982 dere,
643 1938 824 1991 neque
845 1920 1194 1973 nativitatem
1219 1916 1643 1979 Christi,655
1659 1915 1970 1985 passionem
1995 1931 2059 1967 ac

469 2009 937 2063 resurrectionem
960 2006 1212 2060 conﬁteri
1233 2023 1245 2069 ;
1270 2020 1590 2074 quanquam
1615 2011 1671 2055 et
1692 2003 1794 2056 hoc
1808 2003 2057 2056 triduum

467 2099 562 2152 alii
592 2099 756 2152 aliter
785 2096 1142 2166 interpretari
1167 2094 1354 2148 velint.
1384 2093 1584 2146 Dicunt
1610 2092 1758 2144 enim
1782 2091 1928 2159 quod
1951 2097 2059 2143 ter-

463 2189 578 2242 tius
605 2187 724 2240 dies
748 2191 912 2250 esset,
945 2202 1009 2238 ex
1050 2201 1160 2254 quo
1199 2183 1248 2236 ei
1287 2182 1474 2252 jujuni
1507 2179 1885 2233 adhzesissent.
1917 2179 2060 2242 Quia

462 2276 521 2330 in
545 2283 664 2331 toto
695 2275 895 2330 saeculo
922 2274 1143 2344 generis
1171 2270 1649 2326 humanitertium
1667 2276 1890 2338 tempus
1915 2274 2053 2332 erat,

468 2365 691 2437 quando
720 2363 849 2418 ﬁdei
888 2362 1218 2417 Christiana:
1254 2361 1437 2430 gratia
1474 2359 1606 2412 data
1647 2363 1749 2411 est.
1804 2357 2053 2410 Primum

465 2455 814 2508 scilicetante
843 2454 1043 2522 legem,
1076 2451 1382 2504 secundum
1411 2448 1513 2501 sub
1543 2448 1682 2516 lege,
1708 2447 1936 2500 tertium
1951 2445 2054 2500 sub

463 2543 666 2613 gratia.
703 2543 770 2596 Et
798 2541 1059 2611 quoniam
1093 2546 1354 2609 quartum
1396 2538 1578 2590 adhuc
1617 2542 1810 2599 restat,
1843 2552 1953 2606 quo
1983 2535 2052 2589 ad

458 2633 841 2704 plenissimam
873 2647 1062 2702 pacem
1097 2629 1444 2682 Hierusalem
1475 2626 1692 2680 venturi
1723 2641 2054 2695 sumus,quo

455 2721 638 2775 tendit
668 2719 922 2790 quisquis
944 2726 1092 2772 recte
1124 2717 1303 2770 credit
1332 2716 1388 2768 in
1420 2714 1726 2777 Christum,
1759 2719 2054 2782 prapterea

458 2827 518 2864 se
540 2810 676 2862 dicit
700 2808 922 2862 turbam
959 2807 1112 2860 illam
1145 2807 1373 2858 reﬁcere
1404 2802 1693 2866 Dominus,
1721 2804 2051 2867 nedeﬁciant

2143 1754 2415 1793 numerus
2445 1756 2667 1810 semper
2706 1740 2760 1793 in
2793 1741 2958 1794 laude
2998 1742 3241 1810 ponitur,
3273 1743 3395 1812 quia
3419 1742 3664 1811 quadratus

2142 1827 2283 1898 lapis
2310 1845 2420 1881 non
2453 1830 2703 1893 fluctuat,
2747 1846 2848 1882 nec
2890 1836 2977 1883 est
3014 1830 3311 1884 instabilis.
3347 1830 3414 1884 Et
3451 1847 3536 1901 per
3556 1831 3669 1883 hunc

2142 1917 2306 1986 plane
2335 1933 2632 1971 numerum
2661 1918 2959 1972 multitudo
2988 1919 3471 1973 innumerabilium
3488 1934 3544 1971 ex
3569 1935 3668 1988 qua-

2141 2011 2272 2058 tuor
2293 2005 2545 2075 partibus
2560 2013 2898 2076 congregata
2918 2008 3214 2076 ﬁguratur,
3235 2009 3456 2078 ipsaque
3469 2007 3671 2060 multitu-

2141 2093 2211 2146 do
2233 2100 2476 2164 quatuor
2491 2094 2804 2156 virtutibus,
2821 2102 2886 2148 ut
2905 2095 3193 2158 subsistat,
3211 2096 3596 2158 solidatur.Quo
3609 2109 3672 2146 sa-

2143 2200 2213 2236 ne
2234 2199 2467 2236 numero
2485 2183 2653 2237 etiam
2687 2184 2868 2254 ipsum
2887 2185 3252 2253 Evangelium
3273 2191 3336 2238 ut
3360 2185 3562 2238 ﬁrmum
3578 2198 3675 2253 per-

2142 2278 2386 2337 maneat,
2401 2273 2675 2342 quadrato
2697 2289 2932 2326 numero
2957 2274 3253 2338 solidatur,
3279 2279 3334 2328 et
3362 2274 3417 2327 in
3445 2273 3675 2326 soliditate

2140 2361 2372 2414 unitatis
2401 2361 2799 2432 perfectissime
2817 2363 3258 2432 conquadratur.
3279 2380 3350 2417 ne
3369 2363 3488 2417 ullis
3507 2360 3680 2414 vacillet

2136 2451 2501 2520 temporibus.
2538 2451 2711 2504 Porro
2754 2451 2916 2522 pauci
2948 2451 3151 2521 pisces,
3188 2458 3246 2506 et
3292 2468 3402 2505 non
3446 2451 3544 2504 duo
3569 2449 3681 2501 sicut

2137 2555 2325 2609 supra,
2346 2539 2403 2591 hi
2425 2545 2556 2593 sunt
2585 2540 2680 2609 qui
2703 2540 2944 2610 primum
2967 2541 3036 2594 de
3055 2541 3214 2595 falsis
3233 2539 3535 2611 gurgitibus
3549 2538 3684 2606 hujus

2137 2627 2323 2681 saeculi
2353 2628 2519 2698 capti,
2547 2645 2647 2698 per
2685 2628 2853 2681 ﬁdem
2883 2628 3124 2682 Domino
3154 2631 3521 2692 adhaeserunt,
3565 2632 3611 2679 et
3642 2625 3685 2676 in

2137 2717 2257 2787 ejus
2284 2717 2510 2770 nomine
2519 2716 2696 2785 juncti
2725 2722 2874 2780 sunt,
2900 2723 2956 2771 et
2987 2718 3142 2771 missi
3171 2719 3244 2772 ad
3285 2717 3686 2790 praedicationem

2135 2805 2439 2875 Evangelii,
2489 2811 2551 2860 ut
2603 2823 2702 2876 pro
2759 2806 2880 2876 ipso
2939 2823 3145 2877 magno
3177 2808 3351 2878 pisce,
3407 2807 3576 2867 idest,
3612 2817 3688 2872 pro

458 2902 522 2950 in
544 2899 652 2950 via.
676 2896 814 2959 Quia
848 2896 964 2948 haec
993 2893 1355 2963 dispensatio,
1380 2908 1490 2961 qua
1520 2889 1678 2943 nobis
1707 2889 1976 2942 Dominus
1994 2889 2050 2942 in
2069 2876 2112 2935 Ο
2136 2892 2376 2955 Christo,
2410 2893 2688 2962 legatione
2711 2876 3097 2963 fungerentur.
3133 2876 3201 2948 ut
3236 2896 3294 2948 in
3321 2909 3505 2948 eorum
3533 2889 3690 2944 condi-

463 3001 631 3038 carne
659 2999 930 3054 apparere
955 2982 1220 3051 dignatus
1241 2986 1340 3038 est.
1359 2979 1499 3032 nihil
1519 2978 1671 3031 aliud
1701 2979 1835 3047 agit,
1853 2978 1960 3031 nisi
1989 2983 2053 3032 ut
2134 2990 2325 3035 mento
2355 2980 2556 3034 animae
2579 2981 2826 3036 ﬁdelium
2868 2982 3236 3048 satiarentur,
3273 3001 3346 3038 ne
3375 2984 3538 3038 ullum
3567 2978 3693 3033 fasti-

456 3073 527 3128 ad
572 3073 815 3143 palmam
850 3087 1105 3141 supernae
1136 3069 1438 3122 vocationis
1469 3068 1589 3122 sine
1618 3067 1836 3121 defectu
1862 3067 2049 3120 venire
2132 3069 2288 3122 dium
2321 3068 2476 3139 plebs
2501 3069 2740 3124 invalida
2787 3071 3090 3125 sustineret
3153 3073 3272 3127 Seu
3310 3071 3611 3126 indeﬁnitus
3632 3066 3693 3138 pi-

453 3162 752 3234 possimus.
782 3161 890 3214 Per
925 3160 1093 3213 ﬁdem
1139 3158 1288 3211 enim
1319 3157 1690 3220 ambulamus,
1725 3161 1782 3209 et
1810 3172 1921 3209 non
1951 3173 2050 3226 per
2131 3158 2306 3212 scium
2333 3175 2620 3224 numerus,
2655 3159 3003 3213 diversorum
3023 3160 3312 3221 donorum
3343 3167 3401 3215 et
3436 3159 3696 3213 charisma-

452 3251 716 3323 speciem.
749 3250 909 3305 Unde
955 3248 1241 3319 apostolus
1289 3247 1497 3300 Paulus
1545 3246 1792 3299 nondum
1823 3262 1881 3299 se
1911 3245 2046 3299 dicit
2129 3251 2250 3300 tum
2273 3247 2600 3316 partitiones
2621 3248 3182 3320 ministrationesque
3205 3251 3504 3321 signiﬁcat,
3525 3246 3694 3318 quibus

451 3340 884 3414 apprehendisse
906 3338 1052 3409 quod
1075 3336 1382 3408 perfectum
1408 3342 1510 3401 est,
1540 3335 1636 3389 sed
1665 3351 1732 3388 ea
1754 3351 1876 3405 quae
1895 3341 2044 3388 retro
2128 3337 2266 3389 ﬁdes
2296 3335 2549 3404 gentium
2579 3337 2892 3406 gratiarum
2923 3338 3257 3395 diversitate
3283 3341 3537 3395 satiatur.

449 3436 584 3485 sunt
611 3429 864 3492 oblitum,
908 3435 964 3481 et
1000 3427 1071 3480 ad
1115 3443 1179 3480 ea
1220 3442 1342 3496 quae
1385 3430 1516 3478 ante
1559 3430 1691 3478 sunt
1732 3430 2037 3476 extentum.
2199 3426 2259 3477 Et
2286 3429 2535 3492 praecipit
2565 3428 2738 3480 turbae
2768 3433 2827 3480 ut
2853 3429 3269 3484 discumberent
3308 3446 3470 3498 super
3500 3435 3694 3480 terram.

451 3519 769 3575 Secundum
809 3516 1200 3580 intentionem,
1239 3514 1439 3585 inquit,
1474 3529 1781 3584 persequor
1808 3512 1878 3565 ad
1926 3512 2042 3581 pal-
2124 3514 2286 3566 Prior
2310 3514 2477 3568 turba
2507 3516 2752 3585 quinque
2779 3515 3016 3584 panibus
3047 3524 3218 3587 pasta
3242 3536 3419 3590 super
3445 3518 3620 3572 fenum
3644 3512 3702 3565 vi-

448 3626 599 3664 mam
629 3623 878 3677 supernae
903 3609 1202 3660 vocationis
1236 3606 1461 3672 (Philip.
1487 3618 1570 3664 IIl,
1600 3603 1712 3669 14).
1741 3602 2040 3654 Verumta-
2126 3602 2246 3655 ride
2275 3602 2573 3669 discubuit,
2608 3620 2755 3656 nunc
2776 3604 2871 3657 ubi
2892 3611 3105 3676 septem
3128 3608 3383 3678 panibus
3410 3606 3702 3661 reﬁciuntur

445 3715 575 3754 men
598 3699 654 3752 in
687 3697 834 3768 quod
861 3695 1234 3767 pervenimus,
1258 3695 1316 3746 in
1338 3709 1402 3746 eo
1416 3691 1785 3754 ambulamus,
1818 3696 1881 3744 ut
1909 3690 2041 3759 quia
2122 3709 2292 3762 super
2315 3699 2524 3746 terram
2554 3693 2903 3749 discumbere
2943 3695 3243 3764 jubentur,
3273 3699 3419 3769 quia
3447 3714 3544 3768 per
3581 3692 3703 3750 Scri-

441 3789 612 3844 tertio
633 3788 724 3842 die
752 3787 988 3840 Domino
1010 3785 1358 3838 adhaarentes
1382 3799 1594 3847 sumus,
1611 3788 1668 3834 et
1683 3781 1751 3834 ab
1771 3780 1866 3833 illo
1886 3779 2035 3850 pasti
2120 3788 2344 3852 pturam
2361 3783 2500 3852 legis
2529 3784 2712 3838 carnis
2724 3784 3002 3838 desideria
3025 3787 3274 3852 calcare,
3290 3796 3350 3842 et
3369 3786 3704 3856 comprimere

440 3895 552 3934 non
582 3877 928 3931 deﬁciamus.
962 3875 1030 3928 Et
1060 3874 1140 3926 ait
1159 3873 1269 3926 illis
1296 3873 1455 3926 Jesus
1487 3891 1498 3925 :
2112 3869 2404 3940 jubemur,
2449 3871 2582 3942 quia
2621 3875 2803 3927 omnis
2832 3891 2962 3928 caro
2994 3875 3214 3942 fenum,
3243 3885 3305 3932 et
3335 3877 3524 3932 omnis
3555 3871 3707 3945 gloria

509 3969 645 4034 Quot
661 3982 827 4034 panes
847 3964 1168 4016 habetis?At
1197 3964 1290 4015 illi
1320 3963 1584 4014 dixerunt
1612 3979 1627 4012 :
1657 3958 2032 4028 Septem.ch
2116 3960 2239 4030 ejus
2255 3965 2526 4031 tanquam
2558 3962 2660 4016 flos
2689 3963 2801 4017 feni
2825 3982 2835 4015 :
2858 3963 2916 4017 in
2937 3965 3090 4019 Novo
3120 3974 3322 4021 autem
3355 3968 3703 4023 Testamento,

439 4055 805 4123 interrogatio
836 4051 1080 4116 Domini,
1112 4066 1224 4104 non
1271 4050 1340 4103 de
1368 4050 1687 4119 ignorantia
1732 4048 1902 4114 venit,
1934 4048 2030 4102 sed
2112 4049 2293 4120 ipsam
2332 4057 2542 4104 terram
2597 4068 2661 4105 ac
2708 4053 3004 4106 facultates
3029 4057 3394 4126 temporales
3423 4055 3709 4124 relinquere

440 4158 505 4197 ex
525 4141 942 4213 dispensatione
961 4140 1167 4201 divina,
1194 4145 1258 4191 ut
1281 4139 1518 4208 apostoli
1537 4155 1650 4192 non
1673 4143 2031 4192 remanerent
2111 4139 2485 4209 praecipimur.
2531 4140 2780 4210 Uterque
2821 4147 3011 4196 tamen
3061 4146 3324 4215 populus
3361 4146 3434 4200 ad
3466 4148 3708 4199 montana

437 4231 597 4329 dubii.
616 4231 684 4285 de
712 4231 798 4329 his
829 4246 950 4329 quae
982 4234 1349 4329 perceperant
1389 4228 1570 4324 donis,
1613 4229 1876 4329 quoniam
1907 4227 2350 4329 ma-Dducitur.
2381 4229 2490 4284 Sed
2520 4228 2597 4283 ibi
2627 4230 2896 4284 celsitudo
2926 4237 3158 4302 propter
3179 4235 3452 4290 carnales
3481 4230 3710 4288 homines

438 4321 602 4392 gistri
633 4325 794 4374 erant
830 4317 1004 4372 futuri
1051 4315 1444 4380 Ecclesiarum,
1471 4315 1787 4384 scirentque
1815 4332 1935 4385 qua:
1969 4316 2027 4368 in

437 4410 659 4467 Christo
694 4413 1085 4480 perceperant;
1112 4401 1244 4476 quia
1263 4404 1320 4457 in
1341 4403 1461 4475 ipso
1483 4411 1642 4457 erant
1654 4403 2026 4472 juxtalsaiam

432 4500 764 4572 pr0phetam
809 4499 924 4550 haec
955 4501 1169 4566 septem
1217 4493 1385 4552 dona.
1430 4493 1490 4547 in
1521 4492 1720 4563 quibus
1749 4493 2028 4564 pascenda

2108 4318 2422 4372 Jerusalem
2459 4323 2742 4373 terrenam
2789 4320 2998 4374 carnali
3043 4337 3141 4391 spe
3176 4329 3242 4377 et
3269 4323 3558 4378 desiderio
3582 4318 3710 4374 exal-

2109 4410 2280 4471 tatur,
2310 4406 2402 4460 hic
2447 4413 2664 4461 remota
2700 4408 2853 4462 omni
2890 4408 3159 4463 facultate
3206 4412 3436 4466 carnali
3482 4408 3712 4466 convivas

2109 4495 2251 4548 Novi
2270 4496 2745 4566 Testamentispei
2762 4499 3144 4568 permanentis
3166 4501 3247 4554 ad
3271 4502 3488 4556 altiora
3502 4501 3713 4554 educere

434 4599 556 4643 erat
584 4587 766 4642 omnis
797 4585 1037 4640 Ecclesia
1062 4583 1164 4637 sub
1184 4583 1457 4653 quadrato
1473 4599 1708 4636 numero
1724 4583 1782 4637 in
1805 4583 2026 4638 Christo

428 4679 547 4748 jam
561 4677 790 4730 collecta
809 4675 893 4728 vel
912 4673 1241 4743 colligenda.
1277 4674 1337 4726 Et
1368 4675 1675 4740 requiescet.
1707 4672 1907 4742 inquit,
1931 4690 2024 4726 su-

429 4781 528 4834 per
541 4782 665 4818 eum
695 4767 930 4832 spiritus
950 4765 1230 4830 sapientiae
1246 4767 1295 4814 et
1313 4764 1635 4821 intellectus,
1653 4763 1884 4828 spiritus
1904 4777 2027 4814 con-

2110 4583 2340 4645 curavit,
2362 4600 2427 4639 ac
2462 4585 2688 4639 ﬁrmare
2710 4586 2996 4640 soliditate
3013 4588 3496 4660 incorruptionis.
3515 4587 3584 4642 Et
3607 4585 3711 4640 ideo

2106 4677 2378 4744 tanquam
2404 4673 2460 4727 in
2487 4673 2665 4744 ipsius
2705 4675 2912 4728 montis
2944 4675 3155 4729 Christi
3193 4679 3503 4733 soliditate
3546 4673 3712 4738 locati,

2107 4763 2260 4815 nullo
2284 4762 2410 4816 feno
2428 4762 2758 4832 interposito
2786 4763 3248 4825 emolliebantur,
3273 4773 3476 4832 θεῖε
3503 4765 3596 4820 sed
3615 4761 3717 4816 sola

2109 4851 2422 4905 aeternitate
2449 4851 2886 4922 incorruptionis
2912 4852 3351 4910 reﬁciebantur.
3384 4857 3458 4910 Et
3474 4856 3598 4909 ideo
3611 4856 3720 4923 post

2099 4941 2392 5005 caacitates,
2421 4948 2546 5011 post
2567 4941 3018 5007 claudicationes,
3044 4949 3176 5012 post
3199 4944 3544 4998 debilitates
3575 4944 3718 4995 innu-

2098 5046 2301 5095 meras,
2339 5030 2470 5100 quia
2492 5033 2610 5100 jam
2634 5031 2821 5084 triduo
2849 5048 2974 5086 cum
3001 5032 3254 5087 Domino
3285 5036 3718 5106 permanserant

2097 5125 2327 5190 propter
2350 5120 2666 5173 curationes
2697 5126 2754 5172 et
2774 5121 3044 5174 sanitates
3076 5121 3459 5178 diversarum
3500 5120 3722 5177 inﬁrmi-

2095 5214 2296 5275 tatum,
2336 5210 2404 5263 de
2443 5226 2611 5263 manu
2641 5209 2864 5263 Domini
2894 5211 3237 5266 reﬁciuntur
3269 5215 3473 5270 ofﬁcio
3510 5219 3723 5285 apostoo

2095 5298 2297 5359 lorum,
2330 5305 2393 5352 ut
2421 5300 2491 5352 ad
2520 5315 2586 5352 ea
2613 5300 2940 5369 perveniant
2967 5301 3328 5373 quandoque
3354 5328 3371 5364 ς
3407 5305 3547 5375 quia
3567 5317 3722 5373 gran-

2093 5387 2178 5441 dis
2200 5388 2280 5441 eis
2303 5388 2466 5456 juxta
2495 5387 2678 5457 angeli
2708 5405 2896 5442 vocem
2922 5396 3097 5444 restat
3117 5390 3240 5444 via.

2162 5477 2229 5532 Et
2249 5480 2539 5548 accipiens,
2563 5476 2767 5548 inquit,
2790 5484 2985 5549 septem
3013 5495 3217 5550 panes,
3266 5487 3507 5553 gratias
3541 5496 3720 5552 agens,

430 4857 552 4908 silii
571 4859 618 4907 et
638 4855 1010 4920 fortitudinis,
1033 4855 1266 4920 spiritus
1276 4854 1512 4904 scientia
1530 4856 1579 4902 et
1607 4853 1844 4917 pietatis,
1865 4855 1912 4902 et
1932 4866 2017 4902 re-

425 4943 596 5012 plebit
625 4958 749 4994 eum
779 4942 1012 5008 spiritus
1040 4942 1255 4992 timoris
1276 4939 1501 4990 Dom-ini
1524 4941 1648 5002 (lsa.
1675 4951 1746 5000 x1,
1767 4936 1818 5001 ‘2,
1843 4938 1912 4993 3!.
1932 4937 2016 4990 Ad

429 5033 590 5100 cujus
619 5031 863 5102 profecto
914 5045 1231 5088 numerum,
1276 5027 1508 5080 totidem
1555 5026 1778 5096 provisi,
1812 5043 1875 5078 ex
1927 5027 2014 5080 in-

428 5121 643 5174 dustria
689 5119 867 5188 magis
899 5118 1017 5174 Dei,
1061 5133 1228 5186 quam
1273 5133 1337 5169 ex
1382 5123 1601 5178 eventu,
1632 5123 1686 5168 et
1716 5117 2014 5186 praeparati

425 5216 558 5262 sunt
577 5225 777 5278 panes;
801 5214 865 5261 ut
888 5207 1165 5259 discerent
1185 5205 1418 5275 apostoli
1442 5222 1500 5258 se
1523 5205 1727 5258 habere
1751 5222 1812 5257 ex
1829 5206 2013 5274 gratia

425 5297 571 5367 quod
602 5313 712 5348 non
743 5296 1056 5349 habuerant
1103 5312 1202 5365 per
1249 5301 1528 5351 naturam.
1562 5295 1617 5347 in
1661 5296 1862 5364 quibus
1891 5301 2014 5348 erat

424 5385 606 5440 omnis
636 5385 866 5438 satietas
889 5383 1082 5455 plebis.
1100 5385 1170 5436 Et
1189 5383 1494 5436 notandum
1509 5385 1655 5453 quod
1673 5402 1842 5454 supra
1854 5386 2012 5454 quin-

424 5489 533 5552 que
573 5489 768 5546 panes,
802 5472 894 5532 hic
925 5478 1143 5546 septem
1181 5473 1518 5544 atteruntur;
1553 5472 1665 5532 illic
1693 5474 1803 5531 duo
1832 5473 2012 5546 pisces
