3888 6172
187 204 278 260 549

884 197 1260 252 EXPOSITIU
1302 199 1376 250 ΙΝ
1417 195 1760 252 ΜΑΤἸῊιΕῐ

1857 235 1868 246 .
1909 226 1968 234 -
2014 194 2146 250 LIB.
2192 195 2310 261 VII,
2355 198 2512 252 (JAP.
2556 200 2702 254 "XVI.

3329 213 3434 270 550

184 331 351 399 fregit,
366 344 434 384 ac
461 328 627 380 dabat
655 325 942 391 discipulis
961 326 1078 376 suis
1099 326 1159 374 ut
1190 326 1542 389 apponerent.
1569 323 1636 375 Et
1665 319 1829 389 ap-A
1851 319 2109 373 medendi
2155 321 2321 374 ﬁnem
2355 323 2641 391 pervenire
2687 342 2794 378 non
2826 330 3028 397 potuit.
3074 333 3198 388 ideo
3225 337 3432 394 relicta

181 421 466 490 posuerunt
490 413 832 476 turb.'e.Quia
847 413 962 465 haec
973 411 1160 464 omnia
1173 411 1362 464 divina
1381 415 1752 475 sacramenta,

183 525 267 580 per
283 521 488 559 manus
503 503 882 574 apostolorum
905 500 1289 554 distribuenda
1305 505 1464 553 erant
1482 499 1758 555 Ecclesiis.

185 596 278 651 Sed
295 591 736 664 benignissimus
755 592 783 644 J
789 607 914 644 esus
936 589 1088 660 prius
1106 589 1317 658 gratias
1335 589 1448 657 egit
1465 589 1581 642 Deo
1605 589 1758 642 Patri

184 701 266 756 pro
306 683 491 738 salute
531 681 898 742 credentium,
931 679 1132 732 deinde.
1163 678 1444 730 benedixit
1465 695 1655 748 panes,
1696 683 1762 732 ut

185 775 230 828 in
253 774 375 843 ejus
400 770 790 824 benedictione
809 774 1154 823 crescerent;
1189 784 1252 820 ac
1275 767 1456 836 fregit,
1493 767 1625 837 quia
1653 767 1761 820 nisi

184 879 262 916 eos
289 861 448 932 prius
475 859 779 927 frangeret,
812 875 976 912 nemo
1007 863 1131 910 erat
1171 856 1267 926 qui
1304 857 1550 926 aperiret
1574 856 1759 909 divina

183 949 458 1021 mysteria.
492 955 551 1002 et
579 953 859 1000 reseraret
885 962 920 998 a
947 945 1165 998 saeculis
1203 944 1527 996 abscondita
1574 959 1761 997 sacra-

181 1045 372 1092 menta.
409 1036 550 1100 Quis
575 1036 726 1090 enim
758 1034 1141 1088 manifestaret
1171 1033 1370 1110 Filium
1403 1033 1622 1086 Patris?
1649 1035 1764 1087 Aut

181 1127 286 1198 quis
308 1127 538 1180 Patrem
555 1129 916 1194 cognosceret
929 1122 1037 1176 nisi
1057 1121 1227 1175 Filius
1240 1122 1262 1173 ‘?
1280 1124 1420 1174 Cum
1442 1121 1562 1192 ipse
1573 1121 1722 1175 dicat
1748 1140 1758 1174 :

179 1218 329 1271 Nemo
372 1218 524 1269 novit
565 1215 792 1280 Filium,
833 1215 946 1265 nisi
970 1211 1090 1282 ipse
1133 1213 1308 1276 Pater,
1341 1227 1509 1278 neque
1542 1213 1761 1264 Patrem

177 1308 284 1374 quis
311 1306 469 1359 novit
501 1305 615 1358 nisi
639 1303 833 1363 Filius,
855 1305 901 1354 et
933 1303 1025 1354 cui
1054 1303 1284 1353 voluerit
1322 1301 1494 1352 Filius
1522 1303 1765 1354 revelare

177 1395 376 1462 (Matth.
429 1409 508 1454 ιι,
553 1390 672 1456 27).
711 1392 836 1461 Ipse
876 1395 962 1444 est
998 1389 1148 1443 enim
1186 1388 1351 1459 panis
1381 1388 1520 1452 vitae,
1555 1389 1663 1462 qui.
1691 1389 1760 1441 de

171 1483 292 1536 celo
343 1481 658 1536 descendit.
711 1480 780 1534 Et
807 1478 934 1549 quis
958 1479 1107 1532 hunc
1145 1493 1344 1548 panem
1377 1495 1478 1547 per
1505 1494 1564 1530 se
1599 1477 1758 1531 nobis

171 1572 592 1634 demonstraret,
635 1569 721 1624 vel
769 1567 1048 1639 quomodo
1100 1583 1199 1620 nos
1230 1567 1300 1620 ad
1337 1566 1604 1620 interiora
1635 1568 1758 1636 ejus

1839 415 1972 462 sunt
2001 425 2158 463 escae.
2187 409 2295 463 Sed
2319 412 2698 480 apostolorum
2718 415 2920 470 chorus
2943 425 3110 490 atque
3143 423 3432 482 doctorum

1842 497 2206 568 reliquiarum
2256 499 2571 568 fragmenta
2599 504 2779 570 perire
2811 523 2923 560 non
2965 514 3050 562 est
3088 528 3303 580 passus,
3335 517 3434 570 sed

1843 585 2218 656 impleverunt
2261 588 2502 642 mirabili
2547 602 2897 647 sacramento
2936 605 3148 667 septem
3190 609 3430 672 sportas,

1842 691 1964 744 qua)
1989 683 2122 729 sunt
2154 682 2365 746 septem
2403 679 2672 744 Ecclesiae,
2707 681 2761 734 in
2803 684 3004 752 quibus
3045 689 3436 748 universalitas

1842 762 2185 833 designatur,
2226 773 2552 836 septemque
2597 771 2930 825 candelabra
2974 774 3219 832 lucentia
3247 795 3436 836 coram

1843 851 2082 906 Domino
2113 853 2301 907 divino
2331 855 2544 909 lumine
2572 857 2872 912 illustrata.
2909 863 3184 924 Quoniam
3217 869 3437 938 pusillis

1843 957 1971 995 cum
2003 942 2307 1013 majoribus
2357 945 2593 1011 satiatis,
2637 965 2747 1002 non
2796 951 3036 1006 deerunt
3086 955 3145 1008 in
3196 957 3440 1013 Ecclesia

1847 1031 2072 1096 Christi,
2115 1048 2226 1086 una
2257 1049 2383 1086 cum
2415 1036 2698 1104 apostolis,
2743 1039 2838 1108 qui
2871 1040 2984 1094 haec
3014 1042 3218 1098 altiora
3250 1047 3436 1117 perfe-

1845 1119 2046 1174 ctionis
2075 1127 2367 1192 praecepta,
2393 1124 2478 1177 vel
2499 1125 2684 1193 potius
2715 1128 3138 1186 exhortamenta
3168 1140 3226 1188 et
3252 1137 3438 1191 consi-

1846 1207 1983 1262 lium
2016 1211 2351 1280 compleant,
2386 1217 2442 1265 et
2463 1215 2765 1268 recondant
2789 1215 2843 1269 in
2873 1219 3019 1272 vasis
3047 1221 3182 1282 suis,
3200 1239 3325 1293 quae
3343 1201 3438 1294 ge—

1845 1296 2052 1350 neralis
2083 1298 2331 1352 ﬁdelium
2364 1301 2664 1354 multitudo
2685 1320 2795 1358 non
2813 1309 3000 1374 potest
3017 1324 3185 1364 sensu
3209 1327 3429 1382 capere,

1844 1401 1946 1439 nec
1975 1387 2235 1456 operibus
2285 1389 2527 1458 explere.
2585 1391 2738 1446 Unde
2779 1391 2918 1448 bene
2968 1403 3182 1466 septem
3235 1407 3440 1470 sporta;

1841 1474 2466 1544 quibusDominicorum
2480 1487 2611 1533 sunt
2624 1481 2849 1535 condita
2863 1482 3114 1539 ciborum
3127 1487 3443 1557 fragmenta

1842 1570 2247 1629 memorantur,
2273 1573 2504 1636 propter
2543 1569 2926 1638 septiformem
2960 1572 3282 1640 Ecclesium,
3317 1594 3440 1648 quae

168 1660 442 1714 cernenda
472 1664 766 1730 penetrare
785 1637 1187 1728 potuissemus,
1218 1655 1325 1709 nisi
1357 1655 1602 1725 aperiret
1638 1655 1756 1725 ipse
1778 1637 1900 1705 Bet
1941 1653 2062 1722 ipsa
2108 1653 2191 1731 ob.
2229 1637 2621 1724 septiformem
2667 1657 2908 1728 Spiritus
2955 1663 3134 1717 sancti
3170 1637 3436 1735 gratiam,

169 1749 314 1804 nobis
366 1756 587 1818 septem
616 1747 904 1818 signacula
934 1745 1062 1798 libri
1088 1744 1339 1814 signati?
1379 1745 1442 1798 In
1471 1760 1580 1814 quo
1613 1743 1756 1798 libro

165 1839 348 1910 procul
371 1837 542 1892 dubio
564 1842 778 1907 septem
810 1834 900 1888 isti
928 1851 1100 1904 panes
1130 1834 1338 1903 signati
1367 1841 1546 1893 erant,
1565 1841 1622 1887 et
1636 1833 1758 1887 ideo

166 1927 314 1997 longe
348 1927 454 1981 diu
487 1926 762 1997 propheta
789 1924 1014 1994 plorans
1041 1923 1262 1976 dicebat
1289 1943 1298 1976 :
1331 1925 1564 1977 Parvuti
1591 1926 1759 1990 petie-

166 2023 291 2071 runt
311 2033 545 2086 panem,
580 2021 626 2068 et
648 2031 758 2068 non
789 2017 906 2067 erat
927 2015 1027 2081 qui
1052 2015 1334 2080 frangeret
1356 2015 1430 2064 cis
1456 2014 1758 2078 \T/u'cnwl,

163 2103 225 2172 4).
247 2105 413 2170 Quod
446 2111 534 2159 est
561 2103 688 2157 aliis
712 2101 894 2157 verbis
915 2101 1120 2164 dicere,
1151 2101 1359 2154 indocti
1410 2107 1468 2154 et
1495 2100 1761 2154 ineruditi

167 2195 509 2265 quaesierunt
534 2193 721 2246 cibum
751 2191 900 2246 verbi
930 2191 1102 2245 divini
1132 2207 1242 2261 quo
1284 2195 1512 2260 possent
1549 2190 1618 2244 ad
1659 2189 1762 2242 vir-

163 2288 328 2337 tutem
367 2282 506 2337 boni
535 2281 719 2352 operis
749 2281 1152 2342 convalescere,
1179 2286 1236 2333 et
1256 2279 1406 2332 reﬁci
1439 2278 1640 2332 divinis
1655 2279 1764 2331 elo-

165 2372 316 2444 quiis,
351 2389 466 2427 nec
495 2380 619 2425 erat
647 2370 743 2442 qui
769 2371 850 2424 eis
881 2385 1087 2424 arcana
1113 2368 1534 2449 Scripturarum
1576 2367 1760 2437 aperi-

163 2467 258 2528 ret,
297 2478 519 2532 eosque
545 2460 618 2514 ad
656 2460 798 2513 viam
845 2458 1092 2514 veritatis
1136 2457 1462 2511 instrueret.
1507 2456 1762 2526 Acceptis

162 2549 326 2620 igitur
341 2549 629 2605 Dominus
659 2547 914 2619 panibus.
932 2547 1145 2617 gratias
1165 2547 1298 2616 egit,
1320 2551 1384 2599 ut
1403 2561 1505 2599 nos
1520 2544 1763 2598 instrue-

158 2645 239 2692 ret
267 2639 340 2692 ad
373 2639 696 2708 gratiarum
723 2637 970 2691 actiones
990 2637 1104 2690 Deo
1135 2635 1308 2699 Patri,
1335 2650 1548 2704 suaque
1570 2633 1764 2687 suffra-

157 2726 242 2794 gia
287 2727 626 2798 implorare,
657 2731 716 2780 et
760 2731 825 2780 ut
853 2726 971 2796 ipse
999 2729 1272 2796 quantum
1297 2724 1542 2794 gaudeat
1574 2724 1644 2777 de
1673 2740 1763 2778 sa-

156 2815 267 2868 lute
319 2815 568 2870 humani
613 2814 855 2886 generis,
907 2814 1185 2868 ostendat.
1229 2813 1437 2867 Idcirco
1479 2819 1535 2866 et
1565 2829 1665 2866 nos
1694 2813 1764 2866 ad

157 2902 577 2975 implorandum
630 2904 890 2974 gratiam,
941 2903 1110 2957 etiam
1159 2908 1215 2956 et
1251 2901 1622 2968 referendam,
1675 2901 1765 2955 in-

1839 1743 2157 1810 septenario
2210 1759 2444 1796 numero
2479 1746 2821 1813 generaliter
2869 1758 3268 1821 consecratur;
3315 1773 3438 1826 que

1839 1831 1980 1884 bene
2011 1833 2264 1902 reliquiis
2316 1833 2589 1888 Dominici
2637 1837 2856 1906 prandii
2906 1840 3120 1911 repleta
3148 1845 3441 1914 Cognosci-

1841 1924 1954 1983 tur,
2003 1926 2060 1974 et
2098 1927 2350 1975 saturata
2387 1939 2508 1977 esse
2535 1933 2818 1992 narratur,
2857 1929 2988 1998 quia
3016 1935 3200 1984 totum
3229 1932 3287 1986 in
3328 1935 3444 1988 cul-

1846 2008 1997 2062 mine
2043 2011 2345 2079 perﬁcitur,
2390 2013 2536 2082 quod
2568 2013 2806 2069 latitudo
2835 2016 3098 2072 deorsum
3127 2021 3438 2076 carnalium

1845 2113 1956 2151 non
1995 2099 2145 2168 capit
2205 2101 2417 2154 Tamen
2455 2119 2648 2156 omnes
2693 2103 2996 2160 admodum
3037 2109 3274 2163 saturati
3318 2126 3440 2165 me-

1843 2194 2172 2253 morantur;
2202 2190 2335 2259 quia
2365 2190 2412 2244 si
2444 2198 2578 2244 sunt
2604 2191 2663 2246 in
2705 2193 2948 2248 Ecclesia
2977 2197 3071 2266 qui
3109 2213 3212 2251 sua
3251 2200 3443 2254 omnia

1843 2277 2160 2346 relinquere
2191 2295 2303 2332 non
2324 2286 2574 2350 possunt,
2591 2297 2772 2352 neque
2799 2285 3021 2354 explere
3050 2286 3196 2355 quod
3227 2287 3298 2342 de
3327 2287 3442 2342 vir-

1841 2365 2067 2434 ginibus
2096 2367 2318 2431 dicitur,
2361 2374 2548 2423 tamen
2585 2371 2748 2439 juxta
2785 2372 3016 2426 modum
3059 2390 3224 2429 suum
3263 2393 3442 2432 unus-

1850 2455 2086 2524 quisque
2113 2457 2372 2520 satiatur,
2406 2458 2539 2510 dum
2564 2458 2712 2528 quod
2746 2459 3032 2532 intelligit,
3065 2469 3122 2517 et
3148 2481 3284 2520 suus
3308 2467 3445 2520 ordo

1849 2544 2118 2612 poposcit,
2162 2544 2396 2614 implere
2434 2546 2679 2611 festinat,
2713 2553 2778 2600 ut
2820 2548 2888 2602 ad
2939 2551 3109 2606 vitam
3154 2555 3441 2623 perveniat

1847 2632 2246 2702 sempiternam
2259 2673 2270 2685 .

1915 2725 2111 2784 659
2130 2722 2196 2774 Et
2215 2723 2446 2775 dimissa
2477 2725 2660 2786 turba,
2683 2723 2886 2794 inquit,
2904 2728 3150 2780 ascendit
3184 2730 3248 2782 in
3277 2732 3442 2784 navi-

1846 2811 2055 2860 eulum.
2091 2809 2226 2872 Quae
2247 2825 2359 2863 non
2386 2809 2708 2879 dimittitur,
2737 2813 2848 2867 nisi
2887 2813 3092 2867 satiata
3120 2820 3179 2868 et
3205 2815 3437 2886 repleta.

1845 2897 2054 2950 Tamen
2086 2897 2345 2953 omnibus
2375 2899 2572 2954 diebus
2593 2900 2718 2955 vita;
2750 2907 2975 2958 nostrae.
3003 2902 3293 2958 nobiscum
3319 2920 3442 2960 ma-

152 2994 350 3049 structi
386 3011 515 3047 esse
535 2991 820 3054 debemus,
843 2997 906 3046 ut
925 2991 1196 3062 quidquid
1221 2991 1613 3044 beneficiorum
1634 2991 1756 3060 ejus
1785 2993 1826 3051 (Γ.
1849 2991 1963 3040 net.
1997 2987 2155 3040 Unde
2196 2994 2254 3041 et
2299 2987 2588 3057 signanter
2615 2989 2832 3048 navem.
2879 3007 3002 3062 quae
3045 2997 3133 3046 est
3175 2993 3436 3060 Ecclesia,
3482 3025 3485 3027 -

155 3084 532 3154 percipimus,
559 3082 773 3152 gratias
811 3097 1044 3150 agamus
1073 3080 1124 3134 ei
1163 3079 1455 3134 indefessis
1485 3079 1760 3134 laudibus.

219 3169 1256 3241 Manducaverunt,inquit,etsaturati
1274 3169 1548 3224 suntHoc
1561 3169 1767 3239 quippe

153 3275 189 3313 a
214 3261 426 3315 saeculo
474 3276 580 3330 per
610 3259 784 3312 David
823 3259 1152 3329 prophetam
1189 3257 1516 3328 praedictum
1547 3257 1763 3311 fuerat:

151 3347 330 3402 Edent
345 3363 627 3417 pauperes
652 3351 702 3400 et
718 3347 1158 3410 saturabuntur;
1183 3349 1230 3399 et
1255 3347 1564 3400 laudabunt
1587 3347 1766 3398 Domi-

153 3451 290 3490 num
330 3439 440 3506 qui
480 3438 783 3504 requirunt
811 3451 959 3501 eum,
992 3439 1041 3488 et
1077 3437 1254 3488 vivent
1285 3435 1450 3488 corda
1479 3450 1671 3487 eorum
1703 3437 1766 3488 in

151 3529 421 3580 secutum
453 3527 649 3578 δεῖσυιὶ
685 3526 857 3591 (Psal.
905 3537 1017 3587 xxt,
1051 3521 1164 3591 ‘27).
1200 3522 1348 3593 Ergo
1389 3521 1523 3593 quia
1552 3522 1643 3576 isti
1676 3539 1766 3576 re-

150 3615 485 3684 quisierunt
531 3613 886 3677 invenerunt,
919 3619 978 3666 et
1019 3613 1152 3684 quia
1193 3613 1529 3666 invenerunt
1581 3611 1767 3666 triduo

146 3709 608 3774 permanserunt
627 3721 640 3755 :
674 3708 733 3755 et
749 3701 882 3772 quia
893 3707 1086 3768 658
1105 3701 1292 3755 triduo
1315 3707 1764 3772 permanserunt,

144 3794 428 3848 misertus
457 3808 660 3846 eorum
692 3797 797 3852 est,
831 3798 889 3844 et
915 3791 1154 3845 saturati
1185 3796 1319 3845 sunt
1350 3807 1362 3843 ε
1407 3797 1466 3844 et
1503 3789 1766 3862 quoniam

145 3882 396 3934 saturati
437 3885 596 3944 sunt,
644 3880 824 3932 Vivent
859 3882 1024 3933 corda
1059 3896 1252 3932 eorum
1304 3882 1361 3932 in
1392 3883 1654 3933 secutum
1678 3896 1772 3933 sae-

140 3973 260 4023 culi
301 3970 426 4024 Sed
452 3967 844 4040 quantumisti
875 3966 1132 4038 beatiqui
1158 3967 1257 4021 tali
1282 3973 1610 4022 recreantur
1627 3967 1766 4022 edu-

141 4056 236 4117 lio.
271 4065 337 4112 et
369 4063 723 4112 saturantur
741 4057 946 4112 divinis
974 4057 1232 4128 dapibus,
1266 4063 1489 4111 tantum
1519 4056 1769 4111 infelices

136 4147 234 4217 qui
289 4147 682 4213 manducant,
731 4152 790 4201 et
841 4163 954 4202 non
999 4152 1354 4214 saturantur;
1415 4146 1511 4217 qui
1567 4161 1772 4217 panem

1845 3077 2116 3138 ascendit,
2139 3077 2208 3129 de
2247 3093 2358 3148 qua
2386 3083 2442 3131 et
2460 3077 2518 3132 in
2545 3095 2655 3150 qua
2694 3079 3040 3134 credentium
3071 3080 3292 3152 plebem
3321 3081 3443 3156 ipse

1846 3163 2126 3232 gubernat
2152 3173 2210 3218 et
2235 3166 2397 3236 regit,
2421 3183 2492 3221 ne
2512 3174 2674 3238 pasta
2702 3167 2927 3222 deﬁciat
2947 3168 3096 3224 inter
3127 3170 3352 3230 ﬂuctus.
3370 3188 3441 3226 ne

1849 3253 2072 3306 erudita
2099 3253 2324 3308 oberret
2343 3255 2494 3310 inter
2519 3272 2688 3310 auras
2712 3257 3053 3328 linguarum,
3076 3275 3147 3313 ne
3182 3266 3441 3331 vegetata

1846 3340 2140 3411 frangatur
2169 3343 2333 3412 longo
2357 3343 2616 3411 intinere,
2649 3361 2720 3400 ne
2744 3345 2915 3400 etiam
2943 3348 3178 3418 appulsa
3205 3347 3460 3420 inpella-.

1849 3434 1944 3483 tur
1971 3430 2172 3496 ventis,
2191 3447 2260 3485 ne
2289 3432 2550 3488 saeviente
2575 3433 2846 3506 charybdi
2862 3435 3232 3507 naufragetur
3255 3437 3439 3493 turbi-

1845 3517 2031 3572 nibus.
2060 3519 2129 3572 Et
2159 3522 2311 3572 venit
2338 3522 2402 3573 in
2429 3523 2562 3586 ﬁnes
2593 3523 2863 3588 Magedan
2903 3523 3013 3578 Pro
3032 3541 3142 3594 quo
3169 3525 3229 3580 in
3255 3526 3442 3582 Marco

1846 3606 2086 3676 legimus
2108 3607 2504 3662 Dalmanutha.
2529 3609 2635 3662 Sed
2666 3609 2799 3680 quia
2828 3627 2975 3666 unus
3004 3613 3142 3667 ordo
3171 3615 3446 3670 narratio-

1850 3695 1939 3750 nis
1961 3703 2047 3750 est
2067 3695 2126 3750 in
2156 3696 2409 3767 utrisque
2423 3698 2805 3768 Evangelistis,
2829 3699 3032 3755 idcirco
3047 3718 3160 3755 non
3176 3702 3442 3758 dubitan-

1851 3785 1986 3839 dum
2015 3785 2275 3841 eumdem
2306 3787 2490 3840 locum
2520 3803 2641 3842 esse
2657 3788 2760 3843 sub
2789 3796 3029 3861 utroque
3043 3791 3443 3846 nomine.Nam

1851 3880 1910 3928 et
1927 3875 2184 3930 nonnulli
2209 3876 2426 3930 codices
2453 3877 2714 3932 similiter
2733 3878 2944 3934 habent
2967 3881 3273 3936 secundum
3302 3882 3446 3936 Mar-

1851 3979 1980 4018 cum
2010 3965 2322 4036 Magedam,
2358 3966 2612 4036 quamvis
2639 3967 2699 4021 in
2728 3967 2920 4023 Graeco
2949 3968 3022 4024 sit
3051 3969 3368 4041 Magdalan.

1919 4054 2076 4124 (CAP.
2113 4054 2256 4109 XVI.
2268 4059 2285 4122 )
2326 4055 2393 4108 Et
2441 4063 2783 4110 accesserunt
2828 4058 2903 4112 ad
2931 4074 3056 4112 eum
3099 4059 3369 4114 Pharisan'
3395 4065 3445 4115 et

1853 4142 2138 4198 Sadduczi
2165 4149 2452 4210 tentantes,
2471 4149 2520 4198 et
2548 4150 2882 4214 rogaverunt
2911 4163 3034 4202 eum
3056 4153 3118 4202 ut
3136 4151 3362 4217 signum
3380 4151 3446 4205 de

137 4236 320 4303 verbi,
362 4253 489 4308 quo
550 4235 686 4290 vivit
725 4237 915 4302 homo,
946 4236 1184 4291 audiunt
1225 4241 1281 4290 et
1309 4235 1632 4306 degustant,
1672 4235 1768 4290 sed
1786 4280 1836 4311 η
1854 4235 1978 4286 caelo
1998 4234 2296 4288 ostenderet
2315 4236 2412 4287 eis.
2444 4233 2490 4288 Ο
2521 4251 2689 4306 quam
2718 4235 3043 4291 duricordes
3063 4237 3265 4308 iSigna
3293 4255 3446 4311 quae-

135 4341 251 4381 non
313 4326 448 4380 ﬁde
508 4330 681 4396 atque
731 4341 898 4396 opere
964 4325 1261 4397 perﬁciunt
1315 4341 1437 4397 quae
1510 4324 1767 4392 audiunt,
1789 4321 1835 4339 ¹¹
1855 4326 2007 4388 runt,
2042 4322 2202 4392 quasi
2231 4338 2354 4392 quae
2375 4321 2630 4377 viderant
2661 4340 2832 4396 opera
2869 4324 3106 4380 Deitatis
3133 4325 3296 4397 signa
3331 4344 3446 4384 non

132 4415 413 4488 nihilque
437 4431 512 4468 ex
541 4413 631 4468 his
659 4413 896 4470 interna:
925 4413 1236 4469 dulcedinis
1279 4413 1614 4486 percipiunt,
1658 4429 1769 4484 quo
1853 4409 2080 4464 fuerint.
2118 4411 2227 4466 Sed
2243 4411 2376 4482 quid
2409 4417 2665 4483 quaerant
2692 4413 2939 4468 ostendit
2955 4415 3448 4485 Evangelistacum

131 4519 232 4559 cor
259 4520 493 4560 eorum
525 4503 786 4556 ﬁrmetur
829 4508 894 4557 ut
920 4510 1304 4575 permaneant.
1353 4503 1632 4569 Profecto,
1659 4519 1772 4557 non
1854 4499 1967 4554 ait:
1993 4501 2062 4555 Et
2079 4507 2418 4572 rogaverunt
2438 4507 2503 4556 ut
2519 4503 2742 4572 signum
2761 4503 2831 4556 de
2847 4503 2985 4558 c0310
3002 4505 3323 4560 ostenderet
3342 4505 3443 4560 eis.
3497 4521 3504 4526 '

130 4593 329 4648 dicam
364 4593 440 4648 hi
471 4592 638 4655 tales,
671 4591 804 4662 quia
846 4591 916 4646 de
966 4593 1129 4663 longe
1169 4598 1462 4652 venerunt.
1497 4592 1595 4647 sed
1641 4592 1776 4664 quia
1855 4589 2192 4654 Qmerebant
2220 4607 2354 4661 ergo
2382 4591 2603 4661 signum
2625 4591 2695 4645 de
2731 4593 2889 4657 caelo,
2919 4599 2981 4646 ut
2998 4593 3118 4663 jam
3142 4610 3330 4665 supra,
3345 4601 3448 4650 aut

126 4681 308 4755 longe
364 4682 622 4736 ﬁxerunt
667 4697 703 4734 a
731 4680 930 4738 salute.
981 4687 1039 4735 et
1083 4682 1253 4736 alieni
1305 4698 1338 4735 a
1385 4681 1571 4752 gratia
1625 4683 1771 4736 Nam
1853 4678 1912 4732 in
1946 4695 2160 4733 morem
2202 4680 2352 4745 Elite,
2395 4680 2583 4749 ignem
2632 4680 2700 4733 de
2738 4681 2962 4734 sublimi
3011 4682 3216 4744 venire,
3249 4690 3349 4738 aut
3383 4683 3446 4739 in

127 4773 382 4844 quidam
434 4787 640 4825 eorum
691 4770 786 4840 qui
831 4770 1135 4833 salvantur,
1185 4777 1242 4824 et
1294 4771 1573 4825 satiantur
1613 4769 1773 4824 donis
1854 4767 2276 4824 similitudinem
2319 4769 2612 4828 Samuelis.
2661 4769 2850 4824 aestivo
2903 4777 3155 4842 tempore
3193 4773 3448 4829 tonitrua

127 4862 514 4925 caelestibus,
549 4859 621 4913 de
662 4859 828 4930 longe
867 4866 1173 4928 venerunt;
1203 4861 1428 4931 quidam
1452 4877 1601 4923 vero,
1627 4859 1773 4914 sicut
1857 4875 2208 4930 concrepare.
2264 4875 2555 4912 coruscare
2604 4858 2843 4928 fulgura.
2885 4859 3091 4915 imbres
3137 4879 3321 4929 ruere,
3375 4863 3445 4918 de

124 4951 514 5007 Nathanael.
564 4956 623 5004 et
665 4949 892 5020 plurimi
941 4951 998 5004 in
1045 4951 1247 5020 quibus
1294 4951 1456 5004 dolus
1487 4967 1600 5004 non
1629 4956 1771 5016 erat,
1859 4948 2060 5020 quibus
2107 4949 2276 5002 etiam
2312 4964 2483 5019 supra
2510 4947 2720 5001 dictum
2757 4955 2860 5014 est,
2885 4949 3044 5019 quasi
3079 4967 3190 5004 non
3221 4958 3448 5022 possent

124 5039 195 5094 de
219 5040 547 5114 proximo.
575 5039 788 5092 Tamen
819 5055 1014 5093 omnes
1046 5041 1141 5110 qui
1171 5046 1445 5094 venerunt
1473 5057 1574 5111 per
1604 5040 1774 5093 ﬁdem
1859 5037 1986 5103 ista,
2030 5043 2086 5092 et
2115 5039 2226 5092 alia
2255 5037 2642 5107 hujuscemodi
2673 5038 3008 5092 calumniari
3053 5057 3118 5093 ac
3144 5040 3349 5106 dicere,
3381 5056 3448 5094 ex

122 5132 234 5200 nisi
289 5127 674 5185 recesserint
715 5143 749 5180 a
779 5135 1021 5198 peccato,
1069 5130 1457 5198 languescunt,
1502 5135 1558 5182 et
1603 5135 1669 5183 ut
1697 5129 1777 5182 ita
1860 5128 2090 5180 occultis
2111 5134 2167 5180 et
2187 5127 2352 5180 variis
2385 5127 2531 5181 aeris
2571 5127 2922 5197 passionibus
2951 5127 3450 5192 accidisse.Quade

123 5219 350 5285 dicam,
393 5216 629 5272 mortui
655 5222 806 5284 sunt,
837 5217 969 5288 quia
1008 5218 1171 5287 longe
1209 5225 1295 5272 est
1322 5236 1357 5272 a
1393 5217 1776 5290 peccatoribus
1857 5233 2027 5270 causa
2053 5233 2250 5270 sensus
2267 5222 2437 5287 patet,
2464 5217 2610 5286 quod
2641 5233 2754 5270 non
2777 5216 2846 5270 ob
2876 5217 3026 5270 aliud
3050 5217 3116 5270 de
3137 5218 3278 5272 ccnlo
3299 5234 3452 5290 qum-

117 5315 308 5368 salus.
1861 5312 1995 5359 runt
2047 5305 2268 5374 signum
2319 5311 2384 5358 ut
2424 5306 2672 5371 credant,
2715 5305 2811 5359 sed
2853 5315 2913 5357 ut
2951 5322 3015 5357 ea
3056 5323 3178 5376 quae
3205 5307 3450 5361 secundo

190 5403 266 5456 Et
303 5401 701 5454 sustulerunt
716 5399 860 5466 quod
879 5403 1230 5466 superaverat
1261 5399 1324 5451 de
1351 5399 1682 5466 fragmentis
1706 5415 1782 5452 ,τσο
1859 5395 2008 5449 facta
2037 5401 2168 5447 sunt
2207 5394 2276 5447 de
2309 5395 2564 5464 panibus,
2593 5402 2878 5449 evacuent.
2929 5401 3262 5467 Quanquam
3291 5402 3349 5450 et
3371 5395 3452 5450 “in

111 5499 278 5563 ptem
315 5485 856 5564 sportas.Profecto
877 5485 1009 5559 quia
1026 5485 1191 5544 turba
1205 5487 1265 5542 in
1287 5487 1376 5543 via
1395 5485 1582 5560 posita
1597 5487 1669 5543 ad
1688 5504 1776 5544 co-
1861 5485 2160 5558 Evangelio
2188 5485 2420 5546 Joannis
2447 5490 2792 5546 monstretur
2817 5500 2913 5541 eos
2931 5491 3061 5556 post
3077 5485 3183 5541 hoc
3204 5483 3449 5544 miracu-
