3888 6172
487 234 580 289 551

1274 231 1327 280 S.
1378 226 1759 281 PASCHASII
1802 224 2161 281 RADBERTI
2203 224 2504 279 ABBATIS
2544 224 3039 279 CORBEIENSIS.

3582 236 3661 290 552

483 362 601 416 lum
626 333 705 412 de-
723 355 974 428 panibus,
1011 352 1274 423 quaesisse
1298 355 1363 405 ut
1386 367 1593 405 manna
1618 368 1771 405 more
1804 350 1979 421 Moysi
2002 351 2073 405 de
2090 349 2317 412 Atient.
2342 348 2555 419 Quibus
2584 350 2663 403 ita
2685 348 2955 420 praescitis
2977 354 3034 403 et
3056 354 3382 423 praecognitis
3402 358 3533 412 valde
3553 361 3661 414 ςιιιι.

484 450 622 505 ccelo
653 447 734 501 eis
763 445 941 497 daret.
980 442 1117 495 l'icit
1146 441 1296 495 enim
1324 442 1567 494 Joannes
1596 457 1691 494 eos
1720 441 1802 494 ita
1830 440 2037 494 dixisse
2063 459 2073 493 :

488 537 629 603 Quid
648 550 773 601 ergo
794 538 851 584 tu
871 534 1009 599 facis
1034 536 1093 583 ut
1109 531 1391 582 rideamus
1409 531 1757 583 etcrcdamus
1779 531 1917 582 tibi?
1940 530 2083 595 Quid

481 625 756 694 operaris?
768 624 955 676 Patres
982 622 1159 673 nostri
1178 634 1389 671 manna
1412 620 1895 672 manducavcrunt
1916 621 1977 671 in
1992 619 2084 671 den

484 718 643 773 serto,
678 714 820 765 sicut
852 711 1118 777 scriptum
1153 713 1227 761 est
1258 727 1272 762 :
1321 709 1523 761 Panem
1561 709 1624 760 de
1654 710 1795 761 catis
1836 709 1986 760 dedit
2012 709 2086 760 eis

487 802 827 855 manducare
857 800 1038 860 (Joan.
1069 810 1142 861 v1,
1176 793 1264 858 30,
1293 794 1402 864 31).
1425 796 1505 849 Ac
1530 794 1575 848 si
1593 795 1862 857 dicerent,
1895 800 1960 849 ut
1988 794 2084 865 qui

485 890 667 945 multa
696 888 872 942 millia
918 885 1211 938 hominum
1258 884 1501 938 secundo
1532 884 1731 954 pavisti
1775 884 1833 937 in
1864 884 2084 938 deserto

485 979 677 1053 paucis
709 978 777 1031 de
826 974 1084 1047 panibus,
1115 973 1200 1026 fac
1237 973 1295 1026 in
1337 974 1654 1043 exemplum
1706 973 1877 1044 Moysi
1923 972 2085 1027 nobis

485 1084 696 1123 manna
710 1064 899 1119 venire
911 1063 980 1117 de
994 1063 1157 1127 coelo,
1174 1066 1238 1115 ut
1256 1061 1550 1116 credamus
1564 1061 1666 1115 tibi
1681 1105 1693 1117 .
1727 1062 1797 1115 Et
1823 1061 1928 1115 hoc
1956 1076 2085 1115 vere

484 1174 598 1214 non
627 1157 697 1211 de
724 1154 970 1227 puritate
999 1152 1130 1205 ﬁdei
1161 1151 1442 1215 dixerunt,
1476 1150 1622 1206 sicut
1650 1167 1752 1204 nec
1782 1154 1971 1220 patres
1999 1167 2089 1204 eo-

485 1245 864 1317 rum,quando
886 1240 1147 1296 dicebant
1165 1259 1178 1295 :
1199 1241 1472 1309 Nunquid
1484 1256 1685 1309 panem
1705 1242 1906 1309 poterit
1932 1240 2083 1307 dare,

487 1342 589 1391 aut
628 1349 831 1404 parare
879 1347 1121 1385 mensam
1156 1332 1218 1384 in
1248 1331 1495 1383 deserto?
1538 1330 1701 1393 (Psal.
1738 1342 1935 1394 Lxxvn,
1969 1327 2083 1395 19.)

493 1427 628 1491 Quae
657 1422 927 1478 nimirum
974 1437 1097 1486 vox,
1139 1434 1249 1473 non
1277 1418 1346 1471 de
1384 1417 1715 1471 credulitate
1743 1418 1913 1482 venit,
1944 1416 2088 1472 sicut

487 1531 591 1569 nec
616 1513 877 1577 istorum,
904 1508 999 1562 sed
1021 1509 1089 1562 de
1118 1507 1450 1561 inﬁdelitate
1479 1512 1533 1560 et
1566 1507 1777 1560 duritia
1805 1505 1987 1560 cordis
2026 1511 2090 1559 ut

2161 439 2440 494 tissimum
2485 439 2647 493 docet
2686 456 2780 493 eos
2819 439 3080 509 ignorare
3115 441 3367 498 adventus
3407 446 3483 499 sui
3518 446 3658 517 signa,

2161 535 2340 594 66]
2383 546 2511 583 cum
2542 528 2723 582 omnis
2751 529 2839 582 lex
2865 535 2923 582 et
2950 530 3230 599 prophetae
3260 532 3395 586 hunc
3417 536 3666 590 annuntia-

2166 624 2366 672 verunt
2390 635 2512 672 esse
2558 624 2876 680 venturum,
2924 623 2982 672 et
3018 620 3236 689 quando
3282 628 3515 677 venturus
3536 630 3663 689 esset,

2166 709 2249 762 vel
2281 707 2576 778 quomodo,
2613 707 3023 778 praedixerunt;
3050 724 3260 764 necnon
3289 716 3340 764 et
3362 727 3558 782 operum
3579 730 3672 783 qua

2165 796 2418 867 gerebat,
2446 796 2652 850 indicia
2674 813 2800 851 cum
2829 797 2985 851 omni
3013 798 3390 864 admiratione,
3438 802 3535 871 jam
3575 818 3671 855 eum

2167 885 2537 956 perhibebant
2565 885 2804 943 venisse.
2853 888 2938 941 Ita
2976 893 3041 941 ut
3069 889 3507 959 quemadmodum
3545 890 3672 944 ﬁdem

2165 974 2521 1045 tempestatis
2549 974 2673 1028 cceli
2697 975 2869 1029 rubor
2909 976 3172 1031 matutini
3202 978 3450 1049 temporis
3483 979 3553 1032 vel
3586 995 3677 1034 ves~

2167 1063 2372 1136 pertini
2397 1062 2581 1134 reddit
2604 1082 2616 1117 :
2646 1064 2727 1118 ita
2754 1065 3108 1121 manifestam
3146 1072 3442 1138 temporum
3469 1066 3676 1137 cegnitio-

2169 1169 2321 1217 nem,
2351 1152 2622 1207 virtutum
2652 1160 2821 1224 atque
2841 1171 3094 1225 operum,
3128 1155 3383 1210 indicium
3412 1154 3489 1209 sui
3520 1155 3681 1208 adven-

2169 1249 2262 1297 tus
2282 1248 2546 1313 praestare
2575 1242 2862 1309 deberent,
2886 1243 2935 1297 si
2969 1244 3098 1298 czeci
3137 1261 3247 1299 non
3272 1249 3460 1298 essent.
3500 1244 3557 1298 Et.
3578 1243 3685 1296 mira

2169 1332 2536 1403 comparatio.
2567 1333 2709 1396 Quia
2741 1334 2885 1387 facto
2915 1351 3141 1405 vespere
3187 1333 3444 1404 sanguine
3470 1332 3685 1403 passionis

2171 1421 2377 1475 Christi
2415 1421 2472 1475 in
2512 1421 2692 1492 primo
2727 1423 2988 1485 adventu,
3024 1428 3371 1494 peccatorum
3405 1419 3688 1491 indulgentia

2169 1510 2373 1575 datur;
2407 1515 2464 1564 et
2493 1527 2656 1565 mane
2686 1512 2851 1566 hodie
2873 1517 3180 1583 tempestas
3208 1511 3385 1566 valida
3408 1509 3602 1565 secundi
3621 1508 3691 1562 ad-

489 1600 904 1657 calumnientur
918 1602 975 1652 et
990 1601 1259 1651 evacuent
1285 1612 1407 1666 quae
1430 1597 1576 1649 tacta
1600 1602 1733 1648 sunt
1761 1611 1794 1648 a
1823 1595 2079 1658 Domino,
2110 1589 2150 1648 Β
2175 1605 2392 1653 ventus.
2428 1600 2643 1654 Rutilat
2672 1600 2819 1654 enim
2851 1602 3015 1655 triste
3033 1602 3393 1655 cmlumNam
3422 1599 3603 1671 primus
3616 1597 3690 1651 ad-

489 1714 561 1751 ne
589 1695 880 1751 credentes
906 1691 1045 1746 salvi
1070 1692 1227 1744 ﬁant.
1243 1694 1441 1754 ως)
1460 1692 1525 1743 At
1550 1692 1643 1742 itte
1658 1690 1982 1756 respondens
2003 1690 2087 1741 ait

489 1789 625 1842 illis.
656 1785 831 1838 Porro
855 1782 912 1835 in
942 1783 1124 1837 Marco
1148 1777 1387 1833 habetur
1408 1777 1554 1849 quod
1576 1776 1949 1847 ingemiscens
1969 1775 2085 1847 spi-

489 1875 605 1930 ritu
619 1872 856 1927 dixerit:
884 1870 1173 1925 Generatio
1195 1871 1346 1921 mata
1375 1872 1421 1920 et
1450 1868 1729 1928 adultera,
1752 1865 2088 1936 praetermis-

489 1964 569 2019 sis
588 1963 645 2016 in
672 1960 856 2016 medio
883 1975 1005 2030 qua:
1038 1957 1334 2011 Matthzeus
1361 1965 1786 2018 commemorat,
1819 1954 2082 2025 quoniam

466 2053 634 2108 sicut
663 2066 833 2121 supra
860 2047 1084 2102 turbam
1105 2046 1423 2100 credentem
1456 2044 1772 2098 cmlestibus
1802 2043 2084 2097 beneficiis

488 2142 819 2203 refecturus,
834 2138 1046 2208 gratias
1075 2135 1303 2205 agebat;
1328 2134 1407 2187 ita
1424 2150 1572 2187 nunc
1592 2133 1661 2186 ob
1682 2133 1913 2187 stultam
1938 2132 2082 2185 Pha—

488 2231 776 2286 risaeorum
810 2243 920 2280 non
943 2223 1291 2279 credentium
1326 2223 1639 2292 perﬁdiam,
1676 2228 1734 2275 et
1755 2220 2082 2275 tentationis

490 2319 748 2373 callidam
777 2314 992 2368 fraudis
1022 2311 1373 2382 petitionem,
1404 2311 1583 2380 gemit
1607 2316 1664 2364 et
1697 2309 2082 2364 contristatur.

491 2406 705 2471 Quibus
735 2404 815 2457 ait
844 2418 855 2453 :

562 2497 722 2551 Facto
750 2508 975 2562 uespere,
998 2492 1182 2545 dicitis
1210 2509 1224 2543 :
1251 2488 1520 2543 Serenum
1545 2490 1672 2552 erit,
1702 2488 2085 2542 rubicundum

491 2589 565 2640 est
594 2586 745 2639 enim
772 2584 992 2643 caelum;
1026 2584 1073 2632 et
1102 2580 1246 2632 male
1277 2594 1292 2627 :
1322 2577 1491 2631 Ilodie
1523 2581 1802 2644 tempestas
1836 2578 1963 2640 erit,
1993 2591 2090 2628 ru-

494 2677 621 2730 tilat
650 2675 799 2727 enim
833 2672 987 2724 triste
1014 2667 1455 2721 catum.Faciem
1476 2681 1600 2733 ergo
1630 2667 1751 2719 coeti
1775 2666 2089 2735 dijudicare

494 2766 683 2827 nostis,
734 2763 896 2827 signa
920 2762 1105 2811 autem
1156 2762 1462 2824 temporum
1496 2770 1607 2809 non
1632 2757 1852 2823 potestis
1894 2756 2032 2807 scire
2064 2758 2088 2806 ?

493 2852 613 2906 Hoc
637 2849 788 2921 apud
817 2848 1114 2918 plerosque
1143 2844 1361 2898 codices
1381 2859 1493 2897 non
1523 2841 1779 2896 habetur.
1823 2841 1934 2896 Sed
1964 2857 2089 2896 sen-

493 2957 588 2995 sus
612 2937 942 2994 manifestus
972 2939 1077 2999 est,
1110 2932 1283 2987 etiam
1313 2931 1461 3003 apud
1484 2931 1758 3000 gentiles;
1790 2930 1939 2985 unde
1968 2930 2090 2984 Vir-

491 3029 661 3101 gilius
686 3026 841 3081 canit
870 3044 881 3079 :

617 3117 696 3166 Sol
729 3128 917 3178 quoque
940 3111 1175 3178 exoriens,
1201 3115 1245 3160 et
1260 3123 1376 3178 _cu_m
1399 3122 1448 3157 se
1472 3108 1644 3178 condet
1671 3107 1719 3156 in
1742 3108 1911 3178 undas,

620 3170 766 3237 Signa
788 3170 951 3233 da'bil;
978 3176 1127 3237 solem
1155 3173 1422 3221 certissima
1444 3170 1881 3237 signa__sequentur.

616 3232 811 3310 lit—qua:
833 3232 972 3310 mane
1000 3236 1157 3291 refert,
1184 3240 1229 3283 et
1251 3249 1353 3297 qua:
1379 3232 1682 3310 surgentibus
1706 3232 1867 3280 astris.
1928 3266 1935 3273 ρ

618 3295 833 3365 Denique
859 3302 971 3364 quid
1008 3313 1172 3365 vesper
1197 3295 1329 3365 serus
1354 3297 1509 3365 vehat,
1536 3295 1659 3365 unde
1680 3308 1870 3365 serenas

619 3357 800 3412 Ventus
824 3357 932 3423 ag'at
959 3357 1127 3417 nubes,
1155 3359 1267 3423 quid
1294 3359 1467 3423 cogitet
1494 3357 1718 3423 humidus
1735 3357 1917 3423 ‘Auster

616 3425 820 3537 icddtiqi
844 3418 978 3486 signa
1009 3418 1352 3472 dnbitholem
1374 3420 1481 3483 quis
1507 3418 1660 3466 dicere
1684 3419 1857 3467 falsum

663 3504 694 3537 u
731 3503 783 3537 ea
813 3524 823 3535 .

663 3503 823 3538 υαθαι.

495 3574 729 3628 Constat
752 3568 926 3638 igitur
951 3582 1164 3631 verum,
1193 3563 1341 3634 quod
1371 3578 1435 3617 ex
1457 3562 1863 3616 elementorum
1889 3560 2086 3615 ordine

491 3667 661 3732 atque
691 3677 757 3713 ex
785 3655 1152 3713 consonantia
1178 3669 1388 3718 rerum,
1420 3652 1637 3723 possint
1663 3657 1721 3707 et
1747 3650 1931 3705 sereni
1965 3650 2087 3705 dies

490 3757 547 3806 et
574 3749 843 3823 pluviales
877 3761 1047 3818 quam
1073 3760 1220 3815 saepe
1248 3740 1537 3814 praenosci.
1554 3742 1622 3795 Et
1648 3741 1773 3795 ideo
1799 3740 2089 3811 increpan-

488 3848 584 3896 tur
630 3837 894 3894 Pharisaei
929 3841 986 3890 et
1016 3833 1240 3898 Scribae,
1274 3831 1369 3903 qui
1415 3829 1752 3884 videbantur
1796 3830 1934 3899 legis
1964 3846 2086 3883 esse

489 3932 763 3992 doctores,
800 3926 948 3998 quod
978 3942 1043 3979 ex
1065 3923 1301 3978 certiore
1323 3920 1646 3991 prophetico
1674 3919 1942 3972 vaticinio
1972 3934 2085 3972 non

488 4024 750 4091 poterant
802 4014 1114 4084 intelligere
1157 4010 1460 4066 Salvatoris
1501 4009 1823 4074 adventum,
1858 4008 1928 4061 de
1975 4024 2084 4078 quo

491 4107 700 4160 dictum
733 4110 881 4157 erat:
915 4103 1199 4155 Descendet
1215 4102 1357 4153 sicut
1373 4103 1569 4168 pluvia
1584 4102 1645 4152 in
1663 4099 1855 4164 vellus,
1874 4103 1921 4151 et
1947 4101 2089 4151 sicut

2184 1695 2381 1743 ventus
2410 1690 2533 1759 ejus
2569 1689 2711 1744 bene
2738 1691 2957 1762 vesperi
3003 1694 3361 1762 comparatur
3423 1688 3508 1760 qui
3543 1687 3588 1740 in
3613 1686 3692 1740 line

2167 1781 2355 1835 saeculi
2398 1780 2522 1835 fuit.
2573 1782 2733 1837 Unde
2761 1782 2890 1836 licet
2913 1781 3112 1836 rubeat
3140 1788 3205 1836 ut
3245 1797 3371 1835 rosa
3396 1777 3578 1835 Christi
3602 1793 3694 1830 san-

2164 1871 2335 1941 guine
2364 1878 2723 1942 purpuratus,
2757 1877 2947 1925 tamen
2978 1887 3212 1925 serenus
3231 1870 3385 1924 valde
3413 1869 3523 1923 fuit.
3561 1868 3693 1921 Porro

2167 1960 2225 2014 in
2254 1960 2498 2014 secundo
2545 1976 2672 2014 cum
2712 1960 2928 2014 venerit
2952 1960 3112 2030 quasi
3142 1976 3308 2014 mane
3349 1957 3465 2022 erit,
3493 1955 3574 2011 sed
3597 1960 3696 2008 tunc

2168 2049 2300 2104 licet
2339 2050 2539 2103 caelum
2586 2049 2785 2104 rubeat
2827 2055 2925 2104 aut
2970 2050 3183 2113 rutilet,
3218 2065 3331 2104 non
3373 2060 3602 2101 serenum
3624 2042 3695 2096 sed

2165 2143 2472 2210 tempestas
2497 2140 2618 2196 erit.
2643 2139 2888 2209 profecto
2916 2138 3048 2209 quia
3078 2138 3251 2193 rubor
3280 2138 3371 2191 ille
3393 2152 3494 2190 non
3521 2134 3581 2187 de
3602 2147 3697 2185 san-

2161 2227 2352 2298 guine,
2406 2229 2502 2282 sed
2532 2245 2598 2282 ex
2633 2228 2762 2299 igne
2810 2228 2937 2282 erit.
2976 2228 3256 2292 Quoniam
3288 2227 3431 2281 sicut
3456 2224 3508 2278 in
3529 2221 3695 2294 psalmo

2168 2317 2387 2371 canitur
2419 2335 2431 2369 :
2464 2320 2616 2384 Ignis
2643 2321 2771 2371 ante
2803 2319 2985 2385 ipsum
3020 2318 3281 2385 precedet
3304 2318 3445 2383 (Psat
3494 2307 3691 2375 xcv1,3).

2168 2411 2215 2460 ct
2254 2409 2316 2459 in
2344 2409 2585 2460 circuitu
2623 2409 2739 2475 ejus
2770 2411 3051 2474 tempestas
3077 2408 3273 2463 ualida
3294 2406 3454 2471 (Psal.
3482 2414 3610 2465 XLIX,
3634 2395 3700 2466 li);

2171 2494 2318 2565 quod
2335 2495 2525 2549 Graece
2554 2494 2657 2548 hoc
2685 2495 2805 2549 loco
2836 2494 3250 2565 significantius
3285 2492 3484 2548 dicitur
3498 2486 3698 2559 πρῤάζεε,

2171 2584 2319 2655 quod
2339 2600 2442 2638 nos
2472 2584 2715 2654 ignitum
2741 2584 3021 2656 possimus
3052 2584 3371 2655 appellare;
3417 2579 3539 2652 quia
3561 2572 3703 2632 omnis

2169 2673 2268 2727 illa
2294 2680 2431 2728 tunc
2452 2673 2705 2728 rutilatio
2726 2673 2796 2727 de
2828 2674 2956 2745 igne
2982 2674 3109 2728 erit.
3135 2675 3354 2732 Faciem
3374 2686 3491 2738 ergo
3509 2668 3621 2730 cali,
3645 2665 3705 2717 in.

2170 2764 2311 2834 quit,
2340 2765 2652 2832 diiudicare
2684 2767 2875 2829 nostis,
2906 2766 3069 2831 signa
3095 2768 3287 2817 autem
3319 2766 3599 2829 temporum
3622 2767 3707 2806 non

2163 2855 2384 2920 potestis
2423 2854 2605 2906 seire?
2660 2852 2784 2907 Haec
2821 2851 3090 2907 nimirum
3138 2869 3245 2907 vox
3291 2845 3622 2919 increpantis.
3644 2839 3709 2895 vel

2170 2940 2560 3011 exprobrantis
2603 2946 2707 3007 est,
2758 2942 2891 3013 quia
2934 2940 3096 3012 signa
3125 2947 3187 2995 et
3215 2937 3526 3013 prophetias
3552 2933 3611 2988 de
3632 2928 3710 2985 ad-

2104 3027 2147 3087 C
2170 3035 2341 3084 ventu
2370 3046 2472 3085 suo
2494 3031 2697 3102 primo,
2741 3031 2825 3085 vel
2853 3031 2922 3085 de
2952 3030 3216 3102 passione
3250 3047 3316 3085 ac
3335 3023 3711 3083 resurrectione,

2171 3118 2261 3172 cui
2293 3118 2478 3173 simile
2517 3135 2742 3174 roseum
2771 3119 2971 3173 coelum
2999 3135 3121 3173 esse
3146 3118 3359 3174 dicitur
3380 3128 3604 3186 vespere,
3626 3121 3716 3163 ῐιοη

2168 3208 2458 3279 potuerint
2497 3208 2583 3263 vel
2621 3208 2908 3263 noluerint
2933 3224 3296 3279 cognoscere.
3325 3208 3512 3277 Neque
3559 3212 3716 3256 rursus

2168 3296 2238 3350 de
2269 3297 2631 3352 tribulatione
2660 3303 2791 3352 ante
2820 3298 3122 3352 adventum
3152 3314 3324 3353 suum
3351 3297 3585 3350 futurum
3614 3285 3716 3343 dili-

2166 3386 2392 3455 gentius
2416 3387 2679 3458 cogitare,
2701 3388 2791 3442 cui
2820 3388 3005 3441 simile
3024 3393 3110 3442 est
3132 3404 3304 3442 mane
3332 3398 3546 3440 roseum
3570 3395 3625 3434 ac
3645 3372 3721 3430 tri-

2168 3480 2252 3528 ste
2281 3476 2502 3542 coelum,
2532 3492 2601 3530 ex
2625 3493 2737 3547 quo
2753 3482 2810 3531 et
2830 3477 3055 3548 quando
3083 3481 3399 3547 tempestas
3422 3472 3596 3527 futura
3608 3480 3720 3538 pm

2168 3564 2404 3621 dicatur.
2438 3565 2758 3636 Perpendat
2780 3565 2960 3620 ﬁdelis
2974 3565 3199 3620 animus
3222 3580 3396 3637 quam
3422 3561 3583 3631 digna
3603 3550 3724 3611 omni

2169 3653 2541 3709 admiratione
2570 3655 2794 3709 Domini
2815 3654 3104 3726 responsio
3118 3654 3217 3720 sit,
3242 3669 3413 3727 quam
3441 3657 3721 3717 vera,quam

2168 3741 2328 3796 fortis
2358 3743 2417 3796 in
2444 3744 2799 3810 revincendo,
2833 3761 3000 3815 quam
3033 3744 3290 3816 prudens
3317 3742 3378 3797 in
3401 3735 3648 3799 docendo;
3678 3732 3729 3784 ut

2171 3832 2645 3902 quemadmodum
2670 3834 2837 3887 ﬁdem
2864 3833 3222 3904 tempestatis
3242 3832 3370 3887 caeli
3399 3822 3640 3884 matutini
3661 3817 3727 3872 vel

2172 3921 2384 3990 vesperi
2431 3921 2603 3975 rubor
2639 3922 2864 3976 reddit:
2916 3922 2997 3976 ita
3034 3921 3403 3976 manifestam
3458 3922 3729 3986 ιεηιροιηιω

2171 4010 2546 4079 cognitionem
2583 4011 2851 4065 virtutum
2887 4018 3056 4082 atque
3090 4027 3335 4082 operum
3367 4003 3634 4064 miracula,
3653 4011 3729 4051 seu

2170 4099 2375 4152 indicia
2413 4100 2828 4171 Scripturarum
2876 4105 3145 4171 praestare
3194 4100 3489 4154 deberent.
3533 4087 3728 4157 Quibus.

491 4195 783 4249 stitticidia
813 4193 1093 4244 stillantia
1122 4204 1285 4256 super
1310 4194 1537 4249 terram,
1567 4191 1780 4240 orietur
1810 4189 2088 4258 indicbus
2172 4194 2235 4241 ut
2262 4188 2340 4241 ita
2359 4189 2562 4254 dicam,
2584 4189 2943 4243 ineti'abiliter
2968 4189 3401 4260 itaresponsum
3417 4176 3727 4254 temperavit,

492 4288 610 4352 ejus
639 4282 867 4350 justitia
890 4284 937 4331 et
964 4278 1316 4330 abundantia
1343 4279 1494 4343 pacis
1511 4279 1672 4339 (Psal.
1695 4289 1842 4339 Lxxr,
1871 4273 2088 4341 6).Quae
2110 4284 2235 4352 1qut
2262 4278 2379 4350 ipse
2410 4286 2569 4333 ortus
2610 4296 2639 4333 e
2682 4280 2818 4333 caelo
2857 4278 3079 4349 signum
3111 4278 3202 4333 his
3239 4294 3356 4332 non
3398 4274 3625 4331 coeleate.
3658 4260 3734 4319 Sed

491 4371 760 4426 nimirum
799 4372 993 4438 aperta
1018 4371 1075 4419 et
1104 4363 1400 4417 manifesta
1429 4363 1591 4431 signa
1617 4363 1862 4420 fuerunt.
1888 4364 2087 4433 quibus
2112 4355 2437 4423 "terrestre
2478 4369 2639 4423 daret
2679 4374 2744 4422 ut
2776 4385 2871 4422 eos
2906 4367 3357 4422 misericorditer
3394 4366 3542 4420 intra
3565 4355 3737 4414 confes-

492 4457 834 4532 deprehendi
864 4460 1054 4528 posset
1079 4458 1303 4523 tempus
1321 4451 1592 4505 adventus
1614 4452 1663 4521 ej
1673 4467 1756 4505 us.
1777 4451 1988 4505 Idcirco
2008 4452 2091 4506 in-
2170 4459 2385 4513 sionem
2416 4458 2751 4512 humilitatis
2768 4458 3099 4523 retraheret,
3117 4462 3176 4512 et
3202 4456 3361 4529 quod
3384 4455 3624 4509 futurum
3641 4445 3739 4500 erat

493 4555 811 4621 crepantur,
839 4546 990 4619 quod
1013 4550 1269 4614 tempora
1296 4558 1363 4597 ex
1391 4541 1538 4595 aeris
1566 4540 1836 4613 qualitate
1861 4547 2091 4596 nossent

492 4640 821 4711 dijudicare.
871 4643 929 4690 et
969 4633 1389 4705 deprehendere
1425 4631 1530 4686 sibi
1557 4631 1737 4697 utilia,
1772 4630 1932 4685 utilia
1958 4648 2088 4686 vero

492 4728 690 4785 salutis
720 4743 842 4782 suae
868 4741 980 4780 non
1010 4723 1366 4778 intenderent
1399 4738 1501 4776 nec
1523 4720 2091 4791 intelligerent,signa

493 4819 766 4875 adventus
795 4816 895 4871 Dei
926 4832 956 4869 e
993 4814 1130 4869 coelo
1159 4798 1218 4867 in
1243 4829 1429 4867 carne.
1473 4812 1552 4865 Ex
1599 4810 1801 4881 quibus
1842 4810 2089 4881 profecto

492 4908 693 4973 verbis,
741 4904 1022 4959 mirabilis
1072 4903 1170 4957 Dei
1233 4900 1517 4973 responsio
1565 4899 1993 4954 commendatur
2030 4898 2088 4954 in

495 4997 785 5064 omnibus;
845 4993 977 5065 quia
1026 4993 1125 5046 illa
1176 4992 1555 5045 humilitatem
1604 4991 1662 5043 in
1712 4988 1934 5043 Christo
1966 5005 2089 5043 car-

493 5090 581 5144 nis
611 5093 668 5142 et
706 5084 956 5156 corporis
1003 5088 1349 5143 contuentes,
1393 5080 1703 5134 doctrinam
1745 5096 1810 5133 ex
1853 5079 1940 5132 his
1968 5095 2089 5149 quae

494 5180 598 5233 sub
652 5177 849 5232 habitu
894 5171 1138 5227 hominis
1181 5169 1411 5241 gerebat
1469 5168 1918 5238 dedignabantur
1944 5168 2089 5223 acci-

492 5285 647 5339 pere,
699 5282 938 5337 quorum
988 5261 1345 5315 insolentiam
1404 5264 1460 5312 et
1495 5257 1829 5312 inanitatem
1868 5259 2089 5328 jactan-

492 5358 584 5411 tize
638 5356 897 5418 irridens,
944 5353 1118 5406 multa
1157 5366 1251 5403 eos
1294 5349 1361 5402 de
1414 5354 1618 5402 natura
1652 5348 1775 5401 coeli
1815 5348 2091 5418 conjicere

493 5448 675 5503 solere
704 5443 1008 5516 respondit,
1062 5458 1186 5495 cum
1218 5445 1317 5494 aut
1346 5456 1410 5493 ex
1454 5444 1581 5492 ortu
1612 5454 1848 5499 aurorae,
1891 5443 1990 5491 aut
2026 5454 2092 5492 ex

493 5551 741 5614 vespere,
797 5549 1062 5592 serenum
1106 5531 1538 5601 nimbosumque
1584 5544 1775 5584 aerem
1826 5543 2091 5601 praenun-

2171 4549 2294 4619 lege
2324 4548 2393 4601 de
2420 4564 2482 4602 se
2515 4547 2941 4619 pronuntiatum
2970 4546 3223 4601 doceret.

2243 4637 2531 4692 Generat-io
2546 4641 2698 4691 mala
2715 4642 2763 4690 et
2788 4638 3046 4690 adultera
3074 4638 3310 4703 signum
3337 4638 3530 4700 ωε
3555 4622 3737 4698 quam»

2171 4729 2223 4780 ct
2242 4729 2471 4795 signum
2489 4742 2602 4780 non
2622 4727 2850 4780 dabitur
2863 4727 2930 4791 ei,
2940 4727 3053 4780 nisi
3066 4726 3302 4792 signum
3316 4727 3472 4779 Jama
3486 4716 3738 4790 prophetat.

2173 4815 2317 4886 Ergo
2347 4816 2393 4870 si
2412 4832 2527 4871 non
2555 4820 2744 4870 essent
2771 4814 3030 4879 adulteri,
3067 4814 3244 4868 ﬁdem
3272 4810 3536 4875 Abrahae,
3566 4806 3630 4860 de
3653 4813 3741 4873 ςιιο

2172 4904 2291 4959 nati
2322 4910 2503 4970 erant,
2532 4910 2844 4960 servarent.
2882 4902 2991 4960 Sed
3020 4902 3153 4974 quia
3182 4901 3247 4956 in
3279 4898 3620 4974 apostasiam
3653 4903 3748 4946 cor-

2172 4999 2407 5049 ruerant
2430 5011 2464 5048 a
2493 4994 2620 5059 ﬁde,
2655 4994 2897 5049 adulteri
2917 4998 3097 5048 erant.
3131 4990 3302 5047 Unde
3331 4989 3601 5063 propheta
3631 4982 3746 5035 :Pa-

2175 5088 2255 5138 ter
2284 5088 2430 5149 tuus,
2478 5084 2683 5156 inquit,
2731 5084 3101 5148 Amorrlwus,
3136 5086 3186 5136 et
3216 5085 3410 5135 mater
3446 5084 3540 5133 tua
3570 5071 3750 5129 Gethm

2176 5174 2387 5239 (Ezech.
2425 5188 2536 5240 va,
2561 5174 2636 5237 3),
2670 5172 2873 5244 quibus
2897 5189 2956 5226 se
2981 5171 3203 5242 signum
3237 5170 3383 5224 dare
3414 5156 3744 5237 repromittit,

2172 5278 2284 5316 non
2306 5263 2714 5334 qualecunque,
2736 5262 2832 5316 sed
2864 5261 2998 5316 olim
3030 5277 3064 5314 a
3102 5261 3219 5315 Deo
3250 5258 3313 5313 in
3354 5259 3543 5329 ﬁgura
3581 5248 3749 5322 ipsius.

2172 5368 2438 5423 magnum
2470 5358 2528 5406 et
2546 5351 2799 5405 mirabile
2823 5350 3178 5422 promissum.
3200 5348 3357 5411 Quia
3368 5347 3516 5401 sicut
3538 5344 3693 5397 Jonas
3704 5335 3752 5388 in

2173 5441 2568 5512 praedicatione
2596 5440 2938 5513 poenitentia
2965 5439 3035 5493 ad
3066 5436 3356 5492 Ninivitas
3385 5434 3592 5490 missus
3627 5430 3703 5484 est
3739 5440 3749 5476 :

2171 5531 2295 5603 pari
2315 5531 2499 5604 specie
2535 5530 2605 5587 de
2625 5546 2687 5586 se
2707 5530 2965 5587 Christus
2984 5533 3167 5585 totum
3183 5525 3473 5594 exhibuit,
3488 5528 3554 5578 ut
3569 5517 3752 5577 veritas
