3888 6172
209 252 311 311 553
958 266 1339 325 EXPOSITIO
1379 271 1457 327 IN
1495 273 1937 341 MATTHBUM.
1982 310 2047 323 --
2085 281 2222 337 LIB.
2260 283 2385 349 VII,
2426 286 2586 342 CAP.
2620 290 2775 347 XVI.
3378 306 3487 366 554

209 378 552 477 adimpleret
578 384 822 454 signum.
854 388 997 444 Nam
1024 408 1189 448 omne
1214 394 1441 465 signum
1468 398 1707 470 alicujus
1726 401 1806 455 rei
1826 406 1870 464 A
1895 418 2049 470 num,
2085 411 2145 461 et
2168 413 2414 479 quatuor
2439 411 2613 467 millia
2643 430 2768 485 quae
2810 421 2972 487 pasta
3001 428 3135 476 sunt
3169 424 3228 480 in
3268 440 3485 486 «emo.

204 468 435 537 signum
468 478 574 531 est.
611 489 721 544 quo
750 476 1007 546 signatur
1034 497 1124 535 res
1151 484 1365 538 occulta
1389 485 1589 553 latens,
1617 468 1710 542 vel
1730 489 1812 544 fu-
1892 468 2306 565 Quia-quamvis
2332 468 2972 574 magnitudolsignbm—lm
3004 468 3486 582 percpi;ch

208 562 359 612 tura.
394 560 614 615 Idcirco
632 571 785 619 recte
808 568 990 636 passio
1012 570 1222 625 Christi
1238 572 1460 643 signum
1489 575 1644 631 Jonae
1670 577 1812 633 dici-

208 652 320 711 tur,
357 666 472 704 non
503 652 653 721 quod
689 654 838 709 aliud
871 658 989 727 jam
1021 660 1320 731 praesignet
1349 670 1450 717 aut
1491 667 1812 737 pmﬁguret

208 738 398 807 passio
428 739 659 807 Christi,
690 744 785 797 sed
830 746 965 816 quia
991 748 1137 818 signi
1164 751 1319 806 Jonas
1350 758 1437 807 est
1462 754 1805 826 adimpletio.

207 826 343 890 Quae
375 829 591 899 species
637 832 782 903 apud
827 835 1237 893 Grammaticos
1279 841 1575 896 notissima
1607 850 1710 910 est,
1745 855 1809 911 ut

204 917 429 971 dicatur
446 919 670 989 signum
694 940 782 976 res
797 940 920 994 quae
934 927 1052 995 jam
1078 928 1217 983 nihil
1234 930 1383 985 ultra
1410 932 1480 985 de
1507 950 1568 987 se
1597 933 1801 1004 signat,

204 1007 298 1059 sed
328 1007 466 1077 quia
493 1010 637 1079 signi
664 1011 903 1067 formam
932 1016 1064 1070 olim
1088 1019 1423 1088 promissam
1453 1021 1505 1075 in
1525 1039 1585 1076 se
1605 1040 1805 1094 reprae.

202 1103 410 1151 sentat.
441 1098 586 1152 Nam
612 1101 784 1154 Jonas
824 1104 1001 1158 ventis
1040 1107 1395 1163 savientibus
1433 1111 1716 1180 projectus
1744 1113 1802 1167 in

200 1201 359 1239 mare
378 1193 487 1253 est,
519 1194 577 1241 et
607 1188 904 1246 devoratus
931 1210 965 1247 a
997 1202 1118 1249 ceto
1152 1197 1235 1250 vel
1267 1196 1536 1265 bestia,et
1552 1206 1680 1271 post
1696 1201 1798 1255 tri-

200 1273 373 1329 duum
407 1276 479 1330 de
508 1276 709 1348 abysso
738 1298 802 1334 ac
831 1282 901 1335 de
938 1290 1131 1338 ventre
1163 1284 1352 1342 bestiae
1385 1288 1539 1343 vivus
1558 1290 1800 1345 emissus

197 1369 301 1430 est,
336 1371 395 1419 et
422 1382 538 1420 non
564 1374 815 1423 retentus
845 1387 881 1424 a
912 1377 1053 1433 ceto.
1107 1390 1290 1446 neque
1324 1377 1381 1430 in
1427 1376 1629 1449 abysso
1671 1396 1799 1434 con-

199 1461 480 1523 sumptus,
534 1472 636 1509 nec
682 1458 789 1512 cibi
820 1461 1135 1517 conditione
1179 1464 1238 1518 in
1266 1473 1460 1520 ventre
1490 1469 1793 1535 confectus,

196 1542 287 1594 sed
322 1549 523 1596 contra
549 1544 781 1600 humani
813 1551 1062 1620 corporis
1095 1558 1377 1621 naturam,
1411 1555 1630 1627 integer
1657 1566 1715 1611 et
1732 1559 1796 1611 il-

1892 581 2183 676 mirabilis,
2189 590 2387 676 tamen
2405 587 2571 658 longe
2598 589 2768 646 altius
2794 601 2853 649 et
2880 581 3487 676 mirabiliusaliudspi-

1890 670 2040 725 ritali
2067 672 2441 744 intelligentia
2479 677 2887 741 demonstrant.
2937 685 3098 745 Unde
3129 688 3292 748 docet
3320 670 3484 764 quod

1889 758 2230 817 fermentum
2258 764 2670 823 Pharis-morum
2703 776 2758 825 et
2785 772 3223 836 Saddutmorum
3240 758 3485 839 non-oor-

1889 850 2138 919 poralem
2168 868 2392 923 panem,
2413 860 2487 910 ut
2512 860 2752 928 apostoli
2772 862 3152 925 metimur-unt.
3178 870 3276 925 sed
3296 872 3480 930 tradi-

1872 938 2069 993 tiones
2118 958 2426 1011 perversas,
2462 951 2519 1000 et
2558 947 2820 1005 haeretica
2864 952 3148 1023 signiﬁcat
3188 958 3474 1030 dogmata,

1880 1027 2033 1082 sicut
2061 1036 2119 1083 et
2153 1030 2309 1086 cibus
2338 1049 2448 1103 quo
2482 1036 2681 1091 nutriti
2707 1045 2841 1094 sunt
2860 1041 2960 1097 ﬁlii
2990 1044 3246 1103 Israelvin
3267 1027 3477 1108 Temo

1886 1129 2074 1168 veram
2101 1115 2436 1184 doctrinam,
2457 1125 2519 1175 et
2542 1137 2763 1191 panem,
2790 1125 3092 1194 Christum,
3120 1131 3218 1202 qui
3244 1132 3475 1195 (lectulo

1882 1201 2189 1270 descendit,
2557 1209 2663 1266 Sed
2700 1212 2832 1281 jure
2858 1201 3154 1286 queritur,
3182 1220 3473 1285 Quomodo

1880 1307 2055 1361 pana
2082 1294 2513 1353 nonbabuerint
2528 1315 2737 1366 secum,
2758 1303 2854 1373 qui
2868 1321 2999 1361 mox
3023 1313 3088 1362 ut
3106 1308 3473 1381 impleverant
3518 1310 3529 1317 ’

1872 1386 2095 1451 septem
2119 1388 2356 1453 spartes,
2391 1387 2767 1444 ascenderunt
2794 1390 2853 1447 in
2883 1393 3291 1463 naviculam,et
3312 1417 3473 1459 vene-

1880 1476 2014 1524 runt
2041 1470 2101 1527 in
2142 1472 2286 1528 ﬁnes
2308 1474 2607 1544 Magedan,
2636 1477 3090 1550 ibiqueau’diunt
3119 1486 3467 1557 navigantes.

1879 1558 2026 1627 quod
2068 1576 2262 1615 cavere
2305 1561 2546 1618 debeant
2572 1581 2605 1619 a
2652 1567 2928 1624 fermento
2969 1572 3384 1631 Pharisaeorum
3412 1583 3471 1632 et

193 1630 359 1685 laesus
387 1632 447 1684 in
475 1650 641 1688 auras
672 1652 904 1706 superas
927 1639 1130 1695 virtute
1152 1642 1452 1698 Dominicae
1477 1647 1853 1729 praziigura-_
1882 1647 2345 1718 Sadducaeorum;
2380 1670 2519 1723 quos
2549 1653 2789 1727 denique
2818 1675 2991 1729 panes
3017 1678 3118 1717 cur
3147 1680 3334 1719 secum
3355 1682 3468 1721 non

193 1720 365 1774 tionis
396 1728 525 1792 post
557 1723 805 1779 triduum
838 1728 1031 1782 evasit.
1049 1730 1166 1784 Hoc
1196 1748 1331 1803 ergo
1361 1736 1655 1805 potestatis
1674 1718 1856 1791 suaeB
1878 1734 2194 1805 habuerint,
2234 1718 2596 1812 Evangelista
2632 1718 2783 1812 dicit,
2817 1718 2950 1817 quia
2988 1749 3147 1806 obliti
3187 1718 3469 1821 sunt,

190 1809 417 1879 signum
450 1811 707 1867 Christus
738 1815 807 1868 de
837 1834 896 1870 se
927 1819 1293 1875 constitutum
1333 1824 1703 1889 demonstrat,
1735 1832 1792 1880 et
1873 1824 2014 1894 quit,
2062 1843 2156 1880 eos
2198 1809 2422 1883 tollere:
2464 1831 2572 1885 Sed
2607 1809 2885 1903 quomodo
2927 1854 3122 1893 eorum
3162 1809 3468 1912 potuerunt

176 1900 241 1951 'se
272 1899 671 1969 impleturum,
712 1909 776 1957 ut
813 1908 1236 1978 praefiguratum
1279 1918 1382 1977 est,
1424 1914 1784 1985 repromittit.

190 1988 345 2051 Quod
397 1990 485 2043 vel
530 1990 888 2048 inefficaciter
935 1999 1244 2068 perpendat
1286 2001 1411 2072 pius
1458 2003 1699 2071 animus,
1733 2010 1790 2058 et

188 2078 501 2148 prudenter
524 2079 799 2152 intelligat
830 2083 1073 2140 mirabili
1102 2096 1513 2145 sacramentum
1541 2099 1599 2146 et
1613 2093 1790 2147 omni-

189 2168 443 2237 potentia
476 2169 721 2238 plenum.
756 2171 818 2226 In
846 2174 1135 2246 prophetia
1157 2183 1290 2232 tunc
1319 2181 1655 2250 promissum
1678 2188 1783 2248 est,

188 2262 239 2309 et
260 2256 320 2309 in
357 2257 587 2311 Christo
619 2259 929 2316 mirabilius
960 2281 1108 2320 nunc
1128 2268 1488 2339 completum.
1508 2270 1783 2334 Quoniam

188 2345 300 2415 ipse
333 2358 422 2399 est
453 2349 549 2417 qui
582 2350 789 2404 relictis
817 2353 1041 2418 Judzeis,
1077 2374 1179 2427 per
1206 2374 1265 2412 se
1297 2359 1590 2422 Ninivitas,
1616 2361 1671 2415 id
1702 2367 1788 2415 est

188 2452 381 2490 omnes
420 2445 643 2506 gentes,
679 2440 829 2494 venit
856 2444 1158 2512 praedicare
1187 2446 1255 2501 ad
1286 2450 1694 2518 pmnitentiam,
1730 2455 1789 2504 et

189 2526 403 2578 salvare
434 2526 496 2578 in
527 2527 791 2586 salutem.
846 2532 970 2602 lpse
1005 2540 1090 2588 est
1127 2536 1221 2605 qui
1254 2554 1356 2591 sua
1386 2545 1569 2592 morte
1595 2546 1787 2593 ventos

191 2614 435 2684 mitigat.
458 2621 516 2669 et
534 2622 898 2688 tempestates
926 2622 1128 2692 placat.
1166 2626 1292 2696 Ipse
1313 2627 1409 2697 qui
1432 2628 1615 2681 surculi
1640 2628 1786 2698 judi-

188 2703 264 2757 cio
294 2704 550 2758 traditus
581 2713 683 2772 est,
718 2714 775 2761 et
800 2709 869 2762 ab
890 2710 1208 2768 hominibus
1229 2715 1589 2785 dijudicatus.
1614 2718 1700 2771 Ita
1724 2724 1786 2772 ut

187 2792 452 2864 Caiphas,
470 2795 631 2864 quasi
654 2796 710 2849 in
737 2805 886 2853 sorte
913 2800 1062 2855 dicat
1088 2821 1098 2855 :
1124 2803 1351 2872 Expedit
1376 2811 1437 2858 ut
1458 2822 1605 2859 unus
1627 2808 1785 2861 homo

187 2886 496 2946 moriatur,
533 2901 598 2937 nc
636 2890 744 2939 tota
782 2905 912 2954 gms
945 2897 1128 2958 pereat
1164 2894 1343 2958 (Joan.
1377 2908 1451 2959 x1,
1484 2893 1592 2959 50).
1626 2895 1785 2950 Unde

158 2969 486 3025 'devoratus
524 2978 581 3025 et
617 2973 924 3044 deglutitus
963 2994 995 3031 a
1027 2985 1225 3042 morte,
1258 2982 1537 3051 projectus
1569 2988 1670 3047 est,
1707 2983 1785 3038 ita

1873 1911 2139 1979 oblivisci,
2196 1917 2315 1971 sola
2360 1918 2548 1973 divina
2594 1921 2939 1992 dispensatio
2983 1911 3205 1984 videtur
3243 1948 3364 1987 esse
3404 1934 3463 1988 in

1872 2018 2058 2057 causa.
2086 2004 2153 2058 Et
2168 2004 2296 2059 ideo
2313 2006 2392 2060 eis
2409 2009 2673 2079 proponit
2687 2012 3038 2081 proverbium
3074 2017 3143 2071 de
3162 2018 3456 2089 fermento,

1870 2095 1935 2145 ut
1956 2090 2086 2145 inde
2106 2093 2473 2166 venirentipsi
2504 2103 2560 2150 et
2582 2114 2684 2152 nos
2714 2099 2784 2153 ad
2813 2101 3049 2171 geminae
3080 2108 3353 2176 pastionis
3368 2110 3462 2166 in-

1869 2179 2258 2251 telligentiam.
2296 2182 2364 2238 Et
2394 2200 2461 2238 ex
2485 2186 3056 2252 hocfcrmentidicto.
3077 2195 3461 2269 quiaapostoli

1869 2269 2021 2324 aliud
2046 2271 2367 2342 cogitabant
2392 2275 2539 2345 quod
2570 2293 2742 2347 panes
2770 2295 2882 2333 non
2928 2284 3264 2354 acceperint,
3296 2287 3461 2344 abso-

1870 2356 1989 2411 luta
2019 2365 2105 2413 est
2140 2361 2324 2415 omnis
2353 2362 2661 2419 obscuritas
2691 2367 2861 2439 hujus
2901 2373 3153 2442 mysterii
3192 2381 3249 2429 et
3275 2376 3460 2433 decla-

1869 2453 1993 2501 rata
2022 2448 2229 2515 Deitas,
2266 2468 2387 2522 quae
2414 2454 2530 2507 sola
2559 2455 2924 2525 cogitationes
2954 2461 3245 2518 hominum
3284 2468 3458 2524 novit.

1869 2537 2028 2599 Quod
2045 2543 2237 2604 664
2258 2547 2446 2594 autem
2466 2542 2747 2598 abstinere
2770 2550 3052 2617 apostolos
3066 2552 3245 2621 jubet,
3272 2571 3342 2610 ne
3366 2559 3462 2612 ad-

1867 2622 2213 2679 misceantur
2241 2627 2507 2683 doctrinae
2536 2631 2878 2699 Judaeorum,
2919 2638 3336 2709 omnipotenter
3357 2644 3459 2700 do-

1866 2718 1972 2780 cet,
2004 2713 2400 2786 circumspecte
2423 2717 2646 2789 lateque
2670 2720 3097 2793 intelligendum
3131 2730 3262 2799 quia
3278 2734 3460 2790 omnis

1867 2800 2007 2871 legis
2036 2819 2205 2873 opera
2242 2804 2302 2857 in
2333 2804 2589 2860 effectum
2615 2808 2744 2862 ﬁdei
2774 2812 2957 2880 posita
2985 2821 3136 2873 sunt.
3157 2824 3214 2872 et
3242 2819 3299 2874 in
3320 2838 3459 2893 prie-

1865 2889 2200 2946 formatione
2222 2910 2412 2947 rerum
2439 2895 2758 2951 futurarum
2788 2901 3112 2965 constituta,
3139 2914 3203 2961 ut
3226 2907 3284 2962 in
3317 2889 3458 2982 quo-

1865 2996 2214 3052 rumcunque
2236 2989 2492 3054 tempora
2519 3002 2618 3040 seu
2647 2993 2858 3055 aetates,
2892 2992 3097 3047 veritas
3127 2995 3459 3057 claresceret

182 3067 241 3111 ut
264 3077 451 3130 usque
473 3061 545 3114 ad
578 3061 795 3118 inferna
823 3067 981 3135 quasi
1015 3066 1070 3120 in
1094 3069 1433 3138 profundum
1466 3072 1651 3142 abyssi
1683 3072 1839 3135 de-c
1862 3069 2170 3139 signorum,
2203 3071 2342 3125 nihil
2366 3073 2484 3142 jam
2533 3074 2683 3128 ultra
2720 3075 2778 3130 in
2804 3079 3053 3135 veritatis
3090 3082 3459 3144 similitudine

184 3150 497 3210 scanderet,
525 3157 820 3223 totumque
850 3171 975 3208 eum
1018 3157 1251 3228 abyssus
1287 3160 1534 3215 vallaret.
1570 3161 1639 3214 Et
1671 3178 1781 3215 non

181 3236 298 3290 dico
331 3239 490 3308 quod
521 3240 689 3294 draco
722 3242 814 3295 ille
845 3244 939 3314 qui
973 3252 1060 3299 est
1102 3246 1158 3299 in
1193 3248 1354 3311 mari,
1406 3255 1463 3302 et
1510 3250 1782 3305 formatus

182 3333 261 3379 est
305 3328 380 3380 ad
428 3328 800 3395 illudendum,
847 3350 974 3387 eum
1023 3333 1392 3403 absorbuerit,
1423 3344 1485 3392 ut
1527 3339 1781 3394 insuum

180 3417 473 3485 trajiceret
491 3434 713 3490 corpus,
744 3422 839 3475 sed
861 3432 925 3476 ut
936 3424 1237 3494 perimeret
1258 3426 1512 3491 illazsum,
1529 3430 1782 3484 nesciens

179 3506 321 3573 quod
365 3523 481 3561 non
510 3514 661 3561 esset
689 3509 739 3563 ei
770 3511 935 3565 datus
968 3513 1037 3566 ad
1070 3513 1292 3580 victum,
1327 3508 1420 3570 sed
1456 3523 1518 3570 ut
1540 3517 1694 3572 vivus
1728 3524 1785 3573 et

177 3595 354 3649 victor
384 3604 670 3651 remearet
700 3599 767 3653 ad
791 3618 1022 3672 superos
1040 3602 1108 3656 de
1123 3608 1255 3669 66
1271 3612 1316 3669 ξε
1350 3606 1624 3676 sepulcro,
1646 3613 1701 3661 et
1720 3615 1785 3661 ut

177 3683 414 3740 daretur
444 3686 738 3753 indicium,
771 3691 917 3760 quod
943 3692 1113 3746 Jonas
1147 3693 1203 3746 in
1232 3694 1353 3763 ejus
1380 3694 1621 3749 venisset
1649 3714 1776 3766 prae-

176 3775 427 3840 coniurn,
486 3792 611 3829 mox
657 3784 783 3848 post
827 3779 1079 3834 triduum
1114 3798 1179 3835 ex
1237 3783 1437 3855 abysso
1479 3784 1547 3837 dc
1579 3791 1777 3846 morte,

174 3871 375 3919 contra
417 3864 799 3920 conditionem
844 3868 1111 3940 hominis,
1161 3888 1328 3942 quem
1378 3881 1780 3945 assumpserat,

178 3966 282 4006 non
314 3961 585 4008 retentus
614 3961 783 4026 atque
812 3957 1168 4030 incorruptus
1205 3962 1452 4027 emersit,
1504 3979 1567 4015 ac
1608 3962 1777 4017 vivus.

174 4039 490 4113 Propterea
512 4044 647 4114 quia
668 4046 789 4116 ejus
820 4063 970 4101 mors
1003 4056 1059 4102 ct
1089 4048 1314 4104 habitus
1343 4051 1508 4121 plena
1528 4060 1659 4106 sunt
1680 4052 1783 4106 vir-

174 4135 358 4186 tutum
406 4132 715 4199 miraculis,
764 4142 819 4188 et
861 4136 1149 4207 signorum
1185 4141 1570 4208 sacramentis,
1610 4141 1783 4195 voluit

174 4219 239 4273 de
273 4239 336 4275 se
381 4222 627 4293 intelligi
678 4224 951 4291 futurum,
995 4228 1141 4298 quod
1189 4229 1525 4298 promissum
1562 4237 1683 4285 erat
1710 4231 1781 4285 ad

1863 3164 1961 3212 aut
1990 3159 2109 3234 spei
2140 3160 2384 3231 positum
2412 3163 2849 3220 adumbraretur
2874 3168 3105 3240 aliquid,
3138 3180 3195 3227 et
3213 3177 3459 3233 aestima-

1866 3254 2023 3302 retur
2050 3250 2723 3321 superstitiolludaeorum
2767 3272 2866 3310 seu
2910 3258 3224 3317 deuterosis
3264 3282 3459 3324 verum

1867 3338 2152 3410 quippiam
2175 3340 2520 3410 promittere.
2538 3343 2608 3396 Et
2627 3343 2751 3398 ideo
2770 3362 3034 3416 magnum
3057 3356 3142 3405 est
3161 3351 3460 3413 documen-

1863 3434 1985 3480 tum
2012 3429 2163 3483 omni
2194 3429 2449 3484 Ecclesiae
2472 3432 2775 3499 catholicae,
2812 3441 2875 3489 ut
2898 3445 3089 3493 caveat
3118 3458 3179 3495 se
3207 3442 3277 3497 ab
3304 3448 3459 3502 omni

1866 3516 2014 3587 quod
2044 3524 2201 3570 extra
2231 3518 2512 3572 Christum
2540 3525 2597 3573 et
2620 3526 2781 3575 extra
2808 3523 2987 3593 legem
3005 3527 3315 3597 spiritalem
3339 3542 3455 3605 est;

1864 3620 1934 3658 ne
1964 3605 2168 3659 veritas
2201 3605 2541 3677 Evangelicaa
2564 3608 2703 3678 legis
2734 3609 2790 3664 in
2820 3612 3009 3683 aliquo
3038 3628 3453 3692 corrumpatur.

1867 3694 1975 3748 Sed
2004 3695 2052 3748 si
2083 3696 2225 3749 forte
2267 3694 2542 3765 fragilitas
2589 3704 2689 3751 aut
2732 3698 2933 3754 oblivio
2973 3702 3221 3760 humana
3256 3710 3455 3767 subre-

1865 3783 2059 3854 pserit,
2108 3792 2170 3837 ut
2224 3789 2438 3856 septem
2492 3796 2711 3856 sportas
2758 3788 2960 3860 aliquis
2997 3809 3187 3849 secum
3233 3815 3455 3855 sumere

1867 3874 2515 3943 prmtermiserit,‘caveat
2541 3892 2610 3928 ne
2641 3876 2841 3931 similis
2869 3896 3063 3935 eorum
3086 3883 3377 3956 efﬁciatur,
3393 3895 3458 3946 ut

1865 3961 2222 4017 obliviscatur
2253 3962 2647 4018 beneficiorum
2679 3965 2796 4019 Dei.
2834 3967 3095 4033 Quinimo
3138 3976 3333 4032 audiat
3359 3978 3465 4033 be—‘

1863 4051 2254 4121 nignissimum
2286 4053 2478 4106 Jesum
2499 4053 2879 4126 increpantem
2898 4063 2955 4111 et
2972 4058 3263 4117 docentem
3286 4082 3298 4128 ;
3324 4082 3457 4138 quo.

1864 4140 2016 4193 niam
2047 4140 2273 4195 omnino
2303 4140 2504 4195 oblivio
2536 4143 2810 4198 donorum
2836 4146 2937 4200 Dei
2967 4149 3232 4219 tugienda
3255 4163 3355 4208 est.
3382 4154 3455 4211 Et

1864 4229 1909 4283 si
1941 4230 2254 4300 contigerit,
2291 4231 2569 4285 recordari
2602 4238 2822 4302 oportet
2850 4235 3229 4295 doctrinarum
3256 4243 3358 4297 Dei
3385 4245 3455 4301 de

174 4314 522 4382 exemplum,
552 4319 614 4366 ut
644 4330 709 4368 eo
735 4315 976 4384 amplius
996 4325 1428 4385 cognosceretur
1445 4337 1508 4373 ex
1540 4322 1847 4415 prophe-D
1866 4319 2111 4389 quinque
2138 4326 2195 4373 et
2222 4321 2731 4415 septem-panibus;
2750 4325 3013 4393 quoniam
3037 4328 3131 4397 qui
3161 4329 3229 4384 de
3260 4331 3345 4386 his
3368 4339 3458 4388 tot

172 4400 260 4454 tiae
295 4402 490 4472 signo,
529 4419 641 4473 quo
670 4404 891 4473 signum
918 4422 1113 4459 rursus
1154 4408 1559 4462 rettwmabatur
1587 4410 1643 4463 in
1682 4412 1782 4463 bo-

174 4490 341 4543 minis
373 4492 658 4562 exemplo.
708 4494 857 4546 Tunc
896 4498 1100 4548 relictis
1130 4498 1263 4559 illis,
1293 4497 1453 4550 abiit.
1485 4498 1609 4551 Non
1642 4499 1785 4552 sicut

104 4610 122 4633 ο
171 4576 304 4633 locis
332 4579 472 4634 aliis
500 4581 729 4647 dicitur,
762 4582 1005 4636 dimissis
1027 4583 1208 4638 turbis
1239 4584 1396 4649 abiit,
1431 4588 1526 4638 sed
1552 4586 1777 4652 relictis,

171 4672 233 4720 ut
261 4669 522 4740 aliquam
545 4669 921 4726 diﬂerentiam
951 4673 1159 4727 faceret
1184 4673 1243 4727 in
1273 4674 1497 4745 negotio
1542 4674 1686 4738 Quia
1705 4676 1786 4729 in-

170 4756 471 4812 ﬁdelitatis
501 4775 661 4813 error
687 4759 1049 4817 insolentium
1092 4762 1310 4817 animos
1349 4763 1672 4832 obdurarat,
1707 4765 1786 4820 id-

167 4845 314 4902 circo
346 4864 471 4902 non
503 4848 787 4904 dimisisse
808 4868 902 4905 eos
930 4850 1156 4917 dicitur,
1198 4852 1297 4907 sed
1328 4852 1644 4924 reliquisse.

234 4937 468 4991 Etcum
497 4942 727 4993 venisset
764 4943 921 4995 trans
949 4943 1180 5009 fretum,
1201 4945 1359 4997 obliti
1372 4948 1503 4997 sunt
1523 4945 1785 5013 discipuli

1866 4408 2041 4460 millia
2069 4408 2289 4463 satiavit
2312 4410 2624 4469 hominum.
2651 4418 2847 4481 potens
2864 4420 3024 4468 estet
3046 4433 3316 4480 recreare.
3341 4438 3457 4478 non

1866 4513 1929 4551 ex
1964 4498 2200 4567 panibus
2230 4504 2472 4562 tantum,
2506 4516 2700 4553 verum
2729 4507 2787 4554 et
2828 4518 2894 4555 cx
2940 4503 3193 4561 dot'trina
3232 4516 3454 4567 aeternae

1866 4586 2200 4651 refectionis,
2227 4587 2650 4659 quibuscunque
2674 4589 2744 4643 ad
2765 4596 2986 4662 tempus
3015 4593 3073 4647 in
3095 4597 3240 4663 navi,
3271 4605 3370 4654 aut
3395 4602 3456 4657 in

1866 4674 1971 4739 via,
1999 4675 2201 4729 oblivio
2228 4676 2592 4747 subrepserit,
2624 4678 2704 4731 ita
2731 4678 2778 4732 si
2808 4678 3073 4736 obtulerit
3101 4700 3185 4750 ea,
3213 4703 3456 4761 quaapro

1866 4763 2070 4818 delicto
2099 4763 2391 4819 oblivionis
2407 4765 2463 4819 in
2495 4765 2617 4836 lege
2632 4765 2923 4836 jubentur.
2943 4771 3051 4825 Sed
3073 4776 3205 4844 quia
3230 4774 3457 4849 longam

1860 4853 2080 4923 jamdiu
2120 4854 2271 4908 viam
2312 4854 2683 4922 cucurrimus,
2729 4862 2786 4910 et
2827 4857 3060 4915 latiores
3103 4863 3458 4923 circuivimus

1866 4959 2111 5015 campos,
2140 4960 2253 4998 non
2279 4949 2367 4998 est
2391 4942 2553 4998 nobis
2571 4944 2813 5016 amplius
2832 4946 2893 5002 in
2908 4947 2996 5003 his
3015 4949 3453 5023 immorandum,

166 5028 281 5091 ejus
297 5042 483 5095 panes
502 5029 764 5097 accipere.
796 5028 901 5095 Qui
919 5030 1063 5084 dixit
1082 5032 1197 5085 illis
1220 5050 1237 5085 :
1267 5033 1580 5086 Intuemini
1608 5038 1656 5086 et
1691 5049 1783 5087 ca-
1867 5049 1937 5087 ne
1964 5032 2182 5104 prolixa
2208 5032 2409 5099 oratio,
2441 5048 2514 5087 ne
2546 5039 2809 5089 accurata
2835 5036 3020 5109 lectio,
3049 5038 3458 5104 fastidientibus

164 5120 271 5167 tute
292 5132 332 5169 α
355 5117 641 5183 fermento
664 5119 1133 5173 Pharisaorumet
1152 5120 1780 5184 Sadduwormeuod
1860 5138 1980 5175 non
2009 5122 2345 5192 μαθημα
2360 5120 2754 5179 laborantibus
2772 5141 2848 5181 ac
2889 5127 3198 5185 volentibus
3216 5131 3454 5203 dianam,

162 5211 359 5257 autem
398 5203 559 5257 obliti
590 5212 726 5260 sunt
754 5223 927 5277 panes
947 5208 1162 5271 tollere,
1185 5216 1243 5262 et
1265 5208 1411 5279 quod
1432 5210 1512 5263 eis
1524 5209 1787 5281 prmccpit
1868 5208 2170 5280 impediat;
2204 5209 2337 5297 quia
2365 5226 2511 5281 saepe
2538 5210 2861 5282 importuna
2897 5217 3146 5271 narratio
3177 5204 3459 5292 loquentis

163 5307 370 5346 cavere
408 5309 446 5345 a
473 5295 752 5349 fermento
787 5296 1217 5360 Pharisaeorum,
1260 5314 1350 5351 res
1392 5298 1447 5350 in
1476 5315 1646 5352 causa
1681 5304 1785 5364 est,
1864 5295 2430 5368 patientiamifatigat
2448 5299 2743 5354 audientis.
2778 5302 2988 5357 Idcirco
3028 5321 3257 5363 monere
3295 5310 3462 5366 lecto-

164 5383 297 5450 quia
331 5398 447 5452 per
476 5383 623 5436 hanc
652 5385 997 5439 occasionem
1029 5388 1194 5440 docet
1224 5403 1335 5440 non
1362 5387 1541 5440 solum
1571 5394 1790 5458 aposto-
1870 5402 1987 5440 rem
2011 5402 2199 5440 meum
2218 5387 2412 5453 debeo,
2441 5404 2512 5442 ne
2533 5395 2746 5459 partem
2769 5391 3159 5461 parabolarum
3184 5395 3463 5469 benignis-

164 5468 269 5536 los,
320 5487 527 5525 verum
556 5472 723 5527 etiam
758 5481 817 5528 et
863 5492 985 5541 nos,
1022 5476 1154 5547 quid
1196 5476 1514 5547 signiﬁcent
1540 5477 1788 5548 quinque
1870 5475 2001 5530 simi
2027 5475 2130 5530 Dei
2149 5477 2351 5532 surdus
2373 5477 2583 5543 audiat,
2604 5477 2735 5549 quia
2771 5479 2840 5532 de
2866 5479 2951 5534 bis
2976 5482 3189 5539 dictum
3206 5494 3291 5541 est
3308 5468 3333 5539 εί
3356 5490 3464 5554 Qui

158 5574 357 5631 panes
386 5567 721 5634 etseptem,
756 5580 987 5625 momen
1016 5571 1081 5625 et
1115 5566 1574 5641 quinquenniis
1592 5567 1787 5631 .homi-
1866 5565 2026 5629 habet
2038 5582 2210 5625 aures
2234 5569 2533 5641 audiendi,
2557 5570 2754 5627 audiat
2784 5571 2998 5640 (Matth.
3028 5587 3103 5641 ιι,
3137 5572 3463 5646 15)..Ν.εοιι-

469 5658 731 5728 Pauor.
759 5661 940 5729 CXX.
3144 5672 3222 5733 18
