3888 6172
496 249 602 306 555

1273 248 1329 300 S.
1372 245 1752 301 PASCHASII
1790 244 2150 300 RADBERTI
2187 244 2491 299 ABBATIS
2532 246 3022 301 CORBEIENSIS.

3579 253 3658 310 556

496 375 743 429 rationes
772 373 874 428 Dei
902 373 1157 443 ingratus
1194 369 1445 440 recipiat,
1487 387 1558 423 ne
1589 370 1659 423 ad
1701 370 1949 424 convivia
1985 372 2152 440 ge-A
2174 374 2434 423 ornatum
2461 370 2623 423 traho
2652 386 2972 423 sermonem
3003 388 3015 434 ;
3058 370 3185 440 quia
3230 387 3329 426 non
3364 374 3656 431 adulterinum

496 466 664 519 minae
692 462 1014 517 refectionis
1043 460 1364 515 fastidiosus
1391 459 1595 519 veniat,
1633 475 1703 512 ne
1728 475 1828 530 pro
1858 459 1973 513 filia
2000 458 2088 513 in-

495 560 772 608 tercessor
800 552 1093 605 indevotus
1120 548 1366 603 accedat.
1400 547 1558 600 Unde
1593 546 1982 615 gravissimam
2024 564 2088 600 ac

498 642 806 714 simplicem
840 639 1276 711 disputationem
1314 642 1567 689 nostram
1598 651 1762 688 nemo
1792 636 2083 706 despiciat,

496 733 761 803 quoniam
784 729 940 783 nulla
959 729 1015 781 in
1036 732 1228 780 nostro
1242 741 1500 778 sermone
1521 730 1607 777 est
1626 722 1860 777 ambitio
1883 724 2085 789 laudis,

496 822 649 875 nulla
673 834 878 890 pompa
912 816 1038 870 vani
1065 814 1271 885 eloquii
1306 831 1319 867 :
1345 812 1485 867 nihil
1518 813 1665 883 quod
1693 812 1950 866 festivum
1976 829 2090 866 res-

493 909 775 980 plendeat,
816 905 923 959 nisi
951 904 1072 958 sola
1099 902 1471 973 intelligentia
1498 922 1509 954 :
1537 902 1676 955 nihil
1706 901 1853 972 quod
1875 901 2087 972 puerile

494 1004 720 1052 resonet
746 994 1045 1059 lubricum,
1080 993 1164 1046 vel
1194 992 1341 1063 quod
1378 991 1606 1057 ferveat,
1631 991 1957 1061 juventutis.
1998 991 2083 1053 Et,

490 1092 556 1141 ut
581 1086 747 1140 credo
777 1090 835 1138 et
864 1089 1014 1154 opto,
1045 1081 1185 1136 nihil
1209 1080 1357 1152 quod
1383 1080 1557 1134 senile
1579 1081 1710 1150 jure
1742 1080 2083 1146 derideatur,

490 1176 623 1246 quia
646 1176 765 1245 jam
792 1173 933 1227 mihi
953 1172 1111 1226 nulla
1139 1171 1365 1241 plumea
1386 1169 1581 1223 levitas
1610 1170 1809 1240 placet,
1831 1169 1984 1223 nulla
2003 1169 2088 1222 la-

487 1270 614 1319 ctea
640 1264 870 1318 ubertas
899 1268 957 1316 et
993 1259 1275 1314 infantilis
1293 1258 1553 1313 delectat.
1582 1260 1726 1312 Nam
1768 1258 2083 1312 litterarum

487 1354 675 1409 studia
702 1353 1077 1406 humanarum
1102 1353 1294 1414 ωτι
1331 1348 1451 1417 jam
1484 1348 1619 1401 olim
1648 1347 1834 1413 omisi,
1863 1352 1921 1401 et
1957 1347 2083 1401 ideo

485 1458 636 1498 nunc
664 1441 805 1496 nihil
834 1441 903 1494 de
934 1436 1263 1508 alienigenis
1302 1436 1502 1492 studiis
1542 1437 1855 1508 captiosum
1899 1452 2081 1507 neque

2170 456 2426 510 desidero
2466 457 2798 521 doctrinam,
2836 474 3021 527 neque
3064 459 3244 529 populi
3281 461 3483 515 amicam
3522 466 3660 519 excla-

2171 546 2375 599 mantis
2408 562 2614 599 vocem.
2658 546 2811 610 Ideo,
2852 545 3054 600 fratres
3106 549 3228 611 mei,
3262 554 3321 602 ut
3364 550 3414 603 in
3452 551 3663 623 principio

2173 651 2593 705 proposueram,
2610 634 2742 705 quia
2764 635 2944 689 oratio
2972 642 3161 689 nostra
3191 653 3294 690 non
3308 638 3457 692 habet
3478 640 3665 696 fucatam

2171 724 2664 794 pulchritudinem,
2696 723 2917 787 habeat,
2943 741 3061 789 oro,
3095 726 3390 780 naturalem
3414 728 3541 781 intus
3554 729 3667 783 viro-

2170 829 2289 866 rem
2337 818 2393 866 et
2440 813 2705 883 imaginis
2755 830 2869 867 suae
2911 814 3220 878 veritatem,
3260 821 3319 868 ut
3365 822 3509 886 caput
3543 833 3666 870 suum

2168 902 2339 955 nullis
2368 901 2666 955 verborum
2698 902 2931 956 ﬂoribus
2959 908 3202 965 coronet,
3237 904 3327 957 sed
3355 906 3458 957 sola
3494 911 3543 958 et
3573 906 3670 958 sim-

2170 990 2297 1061 plici
2326 991 2593 1044 fulciatur
2615 991 3006 1060 intelligentia.
3051 992 3118 1046 Et
3143 992 3312 1046 secuti
3336 1009 3505 1047 sumus
3525 993 3669 1046 Jesum

2170 1097 2271 1150 per
2284 1079 2589 1132 ineffabilia
2608 1079 2999 1149 parabolarum
3031 1080 3375 1143 documenta,
3397 1087 3449 1134 et
3462 1080 3674 1134 virtutum

2172 1169 2459 1222 miracula.
2493 1168 2853 1239 Respiremus
2883 1169 3193 1239 paululum,
3225 1175 3287 1223 ut
3315 1170 3380 1223 ad
3407 1185 3466 1222 ea
3489 1186 3587 1240 quae
3608 1184 3674 1223 re-

2166 1262 2321 1311 stant
2330 1257 2740 1328 pertractanda,
2751 1257 3125 1327 infatigabiles
3141 1258 3515 1329 regrediamur,
3527 1258 3567 1311 si
3578 1273 3679 1327 quo-

2167 1346 2332 1399 modo
2370 1347 2613 1416 primum
2639 1346 2786 1400 beati
2808 1347 2960 1401 Petri
2983 1347 3149 1401 ﬁdem
3180 1364 3214 1402 a
3241 1349 3351 1402 Deo
3374 1348 3520 1401 Patre
3544 1344 3677 1415 inspi-

2164 1442 2348 1489 ratam
2385 1436 2778 1507 percipiamus.

473 1591 3649 1617 Μ

1634 1722 2047 1786 ΡΡιιΕῈΑΤΙΟ
2090 1723 2297 1784 LIBRI
2344 1722 2656 1785 OCTAVI.

551 1938 765 1995 Notum
795 1944 884 1994 est
910 1937 1193 2005 omnibus,
1218 1938 1391 1992 etiam
1417 1938 1512 2009 qui
1538 1937 1833 1991 saeculares
1861 1937 2081 1992 litteras
2098 1942 2144 2001 Β
2159 1936 2245 1990 sia
2269 1936 2501 1990 fundata
2517 1941 2573 1990 et
2588 1934 2944 1990 constabilita
2958 1936 3234 2001 consistit,
3249 1935 3417 1990 Deum
3432 1933 3519 1988 Dei
3529 1931 3685 1987 Filium

477 2027 693 2099 legunt,
717 2029 842 2099 plus
869 2044 992 2081 esse
1020 2026 1343 2081 sectandam
1364 2026 1699 2096 sapientiam
1731 2025 1972 2079 maxime
1990 2026 2077 2079 di-

474 2116 684 2183 vinam,
729 2133 899 2188 quam
947 2115 1328 2186 eloquentiam
1370 2115 1712 2180 humanam;
1786 2115 2070 2185 quoniam,

475 2205 620 2260 sicut
636 2206 718 2259 ait
745 2206 955 2268 Cicero,
979 2205 1155 2258 totius
1174 2204 1361 2259 saeculi
1378 2204 1708 2275 eloquentiae
1739 2221 1833 2258 rex
1866 2210 1923 2257 et
1952 2220 2073 2258 ma-

473 2294 669 2365 gister,
709 2294 754 2347 si
783 2294 907 2363 quis
937 2293 1158 2346 omissis
1189 2293 1515 2347 rectissimis
1545 2300 1714 2364 atque
1743 2293 2072 2347 honestissi-

476 2382 584 2435 mis
602 2381 803 2435 studiis
835 2381 1068 2435 rationis
1097 2387 1154 2434 et
1182 2380 1368 2444 officii,
1387 2382 1667 2435 consumit
1689 2398 1913 2435 omnem
1936 2399 2071 2453 ope-

475 2486 596 2523 ram
628 2470 689 2524 in
720 2469 1117 2523 exercitatione
1144 2470 1384 2535 dicendi,
1416 2470 1464 2523 is
1492 2470 1708 2524 inutilis
1733 2470 1859 2534 sibi,
1886 2470 2069 2541 perni-

474 2559 659 2614 ciosus
677 2560 871 2630 patriae
900 2559 1032 2613 civis
1061 2559 1250 2616 alitur.
1283 2558 1390 2623 Qui
1419 2576 1567 2623 vero,
1602 2559 1805 2630 inquit,
1841 2559 1921 2613 ita
1948 2576 2070 2633 sese

472 2653 657 2701 armat
683 2648 1020 2718 eloquentia,
1048 2655 1111 2701 ut
1138 2664 1249 2701 non
1281 2665 1605 2719 oppugnare
1636 2649 1946 2713 commoda,
1971 2648 2067 2702 sed

470 2753 573 2807 pro
615 2736 702 2790 his
736 2753 1088 2808 propugnare
1120 2736 1315 2807 possit,
1349 2736 1397 2789 is
1441 2737 1579 2790 mihi
1613 2737 1830 2790 videtur
1868 2738 1984 2791 suis
2014 2742 2070 2791 et

469 2824 706 2897 publicis
733 2826 1047 2879 rationibus
1078 2825 1435 2881 utilissimus.
1474 2826 1632 2879 Unde
1677 2832 1733 2879 et
1775 2826 1912 2879 mihi
1940 2826 2070 2881 licet

469 2932 582 2970 non
603 2915 841 2969 habeam
871 2920 1087 2968 tantam
1112 2913 1721 2983 loquendifacundiam,
1746 2914 1878 2984 quia
1900 2914 2066 2968 intel-

469 3004 704 3074 ligentia
734 3021 800 3057 ex
829 3009 987 3075 parte
1024 3002 1339 3056 divinarum
1373 3002 1786 3073 Scripturarum
1816 2992 2067 3073 praestita

471 3099 575 3157 est,
601 3109 766 3146 nemo
790 3110 896 3159 me,
914 3108 1120 3163 quaeso,
1145 3091 1537 3162 reprehendat,
1564 3091 1695 3162 quia
1714 3092 1861 3145 volui
1883 3092 2068 3146 fratri-

469 3179 594 3243 bus,
625 3181 831 3251 quibus
860 3198 950 3235 me
980 3187 1161 3235 totum
1183 3179 1377 3245 debeo,
1409 3181 1465 3234 in
1496 3181 1600 3233 hoc
1628 3185 1852 3248 negotio
1882 3181 2067 3235 deser-

2160 2027 2415 2089 credens,
2454 2026 2542 2080 cui
2573 2032 2659 2079 est
2685 2026 2755 2079 de
2787 2026 2970 2079 Patris
3018 2027 3334 2079 aeternitate
3360 2040 3478 2078 cum
3512 2039 3566 2076 eo
3604 2034 3690 2074 una

2160 2116 2468 2180 aeternitas,
2500 2132 2724 2185 unaque
2755 2115 2951 2180 virtus,
2969 2121 3026 2170 et
3051 2132 3167 2170 una
3196 2120 3449 2180 potestas.
3473 2113 3602 2165 Hanc

2158 2211 2254 2259 tur
2284 2206 2450 2259 fidem
2480 2222 2591 2259 non
2614 2205 2931 2275 eloquentia
2956 2205 3206 2259 humana
3228 2204 3429 2267 docuit,
3449 2217 3547 2256 non
3560 2198 3691 2270 philo-

2155 2294 2353 2364 sophia
2379 2294 2680 2355 saecularis,
2713 2311 2826 2348 non
2857 2292 3118 2348 facundia
3142 2296 3431 2357 sermonis,
3452 2306 3548 2344 non
3566 2288 3690 2341 ullius

2155 2384 2293 2437 artis
2319 2383 2632 2453 disciplina.
2661 2384 2728 2437 Et
2748 2383 2871 2437 ideo
2896 2384 3134 2437 stultum
3170 2390 3255 2437 est
3285 2383 3341 2436 in
3369 2398 3431 2435 ea
3461 2384 3593 2451 parte
3610 2391 3693 2429 ser-

2157 2472 2340 2525 monis
2369 2472 2625 2525 suasoria
2656 2472 3061 2526 sententiarum
3092 2473 3262 2526 verba
3293 2473 3606 2541 depromere,
3625 2461 3693 2516 ubi

2154 2548 2555 2614 totum'divina
2586 2559 2881 2631 inspiratio
2921 2568 3232 2630 operatur;
3285 2558 3522 2630 quamvis
3546 2567 3696 2609 cavere

2156 2648 2464 2703 debeamus
2486 2666 2554 2702 ne
2574 2648 2733 2702 bonis
2745 2655 2801 2702 et
2812 2649 3186 2703 sanctissimis
3204 2645 3538 2703 documentis
3548 2655 3699 2697 amara

2153 2743 2210 2791 et
2241 2745 2515 2792 venenata
2535 2738 2769 2792 dulcedo
2794 2737 3110 2801 misceatur,
3136 2738 3402 2810 quoniam
3424 2733 3564 2789 valde
3578 2730 3700 2784 abso-

2151 2826 2272 2879 luta
2300 2835 2357 2879 et
2384 2827 2552 2897 plana
2579 2832 2666 2880 est
2692 2826 2839 2880 beati
2867 2810 3110 2881 Petri'de
3136 2827 3362 2882 Christo
3382 2821 3641 2885 confessio,
3656 2821 3703 2871 ut

2150 2915 2291 2968 nulli
2320 2916 2487 2969 liceat
2516 2923 2779 2969 aberrare
2808 2932 2842 2969 a
2873 2916 3006 2975 ﬁde,
3033 2933 3224 2988 neque
3254 2915 3700 2970 declinareavero.

2149 3004 2307 3058 Unde
2329 3010 2454 3074 post
2474 3004 2813 3058 declaratam
2847 3006 2956 3075 maj
2966 3011 3208 3059 estatem
3231 3005 3434 3060 Christi
3460 3002 3623 3056 volens
3638 2995 3705 3050 di-

2148 3091 2277 3145 vina
2297 3076 2574 3163 sapientia
2604 3093 2887 3163 apostolos
2909 3093 3279 3148 introducere
3308 3094 3375 3146 ad
3398 3088 3703 3146 sacramenta

2148 3180 2550 3251 redemptionis
2582 3181 2862 3242 humanae,
2903 3182 3073 3252 cmpit
3121 3184 3207 3237 eis
3252 3180 3553 3241 ostendere,
3588 3188 3708 3230 nunc

470 3269 606 3333 vire,
634 3275 691 3322 et
718 3268 943 3339 fugaces
969 3268 1375 3323 sententiarum
1398 3285 1617 3331 sensus,
1640 3269 1837 3322 saltem
1866 3269 1951 3322 his
1973 3270 2069 3339 qui
2091 3269 2132 3327 C
2149 3270 2270 3339 ejus
2297 3270 2600 3340 passiones.
2639 3286 2788 3324 nunc
2816 3286 2910 3324 eos
2956 3270 3107 3341 ipsos
3148 3271 3432 3342 apostolos
3459 3272 3511 3322 et
3547 3278 3706 3319 omnes

472 3358 660 3412 minus
685 3358 1027 3428 intelligunt,
1049 3375 1241 3413 eorum
1271 3356 1340 3411 ad
1365 3357 1907 3426 incitandaingenia,
1924 3359 2067 3413 litte-

470 3449 551 3502 ris
573 3447 823 3517 alligare.
851 3447 1139 3518 Siquidem
1162 3446 1402 3517 simplici
1425 3446 1662 3517 eloquio.
1685 3447 1816 3516 quia
1835 3447 2065 3501 omnino

472 3536 551 3591 sic
572 3536 751 3607 magis
772 3536 948 3601 decet,
967 3552 1133 3606 quam
1156 3536 1456 3589 artiﬁcioso
1478 3535 1720 3605 ingenio,
1738 3553 1859 3606 quae
1880 3536 2067 3590 divina

472 3632 624 3692 sunt,
650 3625 892 3680 enodare
922 3624 1161 3678 decrevi.
1193 3626 1276 3679 Ne
1298 3624 1591 3678 vendibilis
1613 3624 1790 3695 magis
1817 3625 2069 3695 culpare-

468 3721 566 3771 tur
597 3715 797 3779 oratio,
822 3732 988 3786 quam
1017 3715 1168 3769 utilis
1187 3718 1243 3767 et
1270 3715 1514 3784 proficua
1548 3713 1860 3783 legentibus
1872 3714 2069 3785 proba-

399 3832 417 3857 .
471 3812 645 3861 retur.
680 3805 920 3860 Maxime
942 3804 1001 3858 in
1024 3820 1287 3875 processu
1316 3803 1592 3857 sermonis
1621 3802 1678 3856 id
1706 3803 2061 3870 servandum,

470 3894 566 3950 ubi
597 3912 709 3950 non
740 3912 870 3950 caro
897 3900 954 3949 et
997 3893 1230 3965 sanguis
1278 3892 1488 3964 aliquid
1551 3897 1836 3964 operatur,
1884 3909 2066 3963 neque

474 3984 715 4039 eruditio
744 3985 995 4039 humana
1031 3983 1197 4047 valet,
1232 3983 1330 4037 sed
1361 3982 1543 4036 Patris
1575 3981 1797 4047 infusio,
1838 3981 1934 4052 qui
1968 3998 2068 4053 per

473 4073 838 4143 semetipsum
860 4071 1148 4142 proprium
1161 4071 1364 4125 Filium
1384 4087 1549 4125 suum
1566 4069 1889 4124 beatissimo
1900 4070 2068 4125 Petro

472 4160 737 4213 revelavit
781 4160 841 4213 in
887 4176 1073 4220 carne,
1106 4165 1163 4212 et
1199 4158 1386 4212 docuit
1429 4176 1635 4213 arcana
1657 4165 1852 4224 666
1881 4176 2067 4214 sacra-

473 4248 650 4301 menti
681 4247 769 4301 sui
798 4248 1084 4319 mysteria,
1110 4262 1233 4317 qua:
1257 4248 1753 4317 nunquamlingua
1782 4248 1965 4318 potuit
1985 4266 2068 4303 re-

473 4352 663 4391 serare
693 4337 960 4400 humana,
992 4351 1174 4406 neque
1222 4334 1572 4403 intelligendi
1619 4335 1856 4387 formam
1893 4337 2066 4390 ratio-

472 4442 715 4498 nemque
770 4423 1100 4480 mortalibus
1141 4428 1426 4495 praastare,
1478 4438 1600 4492 quae
1640 4423 1890 4493 praestita
1937 4431 2070 4479 sunt

2150 3358 2353 3412 electos
2386 3376 2486 3429 per
2507 3359 2732 3413 easdem
2764 3359 3051 3430 passiones
3068 3366 3127 3413 et
3151 3357 3596 3414 mortificationes
3613 3367 3712 3407 car-

2148 3448 2255 3511 nis,
2290 3448 2371 3501 ire
2393 3447 2594 3502 debere
2621 3454 2746 3519 post
2776 3448 3061 3523 Christum
3116 3450 3314 3504 Donec
3340 3463 3525 3503 rursus
3552 3443 3709 3497 redeat

2149 3536 2217 3588 ad
2281 3542 2549 3591 consueta
2607 3538 2947 3608 operationis
2990 3555 3106 3592 suae
3160 3537 3455 3602 miracula,
3499 3532 3714 3589 elaborat

2149 3624 2337 3679 divina
2366 3626 2541 3697 virtus
2572 3632 2635 3679 ut
2657 3643 2783 3680 eum
2804 3626 3346 3698 omnesintelligant
3365 3627 3532 3681 Deum
3554 3634 3710 3676 verum

2150 3720 2207 3767 et
2232 3713 2518 3768 hominem
2553 3722 2610 3768 et
2638 3715 2960 3786 passibilem
2984 3723 3040 3771 et
3059 3716 3470 3771 immortalem.
3494 3712 3713 3781 Suisque,

2149 3808 2213 3856 ut
2243 3803 2321 3856 ita
2341 3804 2557 3874 loquar,
2589 3810 2756 3859 utens
2787 3806 3162 3876 argumentis,
3184 3823 3300 3860 non
3323 3807 3381 3860 in
3403 3805 3632 3859 humana
3649 3813 3715 3851 sa-

2147 3892 2361 3963 pientia
2390 3893 2849 3963 persuasibilibus
2878 3894 3078 3959 verbis,
3104 3912 3214 3950 nec
3245 3889 3554 3951 secundum
3579 3889 3718 3944 intro-

2148 3980 2438 4035 ductiones
2479 3982 2781 4038 dialecticae
2829 3983 3007 4047 artis,
3052 4001 3197 4055 quas
3255 3982 3439 4038 Graeci
3493 3982 3717 4050 Isagogas

2151 4076 2367 4136 vocant,
2393 4070 2489 4124 sed
2512 4071 2655 4125 miro
2676 4078 2733 4125 et
2748 4072 3015 4126 ineffabili
3035 4073 3207 4127 modo
3235 4070 3543 4127 introducit
3568 4067 3629 4123 ad
3652 4080 3715 4129 se,

2152 4176 2301 4213 nunc
2327 4159 2789 4230 inspirationibus
2828 4161 2898 4215 ad
2951 4161 3141 4215 divina
3184 4160 3573 4232 intelligenda,
3602 4167 3723 4210 nunc

2152 4265 2274 4318 quae
2302 4248 2671 4303 humanitatis
2704 4251 2826 4319 ejus
2856 4256 2990 4304 sunt
3015 4250 3489 4316 demonstranda,
3522 4260 3652 4302 nunc
3674 4256 3722 4296 se

2150 4344 2447 4392 venturum
2480 4338 2878 4411 repromittens
2910 4339 2963 4392 in
2990 4339 3174 4409 gloria
3206 4341 3436 4407 Patris;
3481 4335 3723 4393 deindese

2148 4424 2521 4495 glorificatum
2553 4426 2799 4479 ostendit
2825 4426 2881 4479 in
2912 4432 3121 4490 monte,
3157 4433 3221 4481 et
3251 4428 3335 4482 sic
3360 4443 3501 4482 novo
3528 4435 3723 4496 genere,

472 4515 713 4587 principi
742 4514 1148 4587 apostolorum,
1170 4519 1234 4567 ut
1264 4511 1587 4583 plenissime
1616 4519 1978 4582 cognosceret
2010 4514 2130 4610 inD
2149 4520 2213 4568 ut
2240 4514 2320 4568 ita
2349 4516 2565 4585 loquar,
2598 4515 2801 4585 agendi
2846 4522 2902 4569 et
2944 4515 3165 4570 dicendi
3208 4522 3488 4589 procurat
3530 4522 3590 4569 ut
3621 4524 3727 4610 eum

471 4621 586 4660 uno
610 4605 918 4675 eodemque
951 4603 1174 4658 Christo
1200 4601 1347 4673 quod
1379 4618 1603 4672 semper
1630 4600 1730 4655 Dei
1756 4601 1936 4656 Patris
1970 4603 2062 4657 Fi-
2085 4594 2464 4672 "intelligant
2501 4621 2625 4658 vere
2656 4604 2885 4675 quinam
2917 4605 2990 4658 sit
3016 4622 3164 4660 unus
3213 4613 3276 4661 et
3317 4602 3631 4676 singularis,
3656 4594 3725 4650 vel

470 4693 580 4747 lius
600 4692 851 4752 fuerit,et
862 4710 977 4748 sem
987 4709 1083 4764 per
1097 4694 1192 4763 jus
1205 4692 1387 4746 Patris
1404 4691 1461 4744 in
1482 4707 1547 4744 eo
1570 4707 1887 4761 nomenque
1902 4709 2061 4745 man-

2145 4691 2277 4762 quid
2312 4691 2403 4757 sit,
2433 4699 2532 4763 aut
2557 4710 2658 4748 cur
2685 4694 2920 4747 venerit.
2955 4694 3029 4748 Ut
3049 4694 3305 4759 videant,
3340 4695 3573 4750 credant
3588 4696 3729 4746 etco-

471 4783 627 4837 serit.
644 4784 773 4837 Haec
788 4790 872 4835 est
898 4789 1086 4836 autem
1105 4798 1233 4836 vera
1260 4789 1316 4835 et
1339 4780 1678 4834 inviolabilis
1703 4780 1839 4833 ﬁdes
1857 4797 1921 4833 ex
1948 4781 2059 4834 Deo
2140 4788 2409 4850 gnoscant
2426 4783 2695 4854 mysteria
2709 4783 3109 4853 redemptionis
3122 4784 3610 4853 humanasicque
3623 4791 3729 4832 eum

470 4872 637 4927 Patre
671 4873 834 4925 Petro
864 4872 1015 4925 data.
1038 4889 1108 4925 ne
1139 4872 1184 4925 si
1215 4888 1323 4925 non
1342 4887 1563 4941 semper
1576 4869 1768 4931 Filius,
1794 4885 1903 4922 non
1920 4885 2061 4921 sem-

468 4978 573 5035 per
589 4968 647 5017 et
662 4962 830 5017 Pater
848 4961 1035 5018 fuerit.
1056 4963 1119 5015 In
1138 4977 1246 5032 qua
1264 4962 1372 5014 fide
1391 4960 1636 5031 profecto
1660 4958 1843 5012 omnis
1873 4958 2060 5012 Eccle-

2143 4871 2426 4939 sequendo
2446 4878 2506 4925 ut
2524 4873 2592 4926 ad
2610 4889 2739 4927 eum
2762 4860 3574 4946 perveniant,benignissimus
3589 4863 3737 4937 magi-

2145 4964 2263 5013 ster
2286 4960 2502 5015 invitat.

1551 5244 1740 5307 «ιω
1800 5223 2090 5297 LIBER
2150 5223 2611 5300 OCTAVUS.

1890 5378 2294 5396 ψ

546 5463 696 5516 Venit
712 5462 866 5516 Jesus
896 5462 960 5515 in
974 5463 1162 5531 parte:
1186 5458 1432 5514 Umorem
1450 5455 1711 5525 Philippi,
1745 5460 1794 5510 et
1815 5456 2057 5510 interro-

2142 5471 2247 5508 esse
2258 5457 2467 5508 Filium
2486 5454 2611 5508 hom
2618 5457 2733 5509 z'm's
2746 5456 2770 5508 Ρ
2781 5455 2978 5527 Magna
2997 5461 3055 5510 et
3087 5454 3330 5512 evidens
3345 5463 3438 5513 est
3450 5454 3745 5524 intelligam

460 5552 625 5624 gebat
652 5551 951 5624 discipulos
978 5565 1101 5608 suos
1130 5552 1315 5608 dicen:
1341 5564 1357 5604 :
1384 5547 1555 5619 Quom
1583 5547 1779 5606 dicunt
1807 5546 2055 5604 homines
2136 5544 2219 5603 tia
2254 5545 2324 5603 de
2349 5544 2593 5617 Christo,
2627 5561 2798 5625 quam
2827 5546 3231 5613 commendant
3276 5548 3672 5625 Evangeliste,
3695 5541 3744 5595 et
