3888 6172
207 246 299 304 557

908 253 1288 314 EXPOSITIO
1328 259 1407 315 IN
1445 260 1892 320 MATTHIEUM.
1938 292 2001 303 -—
2043 260 2180 318 LIB.
2224 261 2375 329 VIII,
2418 260 2576 317 CAP.
2619 260 2763 316 XVI.

3364 263 3471 324 558

125 398 129 403 -
202 373 316 427 ideo
348 373 536 428 locum
564 374 830 431 describit
859 395 968 449 quo
997 379 1144 435 facta
1172 383 1247 436 sit
1274 384 1380 438 ista
1402 384 1790 457 interrogatio,
1811 392 1858 448 A
1878 387 2089 442 Idcirco
2121 402 2478 458 nequaquam
2500 385 2736 440 dixerim
2769 385 2919 457 quod
2945 384 3016 440 de
3045 401 3105 441 se
3147 366 3472 459 requisierit

201 468 250 515 et
260 463 481 516 reddita
495 470 656 518 tanta
674 466 909 537 talisque
921 475 975 522 et
991 475 1106 524 tam
1121 472 1468 529 admirabilis
1484 477 1787 547 responsio.

200 552 270 604 De
290 568 402 622 quo
424 569 561 606 sane
596 555 731 619 loco,
767 557 898 627 quia
920 559 1079 612 multi
1105 560 1548 632 disputaverunt.
1594 582 1791 636 super-

202 642 367 694 ﬂuum
401 641 534 695 duxi
562 643 773 714 aliquid
808 645 1012 711 dicere,
1041 649 1129 702 vel
1168 650 1263 704 diu
1286 652 1457 722 loqui.
1504 653 1647 717 Quia
1678 671 1791 707 non

201 744 331 798 Opus
362 736 469 795 est,
488 731 595 785 nisi
613 732 978 799 solummodo,
1008 743 1068 791 ut
1099 738 1231 805 dixi,
1259 741 1408 810 quod
1439 742 1793 812 Evangelista

200 834 484 889 nunquam
499 820 685 875 locum
700 828 757 875 et
770 829 991 895 tempus
1011 827 1368 895 describeret,
1386 830 1433 884 si
1454 847 1565 885 non
1588 848 1795 901 magna

200 914 249 961 et
274 908 484 962 eximia
506 909 709 975 forent,
753 928 875 982 quae
905 913 960 967 in
998 915 1087 969 his
1136 917 1270 971 locis
1317 919 1466 972 dicta
1503 920 1587 973 vel
1632 926 1794 990 gesta

200 1003 340 1059 sunt,
367 997 438 1051 de
459 998 661 1069 quibus
682 1006 739 1054 et
760 1001 876 1072 ipse
902 1010 1234 1059 narraturus
1259 1014 1397 1061 erat.
1423 1009 1795 1078 Interrogavit

198 1094 381 1140 autem
410 1089 574 1142 Jesus
602 1106 666 1143 eo
698 1089 756 1143 in
786 1091 906 1145 loco
938 1092 1238 1164 discipulos
1269 1113 1398 1149 suos
1446 1097 1526 1151 ita
1582 1097 1788 1151 dicens:

200 1177 357 1242 Quem
387 1178 585 1230 dicunt
603 1180 848 1233 homines
858 1198 961 1234 esse
978 1183 1183 1237 Filium
1206 1186 1446 1238 hominis
1467 1192 1490 1238 ?
1506 1185 1786 1257 Quidquid

196 1264 365 1333 igitur
388 1265 460 1318 de
490 1266 584 1319 illo
610 1267 845 1336 quilibet
869 1270 1152 1336 sensisset,
1187 1290 1298 1327 non
1329 1274 1481 1328 aliud
1510 1292 1678 1345 quam
1720 1276 1788 1330 de

195 1352 329 1406 Filio
360 1354 608 1408 hominis
638 1356 970 1428 interrogat.
998 1377 1161 1430 quem
1186 1378 1314 1416 eum
1349 1380 1469 1417 esse
1516 1364 1785 1418 dicerent.

196 1442 337 1505 Quia
367 1444 616 1514 profecto
648 1446 767 1499 vult
796 1447 1150 1504 introducere
1170 1451 1488 1523 discipulos,
1521 1454 1790 1525 quidquid

194 1531 279 1583 alii
308 1533 615 1590 senserint.
642 1534 887 1603 primum
913 1537 982 1589 ad
1004 1539 1189 1603 ﬁdem,
1217 1546 1280 1593 ut
1297 1540 1479 1611 ipsum
1507 1542 1792 1596 eumdem-

194 1636 292 1688 que
325 1620 536 1674 Filium
555 1622 812 1689 hominis,
836 1624 936 1678 Dei
966 1626 1171 1680 Filium
1201 1645 1325 1682 vere
1366 1630 1631 1695 sentiant,
1678 1648 1793 1684 cre-

1874 475 2011 530 illud
2042 476 2187 548 quod
2220 476 2339 546 ipse
2367 474 2653 529 confessus
2684 480 2786 539 est,
2819 474 2967 546 quod
2988 490 3174 530 coram
3205 478 3473 541 oculis,et

1872 565 1932 619 in
1954 565 2149 619 eodem
2173 564 2295 618 loco
2325 569 2445 618 erat
2467 564 2614 635 quod
2645 580 2816 618 manu
2848 563 3066 635 palpari
3096 570 3351 635 poterat;
3373 565 3474 621 sed

1874 654 2150 707 occultum
2182 660 2306 708 erat
2332 652 2401 707 de
2431 670 2540 724 quo
2570 652 2874 724 quaerebat.
2898 653 2958 709 in
2986 669 3097 725 quo
3114 658 3171 708 et
3198 670 3376 726 usque
3400 654 3473 709 ad

1875 742 2010 813 quid
2034 741 2402 796 fundamenta
2432 741 2686 796 Ecclesiae
2711 741 2969 812 jacienda
3000 748 3181 809 erant,
3234 748 3292 797 et
3333 743 3473 799 ﬁdes

1877 835 2130 885 omnium
2148 830 2612 885 commendanda.
2641 830 2802 885 Unde
2830 830 3101 886 mirabilis
3131 832 3386 888 omnium
3416 841 3474 888 et

1876 920 2131 974 inaudita
2176 919 2463 991 responsio
2492 918 2641 972 beati
2684 919 2834 973 Petri
2882 919 3129 986 emicuit,
3182 927 3248 975 ut
3288 925 3472 976 totum

1877 1009 2026 1080 quod
2057 1015 2176 1063 erat
2204 1008 2263 1062 in
2292 1008 2529 1062 Domino
2551 1015 2823 1075 cerneret,
2856 1016 2912 1063 et
2934 1009 3079 1081 quod
3123 1008 3183 1063 in
3224 1010 3469 1078 Christo,

1878 1099 1973 1170 qui
2004 1099 2154 1152 Deus
2175 1103 2315 1161 erat,
2344 1096 2571 1151 videret.
2602 1098 2721 1151 Nec
2752 1098 3053 1163 hominem,
3090 1098 3185 1169 qui
3207 1097 3472 1170 loqueba-

1869 1193 1964 1242 tur
1990 1204 2117 1241 cum
2148 1203 2233 1254 eo,
2253 1186 2550 1256 denegavit
2564 1201 2684 1240 esse
2701 1185 3005 1251 hominem,
3025 1203 3191 1258 quem
3208 1187 3474 1243 cernebat

1872 1281 2239 1348 praesentem:
2274 1280 2331 1328 et
2357 1281 2551 1328 tamen
2591 1274 2761 1340 ultra,
2811 1274 2932 1329 sine
2968 1275 3252 1341 dilatione,
3302 1293 3471 1348 quam

1872 1366 2022 1419 ullus
2052 1381 2244 1419 eorum
2277 1362 2649 1417 conﬁtebatur
2676 1388 2687 1418 :
2721 1363 2800 1417 Tu
2831 1380 2900 1428 es,
2934 1363 3139 1434 inquit,
3170 1366 3346 1419 Filius
3374 1367 3473 1420 Dei

1873 1456 2004 1507 rivi.
2032 1454 2211 1507 Deum
2238 1452 2423 1507 vivum
2469 1452 2611 1506 forte
2653 1451 2901 1522 appellat
2946 1451 3003 1505 in
3048 1452 3471 1524 comparatione

1874 1559 2067 1596 eorum
2093 1542 2324 1596 deorum
2351 1541 2446 1612 qui
2467 1540 2812 1612 putabantur
2835 1539 2931 1602 dii,
2948 1539 3043 1595 sed
3067 1540 3275 1595 mortui
3288 1547 3470 1609 erant,

1874 1637 1932 1685 et
1960 1648 2070 1685 non
2101 1637 2235 1685 sunt
2258 1630 2367 1685 nisi
2405 1631 2681 1684 idolorum
2730 1635 3009 1701 portenta.
3064 1630 3369 1701 Propterea
3416 1635 3474 1685 et

193 1708 322 1762 dant
352 1716 411 1762 et
431 1710 769 1781 intelligant.
792 1723 847 1766 et
862 1729 971 1767 non
995 1715 1156 1771 (sicut
1176 1724 1332 1771 vetus
1382 1736 1541 1772 error
1577 1720 1794 1774 noviter
1810 1706 1854 1765 Β
1873 1720 2071 1774 beatus
2100 1720 2298 1773 Petrus
2324 1720 2449 1789 plus
2479 1734 2650 1789 quam
2674 1718 2841 1772 homo
2865 1723 3003 1781 erat,
3039 1718 3171 1789 quia
3189 1719 3341 1773 ultra
3369 1719 3472 1773 ho-

192 1799 563 1868 rcpullulasse
583 1807 641 1855 et
672 1807 883 1856 veteres
898 1802 1110 1858 cineres
1143 1808 1444 1861 removisse
1492 1808 1789 1880 doluimus)

192 1894 250 1941 ut
278 1905 464 1941 unum
499 1894 556 1942 et
582 1889 763 1960 ipsum
797 1892 1080 1946 Christum
1111 1894 1169 1948 in
1201 1896 1339 1950 duas
1369 1897 1644 1952 divideret
1670 1915 1792 1968 per-

182 1994 368 2037 sonas,
400 1978 726 2048 diceretque
752 1980 1160 2037 humanitatem
1185 1985 1389 2039 Christi
1420 2003 1521 2057 per
1538 1988 1788 2058 adoptio-

181 2083 299 2121 nem
335 2068 397 2120 in
421 2068 601 2121 Deum
623 2085 764 2125 esse.
790 2076 847 2123 et
865 2071 1105 2125 Verbum
1129 2073 1313 2128 Patris
1349 2076 1494 2145 quod
1535 2093 1664 2131 caro
1709 2077 1785 2130 fa-

181 2162 318 2210 ctum
355 2163 467 2220 est,
495 2174 688 2210 verum
718 2161 1119 2215 confiterentur
1147 2162 1371 2217 Filium.
1407 2165 1605 2228 Sicque
1644 2166 1783 2220 duas

183 2254 415 2299 naturas
434 2246 495 2299 in
516 2246 738 2300 Christo
758 2248 898 2302 duos
916 2250 1331 2321 dogmatizabat
1352 2254 1513 2319 ﬁlios,
1534 2255 1785 2324 duasque

1875 1809 2083 1863 minem
2122 1809 2411 1880 sapiebat;
2447 1808 2689 1878 quicum
2720 1808 2819 1861 Dei
2855 1807 3058 1861 Filium
3090 1807 3145 1861 in
3184 1808 3471 1863 hominem

1874 1899 2104 1959 videret,
2141 1899 2286 1952 ultra
2311 1898 2586 1951 humanos
2616 1896 2804 1950 oculos
2823 1896 2962 1950 vidit
2991 1902 3047 1950 et
3074 1896 3365 1951 intellexit.
3402 1898 3472 1952 Et

1871 1989 1997 2042 ideo
2011 1987 2081 2042 ab
2101 1988 2223 2058 ipso
2239 1987 2475 2041 Domino
2496 1986 2757 2040 laudatus
2770 1991 2871 2050 est,
2893 1985 3022 2056 quia
3044 2001 3157 2039 non
3169 1985 3222 2038 id
3236 1985 3386 2056 quod
3405 2001 3471 2040 ex

1868 2094 2036 2132 carne
2061 2083 2119 2132 et
2133 2076 2408 2147 sanguine
2430 2081 2569 2137 erat,
2593 2080 2815 2130 tantum
2838 2074 3099 2138 intendit,
3123 2074 3219 2128 sed
3244 2074 3345 2128 Dei
3373 2070 3468 2129 Fi-

1868 2166 2004 2220 lium
2028 2169 2196 2220 etiam
2227 2165 2282 2218 in
2314 2164 2493 2219 Patris
2523 2163 2861 2218 revelatione
2891 2161 3254 2233 conspiciens,
3279 2162 3336 2216 in
3356 2179 3471 2217 una

1868 2256 2176 2325 eademque
2195 2270 2429 2326 persona
2447 2253 2732 2307 confessus
2743 2259 2846 2306 est.
2862 2252 3056 2322 Neque
3073 2251 3223 2305 enim
3237 2252 3393 2315 dixit,
3410 2252 3471 2306 in

182 2352 451 2405 personas
476 2335 741 2405 ﬁngebat.
776 2338 916 2391 Cum
945 2339 1035 2391 hic
1063 2339 1132 2393 de
1155 2340 1291 2395 Filio
1310 2342 1552 2395 hominis
1575 2344 1781 2396 solum-
1862 2349 1919 2397 te
1940 2349 2024 2397 est
2040 2361 2203 2398 verus
2224 2345 2320 2397 Dei
2333 2344 2526 2408 Filius,
2545 2342 2687 2396 sicut
2700 2340 2945 2396 Verbum
2960 2340 3150 2394 eratin
3163 2341 3467 2412 prOphetis,

184 2424 344 2478 modo
361 2425 487 2494 ipse
503 2424 833 2495 interrogat,
848 2432 905 2480 et
926 2429 1123 2483 Petrus
1151 2430 1220 2483 ad
1240 2431 1587 2501 interrogata
1599 2432 1667 2485 de
1680 2432 1782 2485 hoc

183 2511 293 2583 ipso
321 2514 627 2584 respondit
645 2533 655 2567 :

253 2604 329 2657 Tu
370 2620 443 2667 es,
479 2604 681 2675 inquit,
713 2606 960 2661 Christus
1006 2608 1179 2661 Filius
1223 2610 1321 2662 Dei
1356 2611 1487 2661 viri.
1525 2609 1788 2680 Nihilque

184 2691 559 2763 interponens
583 2699 640 2746 et
670 2693 808 2747 nihil
832 2694 1154 2750 discernens
1174 2697 1242 2750 de
1272 2697 1489 2750 unitate
1515 2714 1785 2768 personae,

180 2780 272 2833 sed
309 2788 503 2835 totum
536 2783 685 2852 quod
724 2789 811 2837 est
836 2784 894 2837 in
938 2785 1161 2839 Christo
1210 2803 1399 2840 verum
1444 2785 1543 2840 Dei
1585 2787 1788 2840 Filium

183 2871 511 2924 conﬁtetur.
545 2872 662 2924 Nec
689 2872 894 2925 mirum
926 2872 974 2925 si
1000 2873 1207 2927 erravit
1232 2875 1339 2928 iste
1369 2875 1438 2929 de
1487 2892 1597 2946 quo
1646 2876 1789 2930 dixi-

181 2975 321 3024 mus,
366 2959 509 3030 quia
538 2960 706 3013 homo
736 2967 895 3026 erat;
922 2960 1066 3015 sicut
1107 2971 1437 3017 erraverunt
1468 2970 1525 3018 et
1573 2965 1654 3018 illi
1694 2965 1790 3036 qui

1864 2438 1928 2485 ut
1948 2432 2093 2485 alius
2114 2440 2261 2485 esset
2278 2432 2541 2490 hominis,
2563 2438 2619 2484 et
2644 2430 2787 2484 alius
2806 2429 2904 2483 Dei
2932 2429 3136 2495 Filius;
3156 2430 3255 2483 sed
3268 2445 3394 2484 mox
3407 2433 3473 2483 ut

1866 2519 1965 2585 ait,
1984 2525 2180 2585 669
2199 2523 2363 2587 Quem
2380 2522 2575 2573 dicunt
2595 2521 2839 2572 homines
2854 2535 2959 2571 esse
2979 2519 3186 2572 Filium
3204 2519 3467 2586 hominis,

1870 2608 1991 2663 sine
2023 2609 2139 2663 ulla
2167 2608 2432 2662 dilatione
2462 2613 2564 2662 aut
2591 2606 3015 2677 interpositione
3054 2606 3342 2660 confessus
3384 2611 3471 2660 est

1874 2698 1970 2768 qui
1992 2697 2325 2769 loquebatur
2343 2697 2395 2750 ei
2424 2696 2600 2750 Filius
2630 2694 2891 2760 hominis,
2926 2696 3003 2748 Tu
3034 2711 3086 2748 es
3114 2696 3365 2750 Christus
3385 2696 3470 2748 Fi-

1871 2788 1982 2841 lius
2003 2789 2100 2841 Dei
2129 2791 2258 2841 vivi.
2292 2786 2497 2856 Utique
2516 2787 2680 2856 juxta
2717 2785 3011 2849 Joannem,
3056 2783 3190 2854 quia
3244 2784 3470 2837 Verbum

1874 2891 2002 2929 caro
2030 2878 2240 2944 factum
2272 2881 2363 2939 est,
2393 2880 2441 2928 et
2469 2875 2737 2927 habitavit
2762 2876 2825 2926 in
2856 2874 3007 2925 nobis
3048 2874 3226 2938 (Joan.
3259 2885 3299 2938 Ι,
3351 2871 3461 2942 14).

1875 2966 1972 3019 Est
1994 2981 2126 3035 ergo
2152 2964 2325 3019 Filius
2352 2963 2473 3022 Dei.
2510 2963 2660 3017 Deus
2689 2978 2755 3016 ex
2785 2962 2918 3019 Deo.
2952 2966 3010 3014 et
3052 2960 3221 3014 homo
3264 2976 3328 3014 ex
3366 2961 3471 3014 ho-

183 3064 303 3101 eum
319 3057 426 3102 aut
442 3049 719 3102 Joannem
733 3048 1786 3121 dicebantpropterHerodisfallaciam,
1807 3069 1849 3127 ο
1875 3053 2043 3119 mine,
2076 3070 2221 3107 unus
2252 3053 2308 3106 in
2352 3058 2592 3123 utroque
2622 3050 2821 3122 plenus
2864 3048 3060 3119 gratiae
3100 3055 3158 3103 et
3192 3049 3466 3104 veritatis.

182 3143 277 3190 aut
296 3138 511 3199 Eliam,
538 3137 672 3208 quia
704 3145 971 3194 venturus
1000 3140 1183 3193 adhuc
1226 3157 1346 3194 esse
1384 3143 1649 3207 creditur,
1691 3148 1791 3197 aut

182 3226 513 3285 Jerem‘am,
534 3234 763 3298 propter
783 3228 928 3298 quod
947 3228 1016 3282 ad
1041 3246 1168 3283 eum
1185 3230 1407 3284 dixerat
1442 3232 1592 3285 Deus
1619 3250 1630 3285 :
1664 3233 1790 3286 Ecce

182 3319 450 3369 constitui
484 3323 531 3369 te
559 3333 723 3384 super
750 3325 929 3384 gentes
955 3323 1003 3370 et
1035 3335 1207 3386 regna
1239 3322 1368 3381 (λων.
1404 3334 1443 3385 I,
1471 3318 1576 3384 10:,
1609 3321 1788 3374 eradi-

177 3420 301 3458 care
332 3411 393 3458 et
418 3405 705 3469 demoliri,
741 3414 798 3459 et
827 3408 1078 3477 perdere,
1117 3424 1314 3462 rursus
1363 3408 1700 3462 reaediﬁcare
1731 3415 1788 3463 et

178 3494 442 3562 plantare
493 3495 628 3557 Quae
644 3495 910 3550 nimirum
932 3496 1123 3549 omnia
1159 3497 1228 3551 de
1256 3514 1446 3551 errore
1472 3503 1667 3562 068
1695 3516 1786 3551 ve-

173 3583 436 3651 niebant,
470 3583 605 3653 quia
634 3584 889 3639 homines
943 3592 1121 3645 erant,
1170 3592 1226 3639 et
1274 3585 1398 3640 ideo
1440 3586 1525 3639 his
1565 3587 1785 3643 omissis

173 3676 542 3727 transeamus
555 3673 626 3726 ad
645 3674 774 3738 alia,
801 3674 1063 3744 quoniam
1086 3675 1210 3745 plus
1226 3675 1465 3730 aediﬁcat
1482 3676 1640 3742 ﬁdes,
1662 3692 1783 3746 quae

172 3747 621 3816 Petrorevelata
640 3768 743 3826 est,
782 3780 949 3834 quam
983 3764 1135 3818 locus
1165 3764 1222 3817 in
1245 3781 1353 3835 quo
1390 3765 1506 3819 haec
1535 3765 1780 3819 interro-

169 3851 322 3918 gatio
354 3851 655 3923 praposita
684 3860 791 3914 est,
830 3859 885 3906 et
923 3853 1130 3907 relictis
1169 3854 1339 3907 etiam
1390 3854 1675 3908 erroribus
1713 3853 1783 3908 de

168 3938 421 4005 Christo,
447 3948 509 3994 et
529 3941 887 4011 opinionibus
916 3942 1285 4012 singulorum.
1317 3960 1385 3996 ne
1430 3944 1672 3997 otiosum
1702 3943 1779 3997 vi-

167 4028 411 4084 deamur
483 4030 819 4100 protendere
898 4036 1219 4095 tractatum,
1260 4032 1327 4085 ad
1399 4032 1779 4102 apostolorum

164 4116 708 4189 interrogationem,
734 4137 846 4190 qua
879 4120 1301 4190 interrogantur
1335 4137 1368 4174 a
1400 4121 1641 4187 Christo,
1686 4137 1779 4175 ve-

164 4207 417 4262 niamus.

242 4297 339 4349 Vos
368 4312 527 4364 ergo,
560 4296 764 4367 inquit,
794 4313 955 4366 quem
985 4314 1073 4352 me
1093 4315 1197 4352 esse
1224 4301 1408 4352 dicitis
1432 4306 1455 4352 Ρ
1491 4301 1569 4353 Ac
1599 4299 1647 4353 si
1695 4299 1782 4353 di-

1870 3143 2097 3213 Accepit
2117 3158 2359 3213 namque
2389 3140 2667 3195 nascendo
2694 3140 2795 3193 hoc
2817 3138 2965 3209 quod
2984 3154 3097 3192 non
3118 3143 3259 3203 erat,
3292 3143 3348 3192 et
3366 3154 3471 3193 na-

1870 3237 1991 3285 tum
2022 3238 2109 3285 est
2128 3231 2372 3285 Verbum
2395 3230 2539 3300 quod
2564 3245 2787 3300 semper
2810 3228 2869 3282 in
2910 3228 3077 3281 Patre
3114 3232 3254 3292 erat,
3299 3233 3470 3299 atque

1871 3320 1951 3375 ita
1975 3321 2122 3374 ﬁlius
2152 3326 2394 3374 aeternus
2415 3325 2582 3373 natus
2624 3324 2725 3382 est,
2765 3317 2894 3388 quia
2933 3318 2993 3370 in
3042 3333 3108 3371 eo
3156 3332 3269 3371 non
3315 3316 3468 3372 aliud

1868 3416 2064 3464 natum
2099 3415 2184 3463 est
2206 3426 2373 3479 quam
2393 3408 2541 3479 quod
2563 3413 2832 3461 aeternum
2856 3410 2958 3460 est.
2994 3406 3154 3460 Hunc
3183 3405 3358 3476 igitur
3375 3421 3468 3459 as-

1867 3498 2172 3568 sumpsisse
2183 3514 2384 3568 cprpus
2401 3496 2548 3568 quod
2560 3502 2682 3550 erat
2697 3496 2754 3549 in
2770 3494 3085 3566 propatulo,
3108 3499 3167 3548 et
3181 3494 3467 3549 hominem

1867 3588 2096 3651 factum,
2121 3587 2367 3657 perfecta
2384 3586 2531 3639 beati
2548 3584 2699 3638 Petri
2713 3583 2985 3637 confessio
3011 3588 3166 3638 estet
3187 3583 3462 3650 absoluta;

1867 3675 2000 3747 quia
2022 3675 2170 3729 sicut
2189 3674 2491 3738 aeternitas,
2525 3678 2741 3735 naturae
2760 3678 2964 3726 nostrae
2992 3687 3196 3743 corpus
3229 3671 3460 3742 accepit,

1865 3766 1947 3819 ita
1971 3763 2416 3834 cognoscendum
2439 3768 2524 3816 est
2558 3767 2818 3816 naturam
2839 3761 3088 3832 corporis
3111 3760 3290 3814 nostri
3306 3764 3464 3814 teter-

1863 3853 2059 3907 nitatis
2087 3868 2374 3907 assumere
2403 3850 2650 3921 potuisse
2695 3849 2979 3903 virtutem.
3024 3848 3183 3903 Unde
3225 3847 3357 3918 quia
3402 3847 3463 3902 in

1864 3942 1973 3996 ﬁde
2000 3942 2127 4007 ista,
2161 3957 2445 3994 summum
2475 3939 2683 3993 bonum
2705 3937 3129 3992 consistitvalde
3152 3953 3253 4007 per
3277 3952 3463 3991 neces-

1863 4031 2096 4094 sarium,
2131 4047 2166 4084 a
2191 4028 2475 4100 discipulis
2507 4027 2761 4098 requirit,
2793 4042 2956 4097 quem
2983 4042 3044 4080 se
3076 4025 3461 4080 hominesesse

1863 4120 2111 4174 dicerent
2131 4119 2155 4172 7
2177 4125 2233 4172 et
2257 4117 2464 4188 adjecit
2487 4136 2498 4171 :
2525 4116 2725 4171 Filium
2745 4114 3022 4169 hominis?
3036 4116 3165 4169 Haec
3184 4114 3332 4169 enim
3361 4116 3460 4169 ﬁr-

1862 4209 2113 4263 missime
2138 4206 2502 4262 confessionis
2533 4205 2776 4259 tenenda
2821 4213 2906 4258 est
2953 4203 3116 4267 ratio,
3161 4209 3219 4257 et
3255 4203 3459 4274 praedi-

1864 4297 2043 4352 canda
2072 4298 2229 4360 ﬁdes,
2255 4301 2320 4350 ut
2336 4296 2481 4349 sicut
2494 4294 2591 4348 Dei
2616 4294 2837 4359 Filium,
2854 4293 2936 4346 ita
2957 4298 3011 4346 et
3025 4292 3202 4347 ﬁlium
3214 4291 3459 4346 hominis

160 4392 312 4439 ceret
336 4384 631 4454 benignus
646 4386 931 4456 Magister,
957 4387 1414 4457 quiaillitantum
1436 4388 1692 4441 homines
1711 4384 1843 4442 deD
1863 4387 1919 4441 in
1949 4404 2063 4465 una
2109 4385 2418 4455 eademque
2453 4399 2692 4455 persona
2729 4382 3024 4436 credamus
3064 4386 3122 4434 et
3158 4381 3459 4435 adoremus

158 4470 300 4527 Filio
320 4473 585 4527 hominis
604 4479 670 4527 ut
692 4474 943 4528 homines
964 4476 1109 4529 male
1125 4476 1375 4530 sentiunt
1397 4491 1407 4525 :
1436 4479 1576 4543 Quia
1599 4479 1780 4530 omnis

155 4560 319 4615 homo
342 4565 599 4615 mendax
621 4564 782 4627 (Psat.
804 4579 924 4627 cxv,
961 4564 1069 4631 ll),
1089 4581 1183 4618 vos
1204 4564 1298 4635 qui
1319 4565 1445 4636 plus
1461 4565 1594 4618 estis
1610 4580 1777 4635 quam

156 4647 451 4715 homines,
475 4667 646 4720 quem
662 4668 752 4706 me
773 4669 894 4707 esse
912 4652 1138 4707 creditis
1153 4653 1304 4707 ἸΙΙοε
1321 4653 1525 4725 quippe
1554 4670 1619 4707 ex
1640 4669 1774 4707 con-

153 4739 545 4809 sequentibus
570 4745 843 4813 textuque
872 4742 1148 4796 sermonis
1166 4759 1200 4796 a
1220 4742 1457 4797 Domino
1485 4749 1772 4797 ostensum

154 4835 258 4893 est,
286 4830 455 4901 quod
475 4830 716 4900 apostoli
747 4847 1101 4902 nequaquam
1120 4831 1395 4897 homines,
1429 4833 1524 4886 sed
1544 4832 1620 4885 dii
1643 4833 1773 4903 jure

150 4924 267 4978 sint
289 4924 600 4996 appellati.
636 4924 775 4978 Cum
809 4925 959 4979 enim
982 4925 1243 4979 dixisset:
1270 4927 1435 4992 Quem
1460 4926 1651 4978 dicunt
1683 4928 1774 4980 ho-

153 5017 338 5067 mines
371 5030 488 5067 esse
516 5014 726 5067 Filium
756 5014 1020 5079 hominis,
1044 5030 1171 5068 mox
1188 5013 1455 5084 subjecit:
1482 5012 1593 5066 Vos
1622 5030 1777 5085 ergo,

148 5104 313 5171 quasi
339 5103 597 5155 diceret:
633 5101 779 5164 Quia
806 5102 885 5156 dii
916 5103 1069 5165 estis,
1101 5119 1265 5173 quem
1299 5119 1385 5157 me
1433 5118 1555 5156 esse
1605 5107 1779 5157 testa-

149 5193 335 5245 mini?
376 5191 504 5252 Vel,
534 5193 715 5255 Quem
742 5206 831 5245 me
869 5192 1197 5246 aestimatis?
1237 5192 1498 5255 Attende,
1539 5192 1781 5261 prudens

146 5280 351 5345 lector,
395 5296 572 5350 quam
609 5280 753 5333 mira
799 5286 857 5334 et
884 5282 1160 5352 stupenda
1208 5280 1591 5350 interrogatio.
1636 5281 1777 5333 Nam

144 5387 340 5423 coram
383 5369 570 5422 oculis
596 5385 790 5423 eorum
817 5368 955 5423 nihil
982 5370 1133 5423 aliud
1158 5369 1276 5439 ipse
1299 5385 1466 5439 quam
1489 5369 1657 5421 homo
1688 5385 1783 5439 ap-

142 5460 427 5529 parebat,
460 5458 627 5512 etiam
657 5474 718 5511 se
748 5475 869 5512 esse
902 5459 1101 5513 Filium
1155 5458 1416 5519 hominis,
1461 5457 1605 5527 quod
1655 5473 1782 5512 vere

144 5561 289 5620 erat,
352 5548 614 5619 dicebat,
664 5555 722 5604 et
768 5556 961 5606 tamen
999 5548 1070 5604 ab
1117 5549 1198 5604 eis
1241 5547 1393 5603 aliud
1440 5546 1778 5622 requirebat.

1863 4477 2075 4543 Deum;
2102 4475 2234 4545 quia
2261 4475 2501 4528 alterum
2532 4472 2652 4526 sine
2676 4472 2853 4526 altero
2882 4471 3023 4524 nihil
3045 4469 3229 4541 specie
3258 4468 3459 4523 tribuit

1862 4565 1932 4618 ad
1963 4564 2221 4619 salutem.
2256 4563 2428 4616 Porro
2456 4560 2603 4632 quod
2633 4561 2835 4614 Petrus
2876 4559 3028 4630 prior
3055 4574 3169 4629 prae
3196 4557 3457 4612 omnibus

1860 4654 2163 4727 respondit,
2193 4652 2475 4723 prioratus
2504 4648 2668 4704 ofﬁcii
2698 4648 3051 4712 cst,etardor
3071 4646 3200 4703 ﬁdei
3221 4646 3451 4712 nimius,

1857 4750 1918 4799 ut
1931 4742 2119 4797 unitas
2135 4740 2559 4796 commendetur
2570 4738 2841 4797 Ecclesiae.
2850 4741 2909 4790 et
2919 4737 3056 4791 ﬁdes
3067 4740 3330 4791 teneatur
3339 4752 3458 4792 om-

1855 4834 2012 4889 nium
2035 4830 2437 4903 apostolorum,
2460 4844 2525 4881 ac
2538 4828 2582 4881 si
2604 4827 2663 4881 in
2679 4827 2861 4898 capite
2876 4842 2989 4880 uno
3012 4843 3023 4878 :
3051 4826 3133 4879 Tu
3155 4842 3226 4891 es,
3247 4824 3451 4897 inquit,

1857 4924 2106 4979 Christus
2129 4922 2303 4975 Filius
2328 4920 2428 4973 Dei
2449 4919 2580 4971 rivi.
2605 4915 2790 4970 Habes
2810 4916 2868 4969 in
2891 4916 2995 4969 hoc
3015 4914 3266 4987 exetuplo
3276 4919 3455 4969 totam

1860 5010 2194 5066 Trinitatem
2204 5013 2283 5069 ,et
2291 5023 2476 5061 veram
2489 5005 2894 5059 confessionem
2907 5004 3193 5059 catholicae
3205 5001 3454 5057 veritatis

1862 5099 1957 5153 ubi
1978 5099 2126 5153 Deus
2140 5098 2308 5151 Pater
2325 5094 2678 5167 praedicatur,
2701 5098 2759 5147 et
2768 5092 2940 5149 Filius
2955 5091 3054 5147 Dei
3066 5091 3399 5155 vivi,unctus
3418 5105 3454 5143 a

1863 5187 2072 5260 Spiritu
2093 5192 2304 5249 sancto,
2327 5194 2383 5239 et
2402 5183 2750 5253 intelligatur
2763 5198 2875 5236 una
2889 5181 3082 5245 virtus,
3102 5195 3216 5236 una
3227 5184 3449 5247 natura,

1862 5294 1973 5331 una
2006 5273 2322 5345 cooperatio
2349 5272 2661 5327 Trinitatis.
2697 5272 2873 5325 Porro
2902 5268 3049 5343 quod
3081 5268 3299 5323 addidit
3328 5268 3450 5336 Dei,

1864 5363 2226 5420 excellentius
2245 5369 2348 5428 est,
2374 5377 2540 5431 quam
2566 5368 2628 5415 ut
2638 5358 3109 5429 comparationem
3128 5357 3451 5429 capiatcum

1863 5456 1950 5509 his
1978 5454 2071 5525 qui
2095 5469 2205 5507 non
2232 5458 2366 5506 sunt
2392 5451 2489 5504 dii.
2516 5450 2721 5504 Verum
2746 5448 2895 5520 quod
2929 5449 3111 5517 majus
3142 5454 3244 5510 est,
3280 5446 3451 5499 etiam

1864 5552 1923 5602 et
1939 5560 2068 5600 cum
2088 5542 2177 5599 his
2206 5540 2302 5614 qui
2330 5538 2542 5611 aliquid
2561 5555 2683 5594 esse
2701 5538 2960 5596 videntur
2986 5552 3055 5590 ex
3078 5533 3281 5606 gratia,
3304 5529 3455 5605 quod
