  <div class='ocr_page' id='page_1' title='image "/cluster/home/n/w/nwhite01/storage/ocr_20150623/120/hvd.32044054759824/285.png"; bbox 0 0 3888 6172; ppageno 0'>
   <div class='ocr_carea' id='block_1_1' title="bbox 526 250 627 308">
    <p class='ocr_par' dir='ltr' id='par_1_1' title="bbox 526 250 627 308">
     <span class='ocr_line' id='line_1_1' title="bbox 526 250 627 308; baseline -0.02 0"><span class='ocrx_word' id='word_1_1' title='bbox 526 250 627 308; x_wconf 72' lang='grc'><strong>559</strong></span> 
     </span>
    </p>
   </div>
   <div class='ocr_carea' id='block_1_2' title="bbox 1291 238 3042 302">
    <p class='ocr_par' dir='ltr' id='par_1_2' title="bbox 1291 238 3042 302">
     <span class='ocr_line' id='line_1_2' title="bbox 1291 238 3042 302; baseline -0.005 0"><span class='ocrx_word' id='word_1_2' title='bbox 1291 248 1351 302; x_wconf 86' lang='lat' dir='ltr'><strong>S.</strong></span> <span class='ocrx_word' id='word_1_3' title='bbox 1391 245 1767 302; x_wconf 82' lang='lat' dir='ltr'><strong>PASCHASII</strong></span> <span class='ocrx_word' id='word_1_4' title='bbox 1798 242 2167 301; x_wconf 61' lang='lat' dir='ltr'><strong>«RADBERTI</strong></span> <span class='ocrx_word' id='word_1_5' title='bbox 2207 240 2511 297; x_wconf 81' lang='lat' dir='ltr'><strong>ABBATIS</strong></span> <span class='ocrx_word' id='word_1_6' title='bbox 2549 238 3042 297; x_wconf 83' lang='lat' dir='ltr'><strong>CORBEIENSIS.</strong></span> 
     </span>
    </p>
   </div>
   <div class='ocr_carea' id='block_1_3' title="bbox 3590 257 3662 314">
    <p class='ocr_par' dir='ltr' id='par_1_3' title="bbox 3590 257 3662 314">
     <span class='ocr_line' id='line_1_3' title="bbox 3590 257 3662 314; baseline 0 0"><span class='ocrx_word' id='word_1_7' title='bbox 3590 257 3662 314; x_wconf 76' lang='lat'><strong>560</strong></span> 
     </span>
    </p>
   </div>
   <div class='ocr_carea' id='block_1_4' title="bbox 521 362 3667 439">
    <p class='ocr_par' dir='ltr' id='par_1_4' title="bbox 521 362 3667 439">
     <span class='ocr_line' id='line_1_4' title="bbox 521 362 3667 439; baseline -0.001 -10"><span class='ocrx_word' id='word_1_8' title='bbox 521 375 674 430; x_wconf 87' lang='lat' dir='ltr'><strong>niam</strong></span> <span class='ocrx_word' id='word_1_9' title='bbox 706 371 1012 428; x_wconf 87' lang='lat' dir='ltr'><strong>secundum</strong></span> <span class='ocrx_word' id='word_1_10' title='bbox 1042 369 1402 425; x_wconf 83' lang='lat' dir='ltr'><strong>eminentiam</strong></span> <span class='ocrx_word' id='word_1_11' title='bbox 1434 386 1544 439; x_wconf 90' lang='lat' dir='ltr'><strong>qua</strong></span> <span class='ocrx_word' id='word_1_12' title='bbox 1570 366 1953 438; x_wconf 78' lang='lat' dir='ltr'><strong>supereminet</strong></span> <span class='ocrx_word' id='word_1_13' title='bbox 1988 366 2177 423; x_wconf 85' lang='lat' dir='ltr'><strong>om-A</strong></span> <span class='ocrx_word' id='word_1_14' title='bbox 2197 365 2311 416; x_wconf 84' lang='lat' dir='ltr'><strong>nisi</strong></span> <span class='ocrx_word' id='word_1_15' title='bbox 2325 364 2506 423; x_wconf 73' lang='lat' dir='ltr'><strong>Pater,</strong></span> <span class='ocrx_word' id='word_1_16' title='bbox 2528 366 2648 426; x_wconf 55' lang='grc' dir='ltr'><strong>θῇ</strong></span> <span class='ocrx_word' id='word_1_17' title='bbox 2675 370 2703 425; x_wconf 69' lang='grc' dir='ltr'>ε</span> <span class='ocrx_word' id='word_1_18' title='bbox 2741 362 2837 426; x_wconf 80' lang='lat' dir='ltr'><strong>sic,</strong></span> <span class='ocrx_word' id='word_1_19' title='bbox 2867 380 3023 417; x_wconf 80' lang='lat' dir='ltr'><strong>nemo</strong></span> <span class='ocrx_word' id='word_1_20' title='bbox 3039 367 3245 421; x_wconf 85' lang='lat' dir='ltr'><strong>Patrem</strong></span> <span class='ocrx_word' id='word_1_21' title='bbox 3264 373 3362 423; x_wconf 82' lang='lat' dir='ltr'><strong>nisi</strong></span> <span class='ocrx_word' id='word_1_22' title='bbox 3378 374 3535 436; x_wconf 80' lang='lat' dir='ltr'><strong>Filius,</strong></span> <span class='ocrx_word' id='word_1_23' title='bbox 3551 384 3587 430; x_wconf 83' lang='lat' dir='ltr'><strong>et</strong></span> <span class='ocrx_word' id='word_1_24' title='bbox 3600 386 3667 433; x_wconf 77' lang='lat' dir='ltr'><strong>cui</strong></span> 
     </span>
    </p>
   </div>
   <div class='ocr_carea' id='block_1_5' title="bbox 522 454 2109 517">
    <p class='ocr_par' dir='ltr' id='par_1_5' title="bbox 522 454 2109 517">
     <span class='ocr_line' id='line_1_5' title="bbox 522 454 2109 517; baseline -0.007 0"><span class='ocrx_word' id='word_1_25' title='bbox 522 462 688 517; x_wconf 89' lang='lat' dir='ltr'><strong>nibus</strong></span> <span class='ocrx_word' id='word_1_26' title='bbox 718 460 1053 515; x_wconf 84' lang='lat' dir='ltr'><strong>habentibus</strong></span> <span class='ocrx_word' id='word_1_27' title='bbox 1091 460 1145 513; x_wconf 92' lang='lat' dir='ltr'><strong>in</strong></span> <span class='ocrx_word' id='word_1_28' title='bbox 1174 476 1233 513; x_wconf 89' lang='lat' dir='ltr'><strong>se</strong></span> <span class='ocrx_word' id='word_1_29' title='bbox 1262 458 1433 512; x_wconf 83' lang='lat' dir='ltr'><strong>vitam</strong></span> <span class='ocrx_word' id='word_1_30' title='bbox 1482 458 1631 510; x_wconf 88' lang='lat' dir='ltr'><strong>Deus</strong></span> <span class='ocrx_word' id='word_1_31' title='bbox 1678 455 1832 508; x_wconf 80' lang='lat' dir='ltr'><strong>vivus</strong></span> <span class='ocrx_word' id='word_1_32' title='bbox 1874 454 2109 517; x_wconf 86' lang='lat' dir='ltr'><strong>dicitur;</strong></span> 
     </span>
    </p>
   </div>
   <div class='ocr_carea' id='block_1_6' title="bbox 522 543 2113 623">
    <p class='ocr_par' dir='ltr' id='par_1_6' title="bbox 522 543 2113 623">
     <span class='ocr_line' id='line_1_6' title="bbox 522 543 2113 623; baseline -0.007 -18"><span class='ocrx_word' id='word_1_33' title='bbox 522 552 657 623; x_wconf 84' lang='lat' dir='ltr'><strong>quia</strong></span> <span class='ocrx_word' id='word_1_34' title='bbox 676 567 789 606; x_wconf 88' lang='lat' dir='ltr'><strong>non</strong></span> <span class='ocrx_word' id='word_1_35' title='bbox 817 550 1072 604; x_wconf 88' lang='lat' dir='ltr'><strong>accidens</strong></span> <span class='ocrx_word' id='word_1_36' title='bbox 1104 548 1155 601; x_wconf 92' lang='lat' dir='ltr'><strong>ei</strong></span> <span class='ocrx_word' id='word_1_37' title='bbox 1185 547 1295 601; x_wconf 90' lang='lat' dir='ltr'><strong>vita</strong></span> <span class='ocrx_word' id='word_1_38' title='bbox 1349 552 1452 609; x_wconf 90' lang='lat' dir='ltr'><strong>est,</strong></span> <span class='ocrx_word' id='word_1_39' title='bbox 1499 545 1643 599; x_wconf 85' lang='lat' dir='ltr'><strong>sicut</strong></span> <span class='ocrx_word' id='word_1_40' title='bbox 1688 560 1789 598; x_wconf 89' lang='lat' dir='ltr'><strong>nec</strong></span> <span class='ocrx_word' id='word_1_41' title='bbox 1834 543 1945 596; x_wconf 83' lang='lat' dir='ltr'><strong>tilio</strong></span> <span class='ocrx_word' id='word_1_42' title='bbox 1992 543 2113 610; x_wconf 87' lang='lat' dir='ltr'><strong>ejus</strong></span> 
     </span>
    </p>
   </div>
   <div class='ocr_carea' id='block_1_7' title="bbox 520 630 2115 712">
    <p class='ocr_par' dir='ltr' id='par_1_7' title="bbox 520 630 2115 712">
     <span class='ocr_line' id='line_1_7' title="bbox 520 630 2115 712; baseline -0.008 -16"><span class='ocrx_word' id='word_1_43' title='bbox 520 641 621 712; x_wconf 85' lang='lat' dir='ltr'><strong>qui</strong></span> <span class='ocrx_word' id='word_1_44' title='bbox 650 657 715 695; x_wconf 83' lang='lat' dir='ltr'><strong>ex</strong></span> <span class='ocrx_word' id='word_1_45' title='bbox 745 657 810 694; x_wconf 91' lang='lat' dir='ltr'><strong>eo</strong></span> <span class='ocrx_word' id='word_1_46' title='bbox 832 640 947 693; x_wconf 70' lang='lat' dir='ltr'><strong>vita</strong></span> <span class='ocrx_word' id='word_1_47' title='bbox 977 644 1143 691; x_wconf 88' lang='lat' dir='ltr'><strong>natus</strong></span> <span class='ocrx_word' id='word_1_48' title='bbox 1172 642 1275 690; x_wconf 90' lang='lat' dir='ltr'><strong>est.</strong></span> <span class='ocrx_word' id='word_1_49' title='bbox 1308 636 1375 689; x_wconf 88' lang='lat' dir='ltr'><strong>Et</strong></span> <span class='ocrx_word' id='word_1_50' title='bbox 1394 634 1518 687; x_wconf 90' lang='lat' dir='ltr'><strong>ideo</strong></span> <span class='ocrx_word' id='word_1_51' title='bbox 1542 650 1576 687; x_wconf 84' lang='lat' dir='ltr'><strong>a</strong></span> <span class='ocrx_word' id='word_1_52' title='bbox 1605 650 1714 703; x_wconf 90' lang='lat' dir='ltr'><strong>quo</strong></span> <span class='ocrx_word' id='word_1_53' title='bbox 1740 632 1905 685; x_wconf 85' lang='lat' dir='ltr'><strong>habet</strong></span> <span class='ocrx_word' id='word_1_54' title='bbox 1921 639 1986 685; x_wconf 93' lang='lat' dir='ltr'><strong>ut</strong></span> <span class='ocrx_word' id='word_1_55' title='bbox 2001 630 2115 683; x_wconf 85' lang='lat' dir='ltr'><strong>vita</strong></span> 
     </span>
    </p>
   </div>
   <div class='ocr_carea' id='block_1_8' title="bbox 521 720 2111 799">
    <p class='ocr_par' dir='ltr' id='par_1_8' title="bbox 521 720 2111 799">
     <span class='ocr_line' id='line_1_8' title="bbox 521 720 2111 799; baseline -0.007 -15"><span class='ocrx_word' id='word_1_56' title='bbox 521 729 612 794; x_wconf 91' lang='lat' dir='ltr'><strong>sit,</strong></span> <span class='ocrx_word' id='word_1_57' title='bbox 675 728 745 784; x_wconf 90' lang='lat' dir='ltr'><strong>ab</strong></span> <span class='ocrx_word' id='word_1_58' title='bbox 791 728 911 799; x_wconf 90' lang='lat' dir='ltr'><strong>ipso</strong></span> <span class='ocrx_word' id='word_1_59' title='bbox 947 726 1198 797; x_wconf 85' lang='lat' dir='ltr'><strong>apostolo</strong></span> <span class='ocrx_word' id='word_1_60' title='bbox 1244 724 1410 777; x_wconf 88' lang='lat' dir='ltr'><strong>Petro</strong></span> <span class='ocrx_word' id='word_1_61' title='bbox 1464 723 1771 776; x_wconf 85' lang='lat' dir='ltr'><strong>revelatum</strong></span> <span class='ocrx_word' id='word_1_62' title='bbox 1828 726 1913 774; x_wconf 87' lang='lat' dir='ltr'><strong>est</strong></span> <span class='ocrx_word' id='word_1_63' title='bbox 1963 720 2111 790; x_wconf 90' lang='lat' dir='ltr'><strong>quod</strong></span> 
     </span>
    </p>
   </div>
   <div class='ocr_carea' id='block_1_9' title="bbox 524 812 2112 873">
    <p class='ocr_par' dir='ltr' id='par_1_9' title="bbox 524 812 2112 873">
     <span class='ocr_line' id='line_1_9' title="bbox 524 812 2112 873; baseline -0.007 0"><span class='ocrx_word' id='word_1_64' title='bbox 524 816 712 873; x_wconf 80' lang='lat' dir='ltr'><strong>Patris</strong></span> <span class='ocrx_word' id='word_1_65' title='bbox 732 817 906 871; x_wconf 87' lang='lat' dir='ltr'><strong>Filius</strong></span> <span class='ocrx_word' id='word_1_66' title='bbox 935 816 1027 869; x_wconf 86' lang='lat' dir='ltr'><strong>sit.</strong></span> <span class='ocrx_word' id='word_1_67' title='bbox 1059 815 1122 868; x_wconf 83' lang='lat' dir='ltr'><strong>Et</strong></span> <span class='ocrx_word' id='word_1_68' title='bbox 1148 816 1288 866; x_wconf 95' lang='lat' dir='ltr'><strong>sicut</strong></span> <span class='ocrx_word' id='word_1_69' title='bbox 1326 813 1481 867; x_wconf 88' lang='lat' dir='ltr'><strong>habet</strong></span> <span class='ocrx_word' id='word_1_70' title='bbox 1516 813 1680 865; x_wconf 85' lang='lat' dir='ltr'><strong>Pater</strong></span> <span class='ocrx_word' id='word_1_71' title='bbox 1717 814 1889 862; x_wconf 85' lang='lat' dir='ltr'><strong>vitam</strong></span> <span class='ocrx_word' id='word_1_72' title='bbox 1939 812 2001 862; x_wconf 91' lang='lat' dir='ltr'><strong>in</strong></span> <span class='ocrx_word' id='word_1_73' title='bbox 2038 827 2112 862; x_wconf 85' lang='lat' dir='ltr'><strong>se-</strong></span> 
     </span>
    </p>
   </div>
   <div class='ocr_carea' id='block_1_10' title="bbox 518 900 2111 975">
    <p class='ocr_par' dir='ltr' id='par_1_10' title="bbox 518 900 2111 975">
     <span class='ocr_line' id='line_1_10' title="bbox 518 900 2111 975; baseline -0.006 -14"><span class='ocrx_word' id='word_1_74' title='bbox 518 909 768 975; x_wconf 82' lang='lat' dir='ltr'><strong>metipso,</strong></span> <span class='ocrx_word' id='word_1_75' title='bbox 815 908 895 959; x_wconf 81' lang='lat' dir='ltr'><strong>sic</strong></span> <span class='ocrx_word' id='word_1_76' title='bbox 937 906 1085 957; x_wconf 84' lang='lat' dir='ltr'><strong>dedit</strong></span> <span class='ocrx_word' id='word_1_77' title='bbox 1114 908 1163 956; x_wconf 88' lang='lat' dir='ltr'><strong>et</strong></span> <span class='ocrx_word' id='word_1_78' title='bbox 1202 902 1342 955; x_wconf 83' lang='lat' dir='ltr'><strong>Filio</strong></span> <span class='ocrx_word' id='word_1_79' title='bbox 1388 903 1563 955; x_wconf 73' lang='lat' dir='ltr'><strong>vitam</strong></span> <span class='ocrx_word' id='word_1_80' title='bbox 1612 900 1809 953; x_wconf 84' lang='lat' dir='ltr'><strong>habere</strong></span> <span class='ocrx_word' id='word_1_81' title='bbox 1840 901 1902 951; x_wconf 89' lang='lat' dir='ltr'><strong>in</strong></span> <span class='ocrx_word' id='word_1_82' title='bbox 1943 902 2111 967; x_wconf 80' lang='lat' dir='ltr'><strong>seipse</strong></span> 
     </span>
    </p>
   </div>
   <div class='ocr_carea' id='block_1_11' title="bbox 518 985 2111 1064">
    <p class='ocr_par' dir='ltr' id='par_1_11' title="bbox 518 985 2111 1064">
     <span class='ocr_line' id='line_1_11' title="bbox 518 985 2111 1064; baseline -0.006 -15"><span class='ocrx_word' id='word_1_83' title='bbox 518 998 698 1062; x_wconf 86' lang='lat' dir='ltr'><strong>(Joan.</strong></span> <span class='ocrx_word' id='word_1_84' title='bbox 729 1011 781 1060; x_wconf 88' lang='lat' dir='ltr'><strong>v,</strong></span> <span class='ocrx_word' id='word_1_85' title='bbox 813 991 924 1062; x_wconf 74' lang='lat'><strong>26).</strong></span> <span class='ocrx_word' id='word_1_86' title='bbox 956 993 1038 1047; x_wconf 80' lang='lat' dir='ltr'><strong>Ac</strong></span> <span class='ocrx_word' id='word_1_87' title='bbox 1065 1007 1167 1064; x_wconf 89' lang='lat' dir='ltr'><strong>per</strong></span> <span class='ocrx_word' id='word_1_88' title='bbox 1184 991 1289 1045; x_wconf 90' lang='lat' dir='ltr'><strong>hoc</strong></span> <span class='ocrx_word' id='word_1_89' title='bbox 1308 989 1421 1043; x_wconf 88' lang='lat' dir='ltr'><strong>vita</strong></span> <span class='ocrx_word' id='word_1_90' title='bbox 1450 988 1617 1055; x_wconf 90' lang='lat' dir='ltr'><strong>ﬁlius,</strong></span> <span class='ocrx_word' id='word_1_91' title='bbox 1652 987 1750 1041; x_wconf 92' lang='lat' dir='ltr'><strong>Dei</strong></span> <span class='ocrx_word' id='word_1_92' title='bbox 1778 987 1963 1041; x_wconf 84' lang='lat' dir='ltr'><strong>Patris</strong></span> <span class='ocrx_word' id='word_1_93' title='bbox 2005 985 2111 1040; x_wconf 88' lang='lat' dir='ltr'><strong>vivi</strong></span> 
     </span>
    </p>
   </div>
   <div class='ocr_carea' id='block_1_12' title="bbox 510 1076 2110 1150">
    <p class='ocr_par' dir='ltr' id='par_1_12' title="bbox 510 1076 2110 1150">
     <span class='ocr_line' id='line_1_12' title="bbox 510 1076 2110 1150; baseline -0.005 -13"><span class='ocrx_word' id='word_1_94' title='bbox 510 1082 689 1138; x_wconf 90' lang='lat' dir='ltr'><strong>Filius</strong></span> <span class='ocrx_word' id='word_1_95' title='bbox 716 1088 820 1137; x_wconf 90' lang='lat' dir='ltr'><strong>est.</strong></span> <span class='ocrx_word' id='word_1_96' title='bbox 839 1082 972 1147; x_wconf 68' lang='lat' dir='ltr'><strong>Quae</strong></span> <span class='ocrx_word' id='word_1_97' title='bbox 1002 1080 1275 1136; x_wconf 85' lang='lat' dir='ltr'><strong>confessio</strong></span> <span class='ocrx_word' id='word_1_98' title='bbox 1304 1080 1499 1150; x_wconf 85' lang='lat' dir='ltr'><strong>procul</strong></span> <span class='ocrx_word' id='word_1_99' title='bbox 1526 1076 1714 1142; x_wconf 90' lang='lat' dir='ltr'><strong>dubio,</strong></span> <span class='ocrx_word' id='word_1_100' title='bbox 1762 1077 1906 1131; x_wconf 88' lang='lat' dir='ltr'><strong>sicut</strong></span> <span class='ocrx_word' id='word_1_101' title='bbox 1946 1082 2110 1130; x_wconf 80' lang='lat' dir='ltr'><strong>aeter-</strong></span> 
     </span>
    </p>
   </div>
   <div class='ocr_carea' id='block_1_13' title="bbox 510 1164 2111 1237">
    <p class='ocr_par' dir='ltr' id='par_1_13' title="bbox 510 1164 2111 1237">
     <span class='ocr_line' id='line_1_13' title="bbox 510 1164 2111 1237; baseline -0.004 -10"><span class='ocrx_word' id='word_1_102' title='bbox 510 1188 646 1228; x_wconf 88' lang='lat' dir='ltr'><strong>nam</strong></span> <span class='ocrx_word' id='word_1_103' title='bbox 670 1171 842 1227; x_wconf 83' lang='lat' dir='ltr'><strong>habet</strong></span> <span class='ocrx_word' id='word_1_104' title='bbox 859 1171 1393 1236; x_wconf 87' lang='lat' dir='ltr'><strong>remunerationem,</strong></span> <span class='ocrx_word' id='word_1_105' title='bbox 1410 1169 1492 1224; x_wconf 87' lang='lat' dir='ltr'><strong>ita</strong></span> <span class='ocrx_word' id='word_1_106' title='bbox 1518 1174 1575 1223; x_wconf 89' lang='lat' dir='ltr'><strong>et</strong></span> <span class='ocrx_word' id='word_1_107' title='bbox 1596 1164 1959 1222; x_wconf 83' lang='lat' dir='ltr'><strong>beatitudinis</strong></span> <span class='ocrx_word' id='word_1_108' title='bbox 1975 1181 2111 1237; x_wconf 84' lang='lat' dir='ltr'><strong>prae-</strong></span> 
     </span>
    </p>
   </div>
   <div class='ocr_carea' id='block_1_14' title="bbox 409 1260 1221 1319">
    <p class='ocr_par' dir='ltr' id='par_1_14' title="bbox 409 1260 1221 1319">
     <span class='ocr_line' id='line_1_14' title="bbox 409 1260 1221 1319; baseline -0.007 0"><span class='ocrx_word' id='word_1_109' title='bbox 409 1298 412 1303; x_wconf 95' lang='lat'><strong><em>-</em></strong></span> <span class='ocrx_word' id='word_1_110' title='bbox 509 1262 710 1319; x_wconf 87' lang='lat' dir='ltr'><strong>mium.</strong></span> <span class='ocrx_word' id='word_1_111' title='bbox 740 1262 886 1317; x_wconf 87' lang='lat' dir='ltr'><strong>Hinc</strong></span> <span class='ocrx_word' id='word_1_112' title='bbox 913 1261 963 1315; x_wconf 90' lang='lat' dir='ltr'><strong>ei</strong></span> <span class='ocrx_word' id='word_1_113' title='bbox 980 1260 1221 1315; x_wconf 89' lang='lat' dir='ltr'><strong>dicitur:</strong></span> 
     </span>
    </p>
   </div>
   <div class='ocr_carea' id='block_1_15' title="bbox 582 1347 2108 1417">
    <p class='ocr_par' dir='ltr' id='par_1_15' title="bbox 582 1347 2108 1417">
     <span class='ocr_line' id='line_1_15' title="bbox 582 1347 2108 1417; baseline -0.007 -10"><span class='ocrx_word' id='word_1_114' title='bbox 582 1354 780 1407; x_wconf 79' lang='lat' dir='ltr'><strong>Beatus</strong></span> <span class='ocrx_word' id='word_1_115' title='bbox 809 1368 880 1416; x_wconf 85' lang='lat' dir='ltr'><strong>es,</strong></span> <span class='ocrx_word' id='word_1_116' title='bbox 912 1350 1108 1407; x_wconf 88' lang='lat' dir='ltr'><strong>Simon</strong></span> <span class='ocrx_word' id='word_1_117' title='bbox 1137 1350 1429 1414; x_wconf 85' lang='lat' dir='ltr'><strong>Bar-Jona,</strong></span> <span class='ocrx_word' id='word_1_118' title='bbox 1471 1349 1605 1417; x_wconf 90' lang='lat' dir='ltr'><strong>quia</strong></span> <span class='ocrx_word' id='word_1_119' title='bbox 1641 1363 1769 1401; x_wconf 81' lang='lat' dir='ltr'><strong>caro</strong></span> <span class='ocrx_word' id='word_1_120' title='bbox 1801 1351 1847 1400; x_wconf 91' lang='lat' dir='ltr'><strong>et</strong></span> <span class='ocrx_word' id='word_1_121' title='bbox 1878 1347 2108 1413; x_wconf 78' lang='lat' dir='ltr'><strong>sanguis</strong></span> 
     </span>
    </p>
   </div>
   <div class='ocr_carea' id='block_1_16' title="bbox 510 1435 2106 1504">
    <p class='ocr_par' dir='ltr' id='par_1_16' title="bbox 510 1435 2106 1504">
     <span class='ocr_line' id='line_1_16' title="bbox 510 1435 2106 1504; baseline -0.006 -9"><span class='ocrx_word' id='word_1_122' title='bbox 510 1456 625 1495; x_wconf 84' lang='lat' dir='ltr'><strong>non</strong></span> <span class='ocrx_word' id='word_1_123' title='bbox 644 1440 903 1494; x_wconf 74' lang='lat' dir='ltr'><strong>reuelauit</strong></span> <span class='ocrx_word' id='word_1_124' title='bbox 931 1441 1050 1504; x_wconf 89' lang='lat' dir='ltr'><strong>tibi,</strong></span> <span class='ocrx_word' id='word_1_125' title='bbox 1083 1441 1172 1492; x_wconf 83' lang='lat' dir='ltr'><strong>sed</strong></span> <span class='ocrx_word' id='word_1_126' title='bbox 1199 1440 1361 1492; x_wconf 88' lang='lat' dir='ltr'><strong>Pater</strong></span> <span class='ocrx_word' id='word_1_127' title='bbox 1374 1454 1526 1491; x_wconf 87' lang='lat' dir='ltr'><strong>meus</strong></span> <span class='ocrx_word' id='word_1_128' title='bbox 1539 1441 1735 1502; x_wconf 67' lang='lat'><strong>6&#39;30</strong></span> <span class='ocrx_word' id='word_1_129' title='bbox 1758 1438 1856 1504; x_wconf 87' lang='lat' dir='ltr'><strong>qui</strong></span> <span class='ocrx_word' id='word_1_130' title='bbox 1874 1437 1934 1487; x_wconf 89' lang='lat' dir='ltr'><strong>in</strong></span> <span class='ocrx_word' id='word_1_131' title='bbox 1965 1435 2106 1487; x_wconf 68' lang='lat' dir='ltr'><strong>caelis</strong></span> 
     </span>
    </p>
   </div>
   <div class='ocr_carea' id='block_1_17' title="bbox 508 1522 2108 1599">
    <p class='ocr_par' dir='ltr' id='par_1_17' title="bbox 508 1522 2108 1599">
     <span class='ocr_line' id='line_1_17' title="bbox 508 1522 2108 1599; baseline -0.006 -15"><span class='ocrx_word' id='word_1_132' title='bbox 508 1534 604 1584; x_wconf 82' lang='lat' dir='ltr'><strong>est.</strong></span> <span class='ocrx_word' id='word_1_133' title='bbox 641 1529 844 1584; x_wconf 85' lang='lat' dir='ltr'><strong>Beatus</strong></span> <span class='ocrx_word' id='word_1_134' title='bbox 874 1528 969 1599; x_wconf 88' lang='lat' dir='ltr'><strong>qui</strong></span> <span class='ocrx_word' id='word_1_135' title='bbox 995 1528 1052 1582; x_wconf 92' lang='lat' dir='ltr'><strong>in</strong></span> <span class='ocrx_word' id='word_1_136' title='bbox 1082 1526 1363 1581; x_wconf 84' lang='lat' dir='ltr'><strong>thesauris</strong></span> <span class='ocrx_word' id='word_1_137' title='bbox 1400 1525 1501 1580; x_wconf 91' lang='lat' dir='ltr'><strong>Dei</strong></span> <span class='ocrx_word' id='word_1_138' title='bbox 1539 1524 1809 1586; x_wconf 83' lang='lat' dir='ltr'><strong>introivit,</strong></span> <span class='ocrx_word' id='word_1_139' title='bbox 1857 1522 2021 1577; x_wconf 86' lang='lat' dir='ltr'><strong>beata</strong></span> <span class='ocrx_word' id='word_1_140' title='bbox 2051 1527 2108 1575; x_wconf 83' lang='lat' dir='ltr'><strong>et</strong></span> 
     </span>
    </p>
   </div>
   <div class='ocr_carea' id='block_1_18' title="bbox 505 1612 2105 1689">
    <p class='ocr_par' dir='ltr' id='par_1_18' title="bbox 505 1612 2105 1689">
     <span class='ocr_line' id='line_1_18' title="bbox 505 1612 2105 1689; baseline -0.006 -16"><span class='ocrx_word' id='word_1_141' title='bbox 505 1618 779 1673; x_wconf 80' lang='lat' dir='ltr'><strong>confessio</strong></span> <span class='ocrx_word' id='word_1_142' title='bbox 809 1634 934 1689; x_wconf 65' lang='lat' dir='ltr'><strong>quae</strong></span> <span class='ocrx_word' id='word_1_143' title='bbox 953 1617 1023 1671; x_wconf 91' lang='lat' dir='ltr'><strong>de</strong></span> <span class='ocrx_word' id='word_1_144' title='bbox 1047 1614 1326 1670; x_wconf 73' lang='lat' dir='ltr'><strong>thesauris</strong></span> <span class='ocrx_word' id='word_1_145' title='bbox 1357 1615 1459 1669; x_wconf 88' lang='lat' dir='ltr'><strong>Dei</strong></span> <span class='ocrx_word' id='word_1_146' title='bbox 1482 1615 1685 1669; x_wconf 87' lang='lat' dir='ltr'><strong>hausta</strong></span> <span class='ocrx_word' id='word_1_147' title='bbox 1714 1620 1816 1676; x_wconf 91' lang='lat' dir='ltr'><strong>est,</strong></span> <span class='ocrx_word' id='word_1_148' title='bbox 1839 1612 2105 1683; x_wconf 83' lang='lat' dir='ltr'><strong>quoniam</strong></span> 
     </span>
    </p>
   </div>
   <div class='ocr_carea' id='block_1_19' title="bbox 2198 452 3730 536">
    <p class='ocr_par' dir='ltr' id='par_1_19' title="bbox 2198 452 3730 536">
     <span class='ocr_line' id='line_1_19' title="bbox 2198 452 3730 536; baseline 0.013 -39"><span class='ocrx_word' id='word_1_149' title='bbox 2198 468 2259 503; x_wconf 63' lang='lat' dir='ltr'><strong>eo</strong></span> <span class='ocrx_word' id='word_1_150' title='bbox 2286 455 2431 504; x_wconf 83' lang='lat' dir='ltr'><strong>uerit</strong></span> <span class='ocrx_word' id='word_1_151' title='bbox 2454 468 2580 505; x_wconf 90' lang='lat' dir='ltr'><strong>eum</strong></span> <span class='ocrx_word' id='word_1_152' title='bbox 2617 452 2789 505; x_wconf 80' lang='lat' dir='ltr'><strong>Filius</strong></span> <span class='ocrx_word' id='word_1_153' title='bbox 2821 454 3060 506; x_wconf 83' lang='lat' dir='ltr'><strong>revelare</strong></span> <span class='ocrx_word' id='word_1_154' title='bbox 3092 456 3286 520; x_wconf 60' lang='lat' dir='ltr'><strong>(.ilatth.</strong></span> <span class='ocrx_word' id='word_1_155' title='bbox 3316 474 3379 524; x_wconf 84' lang='lat' dir='ltr'><strong>x1,</strong></span> <span class='ocrx_word' id='word_1_156' title='bbox 3404 460 3496 525; x_wconf 75' lang='lat'><strong>27).</strong></span> <span class='ocrx_word' id='word_1_157' title='bbox 3516 465 3574 519; x_wconf 75' lang='lat' dir='ltr'><strong>Ac</strong></span> <span class='ocrx_word' id='word_1_158' title='bbox 3596 483 3666 536; x_wconf 75' lang='lat' dir='ltr'><strong>per</strong></span> <span class='ocrx_word' id='word_1_159' title='bbox 3725 454 3730 463; x_wconf 65' lang='grc'><strong>’</strong></span> 
     </span>
    </p>
   </div>
   <div class='ocr_carea' id='block_1_20' title="bbox 2196 540 3669 622">
    <p class='ocr_par' dir='ltr' id='par_1_20' title="bbox 2196 540 3669 622">
     <span class='ocr_line' id='line_1_20' title="bbox 2196 540 3669 622; baseline 0.012 -30"><span class='ocrx_word' id='word_1_160' title='bbox 2196 540 2299 592; x_wconf 87' lang='lat' dir='ltr'><strong>hoc</strong></span> <span class='ocrx_word' id='word_1_161' title='bbox 2330 540 2477 593; x_wconf 85' lang='lat' dir='ltr'><strong>sicut</strong></span> <span class='ocrx_word' id='word_1_162' title='bbox 2505 540 2710 594; x_wconf 85' lang='lat' dir='ltr'><strong>revelat</strong></span> <span class='ocrx_word' id='word_1_163' title='bbox 2740 541 2892 595; x_wconf 90' lang='lat' dir='ltr'><strong>solus</strong></span> <span class='ocrx_word' id='word_1_164' title='bbox 2920 542 3094 596; x_wconf 89' lang='lat' dir='ltr'><strong>Filius</strong></span> <span class='ocrx_word' id='word_1_165' title='bbox 3123 543 3328 600; x_wconf 87' lang='lat' dir='ltr'><strong>Patrem</strong></span> <span class='ocrx_word' id='word_1_166' title='bbox 3360 565 3443 618; x_wconf 90' lang='lat' dir='ltr'><strong>per</strong></span> <span class='ocrx_word' id='word_1_167' title='bbox 3468 550 3669 622; x_wconf 83' lang='lat' dir='ltr'><strong>Spiritum</strong></span> 
     </span>
    </p>
   </div>
   <div class='ocr_carea' id='block_1_21' title="bbox 2195 629 3669 710">
    <p class='ocr_par' dir='ltr' id='par_1_21' title="bbox 2195 629 3669 710">
     <span class='ocr_line' id='line_1_21' title="bbox 2195 629 3669 710; baseline 0.009 -29"><span class='ocrx_word' id='word_1_168' title='bbox 2195 634 2469 689; x_wconf 89' lang='lat' dir='ltr'><strong>sanctum,</strong></span> <span class='ocrx_word' id='word_1_169' title='bbox 2506 629 2587 683; x_wconf 87' lang='lat' dir='ltr'><strong>ita</strong></span> <span class='ocrx_word' id='word_1_170' title='bbox 2616 637 2673 683; x_wconf 93' lang='lat' dir='ltr'><strong>et</strong></span> <span class='ocrx_word' id='word_1_171' title='bbox 2699 631 2869 685; x_wconf 89' lang='lat' dir='ltr'><strong>Pater</strong></span> <span class='ocrx_word' id='word_1_172' title='bbox 2897 631 3097 685; x_wconf 90' lang='lat' dir='ltr'><strong>Filium</strong></span> <span class='ocrx_word' id='word_1_173' title='bbox 3111 650 3207 704; x_wconf 90' lang='lat' dir='ltr'><strong>per</strong></span> <span class='ocrx_word' id='word_1_174' title='bbox 3226 636 3453 691; x_wconf 90' lang='lat' dir='ltr'><strong>eumdem</strong></span> <span class='ocrx_word' id='word_1_175' title='bbox 3466 640 3669 710; x_wconf 83' lang='lat' dir='ltr'><strong>Spiritum</strong></span> 
     </span>
    </p>
   </div>
   <div class='ocr_carea' id='block_1_22' title="bbox 2194 724 2475 776">
    <p class='ocr_par' dir='ltr' id='par_1_22' title="bbox 2194 724 2475 776">
     <span class='ocr_line' id='line_1_22' title="bbox 2194 724 2475 776; baseline 0.014 -5"><span class='ocrx_word' id='word_1_176' title='bbox 2194 724 2448 771; x_wconf 88' lang='lat' dir='ltr'><strong>sanctum</strong></span> <span class='ocrx_word' id='word_1_177' title='bbox 2465 764 2475 776; x_wconf 93' lang='lat'><strong>.</strong></span> 
     </span>
    </p>
   </div>
   <div class='ocr_carea' id='block_1_23' title="bbox 2266 810 3675 884">
    <p class='ocr_par' dir='ltr' id='par_1_23' title="bbox 2266 810 3675 884">
     <span class='ocr_line' id='line_1_23' title="bbox 2266 810 3675 884; baseline 0.009 -23"><span class='ocrx_word' id='word_1_178' title='bbox 2266 810 2332 862; x_wconf 87' lang='lat' dir='ltr'><strong>Et</strong></span> <span class='ocrx_word' id='word_1_179' title='bbox 2361 826 2453 876; x_wconf 85' lang='lat' dir='ltr'><strong>ego</strong></span> <span class='ocrx_word' id='word_1_180' title='bbox 2482 810 2599 862; x_wconf 87' lang='lat' dir='ltr'><strong>dico</strong></span> <span class='ocrx_word' id='word_1_181' title='bbox 2629 810 2749 875; x_wconf 83' lang='lat' dir='ltr'><strong>tibi,</strong></span> <span class='ocrx_word' id='word_1_182' title='bbox 2772 813 2907 878; x_wconf 83' lang='lat' dir='ltr'><strong>quia</strong></span> <span class='ocrx_word' id='word_1_183' title='bbox 2934 816 2994 864; x_wconf 90' lang='lat' dir='ltr'><strong>tu</strong></span> <span class='ocrx_word' id='word_1_184' title='bbox 3023 828 3074 865; x_wconf 89' lang='lat' dir='ltr'><strong>es</strong></span> <span class='ocrx_word' id='word_1_185' title='bbox 3110 816 3314 879; x_wconf 82' lang='lat' dir='ltr'><strong>Petrus,</strong></span> <span class='ocrx_word' id='word_1_186' title='bbox 3342 818 3384 867; x_wconf 85' lang='lat' dir='ltr'><strong>et</strong></span> <span class='ocrx_word' id='word_1_187' title='bbox 3407 832 3540 884; x_wconf 81' lang='lat' dir='ltr'><strong>super</strong></span> <span class='ocrx_word' id='word_1_188' title='bbox 3572 817 3675 873; x_wconf 81' lang='lat' dir='ltr'><strong>hanc</strong></span> 
     </span>
    </p>
   </div>
   <div class='ocr_carea' id='block_1_24' title="bbox 2189 899 3675 972">
    <p class='ocr_par' dir='ltr' id='par_1_24' title="bbox 2189 899 3675 972">
     <span class='ocr_line' id='line_1_24' title="bbox 2189 899 3675 972; baseline 0.007 -23"><span class='ocrx_word' id='word_1_189' title='bbox 2189 903 2406 965; x_wconf 81' lang='lat' dir='ltr'><strong>petram</strong></span> <span class='ocrx_word' id='word_1_190' title='bbox 2437 899 2707 963; x_wconf 63' lang='lat' dir='ltr'><strong>aediﬁcabo</strong></span> <span class='ocrx_word' id='word_1_191' title='bbox 2727 899 3023 953; x_wconf 78' lang='lat' dir='ltr'><strong>Ecclesium</strong></span> <span class='ocrx_word' id='word_1_192' title='bbox 3048 917 3237 955; x_wconf 83' lang='lat' dir='ltr'><strong>meam.</strong></span> <span class='ocrx_word' id='word_1_193' title='bbox 3261 902 3403 965; x_wconf 86' lang='lat' dir='ltr'><strong>Quod</strong></span> <span class='ocrx_word' id='word_1_194' title='bbox 3423 903 3464 957; x_wconf 87' lang='lat' dir='ltr'><strong>si</strong></span> <span class='ocrx_word' id='word_1_195' title='bbox 3482 905 3675 972; x_wconf 85' lang='lat' dir='ltr'><strong>volueris,</strong></span> 
     </span>
    </p>
   </div>
   <div class='ocr_carea' id='block_1_25' title="bbox 2193 986 3677 1064">
    <p class='ocr_par' dir='ltr' id='par_1_25' title="bbox 2193 986 3677 1064">
     <span class='ocr_line' id='line_1_25' title="bbox 2193 986 3677 1064; baseline 0.007 -26"><span class='ocrx_word' id='word_1_196' title='bbox 2193 986 2384 1050; x_wconf 89' lang='lat' dir='ltr'><strong>lector,</strong></span> <span class='ocrx_word' id='word_1_197' title='bbox 2420 986 2642 1056; x_wconf 89' lang='lat' dir='ltr'><strong>singula</strong></span> <span class='ocrx_word' id='word_1_198' title='bbox 2668 987 2838 1041; x_wconf 88' lang='lat' dir='ltr'><strong>verba</strong></span> <span class='ocrx_word' id='word_1_199' title='bbox 2862 1005 3142 1059; x_wconf 89' lang='lat' dir='ltr'><strong>opponere</strong></span> <span class='ocrx_word' id='word_1_200' title='bbox 3170 998 3223 1045; x_wconf 90' lang='lat' dir='ltr'><strong>et</strong></span> <span class='ocrx_word' id='word_1_201' title='bbox 3251 993 3542 1063; x_wconf 80' lang='lat' dir='ltr'><strong>conjungere</strong></span> <span class='ocrx_word' id='word_1_202' title='bbox 3570 995 3677 1064; x_wconf 87' lang='lat' dir='ltr'><strong>prio-</strong></span> 
     </span>
    </p>
   </div>
   <div class='ocr_carea' id='block_1_26' title="bbox 2193 1074 3678 1153">
    <p class='ocr_par' dir='ltr' id='par_1_26' title="bbox 2193 1074 3678 1153">
     <span class='ocr_line' id='line_1_26' title="bbox 2193 1074 3678 1153; baseline 0.006 -25"><span class='ocrx_word' id='word_1_203' title='bbox 2193 1074 2347 1129; x_wconf 89' lang='lat' dir='ltr'><strong>ribus</strong></span> <span class='ocrx_word' id='word_1_204' title='bbox 2381 1076 2583 1142; x_wconf 83' lang='lat' dir='ltr'><strong>verbis,</strong></span> <span class='ocrx_word' id='word_1_205' title='bbox 2612 1077 2866 1131; x_wconf 81' lang='lat' dir='ltr'><strong>invenies</strong></span> <span class='ocrx_word' id='word_1_206' title='bbox 2894 1078 3049 1134; x_wconf 65' lang='lat' dir='ltr'><strong>mirae</strong></span> <span class='ocrx_word' id='word_1_207' title='bbox 3072 1081 3425 1151; x_wconf 88' lang='lat' dir='ltr'><strong>responsionis</strong></span> <span class='ocrx_word' id='word_1_208' title='bbox 3448 1082 3678 1153; x_wconf 89' lang='lat' dir='ltr'><strong>eloquium.</strong></span> 
     </span>
    </p>
   </div>
   <div class='ocr_carea' id='block_1_27' title="bbox 2190 1164 3680 1236">
    <p class='ocr_par' dir='ltr' id='par_1_27' title="bbox 2190 1164 3680 1236">
     <span class='ocr_line' id='line_1_27' title="bbox 2190 1164 3680 1236; baseline 0.005 -18"><span class='ocrx_word' id='word_1_209' title='bbox 2190 1165 2270 1219; x_wconf 88' lang='lat' dir='ltr'><strong>Ac</strong></span> <span class='ocrx_word' id='word_1_210' title='bbox 2298 1164 2346 1218; x_wconf 90' lang='lat' dir='ltr'><strong>si</strong></span> <span class='ocrx_word' id='word_1_211' title='bbox 2377 1164 2589 1219; x_wconf 87' lang='lat' dir='ltr'><strong>diceret</strong></span> <span class='ocrx_word' id='word_1_212' title='bbox 2613 1179 2623 1213; x_wconf 78' lang='grc' dir='ltr'>ε</span> <span class='ocrx_word' id='word_1_213' title='bbox 2647 1165 2792 1230; x_wconf 86' lang='lat' dir='ltr'><strong>Quia</strong></span> <span class='ocrx_word' id='word_1_214' title='bbox 2811 1171 2874 1220; x_wconf 90' lang='lat' dir='ltr'><strong>tu</strong></span> <span class='ocrx_word' id='word_1_215' title='bbox 2900 1167 3233 1223; x_wconf 86' lang='lat' dir='ltr'><strong>mihidixisti</strong></span> <span class='ocrx_word' id='word_1_216' title='bbox 3258 1189 3268 1223; x_wconf 94' lang='lat'>:</span> <span class='ocrx_word' id='word_1_217' title='bbox 3305 1171 3375 1224; x_wconf 90' lang='lat' dir='ltr'><strong>Tu</strong></span> <span class='ocrx_word' id='word_1_218' title='bbox 3410 1188 3454 1224; x_wconf 87' lang='lat' dir='ltr'><strong>es</strong></span> <span class='ocrx_word' id='word_1_219' title='bbox 3478 1172 3680 1236; x_wconf 77' lang='lat' dir='ltr'><strong>Christus,</strong></span> 
     </span>
    </p>
   </div>
   <div class='ocr_carea' id='block_1_28' title="bbox 2190 1256 3685 1326">
    <p class='ocr_par' dir='ltr' id='par_1_28' title="bbox 2190 1256 3685 1326">
     <span class='ocr_line' id='line_1_28' title="bbox 2190 1256 3685 1326; baseline 0.005 -19"><span class='ocrx_word' id='word_1_220' title='bbox 2190 1260 2237 1308; x_wconf 86' lang='lat' dir='ltr'><strong>et</strong></span> <span class='ocrx_word' id='word_1_221' title='bbox 2252 1256 2471 1322; x_wconf 89' lang='lat' dir='ltr'><strong>egodico</strong></span> <span class='ocrx_word' id='word_1_222' title='bbox 2496 1256 2615 1320; x_wconf 86' lang='lat' dir='ltr'><strong>tibi,</strong></span> <span class='ocrx_word' id='word_1_223' title='bbox 2647 1259 2782 1325; x_wconf 87' lang='lat' dir='ltr'><strong>quia</strong></span> <span class='ocrx_word' id='word_1_224' title='bbox 2808 1260 2867 1308; x_wconf 87' lang='lat' dir='ltr'><strong>tu</strong></span> <span class='ocrx_word' id='word_1_225' title='bbox 2889 1273 2940 1310; x_wconf 90' lang='lat' dir='ltr'><strong>es</strong></span> <span class='ocrx_word' id='word_1_226' title='bbox 2962 1260 3186 1326; x_wconf 86' lang='lat' dir='ltr'><strong>Petrus;</strong></span> <span class='ocrx_word' id='word_1_227' title='bbox 3219 1258 3435 1314; x_wconf 86' lang='lat' dir='ltr'><strong>deinde:</strong></span> <span class='ocrx_word' id='word_1_228' title='bbox 3457 1260 3598 1314; x_wconf 81' lang='lat' dir='ltr'><strong>Filius</strong></span> <span class='ocrx_word' id='word_1_229' title='bbox 3621 1262 3685 1314; x_wconf 80' lang='lat' dir='ltr'><strong>Dei</strong></span> 
     </span>
    </p>
   </div>
   <div class='ocr_carea' id='block_1_29' title="bbox 2189 1343 3687 1415">
    <p class='ocr_par' dir='ltr' id='par_1_29' title="bbox 2189 1343 3687 1415">
     <span class='ocr_line' id='line_1_29' title="bbox 2189 1343 3687 1415; baseline 0.005 -20"><span class='ocrx_word' id='word_1_230' title='bbox 2189 1346 2319 1407; x_wconf 78' lang='lat' dir='ltr'><strong>vivi,</strong></span> <span class='ocrx_word' id='word_1_231' title='bbox 2353 1349 2411 1397; x_wconf 90' lang='lat' dir='ltr'><strong>et</strong></span> <span class='ocrx_word' id='word_1_232' title='bbox 2440 1360 2542 1414; x_wconf 90' lang='lat' dir='ltr'><strong>ego</strong></span> <span class='ocrx_word' id='word_1_233' title='bbox 2571 1343 2715 1409; x_wconf 89' lang='lat' dir='ltr'><strong>dico,</strong></span> <span class='ocrx_word' id='word_1_234' title='bbox 2748 1344 2881 1415; x_wconf 83' lang='lat' dir='ltr'><strong>quia</strong></span> <span class='ocrx_word' id='word_1_235' title='bbox 2896 1350 2959 1399; x_wconf 91' lang='lat' dir='ltr'><strong>tu</strong></span> <span class='ocrx_word' id='word_1_236' title='bbox 2990 1363 3050 1399; x_wconf 91' lang='lat' dir='ltr'><strong>es</strong></span> <span class='ocrx_word' id='word_1_237' title='bbox 3080 1347 3369 1411; x_wconf 85' lang='lat' dir='ltr'><strong>Bar-Jona,</strong></span> <span class='ocrx_word' id='word_1_238' title='bbox 3398 1348 3447 1402; x_wconf 91' lang='lat' dir='ltr'><strong>id</strong></span> <span class='ocrx_word' id='word_1_239' title='bbox 3473 1354 3556 1412; x_wconf 88' lang='lat' dir='ltr'><strong>est,</strong></span> <span class='ocrx_word' id='word_1_240' title='bbox 3583 1348 3687 1403; x_wconf 85' lang='lat' dir='ltr'><strong>ﬁlius</strong></span> 
     </span>
    </p>
   </div>
   <div class='ocr_carea' id='block_1_30' title="bbox 2189 1431 3690 1508">
    <p class='ocr_par' dir='ltr' id='par_1_30' title="bbox 2189 1431 3690 1508">
     <span class='ocr_line' id='line_1_30' title="bbox 2189 1431 3690 1508; baseline 0.003 -22"><span class='ocrx_word' id='word_1_241' title='bbox 2189 1431 2456 1487; x_wconf 67' lang='lat' dir='ltr'><strong>columbae</strong></span> <span class='ocrx_word' id='word_1_242' title='bbox 2481 1452 2492 1500; x_wconf 85' lang='lat'><strong>;</strong></span> <span class='ocrx_word' id='word_1_243' title='bbox 2524 1438 2587 1487; x_wconf 90' lang='lat' dir='ltr'><strong>ut</strong></span> <span class='ocrx_word' id='word_1_244' title='bbox 2615 1439 2671 1487; x_wconf 91' lang='lat' dir='ltr'><strong>et</strong></span> <span class='ocrx_word' id='word_1_245' title='bbox 2698 1433 2819 1505; x_wconf 87' lang='lat' dir='ltr'><strong>ipse</strong></span> <span class='ocrx_word' id='word_1_246' title='bbox 2850 1435 3048 1489; x_wconf 87' lang='lat' dir='ltr'><strong>Petrus</strong></span> <span class='ocrx_word' id='word_1_247' title='bbox 3080 1453 3178 1507; x_wconf 91' lang='lat' dir='ltr'><strong>per</strong></span> <span class='ocrx_word' id='word_1_248' title='bbox 3194 1437 3421 1507; x_wconf 84' lang='lat' dir='ltr'><strong>gratiam</strong></span> <span class='ocrx_word' id='word_1_249' title='bbox 3447 1437 3593 1491; x_wconf 84' lang='lat' dir='ltr'><strong>sancti</strong></span> <span class='ocrx_word' id='word_1_250' title='bbox 3604 1437 3690 1508; x_wconf 83' lang='lat' dir='ltr'><strong>Spi-</strong></span> 
     </span>
    </p>
   </div>
   <div class='ocr_carea' id='block_1_31' title="bbox 2190 1520 3692 1596">
    <p class='ocr_par' dir='ltr' id='par_1_31' title="bbox 2190 1520 3692 1596">
     <span class='ocr_line' id='line_1_31' title="bbox 2190 1520 3692 1596; baseline 0.004 -23"><span class='ocrx_word' id='word_1_251' title='bbox 2190 1520 2330 1574; x_wconf 89' lang='lat' dir='ltr'><strong>ritus</strong></span> <span class='ocrx_word' id='word_1_252' title='bbox 2358 1521 2530 1575; x_wconf 90' lang='lat' dir='ltr'><strong>Filius</strong></span> <span class='ocrx_word' id='word_1_253' title='bbox 2554 1522 2651 1575; x_wconf 86' lang='lat' dir='ltr'><strong>Dei</strong></span> <span class='ocrx_word' id='word_1_254' title='bbox 2673 1522 3022 1593; x_wconf 83' lang='lat' dir='ltr'><strong>intelligatur</strong></span> <span class='ocrx_word' id='word_1_255' title='bbox 3074 1525 3229 1579; x_wconf 71' lang='lat' dir='ltr'><strong>Unde</strong></span> <span class='ocrx_word' id='word_1_256' title='bbox 3258 1542 3375 1579; x_wconf 89' lang='lat' dir='ltr'><strong>cum</strong></span> <span class='ocrx_word' id='word_1_257' title='bbox 3406 1542 3578 1594; x_wconf 81' lang='lat' dir='ltr'><strong>magno</strong></span> <span class='ocrx_word' id='word_1_258' title='bbox 3597 1541 3692 1596; x_wconf 82' lang='lat' dir='ltr'><strong>gra-</strong></span> 
     </span>
    </p>
   </div>
   <div class='ocr_carea' id='block_1_32' title="bbox 2189 1610 3694 1684">
    <p class='ocr_par' dir='ltr' id='par_1_32' title="bbox 2189 1610 3694 1684">
     <span class='ocr_line' id='line_1_32' title="bbox 2189 1610 3694 1684; baseline 0.003 -23"><span class='ocrx_word' id='word_1_259' title='bbox 2189 1610 2373 1664; x_wconf 88' lang='lat' dir='ltr'><strong>vitatis</strong></span> <span class='ocrx_word' id='word_1_260' title='bbox 2394 1611 2639 1681; x_wconf 89' lang='lat' dir='ltr'><strong>pondere</strong></span> <span class='ocrx_word' id='word_1_261' title='bbox 2676 1611 3034 1681; x_wconf 83' lang='lat' dir='ltr'><strong>cogitandum</strong></span> <span class='ocrx_word' id='word_1_262' title='bbox 3085 1620 3142 1667; x_wconf 91' lang='lat' dir='ltr'><strong>et</strong></span> <span class='ocrx_word' id='word_1_263' title='bbox 3177 1614 3457 1684; x_wconf 86' lang='lat' dir='ltr'><strong>legendum</strong></span> <span class='ocrx_word' id='word_1_264' title='bbox 3490 1620 3562 1667; x_wconf 89' lang='lat' dir='ltr'><strong>est</strong></span> <span class='ocrx_word' id='word_1_265' title='bbox 3587 1612 3694 1683; x_wconf 83' lang='lat' dir='ltr'><strong>quod</strong></span> 
     </span>
    </p>
   </div>
   <div class='ocr_carea' id='block_1_33' title="bbox 504 1682 3696 1776">
    <p class='ocr_par' dir='ltr' id='par_1_33' title="bbox 504 1682 3696 1776">
     <span class='ocr_line' id='line_1_33' title="bbox 504 1682 3696 1776; baseline -0.003 -14"><span class='ocrx_word' id='word_1_266' title='bbox 504 1682 867 1762; x_wconf 80' lang='lat' dir='ltr'><strong>beatitudinis</strong></span> <span class='ocrx_word' id='word_1_267' title='bbox 896 1706 1059 1760; x_wconf 73' lang='lat' dir='ltr'><strong>aﬁ‘ert</strong></span> <span class='ocrx_word' id='word_1_268' title='bbox 1080 1705 1389 1776; x_wconf 70' lang='lat' dir='ltr'><strong>praemium.</strong></span> <span class='ocrx_word' id='word_1_269' title='bbox 1412 1704 1572 1759; x_wconf 88' lang='lat' dir='ltr'><strong>Unde</strong></span> <span class='ocrx_word' id='word_1_270' title='bbox 1591 1709 1647 1757; x_wconf 90' lang='lat' dir='ltr'><strong>et</strong></span> <span class='ocrx_word' id='word_1_271' title='bbox 1678 1682 1872 1756; x_wconf 83' lang='lat' dir='ltr'><strong>beatus</strong></span> <span class='ocrx_word' id='word_1_272' title='bbox 1899 1701 2106 1755; x_wconf 90' lang='lat' dir='ltr'><strong>dicitur</strong></span> <span class='ocrx_word' id='word_1_273' title='bbox 2125 1682 2168 1740; x_wconf 78' lang='grc' dir='ltr'>Β</span> <span class='ocrx_word' id='word_1_274' title='bbox 2189 1700 2302 1753; x_wconf 86' lang='lat' dir='ltr'><strong>ait:</strong></span> <span class='ocrx_word' id='word_1_275' title='bbox 2338 1700 2402 1754; x_wconf 90' lang='lat' dir='ltr'><strong>Et</strong></span> <span class='ocrx_word' id='word_1_276' title='bbox 2436 1718 2525 1768; x_wconf 90' lang='lat' dir='ltr'><strong>ego</strong></span> <span class='ocrx_word' id='word_1_277' title='bbox 2556 1703 2673 1754; x_wconf 84' lang='lat' dir='ltr'><strong>dico</strong></span> <span class='ocrx_word' id='word_1_278' title='bbox 2701 1703 2803 1754; x_wconf 82' lang='lat' dir='ltr'><strong>tibi</strong></span> <span class='ocrx_word' id='word_1_279' title='bbox 2853 1703 2933 1756; x_wconf 88' lang='lat' dir='ltr'><strong>Ac</strong></span> <span class='ocrx_word' id='word_1_280' title='bbox 2962 1702 3009 1755; x_wconf 90' lang='lat' dir='ltr'><strong>si</strong></span> <span class='ocrx_word' id='word_1_281' title='bbox 3039 1682 3295 1773; x_wconf 79' lang='lat' dir='ltr'><strong>patenter</strong></span> <span class='ocrx_word' id='word_1_282' title='bbox 3315 1703 3468 1764; x_wconf 88' lang='lat' dir='ltr'><strong>dicat,</strong></span> <span class='ocrx_word' id='word_1_283' title='bbox 3498 1719 3587 1756; x_wconf 86' lang='lat' dir='ltr'><strong>non</strong></span> <span class='ocrx_word' id='word_1_284' title='bbox 3610 1682 3696 1755; x_wconf 78' lang='lat' dir='ltr'><strong>ser-</strong></span> 
     </span>
    </p>
   </div>
   <div class='ocr_carea' id='block_1_34' title="bbox 502 1791 2102 1868">
    <p class='ocr_par' dir='ltr' id='par_1_34' title="bbox 502 1791 2102 1868">
     <span class='ocr_line' id='line_1_34' title="bbox 502 1791 2102 1868; baseline -0.004 -17"><span class='ocrx_word' id='word_1_285' title='bbox 502 1812 570 1852; x_wconf 83' lang='lat' dir='ltr'><strong>ex</strong></span> <span class='ocrx_word' id='word_1_286' title='bbox 603 1794 1093 1868; x_wconf 69' lang='lat' dir='ltr'><strong>praedestinatione</strong></span> <span class='ocrx_word' id='word_1_287' title='bbox 1107 1799 1164 1847; x_wconf 92' lang='lat' dir='ltr'><strong>et</strong></span> <span class='ocrx_word' id='word_1_288' title='bbox 1182 1810 1248 1847; x_wconf 85' lang='lat' dir='ltr'><strong>ex</strong></span> <span class='ocrx_word' id='word_1_289' title='bbox 1263 1794 1411 1847; x_wconf 85' lang='lat' dir='ltr'><strong>dono</strong></span> <span class='ocrx_word' id='word_1_290' title='bbox 1426 1792 1640 1862; x_wconf 72' lang='lat' dir='ltr'><strong>gratiae,</strong></span> <span class='ocrx_word' id='word_1_291' title='bbox 1666 1809 1832 1863; x_wconf 88' lang='lat' dir='ltr'><strong>quam</strong></span> <span class='ocrx_word' id='word_1_292' title='bbox 1864 1791 2102 1845; x_wconf 89' lang='lat' dir='ltr'><strong>necdum</strong></span> 
     </span>
    </p>
   </div>
   <div class='ocr_carea' id='block_1_35' title="bbox 502 1882 2094 1955">
    <p class='ocr_par' dir='ltr' id='par_1_35' title="bbox 502 1882 2094 1955">
     <span class='ocr_line' id='line_1_35' title="bbox 502 1882 2094 1955; baseline -0.004 -15"><span class='ocrx_word' id='word_1_293' title='bbox 502 1884 745 1940; x_wconf 87' lang='lat' dir='ltr'><strong>habebat</strong></span> <span class='ocrx_word' id='word_1_294' title='bbox 767 1886 915 1955; x_wconf 89' lang='lat' dir='ltr'><strong>jure,</strong></span> <span class='ocrx_word' id='word_1_295' title='bbox 947 1884 1082 1937; x_wconf 90' lang='lat' dir='ltr'><strong>dum</strong></span> <span class='ocrx_word' id='word_1_296' title='bbox 1116 1889 1343 1937; x_wconf 88' lang='lat' dir='ltr'><strong>satanas</strong></span> <span class='ocrx_word' id='word_1_297' title='bbox 1371 1882 1713 1953; x_wconf 86' lang='lat' dir='ltr'><strong>increpatur.</strong></span> <span class='ocrx_word' id='word_1_298' title='bbox 1749 1883 1883 1935; x_wconf 90' lang='lat' dir='ltr'><strong>dum</strong></span> <span class='ocrx_word' id='word_1_299' title='bbox 1909 1886 2094 1949; x_wconf 86' lang='lat' dir='ltr'><strong>negat,</strong></span> 
     </span>
    </p>
   </div>
   <div class='ocr_carea' id='block_1_36' title="bbox 498 1970 2099 2045">
    <p class='ocr_par' dir='ltr' id='par_1_36' title="bbox 498 1970 2099 2045">
     <span class='ocr_line' id='line_1_36' title="bbox 498 1970 2099 2045; baseline -0.004 -15"><span class='ocrx_word' id='word_1_300' title='bbox 498 1981 558 2030; x_wconf 86' lang='lat' dir='ltr'><strong>et</strong></span> <span class='ocrx_word' id='word_1_301' title='bbox 575 1975 687 2029; x_wconf 90' lang='lat' dir='ltr'><strong>alia</strong></span> <span class='ocrx_word' id='word_1_302' title='bbox 707 1972 1141 2045; x_wconf 87' lang='lat' dir='ltr'><strong>quamplurima,</strong></span> <span class='ocrx_word' id='word_1_303' title='bbox 1169 1988 1291 2042; x_wconf 67' lang='lat' dir='ltr'><strong>qua:</strong></span> <span class='ocrx_word' id='word_1_304' title='bbox 1311 1971 1636 2026; x_wconf 88' lang='lat' dir='ltr'><strong>inﬁrmitate</strong></span> <span class='ocrx_word' id='word_1_305' title='bbox 1655 1971 1839 2024; x_wconf 89' lang='lat' dir='ltr'><strong>carnis</strong></span> <span class='ocrx_word' id='word_1_306' title='bbox 1861 1970 2099 2024; x_wconf 89' lang='lat' dir='ltr'><strong>salutem</strong></span> 
     </span>
    </p>
   </div>
   <div class='ocr_carea' id='block_1_37' title="bbox 478 2058 2093 2143">
    <p class='ocr_par' dir='ltr' id='par_1_37' title="bbox 478 2058 2093 2143">
     <span class='ocr_line' id='line_1_37' title="bbox 478 2058 2093 2143; baseline -0.005 -23"><span class='ocrx_word' id='word_1_307' title='bbox 478 2058 896 2143; x_wconf 49' lang='lat' dir='ltr'><strong>‘operabautur.</strong></span> <span class='ocrx_word' id='word_1_308' title='bbox 918 2061 1216 2116; x_wconf 84' lang='lat' dir='ltr'><strong>Beatitudo</strong></span> <span class='ocrx_word' id='word_1_309' title='bbox 1244 2067 1436 2115; x_wconf 89' lang='lat' dir='ltr'><strong>tamen</strong></span> <span class='ocrx_word' id='word_1_310' title='bbox 1456 2062 1620 2115; x_wconf 91' lang='lat' dir='ltr'><strong>ﬁrma</strong></span> <span class='ocrx_word' id='word_1_311' title='bbox 1640 2065 1831 2114; x_wconf 90' lang='lat' dir='ltr'><strong>manet</strong></span> <span class='ocrx_word' id='word_1_312' title='bbox 1847 2060 1919 2127; x_wconf 84' lang='lat' dir='ltr'><strong>ei,</strong></span> <span class='ocrx_word' id='word_1_313' title='bbox 1938 2060 1995 2112; x_wconf 92' lang='lat' dir='ltr'><strong>in</strong></span> <span class='ocrx_word' id='word_1_314' title='bbox 2010 2076 2093 2124; x_wconf 90' lang='lat' dir='ltr'><strong>eo,</strong></span> 
     </span>
    </p>
   </div>
   <div class='ocr_carea' id='block_1_38' title="bbox 498 2154 2099 2222">
    <p class='ocr_par' dir='ltr' id='par_1_38' title="bbox 498 2154 2099 2222">
     <span class='ocr_line' id='line_1_38' title="bbox 498 2154 2099 2222; baseline -0.004 -13"><span class='ocrx_word' id='word_1_315' title='bbox 498 2156 607 2222; x_wconf 82' lang='lat' dir='ltr'><strong>Qui</strong></span> <span class='ocrx_word' id='word_1_316' title='bbox 656 2158 806 2208; x_wconf 78' lang='lat' dir='ltr'><strong>vocat</strong></span> <span class='ocrx_word' id='word_1_317' title='bbox 863 2168 924 2205; x_wconf 91' lang='lat' dir='ltr'><strong>ea</strong></span> <span class='ocrx_word' id='word_1_318' title='bbox 970 2168 1089 2219; x_wconf 70' lang='lat' dir='ltr'><strong>qua:</strong></span> <span class='ocrx_word' id='word_1_319' title='bbox 1141 2156 1295 2213; x_wconf 86' lang='lat' dir='ltr'><strong>sunt,</strong></span> <span class='ocrx_word' id='word_1_320' title='bbox 1348 2155 1618 2218; x_wconf 86' lang='lat' dir='ltr'><strong>tanquam</strong></span> <span class='ocrx_word' id='word_1_321' title='bbox 1673 2166 1735 2203; x_wconf 88' lang='lat' dir='ltr'><strong>ea</strong></span> <span class='ocrx_word' id='word_1_322' title='bbox 1799 2166 1916 2217; x_wconf 75' lang='lat' dir='ltr'><strong>quae</strong></span> <span class='ocrx_word' id='word_1_323' title='bbox 1965 2154 2099 2202; x_wconf 87' lang='lat' dir='ltr'><strong>sunt</strong></span> 
     </span>
    </p>
   </div>
   <div class='ocr_carea' id='block_1_39' title="bbox 499 2237 2097 2311">
    <p class='ocr_par' dir='ltr' id='par_1_39' title="bbox 499 2237 2097 2311">
     <span class='ocr_line' id='line_1_39' title="bbox 499 2237 2097 2311; baseline -0.006 -12"><span class='ocrx_word' id='word_1_324' title='bbox 499 2244 669 2311; x_wconf 87' lang='lat' dir='ltr'><strong>(Rom.</strong></span> <span class='ocrx_word' id='word_1_325' title='bbox 704 2256 778 2306; x_wconf 83' lang='lat' dir='ltr'><strong>IV,</strong></span> <span class='ocrx_word' id='word_1_326' title='bbox 822 2238 921 2309; x_wconf 86' lang='grc'><strong>17).</strong></span> <span class='ocrx_word' id='word_1_327' title='bbox 965 2240 1073 2294; x_wconf 89' lang='lat' dir='ltr'><strong>Sed</strong></span> <span class='ocrx_word' id='word_1_328' title='bbox 1096 2256 1269 2310; x_wconf 87' lang='lat' dir='ltr'><strong>quare</strong></span> <span class='ocrx_word' id='word_1_329' title='bbox 1305 2239 1423 2292; x_wconf 67' lang='lat' dir='ltr'><strong>haec</strong></span> <span class='ocrx_word' id='word_1_330' title='bbox 1465 2238 1770 2303; x_wconf 88' lang='lat' dir='ltr'><strong>beatitudo,</strong></span> <span class='ocrx_word' id='word_1_331' title='bbox 1814 2237 2097 2307; x_wconf 89' lang='lat' dir='ltr'><strong>reciproca</strong></span> 
     </span>
    </p>
   </div>
   <div class='ocr_carea' id='block_1_40' title="bbox 496 2326 2094 2397">
    <p class='ocr_par' dir='ltr' id='par_1_40' title="bbox 496 2326 2094 2397">
     <span class='ocr_line' id='line_1_40' title="bbox 496 2326 2094 2397; baseline -0.002 -14"><span class='ocrx_word' id='word_1_332' title='bbox 496 2329 636 2396; x_wconf 88' lang='lat' dir='ltr'><strong>vice,</strong></span> <span class='ocrx_word' id='word_1_333' title='bbox 659 2331 711 2385; x_wconf 91' lang='lat' dir='ltr'><strong>ei</strong></span> <span class='ocrx_word' id='word_1_334' title='bbox 735 2329 1005 2384; x_wconf 87' lang='lat' dir='ltr'><strong>reddatur</strong></span> <span class='ocrx_word' id='word_1_335' title='bbox 1034 2346 1069 2382; x_wconf 89' lang='lat' dir='ltr'><strong>a</strong></span> <span class='ocrx_word' id='word_1_336' title='bbox 1100 2328 1343 2385; x_wconf 86' lang='lat' dir='ltr'><strong>Christo.</strong></span> <span class='ocrx_word' id='word_1_337' title='bbox 1393 2344 1562 2381; x_wconf 89' lang='lat' dir='ltr'><strong>causa</strong></span> <span class='ocrx_word' id='word_1_338' title='bbox 1608 2332 1694 2381; x_wconf 91' lang='lat' dir='ltr'><strong>est</strong></span> <span class='ocrx_word' id='word_1_339' title='bbox 1734 2326 1908 2397; x_wconf 87' lang='lat' dir='ltr'><strong>ipsius</strong></span> <span class='ocrx_word' id='word_1_340' title='bbox 1957 2343 2094 2380; x_wconf 90' lang='lat' dir='ltr'><strong>con-</strong></span> 
     </span>
    </p>
   </div>
   <div class='ocr_carea' id='block_1_41' title="bbox 416 2416 2096 2486">
    <p class='ocr_par' dir='ltr' id='par_1_41' title="bbox 416 2416 2096 2486">
     <span class='ocr_line' id='line_1_41' title="bbox 416 2416 2096 2486; baseline -0.002 -12"><span class='ocrx_word' id='word_1_341' title='bbox 416 2418 417 2425; x_wconf 58' lang='grc'><em>“</em></span> <span class='ocrx_word' id='word_1_342' title='bbox 494 2418 697 2485; x_wconf 86' lang='lat' dir='ltr'><strong>fessio;</strong></span> <span class='ocrx_word' id='word_1_343' title='bbox 749 2435 920 2474; x_wconf 87' lang='lat' dir='ltr'><strong>causa</strong></span> <span class='ocrx_word' id='word_1_344' title='bbox 966 2434 1096 2471; x_wconf 90' lang='lat' dir='ltr'><strong>vero</strong></span> <span class='ocrx_word' id='word_1_345' title='bbox 1147 2416 1510 2472; x_wconf 81' lang='lat' dir='ltr'><strong>confessionis</strong></span> <span class='ocrx_word' id='word_1_346' title='bbox 1549 2417 1689 2486; x_wconf 86' lang='lat' dir='ltr'><strong>ejus,</strong></span> <span class='ocrx_word' id='word_1_347' title='bbox 1742 2433 1805 2469; x_wconf 81' lang='lat' dir='ltr'><strong>ex</strong></span> <span class='ocrx_word' id='word_1_348' title='bbox 1846 2417 1992 2470; x_wconf 91' lang='lat' dir='ltr'><strong>dono</strong></span> <span class='ocrx_word' id='word_1_349' title='bbox 2038 2423 2096 2470; x_wconf 90' lang='lat' dir='ltr'><strong>et</strong></span> 
     </span>
    </p>
   </div>
   <div class='ocr_carea' id='block_1_42' title="bbox 491 2505 2088 2579">
    <p class='ocr_par' dir='ltr' id='par_1_42' title="bbox 491 2505 2088 2579">
     <span class='ocr_line' id='line_1_42' title="bbox 491 2505 2088 2579; baseline -0.003 -17"><span class='ocrx_word' id='word_1_350' title='bbox 491 2507 679 2579; x_wconf 85' lang='lat' dir='ltr'><strong>gratia</strong></span> <span class='ocrx_word' id='word_1_351' title='bbox 696 2512 799 2562; x_wconf 86' lang='lat' dir='ltr'><strong>est.</strong></span> <span class='ocrx_word' id='word_1_352' title='bbox 823 2508 899 2562; x_wconf 93' lang='lat' dir='ltr'><strong>Ut</strong></span> <span class='ocrx_word' id='word_1_353' title='bbox 914 2507 990 2561; x_wconf 88' lang='lat' dir='ltr'><strong>sit</strong></span> <span class='ocrx_word' id='word_1_354' title='bbox 1000 2508 1148 2561; x_wconf 91' lang='lat' dir='ltr'><strong>Deus</strong></span> <span class='ocrx_word' id='word_1_355' title='bbox 1159 2506 1327 2559; x_wconf 85' lang='lat' dir='ltr'><strong>Pater</strong></span> <span class='ocrx_word' id='word_1_356' title='bbox 1342 2506 1437 2576; x_wconf 91' lang='lat' dir='ltr'><strong>qui</strong></span> <span class='ocrx_word' id='word_1_357' title='bbox 1459 2505 1667 2559; x_wconf 72' lang='lat' dir='ltr'><strong>revelat</strong></span> <span class='ocrx_word' id='word_1_358' title='bbox 1679 2505 1880 2559; x_wconf 89' lang='lat' dir='ltr'><strong>Filium</strong></span> <span class='ocrx_word' id='word_1_359' title='bbox 1905 2522 2088 2572; x_wconf 89' lang='lat' dir='ltr'><strong>suum,</strong></span> 
     </span>
    </p>
   </div>
   <div class='ocr_carea' id='block_1_43' title="bbox 490 2595 2093 2666">
    <p class='ocr_par' dir='ltr' id='par_1_43' title="bbox 490 2595 2093 2666">
     <span class='ocr_line' id='line_1_43' title="bbox 490 2595 2093 2666; baseline -0.002 -15"><span class='ocrx_word' id='word_1_360' title='bbox 490 2596 550 2651; x_wconf 89' lang='lat' dir='ltr'><strong>in</strong></span> <span class='ocrx_word' id='word_1_361' title='bbox 579 2614 769 2662; x_wconf 88' lang='lat' dir='ltr'><strong>causa,</strong></span> <span class='ocrx_word' id='word_1_362' title='bbox 802 2603 860 2651; x_wconf 90' lang='lat' dir='ltr'><strong>et</strong></span> <span class='ocrx_word' id='word_1_363' title='bbox 877 2596 1049 2650; x_wconf 87' lang='lat' dir='ltr'><strong>Filius</strong></span> <span class='ocrx_word' id='word_1_364' title='bbox 1078 2595 1174 2666; x_wconf 90' lang='lat' dir='ltr'><strong>qui</strong></span> <span class='ocrx_word' id='word_1_365' title='bbox 1207 2596 1506 2659; x_wconf 89' lang='lat' dir='ltr'><strong>revelatur,</strong></span> <span class='ocrx_word' id='word_1_366' title='bbox 1554 2611 1723 2648; x_wconf 87' lang='lat' dir='ltr'><strong>causa</strong></span> <span class='ocrx_word' id='word_1_367' title='bbox 1747 2602 1951 2649; x_wconf 73' lang='lat' dir='ltr'><strong>nostrae</strong></span> <span class='ocrx_word' id='word_1_368' title='bbox 1999 2612 2093 2648; x_wconf 88' lang='lat' dir='ltr'><strong>sa-</strong></span> 
     </span>
    </p>
   </div>
   <div class='ocr_carea' id='block_1_44' title="bbox 488 2683 2091 2757">
    <p class='ocr_par' dir='ltr' id='par_1_44' title="bbox 488 2683 2091 2757">
     <span class='ocr_line' id='line_1_44' title="bbox 488 2683 2091 2757; baseline -0.002 -17"><span class='ocrx_word' id='word_1_369' title='bbox 488 2686 623 2741; x_wconf 84' lang='lat' dir='ltr'><strong>lutis</strong></span> <span class='ocrx_word' id='word_1_370' title='bbox 643 2705 656 2753; x_wconf 90' lang='lat'><strong>;</strong></span> <span class='ocrx_word' id='word_1_371' title='bbox 681 2685 924 2757; x_wconf 87' lang='lat' dir='ltr'><strong>Spiritus</strong></span> <span class='ocrx_word' id='word_1_372' title='bbox 934 2701 1064 2739; x_wconf 90' lang='lat' dir='ltr'><strong>vero</strong></span> <span class='ocrx_word' id='word_1_373' title='bbox 1078 2690 1305 2739; x_wconf 88' lang='lat' dir='ltr'><strong>sanctus</strong></span> <span class='ocrx_word' id='word_1_374' title='bbox 1316 2701 1404 2738; x_wconf 88' lang='lat' dir='ltr'><strong>am</strong></span> <span class='ocrx_word' id='word_1_375' title='bbox 1414 2683 1610 2738; x_wconf 88' lang='lat' dir='ltr'><strong>borum</strong></span> <span class='ocrx_word' id='word_1_376' title='bbox 1634 2683 1814 2738; x_wconf 87' lang='lat' dir='ltr'><strong>Patris</strong></span> <span class='ocrx_word' id='word_1_377' title='bbox 1830 2684 2091 2738; x_wconf 86' lang='lat' dir='ltr'><strong>videlicet</strong></span> 
     </span>
    </p>
   </div>
   <div class='ocr_carea' id='block_1_45' title="bbox 489 2773 2088 2845">
    <p class='ocr_par' dir='ltr' id='par_1_45' title="bbox 489 2773 2088 2845">
     <span class='ocr_line' id='line_1_45' title="bbox 489 2773 2088 2845; baseline -0.002 -15"><span class='ocrx_word' id='word_1_378' title='bbox 489 2781 548 2830; x_wconf 90' lang='lat' dir='ltr'><strong>et</strong></span> <span class='ocrx_word' id='word_1_379' title='bbox 574 2775 701 2829; x_wconf 89' lang='lat' dir='ltr'><strong>Filii</strong></span> <span class='ocrx_word' id='word_1_380' title='bbox 728 2774 937 2829; x_wconf 89' lang='lat' dir='ltr'><strong>donum</strong></span> <span class='ocrx_word' id='word_1_381' title='bbox 957 2791 1056 2845; x_wconf 91' lang='lat' dir='ltr'><strong>per</strong></span> <span class='ocrx_word' id='word_1_382' title='bbox 1085 2790 1249 2844; x_wconf 88' lang='lat' dir='ltr'><strong>quem</strong></span> <span class='ocrx_word' id='word_1_383' title='bbox 1302 2773 1580 2827; x_wconf 88' lang='lat' dir='ltr'><strong>revelatur</strong></span> <span class='ocrx_word' id='word_1_384' title='bbox 1613 2773 1807 2827; x_wconf 84' lang='lat' dir='ltr'><strong>Filius.</strong></span> <span class='ocrx_word' id='word_1_385' title='bbox 1842 2773 2001 2827; x_wconf 90' lang='lat' dir='ltr'><strong>Unde</strong></span> <span class='ocrx_word' id='word_1_386' title='bbox 2031 2779 2088 2827; x_wconf 88' lang='lat' dir='ltr'><strong>et</strong></span> 
     </span>
    </p>
   </div>
   <div class='ocr_carea' id='block_1_46' title="bbox 484 2862 2085 2932">
    <p class='ocr_par' dir='ltr' id='par_1_46' title="bbox 484 2862 2085 2932">
     <span class='ocr_line' id='line_1_46' title="bbox 484 2862 2085 2932; baseline -0.003 -13"><span class='ocrx_word' id='word_1_387' title='bbox 484 2865 654 2919; x_wconf 90' lang='lat' dir='ltr'><strong>Petro</strong></span> <span class='ocrx_word' id='word_1_388' title='bbox 681 2882 693 2917; x_wconf 87' lang='lat'><strong>:</strong></span> <span class='ocrx_word' id='word_1_389' title='bbox 723 2867 915 2919; x_wconf 84' lang='lat' dir='ltr'><strong>Beatus</strong></span> <span class='ocrx_word' id='word_1_390' title='bbox 943 2881 1013 2929; x_wconf 89' lang='lat' dir='ltr'><strong>es,</strong></span> <span class='ocrx_word' id='word_1_391' title='bbox 1044 2862 1246 2932; x_wconf 90' lang='lat' dir='ltr'><strong>inquit.</strong></span> <span class='ocrx_word' id='word_1_392' title='bbox 1277 2863 1473 2918; x_wconf 85' lang='lat' dir='ltr'><strong>Simon</strong></span> <span class='ocrx_word' id='word_1_393' title='bbox 1517 2864 1822 2916; x_wconf 62' lang='lat' dir='ltr'><strong>[lar-Jona.</strong></span> <span class='ocrx_word' id='word_1_394' title='bbox 1860 2862 2085 2925; x_wconf 82' lang='lat' dir='ltr'><strong>Quare?</strong></span> 
     </span>
    </p>
   </div>
   <div class='ocr_carea' id='block_1_47' title="bbox 489 2950 2084 3026">
    <p class='ocr_par' dir='ltr' id='par_1_47' title="bbox 489 2950 2084 3026">
     <span class='ocr_line' id='line_1_47' title="bbox 489 2950 2084 3026; baseline -0.003 -18"><span class='ocrx_word' id='word_1_395' title='bbox 489 2955 621 3026; x_wconf 88' lang='lat' dir='ltr'><strong>quia</strong></span> <span class='ocrx_word' id='word_1_396' title='bbox 645 2970 759 3008; x_wconf 89' lang='lat' dir='ltr'><strong>non</strong></span> <span class='ocrx_word' id='word_1_397' title='bbox 784 2951 1051 3008; x_wconf 88' lang='lat' dir='ltr'><strong>revelavit</strong></span> <span class='ocrx_word' id='word_1_398' title='bbox 1081 2951 1182 3005; x_wconf 91' lang='lat' dir='ltr'><strong>tibi</strong></span> <span class='ocrx_word' id='word_1_399' title='bbox 1213 2950 1319 3004; x_wconf 89' lang='lat' dir='ltr'><strong>ista</strong></span> <span class='ocrx_word' id='word_1_400' title='bbox 1347 2967 1475 3005; x_wconf 88' lang='lat' dir='ltr'><strong>caro</strong></span> <span class='ocrx_word' id='word_1_401' title='bbox 1506 2956 1563 3005; x_wconf 87' lang='lat' dir='ltr'><strong>et</strong></span> <span class='ocrx_word' id='word_1_402' title='bbox 1586 2950 1834 3019; x_wconf 84' lang='lat' dir='ltr'><strong>sanguis.</strong></span> <span class='ocrx_word' id='word_1_403' title='bbox 1868 2968 1990 3021; x_wconf 83' lang='lat' dir='ltr'><strong>quae</strong></span> <span class='ocrx_word' id='word_1_404' title='bbox 2019 2968 2084 3004; x_wconf 88' lang='lat' dir='ltr'><strong>ex</strong></span> 
     </span>
    </p>
   </div>
   <div class='ocr_carea' id='block_1_48' title="bbox 2185 1789 3694 1862">
    <p class='ocr_par' dir='ltr' id='par_1_48' title="bbox 2185 1789 3694 1862">
     <span class='ocr_line' id='line_1_48' title="bbox 2185 1789 3694 1862; baseline 0.001 -21"><span class='ocrx_word' id='word_1_405' title='bbox 2185 1805 2350 1842; x_wconf 89' lang='lat' dir='ltr'><strong>mone</strong></span> <span class='ocrx_word' id='word_1_406' title='bbox 2371 1805 2526 1842; x_wconf 92' lang='lat' dir='ltr'><strong>casso</strong></span> <span class='ocrx_word' id='word_1_407' title='bbox 2552 1796 2610 1842; x_wconf 89' lang='lat' dir='ltr'><strong>et</strong></span> <span class='ocrx_word' id='word_1_408' title='bbox 2637 1790 2852 1844; x_wconf 91' lang='lat' dir='ltr'><strong>nullum</strong></span> <span class='ocrx_word' id='word_1_409' title='bbox 2886 1790 3125 1845; x_wconf 90' lang='lat' dir='ltr'><strong>habente</strong></span> <span class='ocrx_word' id='word_1_410' title='bbox 3148 1792 3395 1846; x_wconf 76' lang='lat' dir='ltr'><strong>effectum</strong></span> <span class='ocrx_word' id='word_1_411' title='bbox 3425 1790 3596 1862; x_wconf 89' lang='lat' dir='ltr'><strong>operis,</strong></span> <span class='ocrx_word' id='word_1_412' title='bbox 3626 1789 3694 1843; x_wconf 79' lang='lat' dir='ltr'><strong>sed</strong></span> 
     </span>
    </p>
   </div>
   <div class='ocr_carea' id='block_1_49' title="bbox 2183 1878 3699 1952">
    <p class='ocr_par' dir='ltr' id='par_1_49' title="bbox 2183 1878 3699 1952">
     <span class='ocr_line' id='line_1_49' title="bbox 2183 1878 3699 1952; baseline 0 -21"><span class='ocrx_word' id='word_1_413' title='bbox 2183 1878 2305 1932; x_wconf 92' lang='lat' dir='ltr'><strong>dico</strong></span> <span class='ocrx_word' id='word_1_414' title='bbox 2345 1878 2445 1932; x_wconf 87' lang='lat' dir='ltr'><strong>tibi</strong></span> <span class='ocrx_word' id='word_1_415' title='bbox 2475 1895 2599 1950; x_wconf 89' lang='lat' dir='ltr'><strong>ego,</strong></span> <span class='ocrx_word' id='word_1_416' title='bbox 2632 1881 2791 1949; x_wconf 87' lang='lat' dir='ltr'><strong>cujus</strong></span> <span class='ocrx_word' id='word_1_417' title='bbox 2811 1880 3035 1947; x_wconf 80' lang='lat' dir='ltr'><strong>dixisse,</strong></span> <span class='ocrx_word' id='word_1_418' title='bbox 3061 1881 3253 1936; x_wconf 83' lang='lat' dir='ltr'><strong>fecisse</strong></span> <span class='ocrx_word' id='word_1_419' title='bbox 3271 1888 3370 1946; x_wconf 91' lang='lat' dir='ltr'><strong>est,</strong></span> <span class='ocrx_word' id='word_1_420' title='bbox 3386 1881 3504 1952; x_wconf 89' lang='lat' dir='ltr'><strong>quia</strong></span> <span class='ocrx_word' id='word_1_421' title='bbox 3528 1879 3699 1933; x_wconf 77' lang='lat' dir='ltr'><strong>verbum</strong></span> 
     </span>
    </p>
   </div>
   <div class='ocr_carea' id='block_1_50' title="bbox 2184 1968 3696 2041">
    <p class='ocr_par' dir='ltr' id='par_1_50' title="bbox 2184 1968 3696 2041">
     <span class='ocr_line' id='line_1_50' title="bbox 2184 1968 3696 2041; baseline -0.001 -20"><span class='ocrx_word' id='word_1_422' title='bbox 2184 1984 2370 2021; x_wconf 91' lang='lat' dir='ltr'><strong>meum</strong></span> <span class='ocrx_word' id='word_1_423' title='bbox 2402 1968 2810 2039; x_wconf 90' lang='lat' dir='ltr'><strong>omnipotentia</strong></span> <span class='ocrx_word' id='word_1_424' title='bbox 2839 1970 3066 2041; x_wconf 88' lang='lat' dir='ltr'><strong>plenum</strong></span> <span class='ocrx_word' id='word_1_425' title='bbox 3101 1982 3216 2024; x_wconf 89' lang='lat' dir='ltr'><strong>est:</strong></span> <span class='ocrx_word' id='word_1_426' title='bbox 3250 1973 3386 2038; x_wconf 83' lang='lat' dir='ltr'><strong>Quia</strong></span> <span class='ocrx_word' id='word_1_427' title='bbox 3406 1975 3459 2022; x_wconf 84' lang='lat' dir='ltr'><strong>tu</strong></span> <span class='ocrx_word' id='word_1_428' title='bbox 3478 1986 3522 2023; x_wconf 86' lang='lat' dir='ltr'><strong>es</strong></span> <span class='ocrx_word' id='word_1_429' title='bbox 3542 1972 3696 2031; x_wconf 80' lang='lat' dir='ltr'><strong>Petrus,</strong></span> 
     </span>
    </p>
   </div>
   <div class='ocr_carea' id='block_1_51' title="bbox 2182 2058 3704 2129">
    <p class='ocr_par' dir='ltr' id='par_1_51' title="bbox 2182 2058 3704 2129">
     <span class='ocr_line' id='line_1_51' title="bbox 2182 2058 3704 2129; baseline -0.001 -19"><span class='ocrx_word' id='word_1_430' title='bbox 2182 2058 2327 2127; x_wconf 86' lang='lat' dir='ltr'><strong>quod</strong></span> <span class='ocrx_word' id='word_1_431' title='bbox 2359 2074 2392 2110; x_wconf 91' lang='lat' dir='ltr'><strong>a</strong></span> <span class='ocrx_word' id='word_1_432' title='bbox 2422 2063 2581 2129; x_wconf 88' lang='lat' dir='ltr'><strong>petra</strong></span> <span class='ocrx_word' id='word_1_433' title='bbox 2606 2058 2920 2112; x_wconf 90' lang='lat' dir='ltr'><strong>derivatum</strong></span> <span class='ocrx_word' id='word_1_434' title='bbox 2945 2066 3031 2113; x_wconf 89' lang='lat' dir='ltr'><strong>est</strong></span> <span class='ocrx_word' id='word_1_435' title='bbox 3051 2076 3278 2125; x_wconf 89' lang='lat' dir='ltr'><strong>nomen,</strong></span> <span class='ocrx_word' id='word_1_436' title='bbox 3300 2059 3354 2113; x_wconf 90' lang='lat' dir='ltr'><strong>id</strong></span> <span class='ocrx_word' id='word_1_437' title='bbox 3376 2064 3471 2122; x_wconf 89' lang='lat' dir='ltr'><strong>est,</strong></span> <span class='ocrx_word' id='word_1_438' title='bbox 3492 2076 3522 2111; x_wconf 91' lang='lat' dir='ltr'><strong>a</strong></span> <span class='ocrx_word' id='word_1_439' title='bbox 3543 2074 3613 2111; x_wconf 89' lang='lat' dir='ltr'><strong>me</strong></span> <span class='ocrx_word' id='word_1_440' title='bbox 3634 2072 3704 2109; x_wconf 89' lang='lat' dir='ltr'><strong>su-</strong></span> 
     </span>
    </p>
   </div>
   <div class='ocr_carea' id='block_1_52' title="bbox 2180 2146 3699 2217">
    <p class='ocr_par' dir='ltr' id='par_1_52' title="bbox 2180 2146 3699 2217">
     <span class='ocr_line' id='line_1_52' title="bbox 2180 2146 3699 2217; baseline -0.003 -17"><span class='ocrx_word' id='word_1_441' title='bbox 2180 2163 2280 2216; x_wconf 87' lang='lat' dir='ltr'><strong>per</strong></span> <span class='ocrx_word' id='word_1_442' title='bbox 2309 2163 2474 2217; x_wconf 90' lang='lat' dir='ltr'><strong>quem</strong></span> <span class='ocrx_word' id='word_1_443' title='bbox 2502 2147 2810 2202; x_wconf 70' lang='lat' dir='ltr'><strong>iediﬁcatur</strong></span> <span class='ocrx_word' id='word_1_444' title='bbox 2840 2148 3021 2203; x_wconf 89' lang='lat' dir='ltr'><strong>omnis</strong></span> <span class='ocrx_word' id='word_1_445' title='bbox 3046 2150 3311 2203; x_wconf 87' lang='lat' dir='ltr'><strong>Ecclesia.</strong></span> <span class='ocrx_word' id='word_1_446' title='bbox 3344 2149 3461 2202; x_wconf 86' lang='lat' dir='ltr'><strong>Non</strong></span> <span class='ocrx_word' id='word_1_447' title='bbox 3491 2146 3629 2209; x_wconf 89' lang='lat' dir='ltr'><strong>enim,</strong></span> <span class='ocrx_word' id='word_1_448' title='bbox 3655 2150 3699 2196; x_wconf 89' lang='lat' dir='ltr'><strong>ut</strong></span> 
     </span>
    </p>
   </div>
   <div class='ocr_carea' id='block_1_53' title="bbox 2180 2233 3703 2309">
    <p class='ocr_par' dir='ltr' id='par_1_53' title="bbox 2180 2233 3703 2309">
     <span class='ocr_line' id='line_1_53' title="bbox 2180 2233 3703 2309; baseline -0.002 -20"><span class='ocrx_word' id='word_1_449' title='bbox 2180 2236 2404 2307; x_wconf 86' lang='lat' dir='ltr'><strong>quidam</strong></span> <span class='ocrx_word' id='word_1_450' title='bbox 2439 2238 2583 2291; x_wconf 90' lang='lat' dir='ltr'><strong>male</strong></span> <span class='ocrx_word' id='word_1_451' title='bbox 2622 2243 2843 2309; x_wconf 86' lang='lat' dir='ltr'><strong>putant,</strong></span> <span class='ocrx_word' id='word_1_452' title='bbox 2890 2238 3089 2292; x_wconf 89' lang='lat' dir='ltr'><strong>Petrus</strong></span> <span class='ocrx_word' id='word_1_453' title='bbox 3129 2239 3541 2293; x_wconf 86' lang='lat' dir='ltr'><strong>fundamentum</strong></span> <span class='ocrx_word' id='word_1_454' title='bbox 3574 2233 3703 2288; x_wconf 80' lang='lat' dir='ltr'><strong>totius</strong></span> 
     </span>
    </p>
   </div>
   <div class='ocr_carea' id='block_1_54' title="bbox 2176 2325 3706 2395">
    <p class='ocr_par' dir='ltr' id='par_1_54' title="bbox 2176 2325 3706 2395">
     <span class='ocr_line' id='line_1_54' title="bbox 2176 2325 3706 2395; baseline -0.004 -16"><span class='ocrx_word' id='word_1_455' title='bbox 2176 2325 2430 2380; x_wconf 76' lang='lat' dir='ltr'><strong>Ecclesize</strong></span> <span class='ocrx_word' id='word_1_456' title='bbox 2461 2332 2548 2380; x_wconf 87' lang='lat' dir='ltr'><strong>est</strong></span> <span class='ocrx_word' id='word_1_457' title='bbox 2572 2345 2583 2380; x_wconf 89' lang='lat'>:</span> <span class='ocrx_word' id='word_1_458' title='bbox 2620 2329 2762 2395; x_wconf 88' lang='lat' dir='ltr'><strong>Quia</strong></span> <span class='ocrx_word' id='word_1_459' title='bbox 2789 2330 3225 2395; x_wconf 79' lang='lat' dir='ltr'><strong>fundamentum</strong></span> <span class='ocrx_word' id='word_1_460' title='bbox 3261 2346 3413 2382; x_wconf 89' lang='lat' dir='ltr'><strong>nemo</strong></span> <span class='ocrx_word' id='word_1_461' title='bbox 3430 2327 3572 2380; x_wconf 81' lang='lat' dir='ltr'><strong>aliud</strong></span> <span class='ocrx_word' id='word_1_462' title='bbox 3586 2328 3706 2391; x_wconf 76' lang='lat' dir='ltr'><strong>potest</strong></span> 
     </span>
    </p>
   </div>
   <div class='ocr_carea' id='block_1_55' title="bbox 2173 2415 3710 2486">
    <p class='ocr_par' dir='ltr' id='par_1_55' title="bbox 2173 2415 3710 2486">
     <span class='ocr_line' id='line_1_55' title="bbox 2173 2415 3710 2486; baseline -0.003 -18"><span class='ocrx_word' id='word_1_463' title='bbox 2173 2432 2394 2483; x_wconf 84' lang='lat' dir='ltr'><strong>ponere,</strong></span> <span class='ocrx_word' id='word_1_464' title='bbox 2415 2422 2614 2484; x_wconf 56' lang='lat' dir='ltr'><strong>praeter</strong></span> <span class='ocrx_word' id='word_1_465' title='bbox 2634 2418 2692 2469; x_wconf 80' lang='lat' dir='ltr'><strong>td</strong></span> <span class='ocrx_word' id='word_1_466' title='bbox 2712 2418 2855 2485; x_wconf 85' lang='lat' dir='ltr'><strong>quod</strong></span> <span class='ocrx_word' id='word_1_467' title='bbox 2861 2421 3098 2485; x_wconf 84' lang='lat' dir='ltr'><strong>positum</strong></span> <span class='ocrx_word' id='word_1_468' title='bbox 3134 2421 3229 2479; x_wconf 86' lang='lat' dir='ltr'><strong>est,</strong></span> <span class='ocrx_word' id='word_1_469' title='bbox 3263 2418 3404 2486; x_wconf 86' lang='lat' dir='ltr'><strong>quod</strong></span> <span class='ocrx_word' id='word_1_470' title='bbox 3431 2421 3498 2469; x_wconf 85' lang='lat' dir='ltr'><strong>est</strong></span> <span class='ocrx_word' id='word_1_471' title='bbox 3518 2415 3710 2471; x_wconf 79' lang='lat' dir='ltr'><strong>Christus</strong></span> 
     </span>
    </p>
   </div>
   <div class='ocr_carea' id='block_1_56' title="bbox 2173 2500 3711 2578">
    <p class='ocr_par' dir='ltr' id='par_1_56' title="bbox 2173 2500 3711 2578">
     <span class='ocr_line' id='line_1_56' title="bbox 2173 2500 3711 2578; baseline -0.003 -21"><span class='ocrx_word' id='word_1_472' title='bbox 2173 2507 2325 2557; x_wconf 87' lang='lat' dir='ltr'><strong>Jesus</strong></span> <span class='ocrx_word' id='word_1_473' title='bbox 2361 2506 2412 2571; x_wconf 94' lang='grc' dir='ltr'><strong>(Ι</strong></span> <span class='ocrx_word' id='word_1_474' title='bbox 2458 2505 2583 2561; x_wconf 80' lang='lat' dir='ltr'><strong>Cor.</strong></span> <span class='ocrx_word' id='word_1_475' title='bbox 2635 2520 2721 2569; x_wconf 83' lang='lat' dir='ltr'><strong>In,</strong></span> <span class='ocrx_word' id='word_1_476' title='bbox 2780 2505 2884 2570; x_wconf 86' lang='grc'><strong>11).</strong></span> <span class='ocrx_word' id='word_1_477' title='bbox 2932 2506 3085 2561; x_wconf 77' lang='lat' dir='ltr'><strong>Lice‘</strong></span> <span class='ocrx_word' id='word_1_478' title='bbox 3128 2524 3304 2578; x_wconf 91' lang='lat' dir='ltr'><strong>super</strong></span> <span class='ocrx_word' id='word_1_479' title='bbox 3351 2506 3530 2560; x_wconf 89' lang='lat' dir='ltr'><strong>eodem</strong></span> <span class='ocrx_word' id='word_1_480' title='bbox 3564 2500 3711 2555; x_wconf 80' lang='lat' dir='ltr'><strong>funda-</strong></span> 
     </span>
    </p>
   </div>
   <div class='ocr_carea' id='block_1_57' title="bbox 2176 2593 3713 2666">
    <p class='ocr_par' dir='ltr' id='par_1_57' title="bbox 2176 2593 3713 2666">
     <span class='ocr_line' id='line_1_57' title="bbox 2176 2593 3713 2666; baseline -0.003 -20"><span class='ocrx_word' id='word_1_481' title='bbox 2176 2598 2364 2646; x_wconf 90' lang='lat' dir='ltr'><strong>mento</strong></span> <span class='ocrx_word' id='word_1_482' title='bbox 2392 2594 2625 2664; x_wconf 91' lang='lat' dir='ltr'><strong>primus,</strong></span> <span class='ocrx_word' id='word_1_483' title='bbox 2660 2611 2725 2648; x_wconf 89' lang='lat' dir='ltr'><strong>ac</strong></span> <span class='ocrx_word' id='word_1_484' title='bbox 2753 2595 2800 2648; x_wconf 92' lang='lat' dir='ltr'><strong>si</strong></span> <span class='ocrx_word' id='word_1_485' title='bbox 2830 2602 2998 2666; x_wconf 83' lang='lat' dir='ltr'><strong>caput</strong></span> <span class='ocrx_word' id='word_1_486' title='bbox 3026 2597 3231 2651; x_wconf 87' lang='lat' dir='ltr'><strong>Petrus</strong></span> <span class='ocrx_word' id='word_1_487' title='bbox 3248 2602 3394 2650; x_wconf 86' lang='lat' dir='ltr'><strong>recte</strong></span> <span class='ocrx_word' id='word_1_488' title='bbox 3412 2593 3604 2665; x_wconf 88' lang='lat' dir='ltr'><strong>positus</strong></span> <span class='ocrx_word' id='word_1_489' title='bbox 3623 2605 3713 2644; x_wconf 85' lang='lat' dir='ltr'><strong>cre-</strong></span> 
     </span>
    </p>
   </div>
   <div class='ocr_carea' id='block_1_58' title="bbox 2173 2681 3713 2757">
    <p class='ocr_par' dir='ltr' id='par_1_58' title="bbox 2173 2681 3713 2757">
     <span class='ocr_line' id='line_1_58' title="bbox 2173 2681 3713 2757; baseline -0.003 -22"><span class='ocrx_word' id='word_1_490' title='bbox 2173 2681 2358 2747; x_wconf 83' lang='lat' dir='ltr'><strong>datur,</strong></span> <span class='ocrx_word' id='word_1_491' title='bbox 2401 2688 2591 2737; x_wconf 87' lang='lat' dir='ltr'><strong>tamen</strong></span> <span class='ocrx_word' id='word_1_492' title='bbox 2630 2684 2687 2737; x_wconf 91' lang='lat' dir='ltr'><strong>in</strong></span> <span class='ocrx_word' id='word_1_493' title='bbox 2728 2701 2794 2737; x_wconf 88' lang='lat' dir='ltr'><strong>ea</strong></span> <span class='ocrx_word' id='word_1_494' title='bbox 2833 2691 3010 2755; x_wconf 86' lang='lat' dir='ltr'><strong>petra,</strong></span> <span class='ocrx_word' id='word_1_495' title='bbox 3052 2686 3123 2739; x_wconf 89' lang='lat' dir='ltr'><strong>de</strong></span> <span class='ocrx_word' id='word_1_496' title='bbox 3165 2704 3281 2757; x_wconf 88' lang='lat' dir='ltr'><strong>qua</strong></span> <span class='ocrx_word' id='word_1_497' title='bbox 3320 2700 3514 2739; x_wconf 88' lang='lat' dir='ltr'><strong>nomen</strong></span> <span class='ocrx_word' id='word_1_498' title='bbox 3549 2681 3635 2735; x_wconf 89' lang='lat' dir='ltr'><strong>sibi</strong></span> <span class='ocrx_word' id='word_1_499' title='bbox 3666 2694 3713 2731; x_wconf 78' lang='lat' dir='ltr'><strong>ex</strong></span> 
     </span>
    </p>
   </div>
   <div class='ocr_carea' id='block_1_59' title="bbox 2170 2771 3717 2844">
    <p class='ocr_par' dir='ltr' id='par_1_59' title="bbox 2170 2771 3717 2844">
     <span class='ocr_line' id='line_1_59' title="bbox 2170 2771 3717 2844; baseline -0.001 -21"><span class='ocrx_word' id='word_1_500' title='bbox 2170 2771 2315 2834; x_wconf 87' lang='lat' dir='ltr'><strong>dono</strong></span> <span class='ocrx_word' id='word_1_501' title='bbox 2345 2773 2533 2838; x_wconf 83' lang='lat' dir='ltr'><strong>traxit,</strong></span> <span class='ocrx_word' id='word_1_502' title='bbox 2569 2778 2626 2827; x_wconf 89' lang='lat' dir='ltr'><strong>et</strong></span> <span class='ocrx_word' id='word_1_503' title='bbox 2643 2791 2812 2844; x_wconf 90' lang='lat' dir='ltr'><strong>super</strong></span> <span class='ocrx_word' id='word_1_504' title='bbox 2828 2791 2950 2828; x_wconf 87' lang='lat' dir='ltr'><strong>eam</strong></span> <span class='ocrx_word' id='word_1_505' title='bbox 2974 2780 3093 2829; x_wconf 90' lang='lat' dir='ltr'><strong>tota</strong></span> <span class='ocrx_word' id='word_1_506' title='bbox 3116 2775 3463 2830; x_wconf 86' lang='lat' dir='ltr'><strong>construitur</strong></span> <span class='ocrx_word' id='word_1_507' title='bbox 3482 2779 3534 2826; x_wconf 85' lang='lat' dir='ltr'><strong>et</strong></span> <span class='ocrx_word' id='word_1_508' title='bbox 3549 2774 3717 2825; x_wconf 81' lang='lat' dir='ltr'><strong>consta-</strong></span> 
     </span>
    </p>
   </div>
   <div class='ocr_carea' id='block_1_60' title="bbox 2168 2856 3718 2934">
    <p class='ocr_par' dir='ltr' id='par_1_60' title="bbox 2168 2856 3718 2934">
     <span class='ocr_line' id='line_1_60' title="bbox 2168 2856 3718 2934; baseline -0.003 -20"><span class='ocrx_word' id='word_1_509' title='bbox 2168 2860 2365 2915; x_wconf 86' lang='lat' dir='ltr'><strong>bilitur</strong></span> <span class='ocrx_word' id='word_1_510' title='bbox 2392 2862 2489 2915; x_wconf 85' lang='lat' dir='ltr'><strong>illa</strong></span> <span class='ocrx_word' id='word_1_511' title='bbox 2517 2863 2756 2917; x_wconf 64' lang='lat' dir='ltr'><strong>cwlestis</strong></span> <span class='ocrx_word' id='word_1_512' title='bbox 2792 2864 3125 2927; x_wconf 88' lang='lat' dir='ltr'><strong>Jerusalem,</strong></span> <span class='ocrx_word' id='word_1_513' title='bbox 3168 2866 3227 2922; x_wconf 92' lang='lat' dir='ltr'><strong>id</strong></span> <span class='ocrx_word' id='word_1_514' title='bbox 3260 2871 3365 2928; x_wconf 89' lang='lat' dir='ltr'><strong>est,</strong></span> <span class='ocrx_word' id='word_1_515' title='bbox 3404 2878 3562 2934; x_wconf 89' lang='lat' dir='ltr'><strong>supra</strong></span> <span class='ocrx_word' id='word_1_516' title='bbox 3592 2856 3718 2913; x_wconf 89' lang='lat' dir='ltr'><strong>Chri-</strong></span> 
     </span>
    </p>
   </div>
   <div class='ocr_carea' id='block_1_61' title="bbox 2167 2944 3719 3026">
    <p class='ocr_par' dir='ltr' id='par_1_61' title="bbox 2167 2944 3719 3026">
     <span class='ocr_line' id='line_1_61' title="bbox 2167 2944 3719 3026; baseline -0.002 -23"><span class='ocrx_word' id='word_1_517' title='bbox 2167 2955 2340 3017; x_wconf 89' lang='lat' dir='ltr'><strong>stum,</strong></span> <span class='ocrx_word' id='word_1_518' title='bbox 2388 2958 2452 3006; x_wconf 91' lang='lat' dir='ltr'><strong>ut</strong></span> <span class='ocrx_word' id='word_1_519' title='bbox 2494 2953 2658 3006; x_wconf 89' lang='lat' dir='ltr'><strong>ﬁrma</strong></span> <span class='ocrx_word' id='word_1_520' title='bbox 2711 2958 3039 3024; x_wconf 86' lang='lat' dir='ltr'><strong>permaneat</strong></span> <span class='ocrx_word' id='word_1_521' title='bbox 3084 2954 3146 3008; x_wconf 92' lang='lat' dir='ltr'><strong>in</strong></span> <span class='ocrx_word' id='word_1_522' title='bbox 3198 2953 3609 3026; x_wconf 88' lang='lat' dir='ltr'><strong>sempiternum.</strong></span> <span class='ocrx_word' id='word_1_523' title='bbox 3659 2944 3719 3000; x_wconf 86' lang='lat' dir='ltr'><strong>De</strong></span> 
     </span>
    </p>
   </div>
   <div class='ocr_carea' id='block_1_62' title="bbox 488 3034 3721 3115">
    <p class='ocr_par' dir='ltr' id='par_1_62' title="bbox 488 3034 3721 3115">
     <span class='ocr_line' id='line_1_62' title="bbox 488 3034 3721 3115; baseline -0.001 -18"><span class='ocrx_word' id='word_1_524' title='bbox 488 3048 649 3115; x_wconf 89' lang='lat' dir='ltr'><strong>patre</strong></span> <span class='ocrx_word' id='word_1_525' title='bbox 668 3047 768 3097; x_wconf 88' lang='lat' dir='ltr'><strong>aut</strong></span> <span class='ocrx_word' id='word_1_526' title='bbox 796 3046 997 3105; x_wconf 88' lang='lat' dir='ltr'><strong>matre,</strong></span> <span class='ocrx_word' id='word_1_527' title='bbox 1029 3041 1126 3093; x_wconf 89' lang='lat' dir='ltr'><strong>sed</strong></span> <span class='ocrx_word' id='word_1_528' title='bbox 1156 3039 1323 3093; x_wconf 90' lang='lat' dir='ltr'><strong>Pater</strong></span> <span class='ocrx_word' id='word_1_529' title='bbox 1350 3039 1445 3110; x_wconf 92' lang='lat' dir='ltr'><strong>qui</strong></span> <span class='ocrx_word' id='word_1_530' title='bbox 1468 3040 1528 3092; x_wconf 88' lang='lat' dir='ltr'><strong>in</strong></span> <span class='ocrx_word' id='word_1_531' title='bbox 1557 3039 1709 3093; x_wconf 74' lang='lat' dir='ltr'><strong>caelis</strong></span> <span class='ocrx_word' id='word_1_532' title='bbox 1728 3047 1830 3094; x_wconf 91' lang='lat' dir='ltr'><strong>est.</strong></span> <span class='ocrx_word' id='word_1_533' title='bbox 1856 3040 2082 3110; x_wconf 87' lang='lat' dir='ltr'><strong>thuod</strong></span> <span class='ocrx_word' id='word_1_534' title='bbox 2102 3043 2144 3100; x_wconf 89' lang='lat' dir='ltr'><strong>C</strong></span> <span class='ocrx_word' id='word_1_535' title='bbox 2165 3041 2326 3110; x_wconf 91' lang='lat' dir='ltr'><strong>cujus</strong></span> <span class='ocrx_word' id='word_1_536' title='bbox 2355 3040 2622 3095; x_wconf 91' lang='lat' dir='ltr'><strong>nimirum</strong></span> <span class='ocrx_word' id='word_1_537' title='bbox 2654 3042 2920 3097; x_wconf 89' lang='lat' dir='ltr'><strong>ﬁrmitate</strong></span> <span class='ocrx_word' id='word_1_538' title='bbox 2950 3043 3104 3114; x_wconf 90' lang='lat' dir='ltr'><strong>prior</strong></span> <span class='ocrx_word' id='word_1_539' title='bbox 3148 3044 3442 3098; x_wconf 83' lang='lat' dir='ltr'><strong>Abraham</strong></span> <span class='ocrx_word' id='word_1_540' title='bbox 3481 3042 3534 3095; x_wconf 89' lang='lat' dir='ltr'><strong>in</strong></span> <span class='ocrx_word' id='word_1_541' title='bbox 3572 3034 3721 3090; x_wconf 75' lang='lat' dir='ltr'><strong>Veteri</strong></span> 
     </span>
    </p>
   </div>
   <div class='ocr_carea' id='block_1_63' title="bbox 486 3128 2078 3201">
    <p class='ocr_par' dir='ltr' id='par_1_63' title="bbox 486 3128 2078 3201">
     <span class='ocr_line' id='line_1_63' title="bbox 486 3128 2078 3201; baseline -0.003 -14"><span class='ocrx_word' id='word_1_542' title='bbox 486 3148 617 3187; x_wconf 91' lang='lat' dir='ltr'><strong>caro</strong></span> <span class='ocrx_word' id='word_1_543' title='bbox 644 3138 701 3187; x_wconf 88' lang='lat' dir='ltr'><strong>et</strong></span> <span class='ocrx_word' id='word_1_544' title='bbox 730 3131 961 3201; x_wconf 82' lang='lat' dir='ltr'><strong>sanguis</strong></span> <span class='ocrx_word' id='word_1_545' title='bbox 990 3129 1237 3183; x_wconf 86' lang='lat' dir='ltr'><strong>revelare</strong></span> <span class='ocrx_word' id='word_1_546' title='bbox 1261 3145 1374 3182; x_wconf 89' lang='lat' dir='ltr'><strong>non</strong></span> <span class='ocrx_word' id='word_1_547' title='bbox 1401 3129 1605 3199; x_wconf 89' lang='lat' dir='ltr'><strong>potuit,</strong></span> <span class='ocrx_word' id='word_1_548' title='bbox 1640 3128 1882 3198; x_wconf 88' lang='lat' dir='ltr'><strong>Spiritus</strong></span> <span class='ocrx_word' id='word_1_549' title='bbox 1902 3130 2078 3182; x_wconf 85' lang='lat' dir='ltr'><strong>sancti</strong></span> 
     </span>
    </p>
   </div>
   <div class='ocr_carea' id='block_1_64' title="bbox 482 3217 2079 3293">
    <p class='ocr_par' dir='ltr' id='par_1_64' title="bbox 482 3217 2079 3293">
     <span class='ocr_line' id='line_1_64' title="bbox 482 3217 2079 3293; baseline -0.003 -17"><span class='ocrx_word' id='word_1_550' title='bbox 482 3221 668 3293; x_wconf 85' lang='lat' dir='ltr'><strong>gratia</strong></span> <span class='ocrx_word' id='word_1_551' title='bbox 695 3220 1002 3275; x_wconf 88' lang='lat' dir='ltr'><strong>revelatum</strong></span> <span class='ocrx_word' id='word_1_552' title='bbox 1034 3223 1138 3271; x_wconf 89' lang='lat' dir='ltr'><strong>est.</strong></span> <span class='ocrx_word' id='word_1_553' title='bbox 1175 3217 1314 3271; x_wconf 89' lang='lat' dir='ltr'><strong>Hinc</strong></span> <span class='ocrx_word' id='word_1_554' title='bbox 1344 3234 1476 3287; x_wconf 88' lang='lat' dir='ltr'><strong>ergo</strong></span> <span class='ocrx_word' id='word_1_555' title='bbox 1498 3217 1696 3271; x_wconf 87' lang='lat' dir='ltr'><strong>Petrus</strong></span> <span class='ocrx_word' id='word_1_556' title='bbox 1718 3223 1775 3270; x_wconf 90' lang='lat' dir='ltr'><strong>et</strong></span> <span class='ocrx_word' id='word_1_557' title='bbox 1789 3234 1851 3271; x_wconf 84' lang='lat' dir='ltr'><strong>ex</strong></span> <span class='ocrx_word' id='word_1_558' title='bbox 1869 3218 2079 3273; x_wconf 86' lang='lat' dir='ltr'><strong>confes-</strong></span> 
     </span>
    </p>
   </div>
   <div class='ocr_carea' id='block_1_65' title="bbox 484 3306 2076 3377">
    <p class='ocr_par' dir='ltr' id='par_1_65' title="bbox 484 3306 2076 3377">
     <span class='ocr_line' id='line_1_65' title="bbox 484 3306 2076 3377; baseline -0.003 -11"><span class='ocrx_word' id='word_1_559' title='bbox 484 3312 642 3366; x_wconf 84' lang='lat' dir='ltr'><strong>sione</strong></span> <span class='ocrx_word' id='word_1_560' title='bbox 671 3310 907 3365; x_wconf 89' lang='lat' dir='ltr'><strong>sortitur</strong></span> <span class='ocrx_word' id='word_1_561' title='bbox 936 3307 1283 3371; x_wconf 89' lang='lat' dir='ltr'><strong>vocabulum,</strong></span> <span class='ocrx_word' id='word_1_562' title='bbox 1318 3323 1382 3360; x_wconf 92' lang='lat' dir='ltr'><strong>eo</strong></span> <span class='ocrx_word' id='word_1_563' title='bbox 1414 3306 1560 3377; x_wconf 91' lang='lat' dir='ltr'><strong>quod</strong></span> <span class='ocrx_word' id='word_1_564' title='bbox 1594 3306 1988 3361; x_wconf 71' lang='lat' dir='ltr'><strong>revelationem</strong></span> <span class='ocrx_word' id='word_1_565' title='bbox 2012 3326 2076 3362; x_wconf 79' lang='lat' dir='ltr'><strong>ex</strong></span> 
     </span>
    </p>
   </div>
   <div class='ocr_carea' id='block_1_66' title="bbox 483 3394 2075 3471">
    <p class='ocr_par' dir='ltr' id='par_1_66' title="bbox 483 3394 2075 3471">
     <span class='ocr_line' id='line_1_66' title="bbox 483 3394 2075 3471; baseline -0.001 -17"><span class='ocrx_word' id='word_1_566' title='bbox 483 3400 698 3471; x_wconf 88' lang='lat' dir='ltr'><strong>Spiritu</strong></span> <span class='ocrx_word' id='word_1_567' title='bbox 727 3403 918 3452; x_wconf 86' lang='lat' dir='ltr'><strong>sancto</strong></span> <span class='ocrx_word' id='word_1_568' title='bbox 950 3396 1163 3459; x_wconf 85' lang='lat' dir='ltr'><strong>habuit,</strong></span> <span class='ocrx_word' id='word_1_569' title='bbox 1198 3396 1360 3464; x_wconf 79' lang='lat' dir='ltr'><strong>cuius</strong></span> <span class='ocrx_word' id='word_1_570' title='bbox 1406 3400 1463 3447; x_wconf 88' lang='lat' dir='ltr'><strong>et</strong></span> <span class='ocrx_word' id='word_1_571' title='bbox 1504 3394 1677 3449; x_wconf 87' lang='lat' dir='ltr'><strong>Filius</strong></span> <span class='ocrx_word' id='word_1_572' title='bbox 1711 3397 2075 3467; x_wconf 72' lang='lat' dir='ltr'><strong>appel&#39;andus</strong></span> 
     </span>
    </p>
   </div>
   <div class='ocr_carea' id='block_1_67' title="bbox 483 3483 2073 3559">
    <p class='ocr_par' dir='ltr' id='par_1_67' title="bbox 483 3483 2073 3559">
     <span class='ocr_line' id='line_1_67' title="bbox 483 3483 2073 3559; baseline -0.003 -15"><span class='ocrx_word' id='word_1_573' title='bbox 483 3496 587 3544; x_wconf 87' lang='lat' dir='ltr'><strong>est.</strong></span> <span class='ocrx_word' id='word_1_574' title='bbox 621 3490 764 3543; x_wconf 86' lang='lat' dir='ltr'><strong>Nam</strong></span> <span class='ocrx_word' id='word_1_575' title='bbox 799 3486 1042 3559; x_wconf 89' lang='lat' dir='ltr'><strong>Spiritus</strong></span> <span class='ocrx_word' id='word_1_576' title='bbox 1072 3492 1297 3540; x_wconf 89' lang='lat' dir='ltr'><strong>sanctus</strong></span> <span class='ocrx_word' id='word_1_577' title='bbox 1325 3483 1559 3538; x_wconf 74' lang='lat' dir='ltr'><strong>Hebraea</strong></span> <span class='ocrx_word' id='word_1_578' title='bbox 1588 3484 1780 3554; x_wconf 83' lang='lat' dir='ltr'><strong>lingua</strong></span> <span class='ocrx_word' id='word_1_579' title='bbox 1806 3486 2073 3541; x_wconf 77' lang='lat' dir='ltr'><strong>feminino</strong></span> 
     </span>
    </p>
   </div>
   <div class='ocr_carea' id='block_1_68' title="bbox 480 3573 2068 3651">
    <p class='ocr_par' dir='ltr' id='par_1_68' title="bbox 480 3573 2068 3651">
     <span class='ocr_line' id='line_1_68' title="bbox 480 3573 2068 3651; baseline -0.002 -18"><span class='ocrx_word' id='word_1_580' title='bbox 480 3594 688 3651; x_wconf 84' lang='lat' dir='ltr'><strong>genere</strong></span> <span class='ocrx_word' id='word_1_581' title='bbox 718 3578 873 3633; x_wconf 81' lang='lat' dir='ltr'><strong>Ruha</strong></span> <span class='ocrx_word' id='word_1_582' title='bbox 907 3575 1134 3641; x_wconf 88' lang='lat' dir='ltr'><strong>dicitur,</strong></span> <span class='ocrx_word' id='word_1_583' title='bbox 1165 3591 1267 3627; x_wconf 90' lang='lat' dir='ltr'><strong>nec</strong></span> <span class='ocrx_word' id='word_1_584' title='bbox 1290 3573 1758 3639; x_wconf 71' lang='lat' dir='ltr'><strong>inconvenienter,</strong></span> <span class='ocrx_word' id='word_1_585' title='bbox 1806 3576 2068 3646; x_wconf 90' lang='lat' dir='ltr'><strong>quoniam</strong></span> 
     </span>
    </p>
   </div>
   <div class='ocr_carea' id='block_1_69' title="bbox 482 3663 2072 3734">
    <p class='ocr_par' dir='ltr' id='par_1_69' title="bbox 482 3663 2072 3734">
     <span class='ocr_line' id='line_1_69' title="bbox 482 3663 2072 3734; baseline -0.001 -12"><span class='ocrx_word' id='word_1_586' title='bbox 482 3685 547 3722; x_wconf 77' lang='lat' dir='ltr'><strong>ex</strong></span> <span class='ocrx_word' id='word_1_587' title='bbox 580 3685 665 3732; x_wconf 91' lang='lat' dir='ltr'><strong>eo,</strong></span> <span class='ocrx_word' id='word_1_588' title='bbox 698 3673 798 3721; x_wconf 90' lang='lat' dir='ltr'><strong>aut</strong></span> <span class='ocrx_word' id='word_1_589' title='bbox 826 3683 891 3720; x_wconf 83' lang='lat' dir='ltr'><strong>ex</strong></span> <span class='ocrx_word' id='word_1_590' title='bbox 912 3682 996 3729; x_wconf 88' lang='lat' dir='ltr'><strong>ea,</strong></span> <span class='ocrx_word' id='word_1_591' title='bbox 1033 3671 1095 3718; x_wconf 91' lang='lat' dir='ltr'><strong>ut</strong></span> <span class='ocrx_word' id='word_1_592' title='bbox 1118 3664 1197 3718; x_wconf 89' lang='lat' dir='ltr'><strong>ita</strong></span> <span class='ocrx_word' id='word_1_593' title='bbox 1228 3663 1417 3718; x_wconf 88' lang='lat' dir='ltr'><strong>Latine</strong></span> <span class='ocrx_word' id='word_1_594' title='bbox 1443 3663 1658 3734; x_wconf 90' lang='lat' dir='ltr'><strong>loquar,</strong></span> <span class='ocrx_word' id='word_1_595' title='bbox 1694 3665 1877 3719; x_wconf 91' lang='lat' dir='ltr'><strong>omnis</strong></span> <span class='ocrx_word' id='word_1_596' title='bbox 1907 3682 2072 3720; x_wconf 90' lang='lat' dir='ltr'><strong>rena-</strong></span> 
     </span>
    </p>
   </div>
   <div class='ocr_carea' id='block_1_70' title="bbox 477 3753 2049 3825">
    <p class='ocr_par' dir='ltr' id='par_1_70' title="bbox 477 3753 2049 3825">
     <span class='ocr_line' id='line_1_70' title="bbox 477 3753 2049 3825; baseline -0.003 -12"><span class='ocrx_word' id='word_1_597' title='bbox 477 3758 654 3814; x_wconf 87' lang='lat' dir='ltr'><strong>scitur</strong></span> <span class='ocrx_word' id='word_1_598' title='bbox 675 3756 935 3812; x_wconf 77' lang='lat' dir='ltr'><strong>Ecrlesia.</strong></span> <span class='ocrx_word' id='word_1_599' title='bbox 965 3754 1251 3825; x_wconf 88' lang='lat' dir='ltr'><strong>Siquidem</strong></span> <span class='ocrx_word' id='word_1_600' title='bbox 1275 3753 1328 3806; x_wconf 88' lang='lat' dir='ltr'><strong>in</strong></span> <span class='ocrx_word' id='word_1_601' title='bbox 1352 3753 1543 3823; x_wconf 86' lang='lat' dir='ltr'><strong>lingua</strong></span> <span class='ocrx_word' id='word_1_602' title='bbox 1578 3760 1765 3808; x_wconf 89' lang='lat' dir='ltr'><strong>nostra</strong></span> <span class='ocrx_word' id='word_1_603' title='bbox 1782 3755 2049 3822; x_wconf 81' lang='lat' dir='ltr'><strong>Barﬁlius</strong></span> 
     </span>
    </p>
   </div>
   <div class='ocr_carea' id='block_1_71' title="bbox 476 3846 2073 3915">
    <p class='ocr_par' dir='ltr' id='par_1_71' title="bbox 476 3846 2073 3915">
     <span class='ocr_line' id='line_1_71' title="bbox 476 3846 2073 3915; baseline -0.004 -11"><span class='ocrx_word' id='word_1_604' title='bbox 476 3849 622 3904; x_wconf 84' lang='lat' dir='ltr'><strong>Jona</strong></span> <span class='ocrx_word' id='word_1_605' title='bbox 649 3854 767 3902; x_wconf 86' lang='lat' dir='ltr'><strong>colu</strong></span> <span class='ocrx_word' id='word_1_606' title='bbox 777 3864 824 3900; x_wconf 71' lang='grc' dir='ltr'><strong>ηρ</strong></span> <span class='ocrx_word' id='word_1_607' title='bbox 835 3846 1337 3915; x_wconf 86' lang='lat' dir='ltr'><strong>bainterpretatur,</strong></span> <span class='ocrx_word' id='word_1_608' title='bbox 1352 3847 1416 3897; x_wconf 91' lang='lat' dir='ltr'><strong>ut</strong></span> <span class='ocrx_word' id='word_1_609' title='bbox 1431 3860 1495 3896; x_wconf 83' lang='lat' dir='ltr'><strong>ex</strong></span> <span class='ocrx_word' id='word_1_610' title='bbox 1515 3849 1633 3897; x_wconf 90' lang='lat' dir='ltr'><strong>toto</strong></span> <span class='ocrx_word' id='word_1_611' title='bbox 1653 3847 1803 3910; x_wconf 80' lang='lat' dir='ltr'><strong>[ilius</strong></span> <span class='ocrx_word' id='word_1_612' title='bbox 1814 3847 1933 3898; x_wconf 86' lang='lat' dir='ltr'><strong>colu</strong></span> <span class='ocrx_word' id='word_1_613' title='bbox 1943 3846 2073 3898; x_wconf 68' lang='lat' dir='ltr'><strong>mbae</strong></span> 
     </span>
    </p>
   </div>
   <div class='ocr_carea' id='block_1_72' title="bbox 475 3931 2073 4004">
    <p class='ocr_par' dir='ltr' id='par_1_72' title="bbox 475 3931 2073 4004">
     <span class='ocr_line' id='line_1_72' title="bbox 475 3931 2073 4004; baseline -0.004 -11"><span class='ocrx_word' id='word_1_614' title='bbox 475 3938 725 4003; x_wconf 84' lang='lat' dir='ltr'><strong>dicatur;</strong></span> <span class='ocrx_word' id='word_1_615' title='bbox 763 3933 1017 4004; x_wconf 87' lang='lat' dir='ltr'><strong>quamvis</strong></span> <span class='ocrx_word' id='word_1_616' title='bbox 1062 3932 1157 3987; x_wconf 87' lang='lat' dir='ltr'><strong>alii</strong></span> <span class='ocrx_word' id='word_1_617' title='bbox 1205 3931 1533 4003; x_wconf 86' lang='lat' dir='ltr'><strong>simpliciter</strong></span> <span class='ocrx_word' id='word_1_618' title='bbox 1570 3932 1627 3986; x_wconf 92' lang='lat' dir='ltr'><strong>id</strong></span> <span class='ocrx_word' id='word_1_619' title='bbox 1674 3932 1966 4003; x_wconf 88' lang='lat' dir='ltr'><strong>accipiant,</strong></span> <span class='ocrx_word' id='word_1_620' title='bbox 2008 3939 2073 3987; x_wconf 90' lang='lat' dir='ltr'><strong>ut</strong></span> 
     </span>
    </p>
   </div>
   <div class='ocr_carea' id='block_1_73' title="bbox 478 4021 2071 4093">
    <p class='ocr_par' dir='ltr' id='par_1_73' title="bbox 478 4021 2071 4093">
     <span class='ocr_line' id='line_1_73' title="bbox 478 4021 2071 4093; baseline -0.003 -11"><span class='ocrx_word' id='word_1_621' title='bbox 478 4027 673 4082; x_wconf 89' lang='lat' dir='ltr'><strong>Simon</strong></span> <span class='ocrx_word' id='word_1_622' title='bbox 709 4026 911 4078; x_wconf 84' lang='lat' dir='ltr'><strong>Petrus</strong></span> <span class='ocrx_word' id='word_1_623' title='bbox 940 4022 1089 4076; x_wconf 89' lang='lat' dir='ltr'><strong>ﬁlius</strong></span> <span class='ocrx_word' id='word_1_624' title='bbox 1114 4021 1344 4075; x_wconf 86' lang='lat' dir='ltr'><strong>Joannis</strong></span> <span class='ocrx_word' id='word_1_625' title='bbox 1360 4022 1524 4091; x_wconf 86' lang='lat' dir='ltr'><strong>juxta</strong></span> <span class='ocrx_word' id='word_1_626' title='bbox 1542 4038 1766 4076; x_wconf 90' lang='lat' dir='ltr'><strong>carnem</strong></span> <span class='ocrx_word' id='word_1_627' title='bbox 1796 4022 2071 4093; x_wconf 89' lang='lat' dir='ltr'><strong>intelliga-</strong></span> 
     </span>
    </p>
   </div>
   <div class='ocr_carea' id='block_1_74' title="bbox 473 4110 2068 4182">
    <p class='ocr_par' dir='ltr' id='par_1_74' title="bbox 473 4110 2068 4182">
     <span class='ocr_line' id='line_1_74' title="bbox 473 4110 2068 4182; baseline -0.001 -13"><span class='ocrx_word' id='word_1_628' title='bbox 473 4121 591 4181; x_wconf 88' lang='lat' dir='ltr'><strong>tur,</strong></span> <span class='ocrx_word' id='word_1_629' title='bbox 624 4112 930 4168; x_wconf 90' lang='lat' dir='ltr'><strong>secundum</strong></span> <span class='ocrx_word' id='word_1_630' title='bbox 948 4110 1179 4165; x_wconf 87' lang='lat' dir='ltr'><strong>alterius</strong></span> <span class='ocrx_word' id='word_1_631' title='bbox 1200 4110 1307 4165; x_wconf 92' lang='lat' dir='ltr'><strong>loci</strong></span> <span class='ocrx_word' id='word_1_632' title='bbox 1327 4110 1849 4182; x_wconf 86' lang='lat' dir='ltr'><strong>interrogationem:</strong></span> <span class='ocrx_word' id='word_1_633' title='bbox 1873 4112 2068 4168; x_wconf 86' lang='lat' dir='ltr'><strong>Simon</strong></span> 
     </span>
    </p>
   </div>
   <div class='ocr_carea' id='block_1_75' title="bbox 474 4199 2069 4271">
    <p class='ocr_par' dir='ltr' id='par_1_75' title="bbox 474 4199 2069 4271">
     <span class='ocr_line' id='line_1_75' title="bbox 474 4199 2069 4271; baseline -0.001 -15"><span class='ocrx_word' id='word_1_634' title='bbox 474 4203 733 4263; x_wconf 86' lang='lat' dir='ltr'><strong>Joannis,</strong></span> <span class='ocrx_word' id='word_1_635' title='bbox 751 4201 942 4267; x_wconf 85' lang='lat' dir='ltr'><strong>diligis</strong></span> <span class='ocrx_word' id='word_1_636' title='bbox 960 4215 1044 4252; x_wconf 87' lang='lat' dir='ltr'><strong>me</strong></span> <span class='ocrx_word' id='word_1_637' title='bbox 1066 4202 1090 4251; x_wconf 75' lang='lat'><strong><em>7</em></strong></span> <span class='ocrx_word' id='word_1_638' title='bbox 1111 4201 1296 4267; x_wconf 88' lang='lat' dir='ltr'><strong>(Joan.</strong></span> <span class='ocrx_word' id='word_1_639' title='bbox 1315 4209 1452 4263; x_wconf 75' lang='lat' dir='ltr'><strong>xxx.)</strong></span> <span class='ocrx_word' id='word_1_640' title='bbox 1474 4199 1546 4252; x_wconf 88' lang='lat' dir='ltr'><strong>Et</strong></span> <span class='ocrx_word' id='word_1_641' title='bbox 1556 4200 1750 4252; x_wconf 89' lang='lat' dir='ltr'><strong>volunt</strong></span> <span class='ocrx_word' id='word_1_642' title='bbox 1764 4199 1820 4252; x_wconf 92' lang='lat' dir='ltr'><strong>id</strong></span> <span class='ocrx_word' id='word_1_643' title='bbox 1837 4199 2069 4271; x_wconf 85' lang='lat' dir='ltr'><strong>scripto-</strong></span> 
     </span>
    </p>
   </div>
   <div class='ocr_carea' id='block_1_76' title="bbox 474 4288 2067 4360">
    <p class='ocr_par' dir='ltr' id='par_1_76' title="bbox 474 4288 2067 4360">
     <span class='ocr_line' id='line_1_76' title="bbox 474 4288 2067 4360; baseline -0.001 -15"><span class='ocrx_word' id='word_1_644' title='bbox 474 4290 555 4345; x_wconf 89' lang='lat' dir='ltr'><strong>ris</strong></span> <span class='ocrx_word' id='word_1_645' title='bbox 581 4288 714 4343; x_wconf 87' lang='lat' dir='ltr'><strong>vitio</strong></span> <span class='ocrx_word' id='word_1_646' title='bbox 745 4288 1131 4358; x_wconf 87' lang='lat' dir='ltr'><strong>depravatum,</strong></span> <span class='ocrx_word' id='word_1_647' title='bbox 1161 4291 1226 4339; x_wconf 93' lang='lat' dir='ltr'><strong>ut</strong></span> <span class='ocrx_word' id='word_1_648' title='bbox 1255 4303 1354 4355; x_wconf 91' lang='lat' dir='ltr'><strong>pro</strong></span> <span class='ocrx_word' id='word_1_649' title='bbox 1383 4288 1494 4339; x_wconf 85' lang='lat' dir='ltr'><strong>Bar</strong></span> <span class='ocrx_word' id='word_1_650' title='bbox 1524 4289 1763 4352; x_wconf 88' lang='lat' dir='ltr'><strong>Joanna,</strong></span> <span class='ocrx_word' id='word_1_651' title='bbox 1808 4295 2067 4360; x_wconf 85' lang='lat' dir='ltr'><strong>corrupte</strong></span> 
     </span>
    </p>
   </div>
   <div class='ocr_carea' id='block_1_77' title="bbox 2161 3126 3720 3203">
    <p class='ocr_par' dir='ltr' id='par_1_77' title="bbox 2161 3126 3720 3203">
     <span class='ocr_line' id='line_1_77' title="bbox 2161 3126 3720 3203; baseline 0.004 -21"><span class='ocrx_word' id='word_1_652' title='bbox 2161 3130 2520 3184; x_wconf 89' lang='lat' dir='ltr'><strong>Testamento</strong></span> <span class='ocrx_word' id='word_1_653' title='bbox 2549 3132 2802 3186; x_wconf 88' lang='lat' dir='ltr'><strong>ﬁrmatus</strong></span> <span class='ocrx_word' id='word_1_654' title='bbox 2832 3140 2889 3186; x_wconf 93' lang='lat' dir='ltr'><strong>et</strong></span> <span class='ocrx_word' id='word_1_655' title='bbox 2916 3133 3306 3189; x_wconf 86' lang='lat' dir='ltr'><strong>consolidatus</strong></span> <span class='ocrx_word' id='word_1_656' title='bbox 3325 3133 3381 3186; x_wconf 90' lang='lat' dir='ltr'><strong>in</strong></span> <span class='ocrx_word' id='word_1_657' title='bbox 3404 3132 3517 3203; x_wconf 87' lang='lat' dir='ltr'><strong>ipso</strong></span> <span class='ocrx_word' id='word_1_658' title='bbox 3537 3126 3720 3197; x_wconf 69' lang='lat' dir='ltr'><strong>legitur;</strong></span> 
     </span>
    </p>
   </div>
   <div class='ocr_carea' id='block_1_78' title="bbox 2161 3216 3725 3278">
    <p class='ocr_par' dir='ltr' id='par_1_78' title="bbox 2161 3216 3725 3278">
     <span class='ocr_line' id='line_1_78' title="bbox 2161 3216 3725 3278; baseline -0.003 -7"><span class='ocrx_word' id='word_1_659' title='bbox 2161 3218 2363 3272; x_wconf 88' lang='lat' dir='ltr'><strong>deinde</strong></span> <span class='ocrx_word' id='word_1_660' title='bbox 2395 3219 2595 3273; x_wconf 88' lang='lat' dir='ltr'><strong>Petrus</strong></span> <span class='ocrx_word' id='word_1_661' title='bbox 2617 3220 2674 3273; x_wconf 90' lang='lat' dir='ltr'><strong>in</strong></span> <span class='ocrx_word' id='word_1_662' title='bbox 2707 3238 2846 3275; x_wconf 81' lang='lat' dir='ltr'><strong>novo</strong></span> <span class='ocrx_word' id='word_1_663' title='bbox 2891 3229 2955 3276; x_wconf 91' lang='lat' dir='ltr'><strong>ut</strong></span> <span class='ocrx_word' id='word_1_664' title='bbox 2983 3222 3039 3275; x_wconf 89' lang='lat' dir='ltr'><strong>in</strong></span> <span class='ocrx_word' id='word_1_665' title='bbox 3077 3239 3282 3278; x_wconf 90' lang='lat' dir='ltr'><strong>eorum</strong></span> <span class='ocrx_word' id='word_1_666' title='bbox 3328 3223 3437 3276; x_wconf 87' lang='lat' dir='ltr'><strong>ﬁde</strong></span> <span class='ocrx_word' id='word_1_667' title='bbox 3466 3216 3630 3274; x_wconf 89' lang='lat' dir='ltr'><strong>omnis</strong></span> <span class='ocrx_word' id='word_1_668' title='bbox 3661 3230 3725 3267; x_wconf 55' lang='lat' dir='ltr'><strong>reo</strong></span> 
     </span>
    </p>
   </div>
   <div class='ocr_carea' id='block_1_79' title="bbox 2160 3306 3725 3381">
    <p class='ocr_par' dir='ltr' id='par_1_79' title="bbox 2160 3306 3725 3381">
     <span class='ocr_line' id='line_1_79' title="bbox 2160 3306 3725 3381; baseline -0.004 -20"><span class='ocrx_word' id='word_1_669' title='bbox 2160 3308 2459 3377; x_wconf 89' lang='lat' dir='ltr'><strong>promissio</strong></span> <span class='ocrx_word' id='word_1_670' title='bbox 2476 3309 2636 3363; x_wconf 89' lang='lat' dir='ltr'><strong>ﬁrma</strong></span> <span class='ocrx_word' id='word_1_671' title='bbox 2660 3318 2884 3365; x_wconf 89' lang='lat' dir='ltr'><strong>maneat</strong></span> <span class='ocrx_word' id='word_1_672' title='bbox 2898 3311 2955 3364; x_wconf 90' lang='lat' dir='ltr'><strong>in</strong></span> <span class='ocrx_word' id='word_1_673' title='bbox 2971 3311 3222 3366; x_wconf 87' lang='lat' dir='ltr'><strong>Christo.</strong></span> <span class='ocrx_word' id='word_1_674' title='bbox 3241 3313 3359 3366; x_wconf 85' lang='lat' dir='ltr'><strong>Nec</strong></span> <span class='ocrx_word' id='word_1_675' title='bbox 3379 3310 3544 3381; x_wconf 88' lang='lat' dir='ltr'><strong>igitur</strong></span> <span class='ocrx_word' id='word_1_676' title='bbox 3557 3306 3725 3361; x_wconf 87' lang='lat' dir='ltr'><strong>mirum</strong></span> 
     </span>
    </p>
   </div>
   <div class='ocr_carea' id='block_1_80' title="bbox 2158 3398 3728 3473">
    <p class='ocr_par' dir='ltr' id='par_1_80' title="bbox 2158 3398 3728 3473">
     <span class='ocr_line' id='line_1_80' title="bbox 2158 3398 3728 3473; baseline -0.003 -23"><span class='ocrx_word' id='word_1_677' title='bbox 2158 3398 2204 3450; x_wconf 91' lang='lat' dir='ltr'><strong>si</strong></span> <span class='ocrx_word' id='word_1_678' title='bbox 2238 3399 2436 3452; x_wconf 85' lang='lat' dir='ltr'><strong>Petrus</strong></span> <span class='ocrx_word' id='word_1_679' title='bbox 2461 3414 2495 3451; x_wconf 90' lang='lat' dir='ltr'><strong>a</strong></span> <span class='ocrx_word' id='word_1_680' title='bbox 2524 3405 2681 3469; x_wconf 90' lang='lat' dir='ltr'><strong>petra</strong></span> <span class='ocrx_word' id='word_1_681' title='bbox 2712 3399 2895 3454; x_wconf 91' lang='lat' dir='ltr'><strong>dictus</strong></span> <span class='ocrx_word' id='word_1_682' title='bbox 2924 3406 3026 3465; x_wconf 88' lang='lat' dir='ltr'><strong>est,</strong></span> <span class='ocrx_word' id='word_1_683' title='bbox 3052 3418 3119 3455; x_wconf 87' lang='lat' dir='ltr'><strong>eo</strong></span> <span class='ocrx_word' id='word_1_684' title='bbox 3147 3402 3304 3473; x_wconf 91' lang='lat' dir='ltr'><strong>quod</strong></span> <span class='ocrx_word' id='word_1_685' title='bbox 3339 3398 3728 3454; x_wconf 85' lang='lat' dir='ltr'><strong>ﬁrmusfuturus</strong></span> 
     </span>
    </p>
   </div>
   <div class='ocr_carea' id='block_1_81' title="bbox 2157 3486 3729 3559">
    <p class='ocr_par' dir='ltr' id='par_1_81' title="bbox 2157 3486 3729 3559">
     <span class='ocr_line' id='line_1_81' title="bbox 2157 3486 3729 3559; baseline -0.001 -20"><span class='ocrx_word' id='word_1_686' title='bbox 2157 3495 2280 3540; x_wconf 90' lang='lat' dir='ltr'><strong>erat</strong></span> <span class='ocrx_word' id='word_1_687' title='bbox 2306 3504 2407 3557; x_wconf 90' lang='lat' dir='ltr'><strong>per</strong></span> <span class='ocrx_word' id='word_1_688' title='bbox 2441 3487 2711 3559; x_wconf 89' lang='lat' dir='ltr'><strong>Spiritum</strong></span> <span class='ocrx_word' id='word_1_689' title='bbox 2742 3494 2996 3544; x_wconf 90' lang='lat' dir='ltr'><strong>sanctum</strong></span> <span class='ocrx_word' id='word_1_690' title='bbox 3031 3491 3313 3545; x_wconf 85' lang='lat' dir='ltr'><strong>ﬁrmitate</strong></span> <span class='ocrx_word' id='word_1_691' title='bbox 3350 3488 3501 3554; x_wconf 88' lang='lat' dir='ltr'><strong>ﬁdei,</strong></span> <span class='ocrx_word' id='word_1_692' title='bbox 3545 3500 3656 3539; x_wconf 89' lang='lat' dir='ltr'><strong>cum</strong></span> <span class='ocrx_word' id='word_1_693' title='bbox 3686 3486 3729 3534; x_wconf 84' lang='lat' dir='ltr'><strong>et</strong></span> 
     </span>
    </p>
   </div>
   <div class='ocr_carea' id='block_1_82' title="bbox 2155 3574 3730 3651">
    <p class='ocr_par' dir='ltr' id='par_1_82' title="bbox 2155 3574 3730 3651">
     <span class='ocr_line' id='line_1_82' title="bbox 2155 3574 3730 3651; baseline 0 -24"><span class='ocrx_word' id='word_1_694' title='bbox 2155 3574 2247 3628; x_wconf 84' lang='lat' dir='ltr'><strong>lux</strong></span> <span class='ocrx_word' id='word_1_695' title='bbox 2271 3576 2463 3630; x_wconf 90' lang='lat' dir='ltr'><strong>mundi</strong></span> <span class='ocrx_word' id='word_1_696' title='bbox 2483 3577 2747 3632; x_wconf 89' lang='lat' dir='ltr'><strong>dicuntur</strong></span> <span class='ocrx_word' id='word_1_697' title='bbox 2766 3595 2905 3645; x_wconf 89' lang='lat' dir='ltr'><strong>esse,</strong></span> <span class='ocrx_word' id='word_1_698' title='bbox 2924 3579 3193 3634; x_wconf 89' lang='lat' dir='ltr'><strong>alumine</strong></span> <span class='ocrx_word' id='word_1_699' title='bbox 3214 3579 3369 3651; x_wconf 91' lang='lat' dir='ltr'><strong>quod</strong></span> <span class='ocrx_word' id='word_1_700' title='bbox 3394 3586 3477 3633; x_wconf 90' lang='lat' dir='ltr'><strong>est</strong></span> <span class='ocrx_word' id='word_1_701' title='bbox 3498 3574 3730 3632; x_wconf 73' lang='lat' dir='ltr'><strong>Christus.</strong></span> 
     </span>
    </p>
   </div>
   <div class='ocr_carea' id='block_1_83' title="bbox 2157 3662 3732 3736">
    <p class='ocr_par' dir='ltr' id='par_1_83' title="bbox 2157 3662 3732 3736">
     <span class='ocr_line' id='line_1_83' title="bbox 2157 3662 3732 3736; baseline 0.003 -20"><span class='ocrx_word' id='word_1_702' title='bbox 2157 3663 2254 3717; x_wconf 89' lang='lat' dir='ltr'><strong>Est</strong></span> <span class='ocrx_word' id='word_1_703' title='bbox 2283 3662 2456 3734; x_wconf 84' lang='lat' dir='ltr'><strong>igitur</strong></span> <span class='ocrx_word' id='word_1_704' title='bbox 2482 3683 2779 3722; x_wconf 89' lang='lat' dir='ltr'><strong>commune</strong></span> <span class='ocrx_word' id='word_1_705' title='bbox 2802 3684 3025 3734; x_wconf 59' lang='lat' dir='ltr'><strong>nomen,</strong></span> <span class='ocrx_word' id='word_1_706' title='bbox 3060 3675 3124 3722; x_wconf 90' lang='lat' dir='ltr'><strong>ut</strong></span> <span class='ocrx_word' id='word_1_707' title='bbox 3156 3669 3347 3731; x_wconf 89' lang='lat' dir='ltr'><strong>aiunt,</strong></span> <span class='ocrx_word' id='word_1_708' title='bbox 3380 3669 3528 3721; x_wconf 88' lang='lat' dir='ltr'><strong>inter</strong></span> <span class='ocrx_word' id='word_1_709' title='bbox 3549 3662 3732 3736; x_wconf 72' lang='lat' dir='ltr'><strong>Syriam</strong></span> 
     </span>
    </p>
   </div>
   <div class='ocr_carea' id='block_1_84' title="bbox 2155 3752 3737 3828">
    <p class='ocr_par' dir='ltr' id='par_1_84' title="bbox 2155 3752 3737 3828">
     <span class='ocr_line' id='line_1_84' title="bbox 2155 3752 3737 3828; baseline -0.001 -23"><span class='ocrx_word' id='word_1_710' title='bbox 2155 3758 2212 3805; x_wconf 90' lang='lat' dir='ltr'><strong>et</strong></span> <span class='ocrx_word' id='word_1_711' title='bbox 2254 3753 2544 3808; x_wconf 73' lang='lat' dir='ltr'><strong>Hebraeum</strong></span> <span class='ocrx_word' id='word_1_712' title='bbox 2590 3755 2963 3828; x_wconf 78' lang='lat' dir='ltr'><strong>Latinumque</strong></span> <span class='ocrx_word' id='word_1_713' title='bbox 3008 3757 3296 3828; x_wconf 85' lang='lat' dir='ltr'><strong>linguam.</strong></span> <span class='ocrx_word' id='word_1_714' title='bbox 3353 3758 3424 3813; x_wconf 90' lang='lat' dir='ltr'><strong>Et</strong></span> <span class='ocrx_word' id='word_1_715' title='bbox 3466 3752 3737 3811; x_wconf 86' lang='lat' dir='ltr'><strong>notandum</strong></span> 
     </span>
    </p>
   </div>
   <div class='ocr_carea' id='block_1_85' title="bbox 2156 3841 3733 3919">
    <p class='ocr_par' dir='ltr' id='par_1_85' title="bbox 2156 3841 3733 3919">
     <span class='ocr_line' id='line_1_85' title="bbox 2156 3841 3733 3919; baseline 0.003 -26"><span class='ocrx_word' id='word_1_716' title='bbox 2156 3841 2301 3910; x_wconf 92' lang='lat' dir='ltr'><strong>quod</strong></span> <span class='ocrx_word' id='word_1_717' title='bbox 2335 3858 2444 3896; x_wconf 91' lang='lat' dir='ltr'><strong>non</strong></span> <span class='ocrx_word' id='word_1_718' title='bbox 2480 3843 2570 3895; x_wconf 91' lang='lat' dir='ltr'><strong>hic</strong></span> <span class='ocrx_word' id='word_1_719' title='bbox 2600 3843 2844 3914; x_wconf 91' lang='lat' dir='ltr'><strong>primum</strong></span> <span class='ocrx_word' id='word_1_720' title='bbox 2866 3845 2917 3898; x_wconf 91' lang='lat' dir='ltr'><strong>ei</strong></span> <span class='ocrx_word' id='word_1_721' title='bbox 2940 3846 3045 3899; x_wconf 87' lang='lat' dir='ltr'><strong>hoc</strong></span> <span class='ocrx_word' id='word_1_722' title='bbox 3070 3846 3419 3919; x_wconf 89' lang='lat' dir='ltr'><strong>impositum</strong></span> <span class='ocrx_word' id='word_1_723' title='bbox 3439 3850 3524 3900; x_wconf 88' lang='lat' dir='ltr'><strong>est</strong></span> <span class='ocrx_word' id='word_1_724' title='bbox 3544 3854 3733 3898; x_wconf 84' lang='lat' dir='ltr'><strong>nomen.</strong></span> 
     </span>
    </p>
   </div>
   <div class='ocr_carea' id='block_1_86' title="bbox 2152 3930 3747 4003">
    <p class='ocr_par' dir='ltr' id='par_1_86' title="bbox 2152 3930 3747 4003">
     <span class='ocr_line' id='line_1_86' title="bbox 2152 3930 3747 4003; baseline 0.004 -21"><span class='ocrx_word' id='word_1_725' title='bbox 2152 3930 2247 3983; x_wconf 88' lang='lat' dir='ltr'><strong>sed</strong></span> <span class='ocrx_word' id='word_1_726' title='bbox 2275 3930 2437 4001; x_wconf 88' lang='lat' dir='ltr'><strong>longe</strong></span> <span class='ocrx_word' id='word_1_727' title='bbox 2457 3948 2522 3985; x_wconf 88' lang='lat' dir='ltr'><strong>su</strong></span> <span class='ocrx_word' id='word_1_728' title='bbox 2532 3949 2629 4002; x_wconf 73' lang='lat' dir='ltr'><strong>pra</strong></span> <span class='ocrx_word' id='word_1_729' title='bbox 2639 3933 2805 4003; x_wconf 81' lang='lat' dir='ltr'><strong>juxta</strong></span> <span class='ocrx_word' id='word_1_730' title='bbox 2822 3935 3093 3989; x_wconf 90' lang='lat' dir='ltr'><strong>Joannem</strong></span> <span class='ocrx_word' id='word_1_731' title='bbox 3117 3936 3222 3991; x_wconf 88' lang='lat' dir='ltr'><strong>ubi</strong></span> <span class='ocrx_word' id='word_1_732' title='bbox 3246 3937 3497 3992; x_wconf 83' lang='lat' dir='ltr'><strong>adduxit</strong></span> <span class='ocrx_word' id='word_1_733' title='bbox 3517 3949 3636 3990; x_wconf 88' lang='lat' dir='ltr'><strong>eum</strong></span> <span class='ocrx_word' id='word_1_734' title='bbox 3655 3931 3747 3985; x_wconf 60' lang='lat' dir='ltr'><strong>Ant</strong></span> 
     </span>
    </p>
   </div>
   <div class='ocr_carea' id='block_1_87' title="bbox 2152 4018 3737 4096">
    <p class='ocr_par' dir='ltr' id='par_1_87' title="bbox 2152 4018 3737 4096">
     <span class='ocr_line' id='line_1_87' title="bbox 2152 4018 3737 4096; baseline 0.001 -23"><span class='ocrx_word' id='word_1_735' title='bbox 2152 4018 2315 4073; x_wconf 88' lang='lat' dir='ltr'><strong>dreas</strong></span> <span class='ocrx_word' id='word_1_736' title='bbox 2337 4021 2403 4074; x_wconf 90' lang='lat' dir='ltr'><strong>ad</strong></span> <span class='ocrx_word' id='word_1_737' title='bbox 2428 4021 2734 4077; x_wconf 87' lang='lat' dir='ltr'><strong>Christum.</strong></span> <span class='ocrx_word' id='word_1_738' title='bbox 2765 4025 2841 4078; x_wconf 89' lang='lat' dir='ltr'><strong>Tu</strong></span> <span class='ocrx_word' id='word_1_739' title='bbox 2868 4040 2941 4082; x_wconf 86' lang='lat' dir='ltr'><strong>es.</strong></span> <span class='ocrx_word' id='word_1_740' title='bbox 2971 4024 3181 4096; x_wconf 88' lang='lat' dir='ltr'><strong>inquit,</strong></span> <span class='ocrx_word' id='word_1_741' title='bbox 3205 4026 3415 4081; x_wconf 88' lang='lat' dir='ltr'><strong>Simon</strong></span> <span class='ocrx_word' id='word_1_742' title='bbox 3435 4025 3669 4081; x_wconf 79' lang='lat' dir='ltr'><strong>Joannis,</strong></span> <span class='ocrx_word' id='word_1_743' title='bbox 3691 4024 3737 4071; x_wconf 77' lang='lat' dir='ltr'><strong>tu</strong></span> 
     </span>
    </p>
   </div>
   <div class='ocr_carea' id='block_1_88' title="bbox 2150 4110 3740 4184">
    <p class='ocr_par' dir='ltr' id='par_1_88' title="bbox 2150 4110 3740 4184">
     <span class='ocr_line' id='line_1_88' title="bbox 2150 4110 3740 4184; baseline 0.006 -23"><span class='ocrx_word' id='word_1_744' title='bbox 2150 4110 2420 4164; x_wconf 84' lang='lat' dir='ltr'><strong>vocaberis</strong></span> <span class='ocrx_word' id='word_1_745' title='bbox 2450 4112 2670 4179; x_wconf 80' lang='lat' dir='ltr'><strong>Cephas,</strong></span> <span class='ocrx_word' id='word_1_746' title='bbox 2703 4114 3281 4184; x_wconf 84' lang='lat' dir='ltr'><strong>quodinterprctatur</strong></span> <span class='ocrx_word' id='word_1_747' title='bbox 3302 4119 3502 4171; x_wconf 83' lang='lat' dir='ltr'><strong>Petrus</strong></span> <span class='ocrx_word' id='word_1_748' title='bbox 3518 4112 3682 4184; x_wconf 85' lang='lat' dir='ltr'><strong>(Joan.</strong></span> <span class='ocrx_word' id='word_1_749' title='bbox 3706 4118 3740 4169; x_wconf 71' lang='grc' dir='ltr'><strong>ις</strong></span> 
     </span>
    </p>
   </div>
   <div class='ocr_carea' id='block_1_89' title="bbox 2149 4197 3744 4276">
    <p class='ocr_par' dir='ltr' id='par_1_89' title="bbox 2149 4197 3744 4276">
     <span class='ocr_line' id='line_1_89' title="bbox 2149 4197 3744 4276; baseline 0.001 -25"><span class='ocrx_word' id='word_1_750' title='bbox 2149 4197 2256 4261; x_wconf 71' lang='grc'><strong>42).</strong></span> <span class='ocrx_word' id='word_1_751' title='bbox 2294 4199 2364 4253; x_wconf 90' lang='lat' dir='ltr'><strong>Et</strong></span> <span class='ocrx_word' id='word_1_752' title='bbox 2387 4216 2498 4254; x_wconf 91' lang='lat' dir='ltr'><strong>non</strong></span> <span class='ocrx_word' id='word_1_753' title='bbox 2520 4200 2678 4268; x_wconf 81' lang='lat' dir='ltr'><strong>dixit,</strong></span> <span class='ocrx_word' id='word_1_754' title='bbox 2712 4208 2773 4256; x_wconf 91' lang='lat' dir='ltr'><strong>tu</strong></span> <span class='ocrx_word' id='word_1_755' title='bbox 2794 4201 3077 4257; x_wconf 87' lang='lat' dir='ltr'><strong>vocaberis</strong></span> <span class='ocrx_word' id='word_1_756' title='bbox 3110 4203 3357 4269; x_wconf 86' lang='lat' dir='ltr'><strong>Petrus,</strong></span> <span class='ocrx_word' id='word_1_757' title='bbox 3392 4222 3505 4276; x_wconf 92' lang='lat' dir='ltr'><strong>quo</strong></span> <span class='ocrx_word' id='word_1_758' title='bbox 3528 4204 3639 4275; x_wconf 89' lang='lat' dir='ltr'><strong>jam</strong></span> <span class='ocrx_word' id='word_1_759' title='bbox 3672 4211 3744 4249; x_wconf 72' lang='lat' dir='ltr'><strong>V0-</strong></span> 
     </span>
    </p>
   </div>
   <div class='ocr_carea' id='block_1_90' title="bbox 2148 4289 3745 4363">
    <p class='ocr_par' dir='ltr' id='par_1_90' title="bbox 2148 4289 3745 4363">
     <span class='ocr_line' id='line_1_90' title="bbox 2148 4289 3745 4363; baseline 0.002 -22"><span class='ocrx_word' id='word_1_760' title='bbox 2148 4293 2307 4343; x_wconf 90' lang='lat' dir='ltr'><strong>catus</strong></span> <span class='ocrx_word' id='word_1_761' title='bbox 2332 4295 2456 4344; x_wconf 89' lang='lat' dir='ltr'><strong>erat</strong></span> <span class='ocrx_word' id='word_1_762' title='bbox 2476 4289 2720 4356; x_wconf 87' lang='lat' dir='ltr'><strong>nomine,</strong></span> <span class='ocrx_word' id='word_1_763' title='bbox 2745 4290 2841 4345; x_wconf 89' lang='lat' dir='ltr'><strong>sed</strong></span> <span class='ocrx_word' id='word_1_764' title='bbox 2872 4291 2953 4346; x_wconf 87' lang='lat' dir='ltr'><strong>ait</strong></span> <span class='ocrx_word' id='word_1_765' title='bbox 2980 4291 3289 4363; x_wconf 86' lang='lat' dir='ltr'><strong>signanter</strong></span> <span class='ocrx_word' id='word_1_766' title='bbox 3313 4312 3327 4347; x_wconf 90' lang='lat'><strong>:</strong></span> <span class='ocrx_word' id='word_1_767' title='bbox 3368 4294 3451 4349; x_wconf 88' lang='lat' dir='ltr'><strong>Tu</strong></span> <span class='ocrx_word' id='word_1_768' title='bbox 3484 4308 3534 4347; x_wconf 87' lang='lat' dir='ltr'><strong>es</strong></span> <span class='ocrx_word' id='word_1_769' title='bbox 3563 4293 3745 4346; x_wconf 82' lang='lat' dir='ltr'><strong>Petrus.</strong></span> 
     </span>
    </p>
   </div>
   <div class='ocr_carea' id='block_1_91' title="bbox 473 4367 3748 4453">
    <p class='ocr_par' dir='ltr' id='par_1_91' title="bbox 473 4367 3748 4453">
     <span class='ocr_line' id='line_1_91' title="bbox 473 4367 3748 4453; baseline -0.001 -16"><span class='ocrx_word' id='word_1_770' title='bbox 473 4381 749 4438; x_wconf 85' lang='lat' dir='ltr'><strong>Bar-.’ona</strong></span> <span class='ocrx_word' id='word_1_771' title='bbox 802 4378 1039 4447; x_wconf 84' lang='lat' dir='ltr'><strong>legatur,</strong></span> <span class='ocrx_word' id='word_1_772' title='bbox 1087 4374 1217 4428; x_wconf 88' lang='lat' dir='ltr'><strong>inde</strong></span> <span class='ocrx_word' id='word_1_773' title='bbox 1272 4374 1523 4427; x_wconf 87' lang='lat' dir='ltr'><strong>detracta</strong></span> <span class='ocrx_word' id='word_1_774' title='bbox 1563 4374 1794 4446; x_wconf 86' lang='lat' dir='ltr'><strong>syllaba.</strong></span> <span class='ocrx_word' id='word_1_775' title='bbox 1849 4367 2129 4433; x_wconf 86' lang='lat' dir='ltr'><strong>JoannaD</strong></span> <span class='ocrx_word' id='word_1_776' title='bbox 2153 4384 2200 4431; x_wconf 90' lang='lat' dir='ltr'><strong>et</strong></span> <span class='ocrx_word' id='word_1_777' title='bbox 2221 4394 2383 4447; x_wconf 84' lang='lat' dir='ltr'><strong>super</strong></span> <span class='ocrx_word' id='word_1_778' title='bbox 2403 4379 2544 4433; x_wconf 87' lang='lat' dir='ltr'><strong>hanc</strong></span> <span class='ocrx_word' id='word_1_779' title='bbox 2559 4386 2794 4449; x_wconf 85' lang='lat' dir='ltr'><strong>petram.</strong></span> <span class='ocrx_word' id='word_1_780' title='bbox 2812 4398 2846 4435; x_wconf 92' lang='lat' dir='ltr'><strong>a</strong></span> <span class='ocrx_word' id='word_1_781' title='bbox 2866 4398 2978 4452; x_wconf 89' lang='lat' dir='ltr'><strong>qua</strong></span> <span class='ocrx_word' id='word_1_782' title='bbox 2997 4389 3159 4453; x_wconf 86' lang='lat' dir='ltr'><strong>petra</strong></span> <span class='ocrx_word' id='word_1_783' title='bbox 3185 4384 3385 4439; x_wconf 85' lang='lat' dir='ltr'><strong>factus</strong></span> <span class='ocrx_word' id='word_1_784' title='bbox 3405 4399 3489 4448; x_wconf 88' lang='lat' dir='ltr'><strong>es,</strong></span> <span class='ocrx_word' id='word_1_785' title='bbox 3511 4375 3748 4446; x_wconf 64' lang='lat' dir='ltr'><strong>adifiwa</strong></span> 
     </span>
    </p>
   </div>
   <div class='ocr_carea' id='block_1_92' title="bbox 473 4460 2067 4534">
    <p class='ocr_par' dir='ltr' id='par_1_92' title="bbox 473 4460 2067 4534">
     <span class='ocr_line' id='line_1_92' title="bbox 473 4460 2067 4534; baseline -0.005 -12"><span class='ocrx_word' id='word_1_786' title='bbox 473 4473 667 4529; x_wconf 84' lang='lat' dir='ltr'><strong>autem</strong></span> <span class='ocrx_word' id='word_1_787' title='bbox 693 4465 1100 4534; x_wconf 83' lang='lat' dir='ltr'><strong>interpretatur</strong></span> <span class='ocrx_word' id='word_1_788' title='bbox 1130 4462 1353 4514; x_wconf 81' lang='lat' dir='ltr'><strong>Domini</strong></span> <span class='ocrx_word' id='word_1_789' title='bbox 1386 4461 1591 4527; x_wconf 87' lang='lat' dir='ltr'><strong>gratia,</strong></span> <span class='ocrx_word' id='word_1_790' title='bbox 1623 4460 1767 4513; x_wconf 89' lang='lat' dir='ltr'><strong>Jona</strong></span> <span class='ocrx_word' id='word_1_791' title='bbox 1811 4478 1959 4529; x_wconf 87' lang='lat' dir='ltr'><strong>vero,</strong></span> <span class='ocrx_word' id='word_1_792' title='bbox 2004 4472 2067 4518; x_wconf 87' lang='lat' dir='ltr'><strong>ut</strong></span> 
     </span>
    </p>
   </div>
   <div class='ocr_carea' id='block_1_93' title="bbox 473 4550 2068 4621">
    <p class='ocr_par' dir='ltr' id='par_1_93' title="bbox 473 4550 2068 4621">
     <span class='ocr_line' id='line_1_93' title="bbox 473 4550 2068 4621; baseline -0.002 -11"><span class='ocrx_word' id='word_1_793' title='bbox 473 4556 608 4617; x_wconf 80' lang='lat' dir='ltr'><strong>dixi.</strong></span> <span class='ocrx_word' id='word_1_794' title='bbox 642 4556 911 4609; x_wconf 86' lang='lat' dir='ltr'><strong>columba.</strong></span> <span class='ocrx_word' id='word_1_795' title='bbox 947 4550 1053 4606; x_wconf 89' lang='lat' dir='ltr'><strong>Sed</strong></span> <span class='ocrx_word' id='word_1_796' title='bbox 1086 4555 1389 4619; x_wconf 87' lang='lat' dir='ltr'><strong>utrumque</strong></span> <span class='ocrx_word' id='word_1_797' title='bbox 1421 4565 1626 4603; x_wconf 89' lang='lat' dir='ltr'><strong>nomen</strong></span> <span class='ocrx_word' id='word_1_798' title='bbox 1650 4550 1880 4621; x_wconf 88' lang='lat' dir='ltr'><strong>mystice</strong></span> <span class='ocrx_word' id='word_1_799' title='bbox 1909 4551 2068 4608; x_wconf 90' lang='lat' dir='ltr'><strong>intel-</strong></span> 
     </span>
    </p>
   </div>
   <div class='ocr_carea' id='block_1_94' title="bbox 471 4637 2068 4716">
    <p class='ocr_par' dir='ltr' id='par_1_94' title="bbox 471 4637 2068 4716">
     <span class='ocr_line' id='line_1_94' title="bbox 471 4637 2068 4716; baseline -0.003 -16"><span class='ocrx_word' id='word_1_800' title='bbox 471 4644 573 4716; x_wconf 87' lang='lat' dir='ltr'><strong>ligi</strong></span> <span class='ocrx_word' id='word_1_801' title='bbox 601 4648 803 4716; x_wconf 88' lang='lat' dir='ltr'><strong>potest,</strong></span> <span class='ocrx_word' id='word_1_802' title='bbox 839 4642 916 4696; x_wconf 82' lang='lat' dir='ltr'><strong>ita</strong></span> <span class='ocrx_word' id='word_1_803' title='bbox 955 4646 1021 4695; x_wconf 91' lang='lat' dir='ltr'><strong>ut</strong></span> <span class='ocrx_word' id='word_1_804' title='bbox 1049 4644 1106 4694; x_wconf 90' lang='lat' dir='ltr'><strong>et</strong></span> <span class='ocrx_word' id='word_1_805' title='bbox 1128 4637 1385 4693; x_wconf 90' lang='lat' dir='ltr'><strong>columba</strong></span> <span class='ocrx_word' id='word_1_806' title='bbox 1414 4637 1685 4710; x_wconf 88' lang='lat' dir='ltr'><strong>Spiritum</strong></span> <span class='ocrx_word' id='word_1_807' title='bbox 1712 4649 1988 4706; x_wconf 88' lang='lat' dir='ltr'><strong>sanctum,</strong></span> <span class='ocrx_word' id='word_1_808' title='bbox 2011 4648 2068 4697; x_wconf 90' lang='lat' dir='ltr'><strong>et</strong></span> 
     </span>
    </p>
   </div>
   <div class='ocr_carea' id='block_1_95' title="bbox 469 4728 2068 4806">
    <p class='ocr_par' dir='ltr' id='par_1_95' title="bbox 469 4728 2068 4806">
     <span class='ocr_line' id='line_1_95' title="bbox 469 4728 2068 4806; baseline -0.002 -18"><span class='ocrx_word' id='word_1_809' title='bbox 469 4733 713 4806; x_wconf 84' lang='lat' dir='ltr'><strong>gratiam</strong></span> <span class='ocrx_word' id='word_1_810' title='bbox 732 4731 946 4802; x_wconf 90' lang='lat' dir='ltr'><strong>Deique</strong></span> <span class='ocrx_word' id='word_1_811' title='bbox 963 4730 1173 4785; x_wconf 90' lang='lat' dir='ltr'><strong>donum</strong></span> <span class='ocrx_word' id='word_1_812' title='bbox 1192 4728 1470 4799; x_wconf 87' lang='lat' dir='ltr'><strong>signiﬁcet</strong></span> <span class='ocrx_word' id='word_1_813' title='bbox 1487 4728 1739 4799; x_wconf 88' lang='lat' dir='ltr'><strong>spiritale</strong></span> <span class='ocrx_word' id='word_1_814' title='bbox 1763 4731 1897 4785; x_wconf 90' lang='lat' dir='ltr'><strong>illud</strong></span> <span class='ocrx_word' id='word_1_815' title='bbox 1919 4732 2068 4801; x_wconf 91' lang='lat' dir='ltr'><strong>quod</strong></span> 
     </span>
    </p>
   </div>
   <div class='ocr_carea' id='block_1_96' title="bbox 470 4821 2065 4891">
    <p class='ocr_par' dir='ltr' id='par_1_96' title="bbox 470 4821 2065 4891">
     <span class='ocr_line' id='line_1_96' title="bbox 470 4821 2065 4891; baseline -0.002 -13"><span class='ocrx_word' id='word_1_816' title='bbox 470 4824 555 4890; x_wconf 85' lang='lat' dir='ltr'><strong>ait</strong></span> <span class='ocrx_word' id='word_1_817' title='bbox 578 4842 590 4876; x_wconf 91' lang='lat'>:</span> <span class='ocrx_word' id='word_1_818' title='bbox 627 4822 767 4889; x_wconf 86' lang='lat' dir='ltr'><strong>Quia</strong></span> <span class='ocrx_word' id='word_1_819' title='bbox 793 4837 920 4875; x_wconf 90' lang='lat' dir='ltr'><strong>caro</strong></span> <span class='ocrx_word' id='word_1_820' title='bbox 942 4824 992 4873; x_wconf 87' lang='lat' dir='ltr'><strong>et</strong></span> <span class='ocrx_word' id='word_1_821' title='bbox 1018 4821 1247 4888; x_wconf 82' lang='lat' dir='ltr'><strong>sanguis</strong></span> <span class='ocrx_word' id='word_1_822' title='bbox 1269 4835 1381 4872; x_wconf 82' lang='lat' dir='ltr'><strong>non</strong></span> <span class='ocrx_word' id='word_1_823' title='bbox 1405 4821 1664 4874; x_wconf 75' lang='lat' dir='ltr'><strong>reuelauit</strong></span> <span class='ocrx_word' id='word_1_824' title='bbox 1688 4822 1807 4873; x_wconf 88' lang='lat' dir='ltr'><strong>tibi.</strong></span> <span class='ocrx_word' id='word_1_825' title='bbox 1830 4822 2065 4891; x_wconf 87' lang='lat' dir='ltr'><strong>Aposto-</strong></span> 
     </span>
    </p>
   </div>
   <div class='ocr_carea' id='block_1_97' title="bbox 469 4905 2063 4978">
    <p class='ocr_par' dir='ltr' id='par_1_97' title="bbox 469 4905 2063 4978">
     <span class='ocr_line' id='line_1_97' title="bbox 469 4905 2063 4978; baseline -0.002 -11"><span class='ocrx_word' id='word_1_826' title='bbox 469 4910 590 4967; x_wconf 61' lang='lat' dir='ltr'><strong>lica;</strong></span> <span class='ocrx_word' id='word_1_827' title='bbox 617 4907 927 4965; x_wconf 89' lang='lat' dir='ltr'><strong>narrationi</strong></span> <span class='ocrx_word' id='word_1_828' title='bbox 955 4922 1217 4978; x_wconf 89' lang='lat' dir='ltr'><strong>compara</strong></span> <span class='ocrx_word' id='word_1_829' title='bbox 1246 4922 1368 4977; x_wconf 82' lang='lat' dir='ltr'><strong>quae</strong></span> <span class='ocrx_word' id='word_1_830' title='bbox 1392 4905 1474 4960; x_wconf 90' lang='lat' dir='ltr'><strong>ait</strong></span> <span class='ocrx_word' id='word_1_831' title='bbox 1497 4919 1508 4951; x_wconf 77' lang='grc' dir='ltr'><strong>ε</strong></span> <span class='ocrx_word' id='word_1_832' title='bbox 1541 4908 1814 4961; x_wconf 77' lang='lat' dir='ltr'><strong>Continuo</strong></span> <span class='ocrx_word' id='word_1_833' title='bbox 1838 4926 1950 4962; x_wconf 84' lang='lat' dir='ltr'><strong>non</strong></span> <span class='ocrx_word' id='word_1_834' title='bbox 1976 4926 2063 4965; x_wconf 86' lang='lat' dir='ltr'><strong>ac-</strong></span> 
     </span>
    </p>
   </div>
   <div class='ocr_carea' id='block_1_98' title="bbox 469 4994 2064 5072">
    <p class='ocr_par' dir='ltr' id='par_1_98' title="bbox 469 4994 2064 5072">
     <span class='ocr_line' id='line_1_98' title="bbox 469 4994 2064 5072; baseline -0.002 -16"><span class='ocrx_word' id='word_1_835' title='bbox 469 5002 836 5072; x_wconf 79' lang='lat' dir='ltr'><strong>quieuicarni</strong></span> <span class='ocrx_word' id='word_1_836' title='bbox 855 5002 904 5051; x_wconf 90' lang='lat' dir='ltr'><strong>et</strong></span> <span class='ocrx_word' id='word_1_837' title='bbox 930 4998 1203 5063; x_wconf 87' lang='lat' dir='ltr'><strong>sanguini</strong></span> <span class='ocrx_word' id='word_1_838' title='bbox 1232 4995 1370 5061; x_wconf 80' lang='lat' dir='ltr'><strong>(Gal.</strong></span> <span class='ocrx_word' id='word_1_839' title='bbox 1398 5013 1434 5050; x_wconf 79' lang='grc' dir='ltr'><strong>ι.</strong></span> <span class='ocrx_word' id='word_1_840' title='bbox 1466 4994 1581 5063; x_wconf 82' lang='grc'><strong>16),</strong></span> <span class='ocrx_word' id='word_1_841' title='bbox 1623 5013 1847 5051; x_wconf 89' lang='lat' dir='ltr'><strong>carnem</strong></span> <span class='ocrx_word' id='word_1_842' title='bbox 1891 4998 1966 5052; x_wconf 91' lang='lat' dir='ltr'><strong>ibi</strong></span> <span class='ocrx_word' id='word_1_843' title='bbox 2007 5005 2064 5053; x_wconf 90' lang='lat' dir='ltr'><strong>et</strong></span> 
     </span>
    </p>
   </div>
   <div class='ocr_carea' id='block_1_99' title="bbox 468 5084 2062 5161">
    <p class='ocr_par' dir='ltr' id='par_1_99' title="bbox 468 5084 2062 5161">
     <span class='ocr_line' id='line_1_99' title="bbox 468 5084 2062 5161; baseline -0.003 -15"><span class='ocrx_word' id='word_1_844' title='bbox 468 5089 805 5161; x_wconf 84' lang='lat' dir='ltr'><strong>sanguinem</strong></span> <span class='ocrx_word' id='word_1_845' title='bbox 825 5086 1047 5141; x_wconf 84' lang='lat' dir='ltr'><strong>Judaeos</strong></span> <span class='ocrx_word' id='word_1_846' title='bbox 1063 5084 1311 5153; x_wconf 88' lang='lat' dir='ltr'><strong>signans.</strong></span> <span class='ocrx_word' id='word_1_847' title='bbox 1336 5085 1496 5139; x_wconf 82' lang='lat' dir='ltr'><strong>Unde</strong></span> <span class='ocrx_word' id='word_1_848' title='bbox 1513 5085 1826 5140; x_wconf 86' lang='lat' dir='ltr'><strong>ostenditur</strong></span> <span class='ocrx_word' id='word_1_849' title='bbox 1847 5087 1994 5157; x_wconf 92' lang='lat' dir='ltr'><strong>quod</strong></span> <span class='ocrx_word' id='word_1_850' title='bbox 2010 5087 2062 5141; x_wconf 91' lang='lat' dir='ltr'><strong>ei</strong></span> 
     </span>
    </p>
   </div>
   <div class='ocr_carea' id='block_1_100' title="bbox 468 5173 2058 5250">
    <p class='ocr_par' dir='ltr' id='par_1_100' title="bbox 468 5173 2058 5250">
     <span class='ocr_line' id='line_1_100' title="bbox 468 5173 2058 5250; baseline -0.004 -15"><span class='ocrx_word' id='word_1_851' title='bbox 468 5195 580 5235; x_wconf 90' lang='lat' dir='ltr'><strong>non</strong></span> <span class='ocrx_word' id='word_1_852' title='bbox 597 5175 1017 5250; x_wconf 81' lang='lat' dir='ltr'><strong>perdoctrinam</strong></span> <span class='ocrx_word' id='word_1_853' title='bbox 1041 5173 1467 5235; x_wconf 81' lang='lat' dir='ltr'><strong>Pharisaeorum,</strong></span> <span class='ocrx_word' id='word_1_854' title='bbox 1483 5174 1577 5228; x_wconf 90' lang='lat' dir='ltr'><strong>sed</strong></span> <span class='ocrx_word' id='word_1_855' title='bbox 1598 5175 2058 5245; x_wconf 83' lang='lat' dir='ltr'><strong>perDeigratiam</strong></span> 
     </span>
    </p>
   </div>
   <div class='ocr_carea' id='block_1_101' title="bbox 469 5262 2059 5323">
    <p class='ocr_par' dir='ltr' id='par_1_101' title="bbox 469 5262 2059 5323">
     <span class='ocr_line' id='line_1_101' title="bbox 469 5262 2059 5323; baseline -0.003 0"><span class='ocrx_word' id='word_1_856' title='bbox 469 5269 725 5323; x_wconf 84' lang='lat' dir='ltr'><strong>Christus</strong></span> <span class='ocrx_word' id='word_1_857' title='bbox 754 5265 854 5320; x_wconf 91' lang='lat' dir='ltr'><strong>Dei</strong></span> <span class='ocrx_word' id='word_1_858' title='bbox 879 5263 1049 5318; x_wconf 88' lang='lat' dir='ltr'><strong>Filius</strong></span> <span class='ocrx_word' id='word_1_859' title='bbox 1068 5262 1118 5315; x_wconf 91' lang='lat' dir='ltr'><strong>ei</strong></span> <span class='ocrx_word' id='word_1_860' title='bbox 1151 5263 1427 5316; x_wconf 86' lang='lat' dir='ltr'><strong>revelatus</strong></span> <span class='ocrx_word' id='word_1_861' title='bbox 1446 5263 1536 5317; x_wconf 90' lang='lat' dir='ltr'><strong>sit.</strong></span> <span class='ocrx_word' id='word_1_862' title='bbox 1567 5265 1635 5318; x_wconf 87' lang='lat' dir='ltr'><strong>Et</strong></span> <span class='ocrx_word' id='word_1_863' title='bbox 1655 5270 1715 5318; x_wconf 92' lang='lat' dir='ltr'><strong>ut</strong></span> <span class='ocrx_word' id='word_1_864' title='bbox 1747 5265 1931 5319; x_wconf 82' lang='lat' dir='ltr'><strong>verius</strong></span> <span class='ocrx_word' id='word_1_865' title='bbox 1978 5267 2059 5319; x_wconf 86' lang='lat' dir='ltr'><strong>fa-</strong></span> 
     </span>
    </p>
   </div>
   <div class='ocr_carea' id='block_1_102' title="bbox 467 5350 2060 5425">
    <p class='ocr_par' dir='ltr' id='par_1_102' title="bbox 467 5350 2060 5425">
     <span class='ocr_line' id='line_1_102' title="bbox 467 5350 2060 5425; baseline -0.002 -15"><span class='ocrx_word' id='word_1_866' title='bbox 467 5361 609 5415; x_wconf 87' lang='lat' dir='ltr'><strong>tear.</strong></span> <span class='ocrx_word' id='word_1_867' title='bbox 634 5370 817 5425; x_wconf 88' lang='lat' dir='ltr'><strong>neque</strong></span> <span class='ocrx_word' id='word_1_868' title='bbox 839 5352 909 5406; x_wconf 81' lang='lat' dir='ltr'><strong>ab</strong></span> <span class='ocrx_word' id='word_1_869' title='bbox 942 5350 1185 5412; x_wconf 87' lang='lat' dir='ltr'><strong>homine,</strong></span> <span class='ocrx_word' id='word_1_870' title='bbox 1212 5367 1393 5419; x_wconf 88' lang='lat' dir='ltr'><strong>neque</strong></span> <span class='ocrx_word' id='word_1_871' title='bbox 1439 5368 1537 5421; x_wconf 90' lang='lat' dir='ltr'><strong>per</strong></span> <span class='ocrx_word' id='word_1_872' title='bbox 1568 5352 1868 5417; x_wconf 86' lang='lat' dir='ltr'><strong>hominem,</strong></span> <span class='ocrx_word' id='word_1_873' title='bbox 1918 5356 2060 5409; x_wconf 86' lang='lat' dir='ltr'><strong>hanc</strong></span> 
     </span>
    </p>
   </div>
   <div class='ocr_carea' id='block_1_103' title="bbox 466 5439 2062 5515">
    <p class='ocr_par' dir='ltr' id='par_1_103' title="bbox 466 5439 2062 5515">
     <span class='ocr_line' id='line_1_103' title="bbox 466 5439 2062 5515; baseline -0.001 -15"><span class='ocrx_word' id='word_1_874' title='bbox 466 5444 666 5502; x_wconf 86' lang='lat' dir='ltr'><strong>habuit</strong></span> <span class='ocrx_word' id='word_1_875' title='bbox 682 5443 944 5515; x_wconf 85' lang='lat' dir='ltr'><strong>gratiam.</strong></span> <span class='ocrx_word' id='word_1_876' title='bbox 978 5456 1160 5511; x_wconf 75' lang='lat' dir='ltr'><strong>neque</strong></span> <span class='ocrx_word' id='word_1_877' title='bbox 1182 5439 1309 5493; x_wconf 90' lang='lat' dir='ltr'><strong>ullis</strong></span> <span class='ocrx_word' id='word_1_878' title='bbox 1342 5440 1599 5494; x_wconf 79' lang='lat' dir='ltr'><strong>humanis</strong></span> <span class='ocrx_word' id='word_1_879' title='bbox 1629 5444 1900 5507; x_wconf 81' lang='lat' dir='ltr'><strong>sensibus,</strong></span> <span class='ocrx_word' id='word_1_880' title='bbox 1921 5445 2062 5499; x_wconf 85' lang='lat' dir='ltr'><strong>hanc</strong></span> 
     </span>
    </p>
   </div>
   <div class='ocr_carea' id='block_1_104' title="bbox 452 5528 2061 5605">
    <p class='ocr_par' dir='ltr' id='par_1_104' title="bbox 452 5528 2061 5605">
     <span class='ocr_line' id='line_1_104' title="bbox 452 5528 2061 5605; baseline -0.002 -13"><span class='ocrx_word' id='word_1_881' title='bbox 452 5533 663 5592; x_wconf 75' lang='lat' dir='ltr'><strong>didicit</strong></span> <span class='ocrx_word' id='word_1_882' title='bbox 680 5532 1016 5600; x_wconf 71' lang='lat' dir='ltr'><strong>doctrinam,</strong></span> <span class='ocrx_word' id='word_1_883' title='bbox 1040 5529 1309 5605; x_wconf 88' lang='lat' dir='ltr'><strong>quoniam</strong></span> <span class='ocrx_word' id='word_1_884' title='bbox 1320 5528 1464 5584; x_wconf 92' lang='lat' dir='ltr'><strong>sicut</strong></span> <span class='ocrx_word' id='word_1_885' title='bbox 1481 5531 1677 5586; x_wconf 85' lang='lat' dir='ltr'><strong>:Nemo</strong></span> <span class='ocrx_word' id='word_1_886' title='bbox 1690 5536 1840 5589; x_wconf 73' lang='lat' dir='ltr'><strong>novit</strong></span> <span class='ocrx_word' id='word_1_887' title='bbox 1854 5533 2061 5590; x_wconf 81' lang='lat' dir='ltr'><strong>Filium</strong></span> 
     </span>
    </p>
   </div>
   <div class='ocr_carea' id='block_1_105' title="bbox 2149 4467 3750 4542">
    <p class='ocr_par' dir='ltr' id='par_1_105' title="bbox 2149 4467 3750 4542">
     <span class='ocr_line' id='line_1_105' title="bbox 2149 4467 3750 4542; baseline -0.001 -22"><span class='ocrx_word' id='word_1_888' title='bbox 2149 4467 2444 4522; x_wconf 78' lang='lat' dir='ltr'><strong>Ecclesium</strong></span> <span class='ocrx_word' id='word_1_889' title='bbox 2473 4485 2675 4525; x_wconf 86' lang='lat' dir='ltr'><strong>meam.</strong></span> <span class='ocrx_word' id='word_1_890' title='bbox 2710 4470 2834 4525; x_wconf 88' lang='lat' dir='ltr'><strong>Non</strong></span> <span class='ocrx_word' id='word_1_891' title='bbox 2853 4471 3154 4542; x_wconf 89' lang='lat' dir='ltr'><strong>quodjam,</strong></span> <span class='ocrx_word' id='word_1_892' title='bbox 3184 4480 3257 4528; x_wconf 89' lang='lat' dir='ltr'><strong>ut</strong></span> <span class='ocrx_word' id='word_1_893' title='bbox 3283 4473 3429 4541; x_wconf 79' lang='lat' dir='ltr'><strong>dixi,</strong></span> <span class='ocrx_word' id='word_1_894' title='bbox 3451 4478 3569 4527; x_wconf 76' lang='lat' dir='ltr'><strong>tam</strong></span> <span class='ocrx_word' id='word_1_895' title='bbox 3584 4469 3750 4523; x_wconf 82' lang='lat' dir='ltr'><strong>ﬁrmus</strong></span> 
     </span>
    </p>
   </div>
   <div class='ocr_carea' id='block_1_106' title="bbox 2150 4557 3750 4629">
    <p class='ocr_par' dir='ltr' id='par_1_106' title="bbox 2150 4557 3750 4629">
     <span class='ocr_line' id='line_1_106' title="bbox 2150 4557 3750 4629; baseline 0.004 -20"><span class='ocrx_word' id='word_1_896' title='bbox 2150 4562 2317 4624; x_wconf 77' lang='lat' dir='ltr'><strong>esset,</strong></span> <span class='ocrx_word' id='word_1_897' title='bbox 2365 4558 2462 4611; x_wconf 91' lang='lat' dir='ltr'><strong>sed</strong></span> <span class='ocrx_word' id='word_1_898' title='bbox 2492 4559 2640 4629; x_wconf 90' lang='lat' dir='ltr'><strong>quod</strong></span> <span class='ocrx_word' id='word_1_899' title='bbox 2681 4559 2932 4614; x_wconf 73' lang='lat' dir='ltr'><strong>futurum</strong></span> <span class='ocrx_word' id='word_1_900' title='bbox 2973 4566 3097 4615; x_wconf 89' lang='lat' dir='ltr'><strong>erat</strong></span> <span class='ocrx_word' id='word_1_901' title='bbox 3133 4568 3207 4616; x_wconf 90' lang='lat' dir='ltr'><strong>ut</strong></span> <span class='ocrx_word' id='word_1_902' title='bbox 3238 4564 3414 4618; x_wconf 89' lang='lat' dir='ltr'><strong>ﬁeret</strong></span> <span class='ocrx_word' id='word_1_903' title='bbox 3463 4579 3499 4616; x_wconf 91' lang='lat' dir='ltr'><strong>a</strong></span> <span class='ocrx_word' id='word_1_904' title='bbox 3537 4557 3750 4615; x_wconf 64' lang='lat' dir='ltr'><strong>Christo.</strong></span> 
     </span>
    </p>
   </div>
   <div class='ocr_carea' id='block_1_107' title="bbox 2150 4646 3754 4723">
    <p class='ocr_par' dir='ltr' id='par_1_107' title="bbox 2150 4646 3754 4723">
     <span class='ocr_line' id='line_1_107' title="bbox 2150 4646 3754 4723; baseline 0.006 -25"><span class='ocrx_word' id='word_1_905' title='bbox 2150 4646 2257 4712; x_wconf 87' lang='lat' dir='ltr'><strong>Qui</strong></span> <span class='ocrx_word' id='word_1_906' title='bbox 2287 4652 2434 4701; x_wconf 80' lang='lat' dir='ltr'><strong>rocat</strong></span> <span class='ocrx_word' id='word_1_907' title='bbox 2460 4662 2522 4702; x_wconf 86' lang='lat' dir='ltr'><strong>ea</strong></span> <span class='ocrx_word' id='word_1_908' title='bbox 2550 4665 2668 4718; x_wconf 63' lang='lat' dir='ltr'><strong>quae</strong></span> <span class='ocrx_word' id='word_1_909' title='bbox 2692 4666 2804 4703; x_wconf 88' lang='lat' dir='ltr'><strong>non</strong></span> <span class='ocrx_word' id='word_1_910' title='bbox 2832 4656 2982 4718; x_wconf 88' lang='lat' dir='ltr'><strong>sunt,</strong></span> <span class='ocrx_word' id='word_1_911' title='bbox 3018 4658 3310 4721; x_wconf 86' lang='lat' dir='ltr'><strong>tanquam</strong></span> <span class='ocrx_word' id='word_1_912' title='bbox 3348 4669 3415 4707; x_wconf 86' lang='lat' dir='ltr'><strong>ea</strong></span> <span class='ocrx_word' id='word_1_913' title='bbox 3447 4666 3566 4723; x_wconf 64' lang='lat' dir='ltr'><strong>qua</strong></span> <span class='ocrx_word' id='word_1_914' title='bbox 3589 4647 3754 4714; x_wconf 57' lang='grc' dir='ltr'><strong>(ὶθῦ</strong></span> 
     </span>
    </p>
   </div>
   <div class='ocr_carea' id='block_1_108' title="bbox 2149 4735 3759 4812">
    <p class='ocr_par' dir='ltr' id='par_1_108' title="bbox 2149 4735 3759 4812">
     <span class='ocr_line' id='line_1_108' title="bbox 2149 4735 3759 4812; baseline -0.001 -25"><span class='ocrx_word' id='word_1_915' title='bbox 2149 4740 2280 4789; x_wconf 85' lang='lat' dir='ltr'><strong>sunt</strong></span> <span class='ocrx_word' id='word_1_916' title='bbox 2308 4737 2474 4805; x_wconf 82' lang='lat' dir='ltr'><strong>(Rom.</strong></span> <span class='ocrx_word' id='word_1_917' title='bbox 2508 4755 2577 4805; x_wconf 82' lang='lat' dir='ltr'><strong>Iv,</strong></span> <span class='ocrx_word' id='word_1_918' title='bbox 2610 4737 2722 4808; x_wconf 72' lang='grc'><strong>47).</strong></span> <span class='ocrx_word' id='word_1_919' title='bbox 2750 4740 2821 4794; x_wconf 91' lang='lat' dir='ltr'><strong>Et</strong></span> <span class='ocrx_word' id='word_1_920' title='bbox 2847 4757 2949 4812; x_wconf 89' lang='lat' dir='ltr'><strong>per</strong></span> <span class='ocrx_word' id='word_1_921' title='bbox 2972 4740 3258 4812; x_wconf 88' lang='lat' dir='ltr'><strong>Spiritum</strong></span> <span class='ocrx_word' id='word_1_922' title='bbox 3294 4748 3567 4798; x_wconf 87' lang='lat' dir='ltr'><strong>sanctum</strong></span> <span class='ocrx_word' id='word_1_923' title='bbox 3586 4738 3660 4792; x_wconf 86' lang='lat' dir='ltr'><strong>ita</strong></span> <span class='ocrx_word' id='word_1_924' title='bbox 3685 4735 3759 4788; x_wconf 87' lang='lat' dir='ltr'><strong>ﬁr-</strong></span> 
     </span>
    </p>
   </div>
   <div class='ocr_carea' id='block_1_109' title="bbox 2149 4826 3755 4904">
    <p class='ocr_par' dir='ltr' id='par_1_109' title="bbox 2149 4826 3755 4904">
     <span class='ocr_line' id='line_1_109' title="bbox 2149 4826 3755 4904; baseline -0.001 -27"><span class='ocrx_word' id='word_1_925' title='bbox 2149 4829 2427 4879; x_wconf 89' lang='lat' dir='ltr'><strong>maretur:</strong></span> <span class='ocrx_word' id='word_1_926' title='bbox 2463 4828 2523 4880; x_wconf 90' lang='lat' dir='ltr'><strong>Ut</strong></span> <span class='ocrx_word' id='word_1_927' title='bbox 2537 4844 2705 4897; x_wconf 89' lang='lat' dir='ltr'><strong>neque</strong></span> <span class='ocrx_word' id='word_1_928' title='bbox 2719 4846 2887 4894; x_wconf 87' lang='lat' dir='ltr'><strong>mors,</strong></span> <span class='ocrx_word' id='word_1_929' title='bbox 2906 4847 3076 4901; x_wconf 83' lang='lat' dir='ltr'><strong>neque</strong></span> <span class='ocrx_word' id='word_1_930' title='bbox 3096 4835 3227 4885; x_wconf 78' lang='lat' dir='ltr'><strong>vita</strong></span> <span class='ocrx_word' id='word_1_931' title='bbox 3280 4848 3467 4904; x_wconf 82' lang='lat' dir='ltr'><strong>neque</strong></span> <span class='ocrx_word' id='word_1_932' title='bbox 3483 4826 3755 4885; x_wconf 81' lang='lat' dir='ltr'><strong>instantia,</strong></span> 
     </span>
    </p>
   </div>
   <div class='ocr_carea' id='block_1_110' title="bbox 2146 4918 3762 4990">
    <p class='ocr_par' dir='ltr' id='par_1_110' title="bbox 2146 4918 3762 4990">
     <span class='ocr_line' id='line_1_110' title="bbox 2146 4918 3762 4990; baseline 0.006 -24"><span class='ocrx_word' id='word_1_933' title='bbox 2146 4929 2315 4983; x_wconf 78' lang='lat' dir='ltr'><strong>neque.</strong></span> <span class='ocrx_word' id='word_1_934' title='bbox 2330 4918 2552 4982; x_wconf 81' lang='lat' dir='ltr'><strong>futura,</strong></span> <span class='ocrx_word' id='word_1_935' title='bbox 2568 4934 2735 4987; x_wconf 86' lang='lat' dir='ltr'><strong>neque</strong></span> <span class='ocrx_word' id='word_1_936' title='bbox 2747 4920 2869 4972; x_wconf 86' lang='lat' dir='ltr'><strong>ulla</strong></span> <span class='ocrx_word' id='word_1_937' title='bbox 2892 4925 3152 4976; x_wconf 87' lang='lat' dir='ltr'><strong>creatura</strong></span> <span class='ocrx_word' id='word_1_938' title='bbox 3168 4929 3363 4990; x_wconf 80' lang='lat' dir='ltr'><strong>posset</strong></span> <span class='ocrx_word' id='word_1_939' title='bbox 3376 4938 3510 4977; x_wconf 81' lang='lat' dir='ltr'><strong>eum</strong></span> <span class='ocrx_word' id='word_1_940' title='bbox 3529 4927 3762 4988; x_wconf 67' lang='lat' dir='ltr'><strong>separa&quot;</strong></span> 
     </span>
    </p>
   </div>
   <div class='ocr_carea' id='block_1_111' title="bbox 2145 5000 3764 5082">
    <p class='ocr_par' dir='ltr' id='par_1_111' title="bbox 2145 5000 3764 5082">
     <span class='ocr_line' id='line_1_111' title="bbox 2145 5000 3764 5082; baseline 0.008 -26"><span class='ocrx_word' id='word_1_941' title='bbox 2145 5020 2178 5057; x_wconf 92' lang='lat' dir='ltr'><strong>a</strong></span> <span class='ocrx_word' id='word_1_942' title='bbox 2208 5004 2480 5058; x_wconf 84' lang='lat' dir='ltr'><strong>charitate</strong></span> <span class='ocrx_word' id='word_1_943' title='bbox 2499 5022 2617 5075; x_wconf 72' lang='lat' dir='ltr'><strong>qua:</strong></span> <span class='ocrx_word' id='word_1_944' title='bbox 2643 5011 2717 5060; x_wconf 87' lang='lat' dir='ltr'><strong>est</strong></span> <span class='ocrx_word' id='word_1_945' title='bbox 2743 5010 2807 5062; x_wconf 90' lang='lat' dir='ltr'><strong>in</strong></span> <span class='ocrx_word' id='word_1_946' title='bbox 2836 5009 3259 5082; x_wconf 79' lang='lat' dir='ltr'><strong>Christo(Rom.</strong></span> <span class='ocrx_word' id='word_1_947' title='bbox 3298 5026 3429 5076; x_wconf 82' lang='lat' dir='ltr'><strong>vuI,</strong></span> <span class='ocrx_word' id='word_1_948' title='bbox 3459 5008 3549 5073; x_wconf 84' lang='lat'><strong>38,</strong></span> <span class='ocrx_word' id='word_1_949' title='bbox 3580 5004 3685 5069; x_wconf 80' lang='lat' dir='ltr'><strong>39i-</strong></span> <span class='ocrx_word' id='word_1_950' title='bbox 3705 5000 3764 5058; x_wconf 58' lang='grc' dir='ltr'><strong>Εἴ</strong></span> 
     </span>
    </p>
   </div>
   <div class='ocr_carea' id='block_1_112' title="bbox 2145 5090 3767 5162">
    <p class='ocr_par' dir='ltr' id='par_1_112' title="bbox 2145 5090 3767 5162">
     <span class='ocr_line' id='line_1_112' title="bbox 2145 5090 3767 5162; baseline 0 -18"><span class='ocrx_word' id='word_1_951' title='bbox 2145 5090 2269 5145; x_wconf 92' lang='lat' dir='ltr'><strong>ideo</strong></span> <span class='ocrx_word' id='word_1_952' title='bbox 2299 5093 2547 5147; x_wconf 90' lang='lat' dir='ltr'><strong>nondum</strong></span> <span class='ocrx_word' id='word_1_953' title='bbox 2578 5094 2773 5150; x_wconf 87' lang='lat' dir='ltr'><strong>beatus</strong></span> <span class='ocrx_word' id='word_1_954' title='bbox 2792 5097 2985 5151; x_wconf 88' lang='lat' dir='ltr'><strong>eratin</strong></span> <span class='ocrx_word' id='word_1_955' title='bbox 3017 5115 3094 5162; x_wconf 90' lang='lat' dir='ltr'><strong>re,</strong></span> <span class='ocrx_word' id='word_1_956' title='bbox 3126 5100 3238 5154; x_wconf 85' lang='lat' dir='ltr'><strong>sed</strong></span> <span class='ocrx_word' id='word_1_957' title='bbox 3284 5095 3697 5156; x_wconf 86' lang='lat' dir='ltr'><strong>tantummodo</strong></span> <span class='ocrx_word' id='word_1_958' title='bbox 3718 5091 3767 5145; x_wconf 89' lang='lat' dir='ltr'><strong>in</strong></span> 
     </span>
    </p>
   </div>
   <div class='ocr_carea' id='block_1_113' title="bbox 2143 5177 3769 5257">
    <p class='ocr_par' dir='ltr' id='par_1_113' title="bbox 2143 5177 3769 5257">
     <span class='ocr_line' id='line_1_113' title="bbox 2143 5177 3769 5257; baseline 0.004 -23"><span class='ocrx_word' id='word_1_959' title='bbox 2143 5181 2633 5252; x_wconf 73' lang='lat' dir='ltr'><strong>praedestinatione</strong></span> <span class='ocrx_word' id='word_1_960' title='bbox 2657 5183 2777 5249; x_wconf 87' lang='lat' dir='ltr'><strong>Dei,</strong></span> <span class='ocrx_word' id='word_1_961' title='bbox 2802 5202 2836 5238; x_wconf 89' lang='lat' dir='ltr'><strong>a</strong></span> <span class='ocrx_word' id='word_1_962' title='bbox 2856 5202 2965 5256; x_wconf 87' lang='lat' dir='ltr'><strong>quo</strong></span> <span class='ocrx_word' id='word_1_963' title='bbox 2994 5203 3101 5241; x_wconf 88' lang='lat' dir='ltr'><strong>non</strong></span> <span class='ocrx_word' id='word_1_964' title='bbox 3127 5190 3339 5257; x_wconf 88' lang='lat' dir='ltr'><strong>qualis</strong></span> <span class='ocrx_word' id='word_1_965' title='bbox 3363 5197 3508 5244; x_wconf 90' lang='lat' dir='ltr'><strong>tunc</strong></span> <span class='ocrx_word' id='word_1_966' title='bbox 3534 5177 3769 5243; x_wconf 81' lang='lat' dir='ltr'><strong>erat.sed</strong></span> 
     </span>
    </p>
   </div>
   <div class='ocr_carea' id='block_1_114' title="bbox 2144 5270 3773 5339">
    <p class='ocr_par' dir='ltr' id='par_1_114' title="bbox 2144 5270 3773 5339">
     <span class='ocr_line' id='line_1_114' title="bbox 2144 5270 3773 5339; baseline 0 -16"><span class='ocrx_word' id='word_1_967' title='bbox 2144 5270 2325 5339; x_wconf 88' lang='lat' dir='ltr'><strong>qualis</strong></span> <span class='ocrx_word' id='word_1_968' title='bbox 2365 5271 2585 5325; x_wconf 80' lang='lat' dir='ltr'><strong>futurus</strong></span> <span class='ocrx_word' id='word_1_969' title='bbox 2627 5279 2749 5326; x_wconf 87' lang='lat' dir='ltr'><strong>erat</strong></span> <span class='ocrx_word' id='word_1_970' title='bbox 2791 5273 3087 5329; x_wconf 86' lang='lat' dir='ltr'><strong>amabatur</strong></span> <span class='ocrx_word' id='word_1_971' title='bbox 3121 5292 3157 5328; x_wconf 89' lang='lat' dir='ltr'><strong>a</strong></span> <span class='ocrx_word' id='word_1_972' title='bbox 3210 5278 3503 5334; x_wconf 86' lang='lat' dir='ltr'><strong>Domino.</strong></span> <span class='ocrx_word' id='word_1_973' title='bbox 3558 5276 3698 5330; x_wconf 77' lang='lat' dir='ltr'><strong>Nam</strong></span> <span class='ocrx_word' id='word_1_974' title='bbox 3727 5274 3773 5323; x_wconf 87' lang='lat' dir='ltr'><strong>et</strong></span> 
     </span>
    </p>
   </div>
   <div class='ocr_carea' id='block_1_115' title="bbox 2142 5359 3771 5434">
    <p class='ocr_par' dir='ltr' id='par_1_115' title="bbox 2142 5359 3771 5434">
     <span class='ocr_line' id='line_1_115' title="bbox 2142 5359 3771 5434; baseline 0.008 -23"><span class='ocrx_word' id='word_1_975' title='bbox 2142 5359 2483 5425; x_wconf 83' lang='lat' dir='ltr'><strong>Nathanael,</strong></span> <span class='ocrx_word' id='word_1_976' title='bbox 2510 5365 2571 5414; x_wconf 86' lang='lat' dir='ltr'><strong>in</strong></span> <span class='ocrx_word' id='word_1_977' title='bbox 2603 5379 2707 5430; x_wconf 88' lang='lat' dir='ltr'><strong>quo</strong></span> <span class='ocrx_word' id='word_1_978' title='bbox 2741 5366 2897 5418; x_wconf 77' lang='lat' dir='ltr'><strong>(lous</strong></span> <span class='ocrx_word' id='word_1_979' title='bbox 2949 5381 3059 5419; x_wconf 90' lang='lat' dir='ltr'><strong>non</strong></span> <span class='ocrx_word' id='word_1_980' title='bbox 3107 5374 3270 5434; x_wconf 84' lang='lat' dir='ltr'><strong>erat,</strong></span> <span class='ocrx_word' id='word_1_981' title='bbox 3329 5376 3488 5425; x_wconf 88' lang='lat' dir='ltr'><strong>teste</strong></span> <span class='ocrx_word' id='word_1_982' title='bbox 3530 5362 3771 5424; x_wconf 57' lang='lat' dir='ltr'><strong>Domino»</strong></span> 
     </span>
    </p>
   </div>
   <div class='ocr_carea' id='block_1_116' title="bbox 2145 5450 3777 5521">
    <p class='ocr_par' dir='ltr' id='par_1_116' title="bbox 2145 5450 3777 5521">
     <span class='ocr_line' id='line_1_116' title="bbox 2145 5450 3777 5521; baseline 0.003 -20"><span class='ocrx_word' id='word_1_983' title='bbox 2145 5465 2285 5519; x_wconf 89' lang='lat' dir='ltr'><strong>pene</strong></span> <span class='ocrx_word' id='word_1_984' title='bbox 2319 5450 2574 5504; x_wconf 80' lang='lat' dir='ltr'><strong>eamdem</strong></span> <span class='ocrx_word' id='word_1_985' title='bbox 2600 5452 2753 5521; x_wconf 86' lang='lat' dir='ltr'><strong>prior</strong></span> <span class='ocrx_word' id='word_1_986' title='bbox 2780 5454 3191 5509; x_wconf 81' lang='lat' dir='ltr'><strong>confessionem</strong></span> <span class='ocrx_word' id='word_1_987' title='bbox 3238 5460 3455 5514; x_wconf 82' lang='lat' dir='ltr'><strong>tenuit</strong></span> <span class='ocrx_word' id='word_1_988' title='bbox 3493 5476 3626 5514; x_wconf 87' lang='lat' dir='ltr'><strong>cum</strong></span> <span class='ocrx_word' id='word_1_989' title='bbox 3654 5454 3731 5508; x_wconf 89' lang='lat' dir='ltr'><strong>ait</strong></span> <span class='ocrx_word' id='word_1_990' title='bbox 3768 5468 3777 5501; x_wconf 90' lang='lat'>:</span> 
     </span>
    </p>
   </div>
   <div class='ocr_carea' id='block_1_117' title="bbox 2144 5536 3776 5627">
    <p class='ocr_par' dir='ltr' id='par_1_117' title="bbox 2144 5536 3776 5627">
     <span class='ocr_line' id='line_1_117' title="bbox 2144 5536 3776 5627; baseline 0.006 -33"><span class='ocrx_word' id='word_1_991' title='bbox 2144 5536 2334 5609; x_wconf 78' lang='lat' dir='ltr'><strong>Rabbi,</strong></span> <span class='ocrx_word' id='word_1_992' title='bbox 2356 5545 2425 5613; x_wconf 72' lang='lat' dir='ltr'><strong>tu</strong></span> <span class='ocrx_word' id='word_1_993' title='bbox 2456 5556 2508 5596; x_wconf 88' lang='lat' dir='ltr'><strong>es</strong></span> <span class='ocrx_word' id='word_1_994' title='bbox 2537 5541 2715 5598; x_wconf 84' lang='lat' dir='ltr'><strong>Filius</strong></span> <span class='ocrx_word' id='word_1_995' title='bbox 2750 5542 2863 5613; x_wconf 83' lang='lat' dir='ltr'><strong>Dei,</strong></span> <span class='ocrx_word' id='word_1_996' title='bbox 2904 5548 2964 5601; x_wconf 86' lang='lat' dir='ltr'><strong>tu</strong></span> <span class='ocrx_word' id='word_1_997' title='bbox 3011 5561 3062 5602; x_wconf 78' lang='lat' dir='ltr'><strong>es</strong></span> <span class='ocrx_word' id='word_1_998' title='bbox 3100 5560 3211 5603; x_wconf 62' lang='lat' dir='ltr'><strong>rem</strong></span> <span class='ocrx_word' id='word_1_999' title='bbox 3270 5550 3469 5606; x_wconf 83' lang='lat' dir='ltr'><strong>Israel</strong></span> <span class='ocrx_word' id='word_1_1000' title='bbox 3521 5551 3702 5627; x_wconf 61' lang='lat' dir='ltr'><strong>(Joan.</strong></span> <span class='ocrx_word' id='word_1_1001' title='bbox 3740 5550 3776 5604; x_wconf 69' lang='grc' dir='ltr'><strong>ι,</strong></span> 
     </span>
    </p>
   </div>
  </div>
