3888 6172
161 293 251 349 561

855 289 1239 348 EXPOSITIO
1278 293 1357 348 IN
1394 294 1837 352 MATTHAZUM.
1883 328 1949 339 —
1989 296 2127 352 LIB.
2170 294 2325 361 VIII,
2361 290 2520 348 CAP.
2560 289 2709 345 XVI.

3324 287 3428 353 562

160 413 357 481 47-49).
391 413 502 470 Sed
529 413 628 467 ille
646 410 829 468 adhuc
850 414 1251 486 interrogantis
1270 416 1474 471 affectu
1504 435 1567 473 ac
1595 419 1751 475 dubi-
1769 422 1819 482 Α
1838 438 1916 481 se,
1952 424 2263 492 peccatum,
2310 432 2493 489 neque
2520 420 2681 486 petra
2712 418 2799 469 est
2842 427 3014 483 super
3048 428 3218 483 quam
3258 412 3429 470 aediﬁ-

160 504 348 568 tantis,
366 503 590 557 videtur
610 519 859 573 quarere
892 505 1068 574 magis
1091 522 1255 576 quam
1289 508 1533 570 ﬁrmare,
1559 518 1616 563 et
1648 511 1749 563 hoc

162 595 340 666 ipsum
380 592 514 665 quia
541 593 690 646 visus
721 599 805 646 est
847 593 949 647 sub
978 594 1098 649 ﬁcu.
1133 597 1329 651 Petrus
1361 604 1548 653 autem
1581 602 1748 655 talem

162 700 216 739 ac
239 690 468 737 tantam
500 683 771 753 expressit
795 683 864 736 de
892 684 1059 737 corde
1086 686 1506 752 confessionem,
1540 695 1603 742 ut
1631 691 1752 758 ejus

162 772 430 829 confessio
459 772 535 826 sit
572 772 823 826 omnium
863 774 1264 843 apostolorum.
1298 776 1367 830 Et
1409 778 1551 831 sicut
1586 778 1750 833 simul

163 878 352 917 omnes
372 863 816 932 interrogantur,
832 862 911 915 ita
930 861 986 916 in
1006 880 1070 916 eo
1092 866 1343 919 omnium
1361 874 1447 920 est
1464 868 1750 939 responsio

162 968 284 1019 una,
318 967 495 1022 supra
514 967 686 1022 quam
717 951 984 1006 fundatur
1000 953 1258 1019 Ecclesia,
1288 962 1344 1009 et
1360 963 1556 1010 contra
1584 974 1752 1028 quam

164 1047 330 1113 porta
369 1041 680 1094 inferorum
711 1056 821 1095 non
871 1043 1264 1112 pravalebunt.
1301 1045 1443 1109 Quia
1472 1064 1569 1100 seu
1600 1047 1751 1101 dicas

162 1136 352 1184 contra
387 1129 535 1184 hanc
585 1129 751 1183 fidem
800 1146 895 1184 eas
940 1147 1051 1185 non
1098 1134 1413 1202 praevalere,
1457 1152 1555 1190 seu
1599 1137 1750 1191 dicas

163 1226 351 1274 contra
373 1220 697 1284 Ecclesium,
721 1237 842 1291 qua
871 1220 975 1274 hac
986 1221 1094 1275 ﬁde
1114 1239 1286 1294 snpra
1313 1224 1598 1279 Christum
1629 1226 1752 1280 fun-

162 1310 284 1364 data
311 1315 420 1375 est,
453 1314 511 1363 et
533 1309 810 1376 ﬁrmatur,
831 1325 1004 1364 unum
1035 1316 1135 1374 est,
1172 1328 1235 1365 eo
1254 1314 1401 1383 quod
1433 1330 1534 1368 nec
1556 1315 1752 1369 funda-

161 1404 410 1454 mentum
436 1398 779 1463 dissolvitur,
812 1416 914 1454 nec
959 1400 1098 1455 ﬁdes
1134 1402 1264 1456 talis
1294 1408 1562 1475 tantaque
1590 1405 1749 1459 inﬁr-

162 1493 361 1552 matur,
392 1505 496 1543 nec
518 1489 763 1544 Ecclesia
785 1489 933 1544 inter
961 1491 1284 1546 innumeras
1307 1509 1574 1548 aurarum
1604 1499 1750 1549 tem—

158 1585 416 1651 pestates,
467 1595 572 1633 nec
625 1585 921 1634 ventorum
979 1580 1411 1652 impulsionibus
1467 1583 1751 1639 subverti-

162 1674 261 1722 tur.

1831 502 1922 565 cat
1957 512 2212 565 Christus
2269 507 2531 571 Ecclesia,
2573 521 2755 575 neque
2810 502 3055 558 Ecclesia
3107 509 3213 564 est,
3244 518 3427 573 neque

1835 618 1963 671 pars
1995 599 2250 653 Ecclesia
2290 612 2460 667 quam
2521 594 2776 649 Christus
2831 593 3071 647 aediﬁcat
3115 608 3288 661 supra
3326 608 3423 661 pe-

1832 693 2001 751 tram,
2029 688 2159 759 quia
2190 685 2477 757 pravaluit
2502 684 2553 737 ei
2584 692 2746 754 porta
2775 682 2976 736 interni
3034 683 3099 736 Et
3135 682 3262 735 ideo
3292 681 3427 735 dum

1833 778 1924 832 hic
1960 778 2180 837 vivitur,
2211 774 2613 830 elaborandum
2661 778 2748 825 est
2785 789 2859 826 ne
2895 773 3192 843 praevaleat
3237 771 3430 842 aliqua

1833 866 1991 920 nobis
2014 874 2176 937 porta
2203 865 2405 918 inferni
2436 883 2448 930 ;
2474 864 2606 934 quia
2629 862 2674 916 si
2699 862 3070 933 pravaluerit,
3105 878 3215 916 nun
3244 861 3302 915 in
3333 860 3430 915 Ec-

1835 956 2005 1011 clesia
2033 972 2214 1025 neque
2244 970 2373 1025 pars
2426 952 2682 1007 Ecclesia
2727 968 2940 1005 sumus.
2987 950 3130 1004 Hinc
3160 956 3247 1004 est
3274 949 3439 1020 quod‘

1834 1046 1914 1100 ait
1933 1045 2230 1116 Apostolus
2249 1063 2258 1096 :
2279 1045 2555 1111 Quoniam
2577 1045 2677 1109 qui
2697 1045 2836 1096 talia
2857 1047 2915 1094 et
2928 1040 3066 1094 talia
3088 1043 3285 1107 agunt.
3303 1054 3427 1109 qua

1833 1136 2170 1200 dinumerat,
2187 1148 2421 1200 regnum
2440 1133 2537 1185 Dei
2549 1147 2660 1184 non
2677 1129 3288 1199 eonsequentuNGaLv,
3308 1125 3423 1196 22).

1833 1224 1904 1279 Et
1922 1224 2194 1279 Dominus
2212 1222 2427 1292 inquit:
2450 1220 2765 1274 Contendite
2782 1223 2998 1272 intrare
3014 1234 3114 1287 per
3126 1222 3428 1287 angustam

1829 1320 2045 1383 portam
2098 1315 2239 1375 (Luc.
2264 1325 2385 1374 χιιι,
2430 1309 2544 1379 24).
2574 1308 2719 1373 Quia
2745 1308 2892 1362 sicut
2918 1313 3051 1361 sunt
3079 1312 3255 1377 porta
3282 1307 3427 1362 infe-

1831 1420 2023 1459 rorum
2045 1402 2179 1457 vitia
2207 1406 2264 1456 et
2291 1405 2535 1472 peccata,
2568 1399 2650 1453 ita
2673 1402 2806 1452 sunt
2832 1402 3006 1468 porta
3030 1396 3284 1467 justitia,
3314 1395 3430 1450 vir-

1835 1498 2003 1559 tutes,
2026 1508 2128 1565 per
2147 1507 2285 1563 quas
2305 1490 2522 1545 intrant
2534 1488 2671 1560 justi
2694 1487 2753 1542 in
2773 1487 3048 1557 requiem.
3072 1486 3234 1541 Unde
3250 1484 3428 1540 David

1835 1583 1986 1637 canit
2017 1582 2256 1637 Domino
2289 1600 2303 1632 :
2336 1582 2442 1648 Qui
2465 1582 2675 1633 exultas
2716 1593 2799 1631 me
2832 1577 2896 1629 de
2916 1577 3094 1643 portis
3114 1578 3330 1638 mortis,
3361 1578 3426 1627 ut

1833 1675 2175 1727 annuntient
2213 1686 2397 1725 omnes
2433 1669 2779 1722 laudationes
2829 1670 2951 1719 tuas
2989 1667 3053 1718 in
3082 1665 3256 1729 portis
3288 1660 3426 1717 Sion

219 1756 330 1812 Sed
352 1761 518 1812 tanta
544 1756 684 1811 ﬁdes
704 1773 815 1812 non
844 1757 952 1812 nisi
973 1758 1042 1812 de
1063 1760 1401 1815 revelatione
1419 1762 1520 1817 Dei
1544 1763 1744 1830 Patris,
1766 1750 1812 1809 Β
1834 1762 1996 1831 (Psal.
2022 1778 2096 1825 1x,
2135 1760 2245 1829 M).
2275 1760 2384 1813 Per
2413 1774 2552 1828 quas
2583 1756 2850 1811 nimirum
2883 1760 3074 1826 portas
3101 1752 3429 1824 pervenitur

163 1852 209 1903 et
239 1846 621 1919 inspiratione
650 1847 891 1919 Spiritus
921 1849 1117 1909 sancti,
1154 1851 1421 1912 nascitur,
1457 1857 1521 1906 ut
1552 1852 1751 1909 Petrus

163 1936 394 2006 quisque
418 1934 516 2007 qui
554 1934 699 1990 hanc
726 1935 986 1990 habuerit
1018 1937 1184 1991 ﬁdem
1216 1954 1249 1992 a
1281 1939 1549 1994 ﬁrmitate
1578 1947 1750 2013 petra

162 2024 393 2089 dicatur,
426 2041 540 2080 non
569 2041 735 2080 carne
777 2032 834 2079 et
870 2026 1143 2097 sanguine
1171 2028 1472 2095 revelante,
1506 2031 1603 2085 sed
1634 2032 1749 2087 Deo

158 2114 526 2178 illuminante,
545 2115 627 2169 ita
644 2124 709 2170 ut
727 2131 852 2169 cum
875 2117 1165 2186 Apostolo:
1191 2118 1536 2173 Conversatio
1560 2126 1748 2176 nostra

160 2207 211 2259 in
227 2207 376 2261 catis
393 2205 471 2259 sit
488 2206 709 2273 (Philip.
735 2220 808 2270 ιιι,
831 2203 940 2262 20).
964 2208 1114 2274 Quod
1132 2210 1183 2261 si
1200 2211 1500 2264 secundum
1522 2227 1748 2266 carnem

159 2299 206 2349 et
216 2295 555 2365 sanguinem
572 2294 806 2349 vivimus
842 2300 899 2349 et
912 2296 1243 2351 conﬁtemur
1255 2299 1442 2353 Jesum
1460 2300 1745 2356 Christum

158 2384 350 2439 Filium
384 2384 486 2439 Dei
525 2384 649 2447 vivi,
681 2391 743 2439 ut
787 2392 920 2456 puta
974 2386 1177 2456 dogma
1214 2388 1535 2458 hujusmodi
1566 2393 1745 2446 susci-

156 2473 363 2544 pientes
412 2490 448 2527 a
503 2474 827 2544 parentibus
882 2475 1153 2530 traditum
1190 2477 1369 2539 nobis,
1424 2484 1559 2533 tunc
1602 2480 1744 2535 forte

155 2562 309 2618 Pater
336 2580 455 2617 non
486 2563 750 2618 revelavit
778 2564 959 2633 nobis,
977 2566 1073 2620 sed
1099 2582 1227 2621 caro
1244 2573 1301 2622 et
1318 2569 1738 2638 sanguis(Rom.

152 2665 255 2717 vm,
286 2652 396 2717 l3).
417 2653 722 2723 Propterea
742 2669 845 2708 nec
863 2654 1089 2709 stabiles
1112 2673 1305 2711 sumus
1324 2658 1382 2711 in
1413 2658 1520 2712 fide
1543 2659 1736 2730 ipsius,

154 2757 241 2796 nec
266 2743 426 2796 ﬁrmi
457 2742 605 2796 sicut
652 2742 867 2807 Petrus,
902 2749 959 2798 et
1000 2744 1125 2799 ideo
1178 2763 1280 2800 nec
1335 2746 1740 2805 beatitudinem

150 2838 520 2902 reportamus,
555 2848 657 2886 nec
686 2832 925 2887 similem
956 2833 1357 2891 benedictionis
1383 2837 1643 2907 gratiam.
1675 2839 1742 2894 Et

152 2921 457 2975 notandum
480 2922 625 2991 quod
659 2929 877 2976 tantum
903 2928 1059 2994 petra
1088 2930 1174 2978 est
1201 2926 1587 2999 unusquisque
1609 2928 1740 2982 ﬁde-

150 3009 292 3071 lium,
328 3017 611 3081 quantum
642 3011 894 3065 imitator
922 3017 1007 3066 est
1036 3013 1263 3076 Christi,
1289 3021 1346 3069 et
1373 3021 1593 3070 tantum
1624 3018 1736 3085 lux,

1835 1851 2069 1906 feliciter
2090 1850 2159 1904 ad
2189 1849 2343 1903 illam
2372 1864 2545 1902 unam
2575 1851 2815 1918 portam,
2852 1844 2922 1898 de
2950 1860 3063 1914 qua
3089 1842 3209 1914 ipse
3224 1847 3387 1913 rogat
3411 1857 3426 1898 :

1830 1943 2046 2009 Aperite
2062 1939 2265 2012 inquit,
2294 1939 2437 1991 mihi
2460 1941 2650 2005 portas
2667 1935 2922 2004 justitia,
2942 1935 3222 2000 ingressus
3242 1935 3307 1986 in
3336 1948 3425 1987 cas

1831 2031 2118 2096 conﬁtebor
2156 2030 2389 2082 Domino
2415 2028 2580 2080 iPsal.
2616 2037 2784 2087 cxvn,
2822 2021 2928 2089 19).
2962 2021 3178 2076 Deinde
3205 2020 3425 2076 addidit

1829 2123 2018 2184 στι
2045 2118 2202 2173 illam
2231 2132 2403 2171 unam
2433 2121 2673 2186 portam,
2716 2128 2840 2183 qua
2867 2110 3125 2167 Christus
3152 2115 3272 2165 est:
3302 2112 3427 2165 Ηεο

1828 2214 1988 2277 porta
2029 2208 2271 2271 Domini,
2294 2207 2440 2274 justi
2468 2203 2765 2258 intrabunt
2793 2216 2892 2270 per
2939 2216 3060 2254 eam
3084 2199 3266 2265 (Ibid,
3306 2195 3419 2262 20).

1830 2299 1969 2352 Cum
2000 2296 2113 2351 sint
2141 2311 2273 2366 ergo
2307 2295 2495 2348 multa
2525 2298 2582 2347 et
2613 2289 3054 2347 innumerabiles
3083 2294 3259 2359 porta
3287 2286 3426 2342 infe-

1827 2403 2039 2452 rorum,
2066 2385 2222 2440 nulla
2249 2401 2445 2439 earum
2470 2382 2733 2454 pravalet
2759 2388 2955 2434 contra
2985 2377 3278 2449 eum,quia
3301 2380 3422 2443 aut,

1826 2484 1891 2533 ut
1946 2484 2106 2549 petra
2144 2482 2248 2544 est,
2305 2481 2407 2530 aut
2464 2472 2708 2528 Ecclesia
2766 2471 3044 2525 adiﬁcata
3100 2483 3273 2539 supra
3321 2483 3423 2538 pe-

1823 2573 2105 2712 tmItiliIcirco
2123 2655 2337 2726 jugiter
2361 2650 2636 2708 orandum
2650 2655 2762 2705 est:
2782 2650 2861 2704 Ne
2880 2648 3103 2717 quando
3131 2648 3280 2701 dicat
3307 2649 3423 2701 ini-

1825 2750 2021 2813 micus,
2037 2746 2307 2814 pravalui
2318 2744 2580 2797 adversus
2591 2757 2716 2794 eum
2731 2741 2891 2804 (Psal.
2908 2750 3007 2799 χιι,
3024 2738 3095 2801 5).
3123 2735 3268 2800 Quia
3284 2740 3422 2791 tunc

1823 2852 1950 2890 vere
1983 2834 2262 2907 pravalet,
2298 2832 2342 2886 si
2396 2829 2592 2884 vicerit
2620 2843 2799 2899 usque
2828 2827 2887 2881 in
2918 2827 3108 2891 ﬁnem,
3154 2831 3219 2879 ut
3251 2830 3417 2896 porta

1825 2942 1925 2981 nos
1954 2924 2253 2979 absorbeat
2280 2920 2509 2993 peccati,
2545 2935 2613 2972 ne
2642 2934 2744 2971 nos
2777 2918 2896 2986 jam
2942 2916 3093 2970 ultra
3122 2930 3420 2986 resurgere

1823 3015 1893 3069 ad
1952 3014 2206 3077 virtutes,
2239 3017 2339 3065 aut
2392 3010 2613 3062 vincere
2663 3005 2943 3078 possimus
2991 3009 3302 3076 peccatum.
3352 3003 3421 3059 Et

152 3107 419 3167 quantum
451 3098 855 3153 illuminatusa
880 3101 1020 3155 luce.
1047 3104 1123 3155 Ac
1150 3119 1251 3173 per
1280 3105 1383 3158 hoc
1401 3111 1625 3159 tantum
1646 3107 1739 3160 Ec-
1758 3113 1800 3173 ο
1825 3104 1948 3158 ideo
1972 3101 2226 3157 fortassis
2258 3115 2369 3153 non
2417 3095 2814 3170 pravalebunt,
2849 3094 2918 3147 de
2951 3093 3141 3148 futuro
3170 3093 3332 3157 dixit,
3362 3098 3420 3148 et

150 3186 305 3241 clesia
343 3188 560 3242 Christi
596 3206 766 3258 super
798 3206 892 3244 eos
924 3190 1208 3255 fundatur,
1248 3198 1520 3263 quantum
1552 3201 1608 3249 et
1636 3195 1741 3266 ipsi

147 3276 444 3331 ﬁrmantur
472 3293 506 3330 a
561 3278 802 3332 Christo.
852 3279 1008 3333 Unde
1048 3296 1158 3334 non
1188 3298 1358 3352 super
1387 3300 1498 3337 uno
1550 3284 1735 3348 Petro,

146 3380 326 3420 verum
362 3383 537 3437 super
564 3383 757 3420 omnes
787 3369 1067 3438 apostolos
1097 3372 1590 3443 apostolorumque
1620 3369 1765 3429 suci

146 3469 388 3509 cessores
421 3456 662 3509 Ecclesia
684 3457 783 3510 Dei
805 3457 1114 3512 adiﬁcatur
1140 3478 1152 3517 :
1179 3460 1325 3514 unde
1356 3462 1528 3515 David
1560 3482 1571 3515 :
1602 3465 1745 3518 Fun-

145 3543 401 3598 damenta
449 3549 567 3613 ejm
634 3546 833 3617 inquit,
883 3551 944 3601 in
993 3551 1269 3601 montibus
1311 3554 1515 3604 sanctis
1573 3554 1738 3618 (Psal.

145 3648 358 3697 Lxxxvi,
415 3632 486 3695 1).
521 3634 628 3688 Sed
670 3634 774 3705 ipsi
820 3643 1036 3690 montes
1080 3654 1248 3709 super
1276 3644 1520 3694 montem
1551 3645 1742 3708 σεε

146 3721 429 3778 Christum
464 3723 814 3778 adiﬁcantur
842 3726 1012 3796 prius.
1070 3727 1281 3781 Deinde
1305 3734 1361 3782 et
1390 3745 1548 3783 mons
1578 3729 1740 3784 Chri-

142 3816 251 3865 stus
282 3815 443 3867 ultra
471 3830 668 3867 omnes
698 3820 916 3869 montes
967 3821 1025 3870 et
1068 3816 1235 3871 colles
1271 3817 1536 3872 elevatur.
1579 3819 1739 3885 Quod

146 3906 322 3955 autem
359 3902 727 3973 repromittit,
778 3903 912 3975 quia
952 3906 1124 3959 Porta
1157 3908 1332 3973 inferi
1374 3924 1486 3962 non
1532 3925 1740 3977 prava-

146 3987 321 4044 ωηιηί
368 3992 638 4044 adversus
680 4008 820 4049 eam,
882 3993 964 4046 vel
1016 3993 1161 4048 sicut
1206 3996 1461 4050 nonnulli
1520 3998 1737 4052 codices

144 4077 373 4147 habent;
400 4096 519 4134 non
552 4080 931 4150 praevalebunt
958 4082 1009 4137 ei
1032 4101 1044 4149 ;
1069 4091 1218 4137 recte
1242 4086 1630 4155 quaritur,cui
1652 4087 1739 4140 ei?

144 4168 235 4231 vel,
257 4170 537 4224 adversus
563 4170 774 4240 quam?
801 4171 1001 4226 Utrum
1032 4172 1296 4227 adversus
1321 4180 1538 4245 petram
1567 4191 1740 4247 supra

144 4272 301 4326 quam
331 4259 656 4313 aediﬁcatur
684 4259 927 4314 Ecclesia
959 4260 1077 4323 Dei,
1115 4270 1213 4315 aut
1243 4262 1294 4316 ei
1342 4263 1595 4318 Ecclesia
1626 4281 1736 4319 non

142 4348 524 4414 pravalebunt
543 4364 711 4418 quam
738 4349 974 4404 adiﬁcat
995 4351 1250 4405 Christus
1280 4369 1451 4423 supra
1480 4352 1736 4424 petram?

1824 3210 1937 3248 non
1961 3193 2029 3247 de
2062 3190 2340 3263 prasenti,
2366 3189 2499 3261 quia
2528 3187 2640 3241 rari
2672 3190 2806 3240 sunt
2833 3184 2889 3238 in
2913 3182 3114 3255 quibus
3136 3188 3263 3254 post
3292 3199 3422 3254 per-

1823 3290 2039 3355 ceptam
2068 3281 2308 3351 gratiam
2338 3278 2525 3349 aliqua
2558 3292 2751 3330 eorum
2780 3291 2891 3328 non
2926 3274 3223 3345 pravaleat
3255 3277 3423 3344 porta

1826 3372 2057 3444 peccati.
2089 3371 2288 3433 Etiam,
2322 3373 2387 3422 ut
2424 3367 2504 3422 ita
2537 3366 2737 3429 fatear,
2771 3380 2873 3418 nec
2912 3363 3033 3434 ipse
3064 3363 3263 3417 Petrus
3291 3362 3417 3426 fuit,

1827 3461 2081 3532 quamvis
2104 3462 2224 3529 jam
2254 3457 2432 3527 magis
2462 3472 2531 3510 ex
2561 3453 3053 3526 pradestinatione
3082 3451 3183 3506 Dei
3219 3450 3419 3508 beatus

1825 3567 1946 3605 esse
1975 3550 2211 3613 dicatur,
2258 3552 2457 3600 contra
2509 3561 2676 3615 quem
2723 3560 2833 3597 non
2874 3540 3229 3613 pravaluerit
3282 3541 3420 3597 dum

1824 3640 2048 3711 negavit
2072 3658 2084 3704 ;
2116 3637 2212 3692 sed
2247 3652 2359 3690 non
2380 3633 2581 3688 defecit
2599 3651 2633 3687 a
2659 3632 2787 3687 ﬁde.
2821 3631 3032 3686 Idcirco
3061 3630 3290 3685 tandem
3312 3631 3419 3686 ali-

1824 3728 2045 3801 quando
2079 3743 2203 3781 vere
2233 3739 2531 3780 conversus
2562 3740 2664 3794 per
2676 3720 2917 3792 gratiam
2944 3719 3187 3791 Spiritus
3214 3721 3412 3787 sancti,

1821 3818 2025 3872 deinde
2046 3821 2241 3870 contra
2261 3814 2445 3885 ipsum
2466 3812 2605 3867 nihil
2630 3813 2752 3881 jam
2773 3810 2923 3864 ultra
2944 3808 3255 3881 praevaluit,
3278 3809 3415 3864 dum

1821 3907 1997 3962 victor
2022 3907 2080 3961 in
2112 3907 2220 3959 ﬁne
2243 3904 2463 3959 claruit.

1891 3997 1958 4051 Et
1990 3999 2093 4050 tibi
2118 3997 2273 4059 dabo,
2302 3992 2502 4064 inquit,
2534 3993 2708 4045 claves
2747 3992 2909 4058 regni
2930 3990 3209 4045 calorum.
3242 3989 3413 4045 Com-

1822 4092 2078 4157 petenter
2107 4084 2279 4155 igitur
2310 4083 2552 4155 primum
2583 4079 2919 4151 promissum
2941 4084 3044 4147 est,
3064 4079 3212 4151 quod
3230 4080 3281 4134 ei
3302 4097 3415 4136 non

1820 4175 2158 4246 pravaleant
2185 4179 2360 4245 porta
2413 4171 2741 4236 inferorum,
2775 4175 2833 4224 et
2875 4176 3095 4242 postea,
3132 4171 3252 4225 Tibi
3277 4171 3414 4226 dabo

1820 4268 1993 4319 claves
2024 4267 2185 4332 regni
2213 4264 2488 4317 cwtorum.
2521 4261 2734 4330 Dignus
2767 4259 2916 4315 enim
2961 4266 3050 4314 est
3095 4258 3165 4314 ab
3196 4275 3261 4315 eo
3290 4259 3413 4332 ipso

1818 4353 2002 4409 Verbo
2037 4353 2287 4423 accipere
2317 4351 2497 4405 claves
2524 4349 2684 4421 regni
2714 4348 3103 4419 calorum,qui
3126 4348 3415 4405 obstruxe-

140 4431 272 4495 Quia
294 4436 352 4489 id
379 4452 497 4490 non
519 4436 784 4507 exprimit
810 4437 1124 4499 manifeste,
1142 4444 1329 4494 tamen
1353 4440 1739 4495 indubitanter
1756 4424 1894 4531 Dirit
1923 4448 2112 4514 portas
2140 4441 2467 4500 interorum,
2498 4445 2562 4495 ut
2612 4455 2723 4493 non
2765 4438 3103 4531 pravaleant
3141 4438 3413 4531 adversus

140 4525 485 4580 credendum
514 4533 619 4587 est,
652 4526 786 4596 quia
835 4542 938 4580 nec
976 4527 1240 4582 adversus
1296 4538 1532 4599 petram.
1568 4547 1739 4601 supra
1760 4525 1795 4531 ⁷
1821 4549 1969 4587 eum.
2003 4532 2173 4597 Quasi
2198 4529 2486 4602 pramium
2509 4527 2655 4582 enim
2690 4532 2816 4598 post
2844 4527 3171 4581 ﬁrmitatem
3200 4526 3330 4581 fidei
3353 4532 3412 4583 et

139 4626 295 4680 quam
327 4614 650 4668 aediﬁcatur
680 4614 942 4678 Ecclesia,
998 4633 1097 4670 nec
1126 4617 1391 4672 adversus
1433 4620 1734 4673 Ecclesiam

138 4714 250 4769 qua
277 4703 602 4756 adiﬁcatur
634 4720 807 4774 supra
843 4704 1169 4774 hujusmodi
1200 4714 1436 4777 petram.
1470 4708 1735 4780 Alioquin

135 4789 399 4847 adversus
433 4808 605 4862 quem
635 4800 808 4863 porta
849 4795 1243 4864 pravaluerint
1280 4797 1607 4863 inferorum,
1641 4799 1733 4852 ille

136 4893 308 4951 neque
354 4888 523 4952 petra
568 4881 839 4937 dicendus
881 4889 967 4937 est
1020 4900 1191 4955 supra
1226 4902 1394 4957 quam
1440 4902 1471 4939 a
1514 4887 1735 4942 Christo

133 4967 446 5025 ediﬁcatur
504 4968 797 5033 Ecclesia,
831 4987 1013 5043 neque
1078 4973 1323 5028 Ecclesia
1380 4992 1501 5045 qua
1566 4992 1736 5047 super

134 5064 344 5127 petram
377 5060 709 5114 adiﬁcatur.
747 5059 1021 5124 Quoniam
1070 5062 1115 5116 si
1160 5063 1531 5118 adiﬁcaretur
1567 5082 1736 5136 super

131 5156 367 5215 petram.
399 5149 534 5204 licet
562 5149 799 5204 ﬁumina
834 5150 1247 5215 inundaverint,
1276 5154 1425 5207 venti
1456 5155 1729 5221 ﬂaverint,

130 5240 264 5291 teste
284 5238 547 5305 Christo,
568 5254 679 5292 non
702 5239 852 5293 cadit
877 5240 1194 5311 quisquam,
1214 5241 1344 5312 quia
1365 5243 1631 5297 fundatus
1649 5249 1735 5298 est

131 5340 293 5396 supra
324 5332 579 5398 petram.
615 5327 883 5382 Novimus
912 5328 1042 5399 quia
1065 5336 1237 5400 porta
1268 5330 1573 5385 inferorum
1601 5332 1732 5386 vitia

130 5421 249 5468 sunt
280 5422 343 5469 et
371 5421 611 5486 peccata
639 5435 651 5480 ;
678 5432 805 5470 nam
836 5418 1274 5489 unumquodque
1316 5426 1601 5490 peccatum
1632 5438 1732 5492 per

130 5503 267 5572 quod
297 5504 677 5560 descenditur
703 5505 775 5559 ad
820 5507 1047 5571 inferos,
1084 5515 1241 5579 porta
1288 5515 1373 5563 est
1400 5508 1728 5575 inferorum,

132 5597 179 5645 et
204 5592 336 5650 ideo
366 5594 564 5651 omnis
585 5594 775 5652 anima
802 5613 925 5669 qua
963 5598 1245 5654 contrahit
1270 5599 1535 5656 adversus
1560 5615 1641 5670 se,
1673 5601 1732 5656 in

1817 4619 2199 4674 fortitudinem
2229 4618 2606 4679 victoriarum,
2659 4615 2717 4670 in
2745 4617 2987 4671 secundo
3035 4617 3155 4671 loco
3202 4617 3413 4673 dantur

1816 4709 1996 4763 claves
2026 4709 2183 4779 regni
2203 4708 2470 4761 calorum
2493 4704 2542 4760 ei
2570 4705 2670 4776 qui
2698 4706 2944 4777 potuerit
2981 4705 3279 4762 virtutibus
3306 4708 3407 4763 ob-

1816 4805 2032 4854 struere
2062 4804 2248 4869 portas
2276 4796 2681 4858 inferorum,ut
2700 4795 2819 4866 ipse
2838 4794 2946 4849 sibi
2972 4796 3190 4867 aperiat
3217 4805 3408 4870 portas

1817 4888 1975 4959 regni
2001 4889 2283 4950 caelorum,
2312 4903 2433 4957 qua
2461 4886 2663 4939 clausa
2683 4890 2815 4939 sunt
2833 4885 2915 4939 eis
2940 4885 3036 4956 qui
3054 4885 3353 4942 vincuntur
3374 4904 3410 4943 a

1816 4978 1984 5042 vitiis,
2045 4984 2103 5031 et
2153 4976 2326 5047 portis
2364 4973 2775 5030 concluduntur
2822 4973 3157 5029 inferorum.
3210 4976 3406 5033 Omnis

1816 5082 2057 5138 namque
2086 5064 2577 5137 speciesvirtutum
2606 5079 2733 5118 cum
2764 5079 2828 5119 ex
2853 5063 3018 5119 corde
3044 5063 3213 5120 fuerit
3231 5066 3407 5120 adim-

1816 5156 1983 5226 pleta,
2017 5155 2175 5227 quasi
2204 5154 2326 5225 ipsa
2375 5153 2543 5208 clavis
2591 5153 2749 5224 regni
2785 5154 3023 5219 videtur,
3058 5154 3137 5209 ita
3165 5159 3227 5210 ut
3255 5155 3405 5211 inve-

1815 5245 2005 5299 niatur
2027 5245 2222 5299 eadem
2255 5243 2431 5298 virtus
2477 5249 2534 5298 et
2575 5243 2742 5298 clavis
2780 5260 2901 5298 esse
2932 5251 3105 5316 porta
3149 5245 3318 5301 simul
3348 5250 3406 5303 et

1815 5340 1976 5405 porta
2006 5351 2105 5405 per
2146 5350 2312 5405 quam
2344 5334 2612 5388 introitur
2649 5333 2719 5388 ad
2766 5350 3022 5404 regnum.
3061 5334 3269 5391 Idcirco
3300 5353 3402 5393 nec

1814 5422 2092 5476 immerito
2120 5428 2205 5476 tot
2230 5423 2496 5478 dicuntur
2522 5423 2720 5486 claves,
2754 5429 2888 5495 quot
2935 5424 3147 5479 fuerint
3196 5426 3400 5481 habita

1812 5512 2063 5566 virtutes.
2098 5512 2414 5566 Prasertim
2445 5513 2574 5585 quia
2618 5529 2966 5585 unaquaque
3009 5514 3185 5569 virtus
3230 5530 3397 5586 quam

1814 5618 1961 5673 sape
1985 5606 2044 5657 et
2070 5601 2237 5657 simul
2275 5618 2468 5658 omnes
2497 5603 2729 5657 virtutes
2748 5618 2984 5673 regnum
3017 5602 3283 5658 calorum
3313 5602 3393 5657 di-
3428 5602 3443 5614 ’
