3888 6172
430 304 537 363 563
1181 291 1242 350 s.
1280 282 1657 346 PASCHASII
1695 266 2057 335 RADBERTI
2095 268 2403 327 ABBATIS
2441 265 2941 325 CORBEIENSIS.
3537 269 3622 327 56,

429 432 663 496 cuntur;
703 431 762 481 et
787 426 1087 497 propterea
1126 416 1221 489 qui
1262 430 1357 469 eas
1397 406 1660 465 habuerit
1707 398 2016 457 secundum
2034 395 2087 454 A
2105 393 2495 455 buerint,tunc
2523 410 2558 447 a
2577 393 2865 448 sacerdote
2886 390 3116 462 jubetur
3138 396 3200 445 ut
3220 390 3465 446 immundi
3482 394 3621 462 ﬁant;

431 534 573 592 quas
598 516 751 581 vivit,
782 480 1004 567 videtur
1053 523 1174 563 esse
1215 504 1273 558 in
1327 515 1500 569 regno
1542 495 1809 549 cmlorum
1860 493 1918 542 et
1962 486 2022 540 in
2104 500 2213 538 non
2244 484 2391 555 quod
2421 483 2680 538 sacerdos
2710 482 2961 552 leprosos
3000 480 3230 534 mundos
3265 480 3415 534 faciat
3437 489 3520 536 aut
3541 484 3625 537 im-

1565 585 1575 592 .
1630 583 1652 592 Α
1750 582 1761 592 ο
1799 581 1810 592 ι
2005 582 2014 592 ι
2106 574 2334 592 ,__-_,_.l_,
2403 590 2409 592 _
2432 573 2487 592 ,Δ
2544 572 2679 592 _,-_-_I
2723 570 2922 592 I_-L__L
2956 570 3204 592 μΑιζιξΑ...
3238 570 3418 592 1,----2
3467 577 3505 592 ,Α
3542 588 3621 592 __..

680 570 1180 662 virtutumﬁt'a
1193 598 1386 647 contra
1408 603 1546 658 quas
1562 582 1766 638 inferni
1799 581 1949 648 leges
1969 582 2025 630 et
2105 574 2363 636 mundos,
2395 573 2489 627 sed
2536 572 2682 642 quod
2723 570 2926 623 habeat
2956 570 3209 623 notitiam
3238 570 3424 639 leprosi
3461 577 3509 622 et
3541 588 3629 624 non

433 704 778 753 tartarorum
810 698 1001 763 portas,
1034 693 1091 739 et
1119 680 1307 737 omnia
1336 676 1532 731 mortis
1559 674 1805 727 claustra
1834 666 2025 722 dissol-
2109 662 2330 733 leprnsi,
2349 669 2406 716 et
2424 660 2599 732 possit
2614 660 2933 713 discernere
2948 659 3040 730 qui
3062 658 3384 720 mundisint,
3399 659 3536 729 quive
3551 662 3629 713 im-

436 793 656 849 ventur,
686 790 743 837 et
769 747 1092 852 aperientur
1115 773 1300 842 januae
1330 766 1473 820 vitae.
1508 761 1775 833 Sequitur
1808 776 1819 810 :
2111 750 2630 815 mundi.Quomodo
2647 748 2871 819 ergoibi
2893 748 3149 802 sacerdos
3171 747 3421 800 mundum
3436 748 3633 802 {mitam

504 837 947 942 iit—quodcunque
961 837 1221 932 ligaveris
1238 872 1410 925 supra
1429 851 1774 915 terram,crit
1792 849 2029 913 ligatum
2110 841 2484 903 immundum,
2512 839 2591 892 sic
2610 845 2668 892 et
2687 838 2775 892 hic
2794 838 2988 907 alligat
3016 838 3099 890 vel
3121 837 3280 890 solvit
3298 837 3549 906 episcOpus
3569 839 3634 891 vel

435 967 568 1022 etin
590 962 735 1016 caelis
771 963 817 1011 et
838 955 1194 1026 quodcunque
1221 947 1445 1001 solveris
1482 955 1644 1010 super
1670 945 1902 996 terram,
1924 935 2030 985 erit
2114 930 2422 1001 presbyter,
2456 945 2567 982 non
2595 944 2690 981 eos
2735 929 2830 997 qui
2870 927 3018 980 noxii
3048 931 3196 983 sunt.
3229 927 3308 979 vel
3336 927 3532 990 innoxii,
3559 943 3636 979 suo

434 1054 680 1107 saluium
709 1051 757 1100 et
786 1048 849 1099 in
863 1039 1243 1104 castis.Qua=.so
1263 1031 1649 1103 unusquisque
1670 1027 2032 1082 circumstan-
2113 1018 2367 1083 arbitrio,
2413 1018 2509 1071 sed
2566 1015 2897 1087 pontiﬁcalis
2953 1016 3133 1069 ofﬁcio
3179 1031 3300 1069 cum
3344 1020 3637 1085 peccatorum

617 1133 871 1191 lectionis
918 1131 1088 1201 hujus
1139 1125 1441 1196 diligenter
1482 1116 1755 1180 intendat,
1789 1110 2031 1166 maxime
2113 1107 2357 1162 audierit
2393 1107 2708 1170 varietates,
2740 1104 2846 1158 scit
2883 1105 2978 1175 qui
3006 1104 3214 1174 ligandi
3241 1104 3365 1168 sint,
3396 1104 3536 1174 quive
3559 1104 3641 1157 sol-

434 1237 627 1286 tamen
655 1222 920 1298 episcopi,
945 1218 1150 1291 quibus
1179 1213 1400 1267 videtur
1437 1225 1565 1263 cum
1608 1207 1774 1260 Petro
1805 1207 1863 1256 et
1901 1214 2028 1253 cum
2114 1196 2295 1250 vendi.
2330 1196 2399 1249 Et
2423 1195 2471 1248 si
2500 1194 2778 1266 quispiam
2824 1210 2985 1248 secus
3024 1192 3443 1264 praesumpserit,
3473 1208 3567 1245 non
3587 1192 3642 1245 de

437 1281 708 1374 omnibus
725 1281 992 1386 apostolis
1017 1309 1133 1361 haec
1149 1308 1395 1376 potestas
1420 1296 1715 1370 specialius
1745 1310 1779 1347 a
1794 1288 2031 1345 Domino
2109 1286 2332 1356 justitia
2354 1290 2412 1339 et
2448 1300 2577 1338 vero
2602 1283 2772 1349 venit,
2795 1282 2894 1337 sed
2924 1282 2992 1336 de
3016 1282 3165 1336 fastu
3189 1287 3245 1335 et
3272 1281 3643 1352 praesumptione

437 1406 730 1468 attributa,
746 1370 873 1456 licet
897 1405 955 1453 et
970 1394 1125 1452 omni
1145 1390 1400 1449 Ecclesiae
1422 1388 1615 1442 eadem
1645 1384 1720 1438 sit
1739 1394 2028 1445 concessa;
2115 1374 2546 1439 Pharisaeorum,
2570 1372 2702 1443 quia
2720 1388 2833 1425 non
2852 1376 2986 1426 sunt
3005 1371 3074 1425 ad
3092 1371 3198 1424 hoc
3225 1370 3388 1435 missi,
3412 1376 3469 1423 ut
3480 1370 3647 1440 disper-

438 1460 832 1571 quoniam'qui
852 1489 998 1542 hanc
1022 1483 1126 1539 sibi
1150 1482 1271 1536 vult
1286 1477 1565 1533 vindicare
1580 1472 1844 1544 gratiam,
1869 1466 2036 1522 debet
2116 1465 2253 1517 dant
2300 1467 2357 1517 et
2404 1462 2680 1527 occidant,
2726 1462 2824 1516 sed
2873 1466 2937 1515 ut
2964 1460 3231 1531 colligant
3275 1466 3329 1513 et
3356 1460 3544 1513 salvent
3576 1474 3649 1512 eos

438 1550 830 1642 inﬁrmitatem
850 1575 1001 1631 Petri
1018 1575 1076 1628 in
1096 1577 1477 1644 petratenere,
1494 1564 1774 1633 ﬁdemque
1787 1556 2035 1613 moribus
2117 1553 2289 1607 etiam
2322 1551 2417 1622 qui
2445 1550 2766 1605 ceciderint.

442 1682 501 1731 et
526 1689 658 1728 voce
687 1667 1011 1742 praedicare,
1055 1661 1258 1717 deinde
1317 1659 1496 1712 claves
1530 1651 1690 1722 regni
1747 1664 1886 1720 quas
1922 1644 2097 1742 dixin
2196 1643 2345 1696 Tunc
2373 1642 2625 1709 pracepit
2665 1641 2953 1707 discipulis
2991 1642 3107 1692 suis
3134 1644 3195 1691 ut
3228 1640 3433 1692 nemini
3457 1637 3653 1691 dicerent

442 1708 501 1731 clo
534 1708 658 1728 νυυῠ
687 1708 1011 1742 γιυι-νιν--νν
1057 1708 1256 1717 vum"..-
1323 1708 1401 1712 --π
1446 1708 1460 1710 ἡ
1592 1708 1627 1722 υ
1764 1708 1783 1720 ι
2374 1708 2385 1709 7

438 1764 668 1821 habere,
697 1757 1033 1825 easdemque
1058 1752 1239 1806 claves
1270 1764 1382 1802 non
1413 1762 1448 1799 a
1476 1760 1554 1808 se,
1587 1740 1684 1795 sed
1711 1756 1746 1792 a
1777 1708 2098 1799 Domino,B
2117 1734 2251 1800 quia
2298 1733 2412 1797 ipse
2440 1734 2513 1783 est
2547 1730 2815 1783 Christus.
2864 1728 3141 1791 Quoniam
3176 1728 3314 1781 alios
3353 1725 3555 1796 spiritus
3590 1726 3654 1778 sui

442 1814 514 1910 Ei
527 1814 976 1923 hominum.
1009 1840 1168 1912 quasi
1197 1835 1437 1892 caelestis
1474 1831 1688 1904 janitor
1730 1824 2031 1881 custodire.
2119 1838 2240 1875 esse
2259 1825 2430 1874 testes
2459 1818 2753 1890 oportebat
2779 1833 2946 1889 quam
2982 1817 3284 1888 apostolos,
3314 1816 3478 1883 legem
3505 1814 3656 1868 videli-

446 1902 500 1910 ’⁷
529 1902 615 1923 r"
657 1902 687 1904 _
1028 1902 1044 1912 ι
1481 1902 1488 1904 .

440 1942 596 1997 Alias
625 1943 812 1992 autem
842 1932 950 1988 nisi
965 1930 1176 2001 judicia
1197 1929 1320 1998 ejus
1340 1930 1605 1978 maneant
1620 1920 1783 1973 ﬁrma
1802 1916 1859 1969 in
1884 1912 2038 1966 l’hri-
2119 1918 2207 1966 cet
2234 1916 2291 1965 et
2318 1910 2641 1982 prophetas.
2695 1907 3140 1962 Resurrectionis
3172 1912 3356 1960 autem
3398 1922 3498 1958 suae
3533 1902 3657 1956 testi-

440 2035 548 2094 sto,
605 2025 765 2099 quasi
814 2025 928 2078 Deo
965 1993 1256 2091 judicante
1317 2031 1416 2086 per
1474 2012 1681 2082 ipsum,
1722 2003 2036 2060 timendum
2120 2001 2391 2059 monium,
2425 1998 2710 2070 proprium
2752 2006 2838 2052 est
2878 1997 3288 2068 apostolorum.
3343 1995 3405 2048 Et
3428 1993 3536 2046 ideo
3576 2007 3658 2044 non

439 2135 513 2175 ne
538 2086 735 2172 contra
780 2086 1091 2184 ipsum'qui
1143 2107 1281 2176 ligat
1336 2109 1436 2157 aut
1474 2098 1655 2160 solvit,
1701 2093 2040 2166 praevaleant
2120 2097 2287 2145 antea
2333 2105 2502 2161 quam
2548 2096 2679 2142 tunc
2720 2087 2959 2157 primum
2991 2086 3411 2149 conﬁrmantur,
3439 2088 3495 2137 ut
3529 2088 3662 2134 testes

441 2213 618 2279 porta
637 2204 964 2263 inferorum,
988 2198 1035 2252 si
1051 2197 1260 2267 injuste
1271 2192 1506 2263 judicat,
1526 2195 1583 2242 et
1597 2201 1710 2240 non
1731 2181 2039 2238 secundum
2122 2180 2323 2233 ﬁerent
2351 2177 2534 2231 idonei
2566 2177 2624 2230 in
2654 2176 2867 2246 Spiritu
2899 2174 3170 2228 veritatis.
3193 2174 3257 2227 In
3287 2170 3424 2243 quod
3448 2170 3661 2223 nimirum

1735 2273 1745 2279 .
1800 2274 1810 2279 .
2350 2274 2357 2279 .
2465 2267 2478 2279 1
2554 2267 2565 2279 ι
2679 2272 2687 2279 .
2911 2264 2922 2274 ο
3078 2263 3087 2274 ο
3173 2262 3207 2279 ιο
3238 2278 3241 2279 ,
3357 2262 3400 2279 Ἀ
3446 2258 3659 2279 ομὲλξΑ....

442 2258 547 2352 rDei
568 2293 815 2348 verbum.
840 2258 1127 2343 Adversus
1143 2258 1308 2354 quem
1339 2286 1529 2335 autem
1545 2285 1717 2348 portae
1733 2273 2043 2326 inferorum
2126 2274 2401 2339 praecepto
2447 2267 2783 2330 declaratur,
2830 2264 2964 2335 quia
3009 2262 3309 2317 scientium
3354 2262 3409 2314 in
3446 2258 3663 2330 Spiritum

2128 2358 2413 2412 Christum
2436 2355 2722 2410 beatitudo
2745 2359 3058 2408 monstrata
3078 2358 3186 2409 est.
3210 2353 3431 2421 Negatze
3449 2364 3559 2401 vero
3576 2361 3665 2398 rur-

2130 2464 2255 2501 sum
2284 2445 2618 2501 humilitatis
2647 2449 2704 2499 et
2733 2442 3006 2515 passionis
3050 2442 3176 2511 ejus
3205 2439 3497 2512 periculum
3523 2435 3668 2491 decla-

2129 2542 2305 2592 ratur.
2339 2538 2645 2606 Propterea
2673 2546 2685 2582 ε

2201 2626 2411 2680 Exinde
2437 2628 2608 2692 capit,
2634 2623 2839 2694 inquit,
2859 2622 3133 2676 ostendere
3154 2623 3291 2689 quia
3312 2616 3558 2688 oportebat
3576 2628 3671 2666 eum

2132 2718 2569 2781 Hierosolymam
2600 2718 2698 2780 ire,
2732 2718 2781 2766 et
2810 2715 2933 2782 pati
2962 2714 3140 2765 multa
3173 2727 3207 2764 a
3234 2709 3524 2764 senioribus
3540 2704 3673 2774 plebis

443 2400 559 2440 non
608 2376 1031 2453 praevaluerint,
1065 2375 1184 2445 ipse
1227 2373 1379 2442 juste
1417 2367 1655 2438 judicat,
1699 2362 1832 2433 quia
1866 2359 2047 2413 claves

445 2446 666 2542 regnis
691 2466 931 2522 Domino
956 2466 1077 2535 jam
1116 2464 1405 2533 perceptas
1450 2470 1639 2509 secum
1670 2454 1876 2524 portat.
1913 2446 2047 2500 Pro—

446 2539 574 2633 pter
602 2558 751 2630 quod
801 2564 858 2610 et
908 2553 1088 2625 aperit
1146 2551 1227 2605 eis
1276 2548 1372 2619 qui
1422 2543 1592 2600 soluti
1623 2539 1837 2595 fuerint
1876 2550 2045 2607 super

446 2625 680 2719 terram,
714 2649 779 2700 ut
822 2643 937 2698 sint
965 2640 1135 2696 soluti
1160 2644 1218 2693 et
1245 2636 1407 2692 liberi
1433 2632 1690 2719 caelis.
1740 2630 1808 2683 Et
1836 2625 2048 2682 claudit

449 2730 549 2796 eis,
569 2713 674 2800 qui
711 2728 866 2797 justo
890 2722 1100 2795 judicio
1144 2722 1266 2791 ejus
1296 2718 1452 2789 ligati
1484 2714 1694 2769 fuerint
1723 2726 1892 2780 super
1930 2713 2048 2761 ter-

448 2793 690 2883 ratu-ut
713 2793 833 2870 eiut
853 2793 1011 2884 quasi
1033 2811 1193 2881 ligati
1222 2807 1429 2862 ίῐιοαειο
1446 2801 1785 2874 “indicati;
1815 2806 1872 2854 et
1901 2799 2044 2864 ideo.
2132 2811 2180 2859 et
2209 2807 2423 2866 scribis,
2446 2808 2495 2857 et
2522 2820 2557 2857 a
2582 2804 2931 2871 principibus
2968 2802 3315 2854 sacerdotum.
3346 2798 3520 2859 occidi,
3541 2800 3579 2848 et
3610 2793 3674 2845 die

451 2907 631 2980 quasi.
646 2905 778 2969 dixi,
804 2903 940 2974 quia
958 2917 1070 2954 non
1100 2899 1158 2951 in
1186 2896 1337 2951 caelis
1355 2899 1540 2957 erunt,
1561 2891 1656 2946 sed
1690 2890 1821 2980 inde
1841 2888 2050 2960 repulsi
2134 2897 2298 2948 tertia
2324 2908 2607 2960 resurgere
2624 2896 2747 2956 (ιθ
2764 2897 2836 2955 τ.
2863 2890 2971 2945 Sed
2999 2906 3174 2960 quam
3196 2886 3547 2960 dispensative
3570 2898 3675 2951 apo-

451 2997 674 3051 cceleste
705 3008 897 3046 secum
940 2987 1218 3059 judicium
1267 2983 1572 3055 portabunt
1618 2980 1688 3033 ad
1735 2977 1960 3041 inferos.
2003 2977 2050 3030 Si
2134 2983 2304 3037 stulos
2346 2982 2415 3036 ad
2442 2983 2585 3035 hanc
2630 2980 2950 3034 introducat
2977 2980 3170 3041 ﬁdem,
3206 2978 3387 3033 nescio
3422 2975 3501 3029 vel
3525 2972 3564 3027 si
3591 2967 3678 3024 rari

449 3087 602 3156 juste
649 3080 812 3148 ligati
864 3076 1088 3132 iuerint.
1126 3076 1191 3129 Et
1222 3073 1346 3127 ideo
1396 3069 1754 3125 formidolosa
1800 3060 2116 3136 utrisqueC
2137 3072 2251 3125 sint
2279 3072 2373 3141 qui
2417 3069 2759 3139 intelligant.
2800 3069 2944 3122 Nam
2974 3066 3238 3138 superius
3268 3068 3457 3120 Petrus
3482 3063 3554 3114 vix
3580 3069 3679 3112 tan-

454 3150 733 3227 incumbit
746 3165 1075 3230 necessitas;
1100 3169 1157 3216 et
1185 3162 1279 3233 qui
1303 3159 1521 3231 indicat
1540 3174 1605 3211 ac
1632 3157 1789 3226 ligat,
1813 3172 1883 3209 ne
1911 3155 2054 3208 forte
2136 3162 2261 3214 dem
2290 3161 2543 3231 pervenit
2562 3165 2624 3213 ut
2652 3159 3014 3212 conﬁteretur
3048 3175 3058 3207 :
3098 3158 3180 3211 Tu
3207 3174 3257 3209 cs
3284 3157 3517 3210 Christus
3543 3150 3679 3204 Filius

455 3262 666 3332 injuste
694 3258 831 3327 liget
859 3261 959 3310 aut
976 3253 1154 3309 solvat
1177 3271 1189 3311 ξ
1218 3256 1275 3304 et
1304 3249 1399 3321 qui
1424 3247 1713 3319 jUdicatur
1741 3262 1806 3299 ac
1825 3245 2051 3314 ligatur,
2138 3253 2234 3304 [lci
2253 3253 2378 3309 rivi,
2403 3259 2460 3302 et
2482 3250 2583 3302 hoc
2610 3264 2722 3301 non
2752 3246 2861 3300 nisi
2890 3247 3055 3299 Patre
3079 3245 3149 3298 de
3183 3245 3324 3299 Filio
3354 3242 3619 3299 revelante,
3641 3239 3683 3287 et

458 3324 534 3405 ne
552 3348 696 3402 forte
725 3324 933 3416 ligatus
960 3348 1059 3397 aut
1074 3340 1358 3412 judicatus
1382 3338 1556 3407 juste,
1590 3335 1720 3389 hinc
1750 3341 2052 3404 antequam

2148 3356 2264 3393 mox
2310 3339 2572 3409 praecepit
2600 3338 2650 3391 ei
2690 3343 2747 3390 et
2774 3335 3034 3390 omnibus
3071 3334 3380 3405 discipulis,
3417 3331 3472 3386 Ut
3510 3324 3684 3381 nemini

461 3439 728 3499 solvatur,
762 3439 945 3489 exeat.
990 3433 1392 3486 Verumtamen
1424 3425 1619 3480 ovibus
1649 3423 1877 3489 Christi,
1912 3439 2052 3494 quo-

460 3527 599 3583 libet
639 3525 803 3579 modo
855 3523 992 3593 liget
1028 3524 1236 3592 pastor,
1270 3533 1492 3588 semper
1518 3515 1777 3569 timenda
1812 3530 1876 3567 ac
1905 3529 2058 3566 reve-

462 3617 640 3673 renda
666 3618 754 3669 est
785 3610 1065 3667 sententia
1084 3607 1342 3680 pastoris,
1376 3623 1447 3660 ne
1467 3605 1611 3659 forte
1639 3603 1859 3674 culpam
1889 3618 2057 3673 quam

463 3723 578 3762 non
623 3701 900 3759 contraxit
938 3718 1002 3755 ex
1060 3699 1204 3753 facto
1260 3697 1515 3750 incurrat
1559 3711 1672 3765 pm
1710 3696 2057 3762 contemptu.

465 3797 745 3852 Caeterum
778 3789 1031 3864 quamvis
1062 3788 1144 3842 eis
1181 3785 1395 3857 ligandi
1424 3782 1783 3853 solvendique
1833 3783 2062 3834 maneat

466 3891 735 3958 potestas,
768 3882 876 3937 nisi
897 3882 1050 3951 juste
1078 3877 1376 3949 ligaverint
1400 3880 1500 3928 aut
1527 3872 1797 3927 solverint
1825 3875 1906 3935 (ut
1935 3884 2060 3922 cum

467 3991 664 4035 eorum
692 3989 827 4044 pace
857 3971 1056 4041 loquar
1092 3967 1186 4039 qui
1217 3966 1397 4036 ligant
1431 3968 1529 4017 aut
1557 3962 1817 4026 solvunt),
1854 3958 2064 4011 ridicu-

465 4063 585 4117 lum
606 4067 692 4116 est
708 4060 975 4130 cogitare,
998 4063 1098 4112 aut
1121 4056 1349 4119 sentire,
1383 4058 1439 4107 et
1464 4050 1829 4123 periculosius
1857 4047 2059 4109 facere,

470 4156 535 4204 ut
561 4151 608 4203 is
636 4149 732 4219 qui
755 4148 811 4201 in
843 4147 1078 4200 vinculis
1099 4149 1451 4215 peccatorum
1478 4157 1708 4195 suorum
1730 4140 1934 4209 ligatus
1957 4140 2059 4201 est,

2138 3431 2379 3483 dicerent
2407 3432 2541 3497 quia
2584 3429 2691 3495 ipse
2723 3432 2795 3480 est
2826 3426 3095 3479 Christus.
3129 3423 3279 3488 Quid
3325 3428 3481 3494 putas
3524 3412 3685 3488 praedi-

2139 3518 2386 3573 caverint
2414 3517 2590 3588 prius,
2621 3514 2844 3586 quando
2869 3513 3080 3567 dictum
3111 3521 3201 3567 est
3229 3513 3309 3567 eis
3339 3530 3348 3563 :
3382 3514 3446 3566 In
3472 3510 3572 3562 vias
3590 3517 3687 3571 gen-

2145 3610 2285 3661 tium
2308 3624 2371 3660 ne
2384 3608 2649 3670 abicritis,
2667 3609 2713 3658 ct
2728 3609 2787 3657 in
2803 3607 3046 3658 civitates
3062 3601 3545 3657 Samaritanorum
3562 3596 3689 3648 nein-

2146 3698 2424 3751 trareritis
2439 3714 2452 3757 ;
2469 3698 2539 3748 ite
2559 3697 2740 3761 potius
2754 3694 2828 3746 ad
2843 3709 2957 3745 oves
2973 3693 3222 3760 perditas
3232 3693 3422 3744 domus
3434 3686 3686 3743 Israet,etc.

2149 3787 2361 3853 (Matth.
2404 3801 2455 3847 x,
2500 3783 2606 3850 56).
2657 3783 2791 3847 Quae
2827 3781 2967 3834 dixit
3004 3780 3105 3841 eis,
3149 3780 3383 3833 mittens
3427 3777 3490 3830 ad
3527 3768 3692 3845 praedi-

2146 3875 2405 3929 candum.
2447 3872 2592 3936 Quid
2623 3889 2775 3942 ergo,
2807 3870 2853 3924 si
2882 3871 2952 3923 ad
2985 3870 3335 3940 apostolatus
3364 3866 3585 3921 ofﬁcium
3598 3862 3689 3931 jam

2149 3970 2280 4017 tunc
2310 3961 2695 4027 mittebantur,
2728 3960 2877 4014 aliud
2928 3959 3233 4029 prmdicare
3281 3962 3528 4029 poterant
3561 3963 3693 4022 quam

2147 4051 2451 4115 Christum,
2476 4052 2569 4121 qui
2601 4067 2659 4103 se
2695 4049 2850 4103 miris
2874 4055 2930 4103 et
2949 4048 3186 4102 diversis
3216 4047 3460 4119 quotidie
3480 4039 3695 4114 Operibus

2147 4141 2449 4196 Dominum
2496 4158 2615 4194 esse
2643 4137 2994 4193 declarabat?
3026 4139 3093 4191 Et
3146 4138 3196 4191 si
3245 4142 3379 4192 tunc
3423 4134 3587 4188 adhuc
3626 4142 3698 4180 eos

472 4242 530 4293 et
556 4235 960 4305 constringitur
989 4213 1300 4304 poenaliter,
1331 4237 1559 4301 propter
1581 4231 1682 4282 hoc
1704 4229 1905 4293 solum,
1935 4226 2068 4297 quia
2150 4232 2341 4297 mittit,
2359 4237 2413 4284 et
2434 4229 2650 4283 volebat
2666 4234 2730 4282 ut
2750 4244 2876 4282 eum
2899 4227 3323 4286 annuntiarent,
3346 4224 3471 4296 quid
3492 4229 3568 4275 est
3583 4213 3699 4289 quod

473 4325 765 4397 episcopus
792 4322 997 4377 dicitur
1019 4327 1212 4386 «νισι
1241 4320 1449 4373 habere
1474 4317 1797 4386 hUjusmodi
1827 4322 2133 4397 potesta-ﬂ
2155 4338 2299 4375 nunc
2343 4320 2606 4390 praecepit
2643 4318 2853 4371 eisdem
2886 4317 3174 4387 discipulis
3205 4323 3270 4371 ut
3296 4312 3502 4369 nemini
3528 4310 3696 4366 dicant,

474 4367 764 4397 Vr‘”""r""
794 4367 984 4377 νην-*ν’*
1020 4367 1082 4384 εν
1102 4367 1211 4386 ση-
1241 4367 1405 4373 --νττντ
1424 4367 1446 4372 ν
1475 4367 1570 4386 ν--ιι
1585 4367 1729 4371 ““---ν
1750 4367 1795 4369 νὴ
1830 4367 1845 4387 ι
1874 4367 1887 4369 ν
1907 4367 1949 4369 ν-
1970 4367 2007 4369 -~
2035 4367 2041 4369 τ

472 4419 609 4479 tem,
634 4419 699 4468 ut
720 4411 790 4467 ab
819 4428 885 4466 eo
913 4410 1101 4473 soluti,
1134 4408 1248 4463 sint
1284 4406 1451 4461 soluti
1481 4411 1537 4459 et
1563 4405 1621 4458 in
1646 4404 1801 4458 cmlis
1833 4423 1845 4469 ;
1879 4411 1978 4457 aut
2004 4404 2058 4457 li-

2153 4367 2414 4481 quoniarm
2430 4367 2553 4480 ipse
2576 4414 2660 4462 est
2675 4407 2967 4461 Christus?
2990 4367 3047 4459 Si
3073 4411 3266 4459 autem
3289 4367 3507 4458 nolebat
3527 4416 3580 4453 se
3600 4410 3704 4466 prae-

471 4505 590 4578 gati
618 4503 678 4558 in
706 4501 891 4564 terris,
923 4500 1038 4553 sint
1062 4497 1218 4567 ligati
1247 4501 1304 4550 et
1332 4495 1386 4548 in
1411 4493 1580 4555 caelis,
1616 4494 1719 4547 hoc
1751 4497 1854 4553 est,
1877 4493 1934 4546 in
1957 4509 2068 4546 εοε-
2151 4501 2322 4554 dicari
2368 4498 2647 4570 quomodo
2668 4496 2975 4567 implentur
3004 4512 3127 4566 qua:
3166 4493 3431 4565 praedicta
3461 4494 3581 4546 sunt
3603 4485 3666 4540 eis
3692 4501 3702 4546 ;

472 4594 655 4649 lorum
680 4590 912 4662 ,Ῑυάὶοὶοι
947 4587 1107 4642 AbSit
1128 4603 1266 4656 .el'gO
1295 4585 1399 4639 hoc
1428 4582 1498 4637 ab
1528 4583 1624 4637 i110
1671 4589 1871 4637 senatu
1901 4583 2069 4635 οωιο·
2153 4590 2316 4660 quale
2347 4595 2435 4642 est
2454 4587 2617 4641 illud:
2642 4587 2877 4639 Tradent
2896 4588 3044 4639 enim
3065 4601 3153 4638 vos
3172 4587 3234 4638 in
3251 4586 3499 4645 concilio,
3514 4585 3557 4633 et
3576 4580 3627 4629 in
3643 4587 3708 4636 sy-

474 4699 621 4746 rum.
654 4687 719 4735 ut
745 4680 1051 4736 secundum
1100 4684 1315 4731 motum
1350 4674 1524 4729 animi
1570 4672 1944 4744 superbientis
1973 4678 2073 4727 aut
2156 4681 2381 4744 nagogis
2402 4680 2517 4729 suis
2542 4676 2899 4745 ﬂagellabant
2921 4690 3008 4727 ros
3031 4678 3256 4741 propter
3288 4690 3392 4738 me,
3427 4673 3485 4725 in
3517 4666 3709 4721 testimo-

476 4771 768 4827 irascentis
785 4768 1100 4840 cujuslibet,
1125 4771 1181 4820 et
1202 4765 1397 4836 ipsiinj
1407 4770 1529 4818 uste
1548 4763 1724 4834 ligent
1738 4768 1839 4817 aut
1857 4763 2075 4815 solvant
2156 4770 2316 4821 nium
2330 4769 2446 4820 illis
2466 4772 2490 4817 ?
2504 4767 2692 4826 (Marc.
2718 4778 2837 4826 χιιι,
2861 4763 2937 4825 9.)
2956 4763 3056 4816 Vel
3069 4762 3203 4815 illud
3225 4780 3236 4814 ε
3261 4763 3398 4816 cum
3418 4753 3707 4813 tradiderint

477 4876 664 4916 coram
691 4859 865 4913 oculis
882 4855 1305 4925 summijudicis
1336 4853 1527 4908 omnia
1549 4851 2069 4923 circumspicientis.
2152 4870 2260 4917 vos,
2306 4857 2473 4906 nolite
2519 4855 2755 4919 cogitare
2801 4844 3064 4919 quomodo
3093 4855 3191 4902 aut
3233 4850 3372 4918 quid
3415 4837 3706 4914 loquamini.

476 4949 741 5015 Quinimo
759 4940 2068 5018 magistimcndum,neforteincurratjudicium
2152 4944 2379 4996 dabitur
2425 4945 2575 4996 enim
2630 4943 2775 4993 vobis
2814 4942 2877 4993 in
2921 4943 3023 4993 illa
3070 4939 3207 4992 hora
3254 4939 3393 5006 quid
3442 4923 3711 5002 loquamini

469 5011 647 5110 judex
674 5037 805 5092 vitae
835 5011 1049 5100 alienae,
1085 5034 1216 5106 quia
1242 5033 1462 5087 Veritas
1493 5030 1753 5085 omnibus
1782 5028 1922 5082 dixit
1964 5046 1974 5080 :
2004 5029 2070 5082 In
2157 5031 2366 5093 (Matth.
2404 5047 2453 5095 x,
2511 5028 2604 5085 19ι.
2640 5028 2928 5092 Quomodo
2969 5033 3198 5097 propter
3243 5025 3521 5078 Christum
3555 5011 3710 5084 flagel-

475 5122 1841 5198 quocunquejudiciojudicaveritis,judicabimini
1854 5134 1863 5175 ι
1875 5118 2043 5171 Matth
2055 5158 2066 5171 .

478 5231 572 5283 vn,
604 5218 687 5281 2).
744 5217 813 5271 Et
842 5215 967 5268 ideo
999 5213 1328 5276 cavendum,
1365 5211 1602 5264 maxime
1648 5215 1838 5263 tamen
1870 5207 1964 5279 qui
2012 5207 2069 5261 in

478 5305 681 5360 divinis
705 5305 962 5376 judicant
990 5302 1175 5366 rebus,
1199 5317 1263 5354 eo
1298 5300 1443 5369 quod
1467 5299 1613 5369 apud
1638 5298 1935 5351 Dominum
1961 5313 2068 5351 non

478 5394 759 5449 sententia
778 5393 1129 5447 sacerdotum
1151 5394 1394 5449 tantum,
1417 5404 1607 5441 verum
1631 5391 1688 5440 et
1717 5402 1939 5440 reorum
1959 5387 2072 5439 vita

480 5484 765 5555 quaeritur.
794 5480 938 5535 Nam
971 5486 1027 5536 et
1054 5480 1112 5534 in
1141 5477 1383 5534 Levitico
1414 5476 1482 5531 de
1511 5475 1763 5546 leprosis,
1797 5474 1890 5528 ubi
1913 5474 2071 5545 jube-

478 5574 576 5645 tur
610 5575 676 5628 ut
702 5568 1002 5628 ostendant
1045 5584 1106 5625 se
1134 5564 1536 5633 sacerdotibus,
1566 5570 1623 5621 et
1647 5564 1696 5620 si
1723 5564 1939 5636 lepram
1966 5563 2069 5619 ha-

2152 5119 2301 5172 landi
2326 5124 2507 5183 erant,
2528 5124 2627 5172 aut
2646 5116 2988 5181 tradendi,-si
3013 5132 3123 5169 non
3146 5114 3433 5169 Christum
3456 5103 3710 5164 annuntia-

2154 5208 2334 5263 bunt?
2375 5207 2649 5261 Fortassis
2694 5222 2827 5276 ergo
2875 5205 3078 5275 aliquis
3139 5204 3313 5258 audet
3364 5202 3557 5259 dicere,
3601 5190 3709 5262 quia

2154 5297 2377 5353 nolebat
2420 5302 2555 5350 tunc
2604 5295 2910 5365 praedicari,
2971 5294 3233 5364 quoniam
3285 5292 3447 5346 Jesus
3496 5289 3604 5357 ipse
3643 5286 3711 5331 est

2154 5387 2427 5450 Christus,
2460 5384 2683 5455 quando
2712 5383 2879 5453 primi
2907 5367 3060 5436 missi
3086 5386 3219 5435 sunt
3251 5380 3365 5433 bini
3394 5385 3451 5432 et
3483 5374 3603 5433 bini,
3634 5384 3709 5421 ne‘

2153 5492 2260 5548 que
2279 5474 2348 5529 ab
2368 5474 2635 5545 apostolis
2661 5489 2838 5543 usque
2853 5472 2923 5526 ad
2948 5469 3377 5526 resurrectionis
3403 5474 3625 5535 tempus.
3647 5458 3711 5510 De

2153 5565 2354 5639 quibus
2382 5562 2641 5621 omnibus
2665 5562 2937 5634 Origenes
2961 5562 3022 5618 in
3050 5565 3295 5617 tractatu
3306 5572 3410 5615 suo
3436 5553 3713 5619 multapro-
