3888 6172
161 285 274 344 565
888 284 1267 341 EXPOSITIO
1307 287 1386 342 IN
1423 286 1870 344 MA’ITHEUM.
1917 316 1977 328 -—
2020 287 2158 343 LIB.
2197 284 2349 352 VIII,
2391 286 2549 344 CAP.
2591 288 2737 344 XVI.
3331 292 3440 351 566

162 411 315 485 ponit
345 416 405 466 et
430 411 620 477 infert,
651 412 699 465 si
722 411 864 465 forte
892 411 1002 465 ista
1030 416 1087 464 et
1118 410 1443 480 hujusmodi
1474 413 1611 467 talia
1640 413 1756 467 suis
1776 415 1823 473 A
1841 412 2130 483 praedicari
2164 429 2235 467 .se
2277 414 2458 483 primo
2487 416 2687 478 noluit,
2721 432 2792 471 ne
2820 417 2969 473 ullus
3005 417 3275 490 strepitus
3301 420 3434 477 inde

160 503 213 556 in
239 501 380 555 locis
401 502 472 556 ad
502 501 755 555 futurum
784 509 1005 570 tempus
1038 500 1373 570 pertineant,
1393 503 1633 556 maxime
1655 503 1758 557 hoc
1840 509 2180 555 nasceretur.
2215 507 2564 572 Quapropter
2609 506 2785 559 Lucas
2824 507 3076 577 apertius
3119 508 3436 579 increpasse

159 591 214 646 in
239 591 366 645 loco
410 591 775 661 quaerendum
801 590 1036 659 judicat,
1074 594 1131 643 et
1170 597 1357 644 utrum
1407 608 1533 645 cum
1575 592 1758 646 mitte-
1839 590 1963 644 illos
1987 591 2141 652 dicit,
2178 607 2249 643 ne
2277 592 2365 644 cui
2412 592 2516 645 hoc
2568 594 2820 649 dicerent
2852 597 3000 666 quod
3039 603 3325 667 oporteret
3348 598 3437 653 Fi-

160 686 375 744 rentur,
401 682 523 750 jam
554 679 971 749 cognoscebant
994 679 1258 747 quoniam
1290 679 1409 750 ipse
1441 688 1563 734 erat
1602 681 1758 735 Chri-
1838 679 1976 733 lium
2002 679 2245 733 hominis
2265 680 2441 733 multa
2472 683 2606 751 pati,
2649 690 2706 736 et.
2736 685 3025 755 reprobari
3054 702 3087 739 a
3118 685 3435 741 senioribus

160 776 293 823 stus.
318 769 388 823 Et
418 768 467 823 si
510 770 628 839 jam
663 768 1088 837 cognoscebant,
1120 770 1321 838 inquit,
1357 770 1549 839 procul
1587 769 1756 823 dubio

160 857 528 929 cognoscebat
572 863 631 912 et
664 858 882 911 Petrus.
929 857 1221 920 Quomodo
1268 874 1400 929 ergo
1446 864 1569 929 post
1598 866 1758 913 tanta

161 952 212 1001 et
246 948 408 1010 talia,
429 963 554 1018 quae
578 947 635 1001 in
652 947 886 1001 diversis
905 947 1041 1000 locis
1070 952 1222 1001 retro
1256 946 1551 1012 habentur,
1580 948 1755 1002 inter-

160 1042 322 1107 rogat
351 1053 485 1091 eos:
524 1038 610 1109 Vos
638 1052 764 1102 ergo
794 1053 955 1104 quem
1002 1052 1084 1089 me
1112 1053 1217 1089 esse
1263 1040 1450 1090 dicitis
1473 1044 1497 1089 ?
1517 1037 1755 1101 Quando

162 1131 213 1180 et
258 1126 629 1197 respondenti
673 1126 839 1180 Petro
890 1141 956 1179 ac
982 1124 1189 1179 dicenti
1241 1143 1252 1178 :
1316 1127 1395 1180 Tu
1429 1143 1480 1179 es
1508 1127 1756 1181 Christus

163 1216 333 1268 Filius
362 1216 463 1269 Dei
498 1218 631 1279 vivi,
670 1214 810 1268 dixit
845 1233 857 1267 :
892 1216 1084 1269 Beatus
1124 1231 1175 1267 es
1223 1214 1418 1269 Simon
1457 1217 1753 1282 Bar-Jona,

162 1306 288 1373 quia
320 1319 454 1358 caro
484 1308 531 1357 et
556 1306 788 1370 sanguis
820 1319 931 1357 non
984 1306 1242 1356 reuelauit
1281 1305 1399 1368 tibi,
1454 1306 1543 1357 sed
1593 1307 1757 1359 Pater

1839 773 1896 822 et
1914 768 2257 839 principibus
2282 771 2637 825 sacerdotum
2680 779 2737 827 et
2790 774 3005 838 scribis,
3041 784 3099 829 et
3148 775 3342 830 occidi.
3377 782 3439 831 et

1837 857 1928 912 die
1955 858 2122 911 tertia
2156 861 2543 928 resurgere.Et
2573 862 2821 916 fortassis
2850 863 2977 917 ideo
3002 863 3320 934 increpasse
3339 880 3435 920 eos

1837 946 2069 1009 addidit,
2103 948 2237 1017 quia
2257 947 2469 1002 sciebat
2506 950 2777 1005 Dominus
2826 952 3051 1005 difﬁcile
3094 953 3343 1023 passioni
3367 969 3436 1009 ac

1837 1036 2235 1090 resurrectioni
2263 1037 2431 1091 etiam
2476 1038 2780 1109 discipulos
2808 1041 3139 1095 credituros.
3176 1042 3320 1096 Hinc
3347 1046 3436 1098 est

1839 1127 1987 1196 quod
2014 1126 2134 1196 ipse
2165 1126 2442 1195 passionis
2465 1143 2582 1181 suae
2627 1144 2691 1181 ac
2720 1130 3147 1184 resurrectionis
3183 1131 3433 1201 primum

1838 1231 1938 1285 per
1973 1215 2339 1285 semetipsum
2375 1222 2623 1269 assertor
2663 1233 2783 1270 esse
2831 1219 3047 1284 maluit,
3081 1219 3283 1274 deinde
3306 1225 3434 1291 post

1840 1304 2306 1358 resurrectionem
2339 1305 2652 1374 apostolos;
2683 1310 2746 1359 ut
2776 1322 2843 1359 ex
2863 1307 3008 1361 facto
3038 1308 3196 1366 ﬁdes.
3228 1314 3286 1363 et
3312 1324 3425 1363 non

162 1408 307 1445 meus
334 1394 438 1459 qui
467 1397 540 1445 est
586 1394 651 1445 in
698 1393 866 1449 cwlis.
905 1391 1014 1445 Per
1050 1391 1164 1446 haec
1201 1384 1353 1446 enim
1382 1392 1753 1459 demonstrat,
1839 1410 1902 1446 ex
1932 1393 2130 1447 auditu
2159 1394 2439 1447 discordia
2468 1400 2814 1447 nasceretur.
2844 1396 3038 1466 Neque
3067 1397 3244 1451 voluit
3268 1405 3430 1452 ante-

161 1480 425 1552 quoniam
447 1487 583 1536 tunc
609 1481 852 1551 primum
882 1480 1168 1534 confessus
1181 1498 1310 1535 eum
1340 1481 1525 1534 fuerat
1552 1482 1754 1537 Petrus
1839 1499 2004 1554 quam
2041 1483 2353 1553 passionem
2381 1483 2616 1546 subiret,
2646 1484 2897 1553 gloriari,
2924 1485 3023 1538 sed
3040 1485 3430 1541 maluitinter-

162 1570 448 1624 Christum
492 1569 697 1624 Filium
740 1569 839 1623 Dei
883 1569 1026 1636 vivi;
1056 1570 1114 1624 in
1144 1572 1306 1639 cujus
1333 1572 1678 1626 confessione
1699 1578 1757 1627 et
1837 1572 1971 1627 dum
1999 1571 2259 1642 ignobilis
2275 1572 2467 1626 videri.
2498 1573 2644 1627 Nam
2674 1574 2732 1627 in
2756 1589 2869 1627 uno
2899 1574 3432 1644 eodemqueChristi

161 1659 340 1714 caeteri
365 1658 608 1730 apostoli
646 1664 836 1723 398
865 1659 1103 1713 confessi
1134 1660 1440 1714 creduntur
1464 1666 1523 1715 et
1551 1661 1750 1716 edocti.
1778 1733 1782 1734 ί
1837 1660 2063 1714 nomine
2101 1660 2281 1715 multa
2307 1666 2440 1714 sunt
2467 1666 2525 1715 et
2543 1661 2721 1716 ardua
2748 1667 2807 1716 et
2832 1679 3056 1729 arcana,
3086 1680 3209 1734 quae
3228 1663 3432 1734 praedi-

158 1750 334 1803 Antea
358 1764 493 1802 vero
522 1748 571 1802 si
599 1747 924 1802 nesciebant
934 1764 1065 1802 eum
1089 1749 1375 1803 Christum
1402 1750 1502 1803 Dei
1524 1750 1748 1815 Filium,
1769 1733 1815 1792 Β
1833 1749 2012 1804 cauda
2043 1755 2224 1804 erant.
2249 1750 2374 1820 Ipse
2395 1755 2482 1804 est
2499 1750 2650 1804 enim
2667 1751 2926 1806 Christus
2955 1752 3051 1823 qui
3066 1733 3338 1807 natusest
3364 1770 3432 1808 ex

161 1837 438 1909 quomodo
494 1836 798 1907 praedicare
865 1842 1127 1907 poterant
1179 1854 1344 1908 quem
1394 1838 1755 1893 nesciebant?
1834 1838 2082 1908 Virgine,
2104 1842 2161 1892 et
2177 1839 2246 1891 de
2273 1838 2487 1908 Spiritu
2514 1844 2708 1894 sancto
2738 1846 3042 1911 conceptus
3069 1846 3172 1906 est,
3198 1842 3320 1913 ipse
3334 1843 3432 1914 qui

159 1933 249 1982 aut
275 1926 571 1981 conﬁteri?
611 1926 946 1996 qualemque
986 1926 1108 1996 jam
1144 1933 1295 1981 retro
1340 1927 1752 1982 confessionem
1835 1925 2115 1980 mirabilia
2141 1926 2271 1980 fecit
2294 1927 2611 1993 innumera,
2645 1928 2766 1999 ipse
2796 1929 2893 1999 qui
2925 1935 3182 1984 mortuus
3210 1935 3299 1985 est
3326 1947 3430 2002 pro

159 2006 391 2087 requirit
409 2015 435 2068 ?
468 2014 613 2070 Dicit
639 2015 788 2069 enim
818 2014 898 2069 ita
924 2032 938 2068 :
977 2015 1169 2071 Omnis
1209 2019 1309 2085 qui
1329 2018 1604 2083 confessus
1628 2019 1751 2083 fue-

161 2108 225 2159 rit
255 2122 344 2159 mc
364 2120 556 2158 coram
586 2105 923 2170 hominibus,
962 2107 1249 2170 conﬁtebor
1283 2122 1375 2172 ego
1412 2111 1461 2159 et
1499 2123 1625 2159 eum
1663 2122 1751 2160 co-

161 2210 275 2248 ram
293 2196 467 2247 Patre
498 2210 613 2249 meo
645 2194 858 2257 (Matth.
899 2207 952 2258 x,
986 2192 1099 2258 3‘2).
1140 2193 1217 2247 Ex
1264 2193 1467 2264 quibus
1506 2194 1752 2264 profecto

163 2283 332 2337 verbis
366 2286 423 2337 et
454 2281 752 2337 sententiis
780 2281 1174 2337 manifestatur
1211 2299 1428 2347 sensus,
1453 2284 1585 2354 quia
1619 2290 1753 2339 tunc

160 2373 396 2444 primum
414 2372 654 2443 apostoli
682 2388 783 2426 seu
808 2372 1008 2443 reliqui
1026 2373 1484 2445 discipulialiqua
1503 2374 1754 2430 sciebant

157 2462 218 2517 de
251 2462 502 2524 Christo,
529 2461 628 2517 sed
649 2461 927 2532 ampliora
952 2469 1114 2517 erant
1132 2470 1189 2517 et
1216 2464 1417 2517 altiora
1432 2469 1639 2518 nostrae
1659 2480 1751 2518 sa-

157 2552 281 2607 lutis
310 2558 672 2607 sacramenta
715 2568 836 2622 qum
865 2551 1206 2606 nesciebant.
1244 2553 1310 2607 Et
1327 2552 1452 2607 ideo
1492 2552 1752 2623 praefatus

155 2641 343 2697 doctor
364 2641 588 2713 querit,
612 2648 805 2696 utrum
837 2641 1021 2696 minus
1062 2642 1138 2696 sit
1165 2643 1192 2696 J
1199 2659 1356 2697 esum
1379 2642 1607 2696 credere
1630 2659 1751 2698 esse

1834 2015 2077 2085 peccatis
2120 2015 2346 2079 nostris,
2386 2015 2504 2086 ipse
2536 2016 2632 2087 qui
2664 2017 2971 2073 resurrexit
3012 2034 3047 2072 a
3076 2019 3343 2086 mortuis;
3374 2025 3434 2074 et

1835 2105 1931 2175 qui
1968 2120 2165 2175 passus
2194 2110 2295 2169 est,
2313 2118 2371 2158 et
2396 2105 2725 2167 resurrexit,
2750 2106 2869 2177 ipse
2894 2112 2983 2161 est
3009 2108 3108 2179 qui
3130 2107 3187 2161 in
3221 2107 3430 2179 princi-

1834 2193 1927 2264 pio
1960 2200 2082 2248 erat
2115 2193 2381 2258 Verbum,
2414 2194 2563 2249 Deus
2592 2195 2740 2265 apud
2763 2196 2962 2260 Deum,
2995 2195 3117 2251 sine
3149 2213 3258 2268 quo
3283 2213 3430 2252 nun-

1835 2299 2004 2353 quam
2033 2289 2118 2337 est
2143 2283 2291 2338 Deus
2322 2285 2507 2349 Pater,
2542 2301 2643 2355 per
2668 2301 2835 2355 quem
2866 2284 3016 2340 facta
3042 2293 3177 2341 sunt
3219 2287 3430 2343 omnia.

1831 2372 1991 2427 Talia
2035 2372 2226 2441 igitur,
2260 2379 2318 2427 et
2363 2373 2476 2427 alia
2522 2375 2859 2445 quamplura
2890 2392 3013 2445 qum
3060 2376 3335 2430 catholice
3362 2376 3433 2431 de

1833 2461 2055 2516 Christo
2076 2462 2470 2533 praedicantur,
2502 2463 2624 2534 ipse
2654 2469 2740 2518 est
2768 2464 3045 2520 Christus.
3080 2466 3225 2519 Nam
3255 2481 3433 2521 unum

1835 2550 2034 2605 horum
2090 2551 2139 2605 si
2189 2551 2533 2606 subtraxeris
2576 2551 2902 2607 subtraxisti
2940 2554 3180 2609 salutem
3229 2560 3429 2622 tuam;

1835 2639 1967 2710 quia
1997 2645 2056 2693 et
2102 2639 2347 2693 haeretici
2381 2639 2665 2694 Christum
2706 2640 2914 2695 habere
2957 2642 3235 2707 videntur,
3268 2642 3433 2697 Chri-

158 2731 461 2795 Christum,
504 2747 673 2802 quam
713 2731 1080 2800 cognoscere?
1122 2731 1187 2785 Et
1216 2732 1314 2786 dat
1336 2733 1650 2802 exemplum
1681 2733 1751 2786 de
1833 2735 2097 2798 stumque
2122 2728 2456 2798 praedicant;
2508 2745 2674 2783 nemo
2721 2745 2917 2784 eorum
2960 2730 3168 2785 Christi
3225 2747 3432 2787 nomen

159 2820 387 2884 Joanne,
418 2819 515 2873 ubi
539 2820 740 2875 aitzSi
773 2837 862 2874 vos
897 2824 1215 2874 manseritis
1238 2824 1297 2874 in
1324 2824 1481 2875 verba
1508 2839 1639 2886 meo,
1664 2831 1751 2875 eo-
1835 2824 2023 2888 negat,
2059 2818 2157 2871 sed
2187 2823 2357 2887 negat
2395 2817 2703 2878 Christum,
2738 2818 2871 2888 quia
2918 2835 3030 2873 non
3074 2820 3265 2874 omnia
3306 2835 3432 2891 qum

157 2912 416 2976 gnoscctis
434 2912 720 2963 veritatem
734 2914 782 2962 ct
812 2912 1015 2963 veritas
1033 2911 1288 2963 liberabit
1307 2926 1395 2963 vos
1415 2912 1599 2979 (Joan.
1633 2924 1751 2977 vin,
1837 2906 2040 2961 (.hristi
2069 2913 2201 2962 sunt
2225 2907 2542 2961 confitetur.
2566 2907 2921 2978 Quapropter
2942 2909 3135 2963 multis
3163 2926 3228 2963 ex
3245 2910 3431 2964 causis

159 2995 259 3066 3‘2).
292 2998 367 3051 Et
392 2999 497 3059 ait,
522 3004 588 3051 ut
613 2997 867 3052 dicamus
888 2997 1112 3068 quando
1133 2997 1502 3052 mittebantur
1528 2999 1597 3052 ad
1617 3016 1755 3069 prae-
1830 2995 1993 3066 jubet
2032 3002 2219 3050 tacere
2271 2995 2592 3065 discipulos,
2644 2997 2789 3050 forte
2836 3002 2902 3051 ut
2921 2996 3077 3051 fallat
3122 2998 3433 3069 principem

160 3086 477 3151 dicandum,
530 3086 837 3141 credebant
888 3086 1118 3156 quidem
1164 3088 1356 3141 Jesum
1417 3104 1539 3141 esse
1588 3080 1812 3141 Chri-C
1836 3086 2033 3139 mundi
2073 3091 2130 3139 et
2159 3084 2414 3138 videatur
2451 3084 2733 3138 declinare
2753 3086 3107 3155 jactantiam,
3145 3086 3432 3141 humilita-

154 3179 318 3239 stum.
352 3192 472 3230 non
500 3182 693 3230 tamen
726 3176 1170 3245 cognoscebant;
1196 3182 1390 3246 postea
1418 3182 1605 3230 autem
1630 3193 1753 3247 pro-
1836 3180 2064 3245 temque
2088 3174 2158 3227 de
2177 3191 2235 3227 se
2263 3173 2480 3235 docere,
2500 3178 2558 3227 et
2573 3174 2722 3244 quod
2747 3175 2925 3245 magis
2961 3180 3064 3239 est,
3094 3190 3165 3229 ne
3184 3176 3357 3230 rudes
3374 3180 3434 3230 et

155 3264 404 3320 ficientes
436 3282 539 3336 per
569 3265 883 3319 doctrinam
914 3271 972 3318 et
999 3266 1161 3335 plura
1195 3265 1466 3319 miracula
1486 3282 1754 3335 cognove—
1835 3262 2145 3334 imperfecti
2181 3262 2365 3315 adhuc
2403 3261 2663 3332 discipuli
2703 3263 2989 3318 altissime
3017 3264 3431 3335 praedicationis

147 3361 294 3417 runt,
328 3355 561 3426 quando
602 3360 661 3408 et
708 3354 1040 3423 interrogati
1072 3354 1308 3408 confessi
1352 3360 1486 3408 sunt
1518 3372 1529 3407 :
1575 3357 1654 3409 Tu
1698 3372 1749 3408 es
1835 3352 1980 3406 mole
2018 3351 2488 3422 Opprimerentur.
2518 3352 2587 3405 Et
2607 3352 2654 3404 si
2685 3352 2974 3423 quippiam
3003 3353 3345 3408 titubassent
3370 3354 3431 3409 in

149 3442 398 3498 Christus
419 3446 595 3498 Filius
630 3445 725 3497 Dei
752 3446 882 3497 vivi.
926 3442 1034 3497 Sed
1070 3442 1250 3497 fateor
1283 3444 1414 3513 quia
1442 3450 1500 3497 et
1525 3444 1743 3509 Petrus,
1830 3440 2241 3511 praedicatione,
2272 3439 2436 3493 sicuti
2465 3440 2645 3494 fecere
2674 3440 2733 3494 in
2765 3441 3021 3511 passione
3052 3442 3279 3509 Christi,
3314 3460 3432 3498 ma-

148 3533 427 3587 revelante
446 3534 562 3587 Deo
582 3533 768 3597 Patre,
798 3549 924 3587 cum
951 3532 1092 3585 hanc
1118 3532 1404 3586 confessus
1427 3538 1513 3585 est
1539 3534 1748 3586 contes-
1826 3529 1915 3598 gis
1946 3527 2295 3582 auditoribus
2324 3528 2442 3582 suis
2473 3530 2798 3583 scandalum
2826 3537 3167 3599 generarent
3196 3532 3424 3599 erroris,

145 3620 379 3685 sionem,
411 3639 526 3693 qua
552 3622 833 3683 laudatur,
868 3638 980 3675 non
1011 3622 1202 3676 omnia
1225 3621 1435 3675 sciebat
1465 3622 1647 3674 adhuc
1678 3622 1746 3675 de
1829 3634 1996 3688 quam
2019 3618 2488 3687 perseverantiam
2529 3618 2784 3688 perfectae
2817 3619 3346 3686 dilectionis.~Quod
3376 3621 3427 3675 si

147 3709 388 3774 Christo,
410 3710 560 3764 sicut
586 3728 709 3764 mox
731 3711 1080 3765 declaratum
1100 3717 1203 3773 est,
1240 3710 1330 3764 ubi
1355 3711 1604 3780 increpat
1638 3711 1747 3763 Do-
1829 3707 2117 3776 quaeritur,
2150 3712 2339 3760 utrum
2362 3706 2452 3760 hic
2466 3707 2711 3777 primum
2736 3708 2838 3760 hoc
2858 3708 3188 3762 mandatum
3209 3709 3431 3764 dederit

149 3798 361 3853 minam
394 3816 460 3853 eo
502 3800 649 3871 quod
681 3799 884 3854 dixerit
930 3817 990 3854 se
1029 3800 1417 3865 occidendum,
1450 3806 1507 3853 et
1531 3800 1749 3870 reliqua
1829 3812 1900 3849 ne
1918 3812 2047 3849 eum
2063 3794 2484 3859 annuntiarent,
2517 3811 2587 3848 an
2606 3796 2725 3864 jam
2749 3796 3008 3866 superius
3024 3797 3248 3868 quando
3269 3797 3427 3852 missi

148 3903 263 3957 quae
280 3905 540 3961 praesens
560 3888 716 3942 locus
729 3895 990 3943 testatur.
1011 3889 1080 3943 Et
1097 3889 1223 3943 ideo
1244 3889 1388 3943 inter
1416 3904 1750 3960 cognoscere
1832 3892 1981 3949 sunt,
2011 3901 2123 3939 non
2136 3884 2314 3938 solum
2340 3890 2404 3939 ut
2431 3884 2819 3955 praedicarent,
2851 3901 3041 3939 verum
3071 3886 3318 3940 etiamut
3342 3902 3429 3941 sa-

149 3980 200 4029 et
231 3993 579 4048 cognoscere
626 3978 805 4032 multa
849 3978 1121 4032 distantia
1163 3983 1264 4031 est.
1298 3977 1572 4041 Quoniam
1618 3983 1752 4032 tunc
1832 3980 2036 4029 narent
2048 3990 2242 4029 omnes
2265 3980 2323 4028 et
2340 3978 2605 4028 curarent
2632 3972 2959 4029 universos?
2984 3980 3136 4029 recte
3161 3975 3421 4043 dicimus,

155 4065 379 4133 quidem
411 4065 652 4137 apostoli
698 4066 860 4120 initia
910 4066 1246 4136 cognitionis
1297 4068 1418 4137 jam
1448 4065 1746 4131 habebant,
1833 4064 1962 4135 quia
1996 4080 2097 4117 nec
2134 4063 2226 4116 hic
2280 4063 2609 4117 mandatum
2637 4060 2860 4117 videtur
2884 4080 2956 4118 ne
3007 4064 3293 4118 Christum
3324 4065 3426 4120 Dei

146 4161 339 4223 postea
400 4171 530 4209 vero
589 4155 945 4225 profecerunt
987 4161 1052 4209 ut
1090 4156 1468 4226 pervenirent,
1504 4156 1748 4210 maxime
1829 4153 2034 4207 Filium
2067 4151 2451 4223 praedicarent,
2469 4152 2660 4212 sed,ut
2679 4152 2760 4206 ita
2775 4152 2978 4217 dicam,
2999 4158 3275 4220 mone
3291 4153 3426 4224 quid

148 4258 266 4296 CIIII)
295 4250 683 4315 perceperunt
697 4244 965 4314 Spiritum
995 4250 1252 4299 sanctum
1273 4245 1332 4298 in
1354 4260 1578 4298 omnem
1592 4245 1748 4314 agni-
1829 4257 2115 4313 passurus,
2146 4252 2246 4295 aut
2273 4241 2608 4295 occidendus
2635 4247 2801 4307 esset,
2824 4243 2911 4297 vel
2935 4241 3105 4296 etiam
3128 4259 3163 4296 a
3186 4242 3425 4298 mortuis

148 4332 355 4387 tionem
414 4333 688 4388 veritatis.
735 4334 879 4398 Quid
925 4334 1121 4404 plura?
1180 4335 1429 4388 Praesens
1467 4334 1746 4388 sententia
1766 4391 1807 4404 h
1830 4330 2222 4400 resurgendus.
2254 4330 2387 4400 quia
2418 4346 2582 4385 nemo
2603 4345 2669 4384 ex
2692 4331 2928 4385 mortuis
2955 4348 3253 4402 resurgere
3274 4337 3424 4387 recte

148 4420 456 4477 Salvatoris
484 4423 544 4476 in
575 4438 745 4477 causa
772 4428 876 4481 est.
916 4440 1027 4493 qua
1058 4423 1211 4488 dicit,
1236 4423 1437 4477 deinde
1466 4423 1634 4493 C(Epit
1667 4423 1747 4477 eis
1770 4419 1811 4448 υ
1829 4420 2052 4485 dicitur,
2082 4419 2190 4473 nisi
2221 4419 2316 4490 qui
2345 4426 2600 4474 mortuus
2626 4420 2812 4486 fuerit,
2836 4425 2891 4475 et
2919 4420 2990 4475 de
3029 4427 3208 4475 morte
3245 4422 3316 4475 ad
3346 4421 3424 4475 vi-

149 4512 447 4566 ostendere
475 4528 537 4566 se
564 4528 887 4583 passurum,
929 4530 1028 4566 cur
1056 4513 1384 4583 praeceperit
1411 4513 1511 4578 eis,
1546 4519 1609 4566 ut
1647 4528 1746 4566 ne-
1830 4514 1946 4563 tam
1976 4509 2298 4563 resurrexit.
2332 4509 2438 4563 Sed
2466 4509 2597 4579 quia
2634 4510 2738 4563 hoc
2764 4516 3104 4581 praeceptum
3135 4527 3308 4565 sacrm
3334 4510 3423 4564 di-

149 4600 279 4654 mini
300 4602 565 4655 dicerent
590 4601 738 4671 quod
763 4602 883 4672 ipse
899 4608 1047 4655 esset
1066 4602 1522 4655 Christus.Porro
1543 4601 1746 4656 deinde
1829 4598 2202 4669 spensationis
2242 4604 2330 4653 est
2372 4598 2721 4669 mysterium,
2756 4606 2874 4653 tam
2924 4604 3312 4671 temperanter
3336 4604 3423 4654 est

148 4690 291 4758 quod
328 4689 494 4757 dicit,
527 4690 589 4744 id
617 4695 721 4753 est,
750 4706 815 4743 ex
843 4707 953 4761 quo
973 4690 1258 4745 confessus
1280 4698 1365 4744 est
1385 4707 1515 4744 eum
1546 4691 1746 4745 Petrus
1830 4688 2178 4752 mandatum,
2209 4693 2275 4742 ut
2300 4688 2360 4741 in
2382 4687 2534 4741 omni
2555 4688 2948 4758 praedicatione
2974 4694 3032 4742 et
3050 4696 3303 4762 tempore
3316 4690 3423 4745 iste

143 4776 346 4833 Filium
373 4779 478 4834 Dei
508 4779 636 4841 vivi,
673 4778 779 4833 etsi
837 4786 971 4834 tunc
1018 4780 1216 4834 Petrus
1245 4780 1442 4834 didicit
1471 4796 1587 4834 una
1618 4797 1746 4835 cum
1830 4777 2028 4831 modus
2055 4777 2129 4831 sit
2155 4776 2479 4841 servandus,
2502 4792 2571 4830 ne
2602 4783 2701 4831 aut
2719 4777 2915 4832 doctor
2930 4778 3144 4849 aliquid
3170 4783 3426 4834 assumat

145 4868 363 4921 cates-is
384 4868 656 4939 apostolis
693 4868 762 4921 de
796 4868 891 4922 illo
920 4869 1259 4940 quodprius
1290 4870 1590 4935 nesciebat,
1618 4869 1746 4924 inde
1829 4867 1979 4922 ultra
2010 4881 2179 4938 quam
2210 4865 2483 4920 creditum
2528 4870 2614 4919 est
2674 4866 2726 4919 ei
2779 4866 2866 4920 vel
2910 4867 3293 4936 commissum,
3323 4871 3425 4923 aut
3458 4872 3462 4877 ⁴

147 4956 642 5011 scandalizabatur
666 4956 929 5033 continuo
941 4958 1036 5027 qui
1068 4959 1425 5012 erattuturus
1456 4958 1744 5027 magister,
1829 4962 1979 5010 certe
2008 4956 2159 5011 ultra
2185 4971 2355 5026 quam
2383 4954 2492 5025 ipsi
2524 4954 2808 5009 auditores
2838 4957 2985 5011 ferre
3010 4958 3228 5028 possint
3241 4957 3424 5013 velca-

146 5047 496 5100 constitutus
517 5047 640 5116 jam
670 5053 840 5116 caput
871 5045 1145 5110 Ecclesiae,
1171 5047 1304 5115 quid
1339 5048 1619 5101 aestimare
1650 5047 1747 5100 de-
1830 5062 1982 5116 pere,
2006 5052 2072 5099 ut
2098 5045 2482 5115 unusquisque
2510 5061 2612 5099 suo
2646 5046 2709 5098 in
2739 5051 2975 5115 tempore
3006 5050 3186 5101 tritici
3200 5063 3422 5102 mensu-

148 5131 345 5191 bemus
367 5135 655 5206 quomodo
673 5141 896 5206 portare
918 5136 1355 5206 possentreliqui
1385 5136 1586 5207 quibus
1607 5153 1749 5208 prae-
1832 5151 1956 5189 ram
1989 5135 2225 5205 accipiat
2257 5136 2398 5192 lLuc.
2433 5148 2529 5194 ιιι,
2559 5132 2668 5198 42),
2706 5150 2877 5205 quam
2917 5136 3093 5206 possit
3123 5135 3425 5190 efficaciter

148 5222 520 5286 dicabatur,si
544 5223 625 5277 ita
652 5224 1204 5278 annuntiarenturde
1226 5241 1290 5278 eo
1308 5225 1495 5278 omnia
1515 5232 1753 5278 uterant
1832 5231 2075 5295 portare,
2101 5230 2157 5278 et
2187 5222 2446 5294 operibus
2469 5222 2795 5293 adimplere.
2836 5224 2976 5278 Hinc
3010 5230 3096 5279 est
3120 5240 3253 5294 ergo
3273 5225 3425 5296 quod

148 5310 197 5364 in
219 5312 497 5384 passione
524 5312 753 5365 futura?
780 5313 894 5366 Aut
914 5312 962 5366 si
993 5318 1127 5366 tunc
1153 5313 1391 5383 apostoli
1435 5314 1550 5367 htec
1577 5314 1751 5367 disce-
1833 5314 2220 5383 prohibentur,
2267 5320 2330 5365 ut
2376 5311 2506 5375 dixi,
2559 5312 2939 5382 evangelizare
2983 5313 3291 5379 Christum,
3321 5331 3425 5371 seu

146 5398 279 5455 bant
307 5402 387 5455 de
430 5401 561 5454 Iesu
597 5417 718 5470 qua
758 5401 1010 5456 nondum
1042 5408 1333 5469 noverant,
1374 5402 1505 5472 quid
1541 5403 1750 5472 putatis
1832 5401 2021 5454 omnia
2050 5417 2172 5471 quae
2203 5400 2463 5454 Christus
2487 5406 2592 5460 est,
2620 5407 2685 5454 ut
2711 5402 3158 5472 evangelizarent
3179 5418 3308 5456 eum
3330 5419 3426 5475 po-

149 5505 312 5560 quam
348 5489 545 5543 minus
557 5489 807 5543 sciebant
827 5490 1121 5555 339illi
1144 5491 1212 5544 de
1230 5490 1452 5544 Christo
1472 5507 1611 5561 quos
1623 5507 1753 5561 apo-
1832 5498 1953 5545 stea
1981 5490 2220 5561 amplius
2249 5496 2307 5543 et
2337 5490 2652 5561 perfectius,
2688 5491 2858 5545 etiam
2880 5492 3422 5562 crucifixum,sicque

148 5581 268 5634 ttoli
280 5579 455 5652 prius
478 5578 805 5646 docuerant,
824 5584 882 5634 et
898 5579 1024 5634 ideo
1036 5580 1481 5643 DominusJesus
1497 5580 1754 5635 Christus
1834 5597 1958 5635 cum
1986 5579 2108 5650 ipso
2139 5578 2361 5633 Christo
2391 5579 2571 5649 ipsam
2606 5580 3064 5634 commendarent
3090 5594 3331 5643 crucem,
3362 5578 3421 5630 in
