3888 6172
179 293 281 351 569

890 293 1269 351 EXPOSITIO
1307 295 1387 352 IN
1425 295 1870 358 MA'I'THIEUM.
1904 335 1968 348 -
2010 306 2145 362 LIB.
2187 307 2338 372 VIII,
2382 306 2539 361 CAP.
2580 305 2726 362 XVI.

3343 299 3448 362 570

177 419 472 492 possimus,
498 421 644 490 quod
682 423 809 492 post
839 421 1290 492 praedicationem
1325 425 1598 495 passionis
1627 427 1682 480 in
1711 443 1775 481 eo
1794 431 2026 489 Atibus.
2061 435 2200 501 Quia
2231 432 2586 503 r-u/t,inquit,
2609 437 2723 502 post
2749 449 2831 485 me
2845 429 3281 494 venirc,dixerat
3295 431 3446 485 enim

177 509 430 563 diabolus
459 511 716 564 tentandi
747 527 857 565 non
889 513 1163 582 acceperit
1211 513 1530 568 facultatem
1557 535 1567 580 ;
1603 533 1777 587 usque

179 600 238 652 ad
268 605 502 670 tempus
520 600 668 654 enim
693 599 762 654 ab
787 617 851 653 eo
882 607 1205 655 secesserat.
1229 603 1338 656 Sed
1377 620 1604 658 sumens
1634 606 1778 660 hanc

177 687 525 743 inﬁdelitatis
575 689 834 743 humanae
877 695 1065 756 6s?“
1115 692 1478 756 occasionem,
1524 694 1648 747 etsi
1681 712 1780 766 per

181 779 436 832 aii‘ectum
459 779 812 832 amorislicet
825 796 854 832 a
871 779 1004 833 foris
1021 780 1188 834 Petro
1206 781 1509 836 insinuavit
1537 783 1778 853 objicerc

181 867 420 932 Christo,
445 884 558 921 non
577 885 687 939 quo
709 885 866 922 mens
897 871 1018 938 ejus
1041 886 1248 924 veneno
1269 870 1615 926 infidelitatis
1631 879 1780 927 esset

181 957 406 1022 infecta,
441 956 539 1010 sed
595 973 706 1028 quo
773 959 1064 1012 inscientia
1095 960 1281 1014 fuerat
1306 959 1582 1014 obvoluta.
1618 961 1776 1026 Quod

180 1046 352 1100 sciens
382 1046 677 1108 Dominus,
698 1047 920 1100 etillius
949 1047 1226 1114 fraudem,
1246 1055 1303 1103 et
1325 1049 1486 1103 istius
1513 1051 1776 1120 ignoran-

177 1135 308 1188 tiam
343 1135 621 1206 increpat.
656 1136 822 1189 Petro
855 1136 1012 1201 dixit,
1058 1139 1186 1191 Vade
1213 1145 1329 1206 post
1365 1156 1465 1203 me,
1493 1141 1614 1194 acsi
1635 1141 1778 1194 dice-

179 1229 257 1278 ret
287 1240 474 1294 usque
502 1225 572 1278 ad
595 1225 773 1279 crucis
793 1226 1108 1296 passionem
1135 1246 1147 1294 ;
1175 1234 1230 1280 et
1254 1227 1780 1302 diaboloincrepans

179 1313 266 1376 ait,
296 1318 552 1370 satanas.
587 1315 912 1368 scandalum
948 1315 1084 1368 mihi
1117 1331 1192 1368 es.
1219 1317 1356 1380 Quia
1381 1317 1524 1372 sicut
1543 1319 1642 1373 Dei
1661 1337 1781 1374 mu-

181 1419 277 1457 nus
307 1408 402 1456 est
424 1403 714 1457 Christum
739 1403 795 1456 in
826 1404 1024 1474 spiritu
1048 1405 1223 1458 Deum
1245 1423 1404 1460 nosse
1427 1425 1440 1474 ;
1473 1407 1552 1462 ita
1571 1408 1779 1464 diaboli

180 1508 312 1564 opus
343 1498 433 1546 est
471 1492 760 1546 Christum
790 1493 848 1546 in
881 1493 1108 1546 homine
1138 1495 1372 1552 nescire.
1422 1498 1606 1568 Atque
1637 1501 1781 1568 ejus-

182 1583 298 1635 dem
333 1581 573 1652 periculi
603 1597 694 1636 res
743 1587 846 1647 est,
897 1585 978 1636 vel
1013 1600 1214 1654 corpus
1245 1603 1450 1656 negare
1493 1587 1612 1642 sine
1641 1589 1774 1654 Deo,

179 1670 255 1724 vel
277 1669 466 1724 Deum
497 1687 708 1740 negare
738 1672 858 1726 sine
879 1688 1110 1744 corpore
1139 1692 1152 1739 ;
1178 1675 1309 1744 quia
1332 1675 1557 1732 verbum
1583 1678 1780 1732 huma-

184 1773 260 1814 na:
281 1759 492 1814 salutis
520 1761 970 1818 causa.Christus
1007 1762 1058 1816 in
1085 1779 1315 1834 corpore
1345 1766 1488 1836 quod
1521 1749 1840 1840 assump-B

179 1850 260 1903 sit.
287 1849 359 1902 Et
387 1849 518 1903 ideo
551 1849 692 1903 bene
725 1850 888 1903 Petro
935 1851 1143 1904 dictum
1175 1859 1258 1906 est
1307 1859 1370 1908 ut
1418 1863 1775 1926 sequeretur;

181 1939 224 1992 ei
245 1955 374 1992 vero
394 1955 428 1991 a
452 1955 564 2008 quo
581 1939 710 1992 talis
731 1941 1014 2010 suggestio
1045 1948 1129 1995 est
1151 1942 1373 2002 erroris.
1404 1945 1776 2016 reprobando,

181 2028 503 2081 scandalum
533 2027 676 2080 mihi
698 2045 778 2081 es.
811 2029 917 2083 Sed
942 2031 1101 2084 valde
1132 2033 1469 2102 stupendum
1499 2040 1626 2105 post
1653 2041 1780 2089 tan-

179 2122 282 2170 tam
337 2116 773 2179 confessionem,
808 2123 933 2189 post
991 2125 1208 2173 tantam
1277 2121 1678 2178 beatitudinem
1725 2131 1781 2178 et

181 2213 284 2260 tam
311 2205 711 2259 admirabilem
739 2207 1080 2276 gratiam,ut
1107 2225 1278 2280 super
1301 2227 1426 2264 cum
1451 2217 1506 2266 et
1533 2230 1630 2284 per
1649 2230 1780 2267 eum

179 2295 551 2349 aediﬁcaretur
583 2295 827 2349 Ecclesia
877 2296 1104 2363 Christi,
1158 2307 1284 2368 post
1326 2305 1538 2354 tantam
1573 2302 1678 2355 sibi
1710 2302 1777 2354 li-

177 2385 336 2454 gandi
371 2401 436 2438 ac
466 2384 717 2438 solvendi
749 2391 1080 2456 potestatem
1128 2405 1445 2442 concessam
1511 2390 1652 2454 Quid
1695 2398 1781 2445 est

179 2474 318 2544 quod
349 2481 476 2528 tam
495 2473 685 2527 subito
712 2474 871 2528 audit
931 2475 1408 2547 qualitercunque
1437 2479 1520 2532 vel
1547 2479 1776 2534 cuicun-

177 2577 274 2634 que
303 2563 554 2627 dicatur,
589 2571 781 2616 tamen
813 2563 863 2617 ei
887 2563 1111 2633 dicitur)
1158 2567 1289 2619 Vade
1310 2573 1456 2620 retro
1487 2584 1588 2630 me,
1624 2574 1776 2622 sala-

174 2669 287 2720 ηαδ,
319 2655 658 2708 scandalum
681 2669 733 2705 cs
759 2654 900 2706 mihi
919 2660 944 2706 ?
972 2653 1070 2707 Vel
1095 2671 1216 2725 quae
1240 2660 1456 2709 esttam
1481 2657 1778 2728 repentina

175 2742 480 2798 conversio.
508 2747 574 2796 ut
602 2745 730 2812 post
763 2747 923 2796 tanta
969 2743 1198 2814 prtemia
1237 2744 1340 2797 sibi
1371 2745 1636 2800 divinitus
1665 2747 1779 2800 col-

1860 539 2027 592 supra
2049 523 2164 576 suis
2195 523 2341 592 quod
2370 539 2635 592 passurus
2665 527 2721 576 et
2747 521 3081 576 occidendus
3111 526 3274 584 esset,
3299 521 3448 574 dixe.

1861 619 1950 664 rat
1971 612 2154 674 Petro,
2201 613 2330 664 Varle
2355 617 2464 677 post
2501 628 2601 674 mc,
2633 611 2764 682 quia
2784 611 3075 664 invenerat
3106 609 3162 664 in
3199 626 3263 662 eo
3284 609 3450 680 quid-

1862 701 2009 771 piam
2037 700 2468 753 contrarietatis.
2517 700 2659 753 Dicit
2683 717 2830 754 nunc
2877 699 3136 753 omnibus
3164 705 3227 753 ut
3255 714 3450 752 omnes

1861 805 1987 842 eum
2017 796 2325 859 sequantur
2371 789 2440 842 ad
2483 789 2760 849 militiam,
2789 805 2898 842 non
2956 805 3055 860 pro
3103 805 3181 852 se,
3215 787 3312 841 sed
3353 802 3452 857 pro

1861 877 2020 931 nobis
2046 879 2418 948 przeliantem.
2454 878 2661 932 Omnes
2689 883 3016 948 sequantur,
3039 882 3096 930 et
3115 893 3280 930 nemo
3299 881 3454 930 ante-

1861 967 2058 1021 cedere
2098 967 2245 1030 velit,
2281 984 2443 1020 nemo
2469 967 2766 1022 contraire.
2801 983 2968 1020 nemo
3023 965 3324 1028 declinare,
3349 981 3450 1018 ne-

1861 1074 1952 1110 mo
1983 1065 2291 1110 retrorsum
2341 1055 2514 1118 abire,
2567 1057 2663 1109 sed
2709 1073 2902 1109 omnes
2952 1071 3078 1108 eum
3118 1058 3446 1125 sequantur,

1862 1147 2124 1217 quoniam
2159 1146 2276 1216 ipse
2298 1146 2450 1199 solus
2477 1153 2562 1198 est
2610 1145 2703 1215 qui
2753 1150 2984 1215 pugnat,
3017 1144 3134 1215 ipse
3163 1143 3314 1198 solus
3353 1139 3450 1212 qui

1863 1234 2048 1298 vincit,
2075 1235 2192 1304 ipse
2213 1235 2364 1287 solus
2395 1238 2480 1286 est
2509 1232 3083 1302 quicoronat.Tamen
3113 1231 3349 1285 liberum
3367 1245 3453 1282 ar-

1860 1322 2090 1377 bitrium
2122 1323 2180 1376 in
2205 1321 2464 1376 omnibus
2502 1325 2809 1375 conservat.
2870 1319 3139 1390 Regulam
3194 1317 3454 1372 omnibus

1861 1413 2170 1478 constituit,
2205 1413 2300 1466 sed
2331 1410 2650 1465 libertatem
2681 1408 2948 1464 concedit.
2982 1409 3052 1462 Et
3091 1408 3215 1461 ideo
3244 1410 3452 1461 \iarcus

1862 1503 1943 1556 ait
1975 1522 1986 1556 :
2022 1503 2330 1556 Convocatis
2375 1505 2639 1570 populum
2689 1515 2805 1552 una
2839 1515 2965 1551 cum
3015 1499 3301 1566 discipulis
3339 1498 3453 1548 suis

1863 1594 2010 1645 dixit
2031 1594 2106 1644 cis
2137 1591 2327 1655 (Marc.
2361 1603 2478 1648 vni,
2515 1586 2622 1653 3/1).
2657 1587 2730 1641 Et
2760 1588 2957 1648 Lucas,
2985 1587 3216 1647 Dicebat,
3248 1583 3450 1654 inquit,

1861 1683 1934 1734 ad
1959 1697 2140 1734 omnes
2165 1681 2308 1749 (Luc.
2343 1694 2415 1734 IX.
2439 1677 2547 1736 ‘23).
2580 1679 2722 1732 Nam
2758 1678 2870 1731 haec
2923 1675 3174 1730 omnium
3203 1672 3456 1728 invitatio

1861 1770 2011 1824 salus
2051 1775 2136 1822 est
2164 1769 2531 1823 credentium.
2567 1767 2828 1838 quoniam
2889 1782 2998 1820 non
3056 1763 3458 1835 qualiscunque

1861 1859 2038 1912 virtus
2069 1865 2156 1912 est
2183 1857 2338 1927 sequi
2371 1857 2676 1920 thristum,
2711 1861 2764 1908 et
2803 1855 2884 1908 ire
2936 1858 3063 1924 post
3091 1869 3240 1906 eum.
3283 1853 3457 1920 Cujus

1863 1947 2058 2017 regula
2091 1946 2336 2017 primum
2368 1945 2498 1998 talis
2522 1951 2624 2007 est,
2651 1944 2737 1998 cui
2763 1944 3020 1997 voluntas
3046 1941 3314 2012 sequendi
3341 1940 3458 1993 fue-

1863 2036 1958 2096 rit,
1992 2041 2050 2089 et
2066 2035 2306 2105 abneget
2325 2034 2686 2104 semetipsum
2706 2051 2718 2100 ;
2749 2033 2881 2103 quia
2909 2031 3073 2084 aliter
3089 2030 3169 2083 ire
3183 2034 3308 2100 post
3323 2043 3452 2084 etim

1863 2142 1972 2179 non
1997 2131 2198 2196 potest,
2229 2123 2336 2176 nisi
2381 2122 2742 2193 abnegaverit
2786 2121 3170 2191 semetipsum.
3205 2117 3458 2186 Denegat

1865 2219 2053 2268 autem
2091 2213 2474 2284 semetipsum,
2504 2211 2599 2283 qui
2629 2211 2909 2266 carnalem
2941 2209 3110 2262 vitam
3143 2213 3201 2262 et
3248 2206 3453 2260 malam

1861 2303 2008 2358 bona
2029 2302 2448 2356 conversatione
2481 2301 2710 2354 innovat
2739 2305 2795 2354 et
2843 2304 3171 2360 commutat,
3206 2302 3264 2351 et
3306 2295 3460 2350 dein-

1860 2408 1988 2461 ceps
2018 2391 2072 2444 in
2103 2391 2350 2446 novitate
2395 2391 2519 2444 vitae
2558 2389 2829 2452 ambulat,
2863 2389 2922 2442 id
2950 2394 3036 2442 est
3081 2393 3146 2442 ut
3196 2387 3328 2442 vitia
3367 2386 3463 2440 de-

1861 2483 2028 2534 serat.
2063 2484 2309 2532 sectetur
2337 2479 2592 2542 virtutes,
2625 2483 2901 2547 quatenus
2921 2493 3020 2548 per
3041 2477 3142 2530 has
3171 2474 3458 2529 Christum

1860 2569 2214 2630 confiteatur,
2246 2583 2356 2620 non
2396 2567 2584 2620 minus
2605 2566 2732 2631 fide,
2783 2583 2948 2636 quam
2981 2570 3038 2619 et
3061 2563 3322 2635 operibus
3350 2562 3459 2616 bo-

1859 2655 1979 2720 nis;
2006 2655 2137 2726 quia
2162 2655 2217 2708 in
2253 2655 2338 2707 his
2369 2654 2604 2725 quisque
2651 2659 2750 2706 aut
2775 2653 3017 2723 denegat
3061 2651 3368 2714 Christum,
3403 2653 3461 2703 et

1864 2744 2163 2796 conﬁtetur
2181 2741 2564 2812 semetipsum,
2597 2747 2698 2795 aut
2717 2741 3018 2795 confitetur
3043 2755 3239 2792 rursus
3263 2737 3456 2790 Chris-

181 2831 304 2896 lata,
343 2837 580 2885 satanas
609 2831 960 2902 appelletur?
1002 2833 1110 2886 Sed
1136 2833 1182 2886 si
1213 2833 1511 2903 diligenter
1539 2837 1783 2890 attendit
1865 2838 2010 2896 tum,
2046 2831 2208 2884 malis
2232 2830 2494 2902 Operibus
2541 2847 2640 2900 per
2670 2829 2836 2884 ﬁdem
2873 2827 3181 2898 abnegatis,
3213 2830 3276 2880 ut
3303 2831 3456 2880 totus

180 2922 425 2992 prudens
455 2920 702 2974 animus.
746 2921 862 2974 haec
891 2922 1082 2974 omnia
1139 2939 1250 2975 non
1280 2923 1347 2977 de
1394 2925 1675 2994 priesenti,
1720 2928 1784 2978 ut
1863 2921 2012 2974 vivat
2042 2921 2096 2973 in
2119 2920 2464 2974 confessione
2489 2924 2547 2972 et
2577 2919 2740 2972 laude
2755 2917 2876 2983 Dei,
2904 2916 3064 2972 bonis
3086 2913 3459 2987 operibusad-

181 3027 346 3081 supra
375 3010 513 3077 dixi,
545 3010 644 3064 sed
689 3009 758 3063 de
805 3011 1236 3082 repromissione
1283 3012 1600 3068 futurorum
1628 3021 1775 3072 sunt.
1864 3011 2170 3082 implendo.
2201 3009 2411 3067 Idcirco
2442 3007 2624 3062 omnis
2652 3006 2917 3078 cogitatio
2971 3013 3184 3070 nostra,
3214 3005 3460 3059 intellec-

177 3099 313 3163 Quia
343 3100 395 3152 si
421 3099 616 3152 statim
644 3099 695 3152 ei
722 3106 882 3153 tanta
901 3107 1050 3154 esset
1069 3117 1332 3155 concessa
1361 3103 1545 3170 gratia
1575 3109 1630 3158 et
1656 3103 1840 3167 bea-C
1861 3107 1972 3157 tus.
2007 3106 2064 3152 et
2091 3099 2273 3152 omnis
2319 3115 2502 3152 sermo
2533 3103 2590 3151 et
2618 3103 2794 3151 actus.
2830 3103 3082 3150 nostram
3139 3093 3462 3164 abnegatio-

180 3188 355 3243 titudo
386 3189 631 3251 ﬁrmata,
673 3205 961 3260 nunquam
1011 3206 1194 3260 pravae
1224 3193 1599 3261 persuasionis
1626 3210 1783 3246 error

179 3279 483 3332 invenisset
512 3278 720 3331 locum.
755 3279 1075 3348 Propterea,
1099 3284 1162 3332 ut
1195 3281 1430 3345 aestimo,
1463 3283 1685 3336 Marcus
1724 3288 1780 3336 et

175 3367 352 3422 Lucas
385 3368 740 3438 scripserunt
783 3368 1010 3420 Petrum
1075 3370 1510 3440 respondentem
1557 3371 1776 3439 dixisse,

176 3457 250 3510 Tu
279 3473 332 3510 es
362 3456 638 3519 Christus,
675 3471 786 3510 non
815 3455 1142 3524 adjicientes
1199 3459 1344 3528 quod
1406 3460 1495 3512 hic
1536 3461 1777 3531 positum

174 3551 254 3599 est
285 3546 342 3600 in
381 3545 670 3604 Mattheo,
699 3545 874 3598 Filius
914 3547 1012 3598 Dei
1048 3549 1174 3600 viri.
1211 3548 1272 3601 Et
1325 3548 1449 3602 ideo
1495 3565 1597 3602 nec
1633 3550 1780 3604 dixe-

170 3641 300 3688 runt
325 3634 404 3688 ad
434 3633 840 3688 confessionem
882 3635 1118 3687 relatam
1152 3635 1314 3689 istam
1350 3637 1778 3707 beatitudinem,

171 3739 351 3795 neque
394 3721 796 3776 benedictionis
823 3721 1086 3791 gratiam,
1120 3730 1218 3777 aut
1247 3725 1452 3778 donum
1479 3731 1649 3779 tantae
1681 3743 1780 3797 po-

168 3814 419 3874 testatis,
447 3829 547 3866 seu
581 3819 783 3866 caetera
813 3827 936 3881 quae
965 3813 1046 3866 illi
1078 3829 1339 3868 concessa
1365 3815 1493 3868 sint.
1529 3815 1666 3868 Hinc
1681 3831 1782 3885 pro

169 3909 318 3956 certo
350 3901 620 3958 dicimus.
678 3900 807 3970 quia
840 3901 954 3954 haec
1003 3901 1054 3955 ei
1112 3919 1224 3956 non
1254 3903 1782 3973 impraesentiarum,

167 3991 262 4044 sed
287 3991 350 4044 in
391 3988 884 4062 praedestinatione
913 3989 1034 4047 Dei.
1077 3997 1134 4044 et
1189 3991 1245 4044 in
1301 3992 1492 4046 futuro
1539 3994 1798 4064 praestita

168 4087 298 4134 sunt
317 4088 384 4134 et
403 4079 589 4150 gratis
619 4093 880 4132 concessa
924 4079 1230 4151 Pr0pterea
1267 4087 1324 4134 et
1352 4099 1500 4136 nunc
1521 4083 1609 4136 hic
1631 4100 1789 4136 error

169 4167 482 4240 subrepsit,
513 4173 570 4222 et
605 4168 788 4220 locum
817 4167 1014 4222 habuit
1045 4169 1480 4234 contradicendi,
1507 4177 1563 4224 et
1589 4172 1646 4226 in
1666 4189 1787 4242 pas-

168 4257 327 4311 sione
361 4255 608 4319 Christi,
640 4257 884 4326 negandi
944 4257 1050 4310 Sed
1079 4262 1270 4312 utrum
1294 4275 1452 4312 error
1479 4259 1786 4330 aliquando

165 4345 286 4400 sine
307 4351 550 4417 peccato
584 4345 676 4403 sit.
731 4355 831 4400 aut
875 4367 884 4390 ι
911 4345 1175 4410 fﬁciosus,
1207 4352 1270 4402 ut
1311 4347 1537 4417 quidam
1568 4349 1780 4405 volunt.

166 4436 247 4489 eis
275 4437 547 4506 relinquo
574 4434 998 4504 disputandum,
1026 4436 1124 4506 qui
1153 4436 1334 4490 sciunt
1353 4438 1644 4508 perplexas
1673 4438 1788 4508 syl-

168 4523 548 4595 logismorum
585 4523 933 4593 praetendere
955 4525 1149 4588 nodos,
1180 4531 1237 4579 et
1266 4528 1585 4579 animorum
1610 4525 1788 4579 inter-

167 4629 268 4667 nos
297 4618 612 4684 penetrare
643 4629 860 4673 sensus,
894 4613 936 4667 si
962 4615 1103 4667 forte
1138 4615 1314 4685 possit
1339 4615 1544 4685 aliquis
1576 4631 1782 4682 errare,

165 4708 264 4757 aut
283 4703 629 4756 scandalum
653 4717 775 4756 esse
803 4702 899 4756 uni
932 4720 995 4756 ex
1030 4703 1381 4758 minoribus?
1413 4707 1527 4758 Aut
1571 4711 1789 4759 contra-

170 4793 318 4846 rium
357 4792 483 4846 Deo
517 4791 668 4862 quod
691 4807 756 4844 ex
785 4791 1016 4846 adverso
1063 4810 1174 4846 non
1203 4794 1293 4848 sit.
1347 4799 1532 4858 (nisi
1570 4795 1682 4848 Etsi
1724 4811 1789 4848 ex

165 4881 415 4936 adverso
449 4881 640 4941 fuerit,
669 4887 864 4935 contra
894 4882 1076 4953 ipsum
1108 4888 1210 4936 est.
1245 4883 1518 4946 Quoniam
1569 4883 1672 4938 etsi
1707 4900 1790 4936 er-

165 4987 293 5026 rare
326 4971 646 5042 aliquando
669 4971 832 5025 alicui
863 4973 1087 5042 profuit,
1133 4977 1196 5026 ut
1225 4972 1404 5027 bonus
1433 4991 1590 5028 error
1635 4973 1788 5027 dica-

167 5063 296 5114 tur:
338 5065 539 5132 potest
569 5059 692 5113 ﬁeri
749 5067 813 5114 ut
852 5060 907 5114 in
957 5061 1043 5115 via
1086 5062 1291 5126 saeculi,
1322 5063 1416 5116 sed
1475 5080 1584 5117 non
1614 5064 1668 5116 in
1700 5063 1788 5116 via

1862 3207 1990 3244 nem
2023 3189 2392 3250 demonstrat,
2428 3187 2650 3241 Christo
2683 3185 3085 3240 confessionem
3115 3201 3180 3237 ac
3205 3183 3460 3240 testimo-

1863 3279 2017 3333 nium
2043 3279 2097 3332 in
2130 3278 2366 3348 singulis
2391 3275 2692 3330 virtutibus
2709 3281 2994 3346 operatur.

1943 3370 2134 3428 Tol/at,
2167 3366 2368 3437 inquit,
2399 3382 2614 3420 crucem
2639 3381 2821 3427 suam,
2855 3369 2905 3417 et
2923 3367 3186 3433 sequatur
3209 3360 3464 3425 maQuia

1864 3474 1974 3512 non
1992 3457 2128 3511 satis
2146 3463 2231 3510 est
2246 3457 2442 3510 tollere
2455 3471 2696 3519 crucem,
2729 3453 2838 3507 nisi
2875 3451 3128 3524 sequaris
3148 3449 3454 3505 Christum.

1863 3549 2006 3602 Nam
2035 3553 2093 3600 et
2119 3545 2434 3618 philosophi
2461 3547 2628 3612 huius
2656 3543 2843 3598 saeculi
2874 3559 2977 3596 sua
3007 3540 3197 3596 omnia.
3225 3541 3462 3610 relique-

1863 3647 2013 3702 runt,
2033 3639 2200 3693 etiam
2216 3639 2496 3693 interdum
2514 3644 2572 3692 et
2586 3637 2736 3694 vitia.
2758 3642 3037 3690 sectantes
3058 3650 3242 3688 mores
3261 3632 3458 3690 bonos.

1865 3735 1921 3782 et
1946 3729 2121 3782 multa
2145 3729 2290 3798 passi
2318 3732 2468 3790 sunt,
2503 3727 2596 3780 sed
2623 3726 2756 3797 quia
2781 3725 2948 3779 fidem
2981 3739 3090 3778 non
3122 3721 3457 3784 habuerunt,

1869 3835 2048 3888 neque
2075 3821 2266 3882 685
2291 3815 2572 3870 Christum
2602 3820 2735 3868 sunt
2753 3813 2928 3867 secuti
2955 3829 2966 3866 :
2991 3815 3250 3866 Putantes
3277 3827 3329 3863 se
3358 3825 3464 3862 esse

1866 3909 2152 3975 sapientes,
2181 3907 2342 3957 stulti
2363 3909 2770 3966 remanserunt,
2803 3905 2937 3970 quia
2993 3915 3103 3954 non
3128 3900 3464 3966 gloriﬁcave-

1870 4001 2006 4049 runt
2036 3997 2228 4058 Deum,
2260 3995 2350 4046 sed
2392 3995 2740 4045 evanuerunt
2789 3994 2852 4044 in
2880 3987 3304 4057 cogitationibus
3347 3988 3462 4039 suis

1874 4086 2044 4151 (Rom.
2064 4083 2292 4149 1,?1),et
2319 4081 2720 4135 oberraverunt
2748 4097 2782 4133 a
2800 4095 2948 4133 vero.
2977 4079 3281 4147 Propterea
3294 4091 3464 4130 unus-

1870 4173 2103 4244 quisque
2151 4172 2247 4242 qui
2297 4171 2412 4224 vult
2465 4169 2623 4240 sequi
2675 4169 2982 4228 Christum,
3029 4166 3194 4220 tollat
3241 4181 3464 4218 crucem

1869 4279 2049 4328 suam,
2084 4262 2213 4332 quia
2245 4261 2350 4315 nisi
2384 4260 2440 4314 in
2473 4276 2636 4314 cruce
2667 4257 2870 4312 Christi
2891 4255 3166 4327 gloriatus
3189 4253 3377 4318 fuerit,
3411 4257 3468 4307 et

1871 4352 1924 4405 in
1951 4369 2019 4406 ea
2037 4351 2354 4412 crediderit,
2389 4342 2725 4420 crucemque
2756 4347 2964 4402 Christi
2984 4362 3145 4401 suam
3179 4361 3300 4400 esse
3328 4342 3466 4398 fece-
3545 4393 3550 4400 .

1869 4441 1960 4504 rit,
1996 4446 2052 4494 et
2071 4440 2374 4512 portaverit
2397 4445 2524 4511 post
2543 4438 2829 4493 Christum
2853 4453 2980 4491 cum
3013 4434 3258 4494 Simone,
3281 4433 3340 4486 in
3370 4447 3468 4486 an-

1867 4529 2044 4600 garia,
2099 4546 2225 4583 eum
2272 4528 2428 4599 sequi
2481 4545 2592 4581 non
2625 4531 2826 4598 potest,
2877 4525 3008 4596 quia
3053 4539 3218 4578 nemo
3259 4537 3466 4575 vacuus

1869 4619 2153 4672 Christum
2185 4618 2456 4688 sequitur.
2497 4615 2700 4668 Idcirco
2731 4614 3046 4686 quicunque
3076 4611 3317 4665 moritur
3343 4625 3468 4682 pec-

1870 4714 2012 4770 cato,
2038 4724 2146 4760 non
2179 4707 2289 4759 alio
2321 4705 2482 4759 modo
2507 4705 2802 4766 moriatur,
2827 4720 2994 4774 quam
3017 4701 3326 4756 secundum
3344 4715 3462 4754 car-

1871 4812 2020 4858 nem,
2045 4802 2107 4848 ut
2135 4794 2317 4847 dicere
2347 4793 2520 4864 possit
2547 4809 2673 4846 cum
2709 4799 2744 4844 Α
2756 4792 2990 4864 postolo,
3015 4792 3164 4845 Absit
3193 4790 3340 4843 mihi
3355 4791 3468 4856 glo-

1872 4886 2042 4948 riari,
2081 4887 2192 4936 nisi
2214 4885 2274 4936 in
2303 4899 2460 4935 cruce
2480 4884 2708 4936 Domini
2731 4899 2830 4950 per
2856 4897 3025 4950 quam
3048 4879 3192 4933 mihi
3218 4878 3464 4932 mundus

1871 4975 2170 5040 cruci/idus
2200 4975 2292 5035 cst,
2323 4976 2369 5024 et
2401 4987 2496 5038 ego
2532 4973 2738 5024 mundo
2771 4971 2910 5035 (Gal.
2936 4985 3012 5026 v1.
3041 4967 3152 5036 14),

1943 5063 2048 5129 Qui
2061 5079 2122 5114 cn
2133 5065 2205 5114 im
2221 5062 2432 5114 volucri
2437 5065 2452 5110 t
2465 5062 2720 5113 animam
2739 5075 2900 5114 suam
2920 5062 3130 5112 salvam
3141 5058 3466 5126 facere,per-

163 5150 284 5204 Dei.
319 5149 496 5204 Unde
527 5149 802 5220 sequitur,
837 5149 900 5204 Si
921 5154 1045 5219 quis
1077 5155 1196 5205 vult
1225 5159 1339 5220 post
1374 5170 1456 5206 me
1477 5154 1789 5214 renire,ab-
1869 5153 1954 5204 det
1980 5167 2096 5204 eam
2145 5150 2208 5202 Et
2231 5151 2328 5216 qui
2343 5149 2644 5216 perdiderit
2663 5150 2916 5201 animam
2939 5163 3100 5200 suam
3115 5149 3340 5214 propter
3357 5161 3462 5212 me,

164 5244 321 5306 neget
357 5241 741 5306 smnetipsum,
785 5243 834 5292 ct
863 5243 1022 5293 tollat
1052 5256 1268 5294 crucem
1298 5258 1478 5305 suam,
1519 5246 1568 5294 el
1599 5257 1786 5309 sequa-
1869 5244 1932 5294 in
1961 5243 2129 5292 vitam
2149 5244 2412 5291 atcrnam
2435 5239 2674 5290 inveniet
2697 5253 2836 5290 eam.
2855 5236 2900 5292 Ο
2922 5235 3146 5289 beatum
3169 5233 3461 5300 damnum,

165 5333 262 5381 tur
295 5343 416 5384 me.
457 5326 684 5392 Audiat,
712 5343 917 5398 quaeso,
973 5330 1248 5384 exercitus
1295 5329 1624 5384 Christianae
1654 5329 1785 5382 reli-
1869 5333 1925 5382 et
1950 5329 2172 5397 jactura
2201 5326 2344 5386 felix,
2383 5326 2596 5380 salvere
2633 5342 2734 5380 nos
2778 5326 2897 5379 vult
2947 5341 3073 5379 cum
3126 5323 3465 5379 detrimento

162 5415 356 5484 gionis
383 5435 400 5482 ;
459 5415 692 5470 audiant
746 5416 988 5471 universi
1047 5419 1142 5489 qui
1193 5418 1511 5472 Christiano
1555 5418 1782 5472 nomine
1865 5417 2067 5472 animae
2097 5433 2161 5470 ac
2179 5416 2447 5486 corporis,
2467 5423 2524 5470 et
2551 5432 2671 5470 esse
2699 5415 2786 5469 sui
2816 5413 3028 5469 similes
3059 5430 3162 5469 nos
3183 5414 3462 5468 hortatur.

163 5509 527 5561 censentur:
550 5503 782 5558 audiant
813 5505 1023 5576 Regem
1052 5508 1339 5561 Christum
1370 5507 1611 5562 caelestis
1636 5507 1782 5562 mili-
1867 5509 2007 5576 Quia
2035 5509 2142 5575 ipse
2159 5509 2222 5559 in
2239 5507 2329 5559 Dr:
2363 5508 2550 5573 [arma
2571 5521 2694 5558 cum
2708 5509 2838 5558 esset
2864 5505 3088 5572 (Philip.
3107 5517 3170 5563 II,
3194 5501 3228 5558 6
3235 5517 3464 5574 J,usque

161 5594 258 5652 tia
277 5593 515 5668 populo
539 5594 981 5665 concionantem,
1006 5602 1064 5652 et
1085 5597 1202 5654 suis
1231 5598 1609 5670 alloquentem
1633 5597 1784 5654 mili-
1865 5597 1938 5652 ad
1956 5601 2195 5652 mortem
2223 5594 2451 5650 humilis
2498 5594 2678 5650 factus
2702 5599 2789 5649 est
2829 5599 2887 5649 et
2913 5593 3198 5659 obediens,
3231 5595 3464 5662 propter
