3888 6172
430 253 529 313 571
979 241 984 246 ’
1199 251 1256 306 S.
1298 246 1676 305 PASCHASII
1713 242 2072 302 RADBERTI
2109 241 2413 298 ABBATIS
2451 239 2943 297 CORBEIENSB.
3537 247 3620 305 572

434 379 582 452 quod
610 384 668 433 et
695 384 935 434 mortem
966 377 1143 433 crucis
1163 376 1414 447 pertulit,
1438 381 1497 426 ut
1524 372 1908 442 unusquisque
1928 385 2028 441 per
2044 372 2088 429 A
2111 369 2318 422 salvam
2342 367 2543 426 facere.
2571 367 2766 437 perdet
2785 366 2938 420 illam
2965 385 2977 431 ;
3001 371 3058 420 et
3086 367 3179 438 qui
3206 367 3479 438 perdiderit
3501 373 3626 443 prius

433 486 654 524 crucem
683 468 740 522 in
772 469 1008 523 Domino
1033 467 1326 536 glorietur,
1359 471 1414 516 et
1457 479 1552 532 per
1580 479 1701 513 eain
1732 461 1934 513 srrculo
1965 477 2028 513 ac
2111 464 2339 528 propter
2367 474 2474 517 me.
2507 457 2597 509 hic
2644 457 2853 509 salvam
2904 456 3068 510 faciet
3094 472 3233 510 eam.
3289 457 3528 521 Quoniam
3565 465 3628 518 sic

435 558 540 612 sibi
571 559 845 612 moriatur
883 559 1023 622 Quia
1046 555 1298 626 quamvis
1329 553 1580 604 videatur
1595 568 1652 602 se
1679 551 1880 620 aliquis
1906 550 2029 603 abs-
2111 563 2458 617 consequens
2486 552 2608 599 erat
2635 546 2802 611 ratio,
2833 552 2897 598 ut
2947 546 3100 616 prius
3129 547 3480 602 amitteremus
3512 553 3629 621 quod

434 647 617 702 tinere
651 665 684 700 a
717 653 960 718 peccato,
992 655 1047 698 et
1065 645 1139 697 sit
1163 649 1413 696 mortuus
1435 649 1704 710 quantum
1737 639 1939 692 attinet
1958 639 2027 691 ad
2105 635 2223 704 jam
2243 635 2388 687 male
2411 633 2979 688 habebamus.deinde
2995 640 3058 686 ut
3077 649 3633 709 consequeremurquin-
3661 639 3666 643 ’

437 743 747 808 peccatum.
780 742 968 789 tamen
1001 733 1105 786 nisi
1140 733 1194 784 in
1227 747 1446 784 erucem
1471 729 1676 782 Christi
1708 728 2024 790 crediderit,

440 837 497 884 et
516 831 570 884 iu
599 829 707 883 fide
733 829 853 896 ejus
885 825 1290 895 quicruciﬁxus
1336 831 1438 876 est.
1466 830 1522 877 et
1569 834 1795 893 propter
1815 836 1942 872 eum
1971 836 2030 871 se

437 917 773 974 abstinuerit
792 933 822 968 a
853 925 1096 986 peccato,
1133 914 1248 984 ipse
1268 912 1370 966 sibi
1401 919 1457 966 et
1486 930 1594 966 non
1624 911 1846 964 Christo
1877 908 2026 973 vivit,

440 1007 570 1078 quia
597 1021 707 1058 non
733 1013 817 1057 est
845 1002 1101 1056 Christus
1131 1002 1431 1055 cruciﬁxus
1451 1008 1506 1054 et
1528 1007 1801 1053 mortuus.
1825 1005 1890 1051 ut.
1917 1015 2034 1051 om-

439 1096 533 1150 nia
557 1095 673 1147 haec
703 1093 760 1146 in
791 1109 857 1145 eo
889 1092 1146 1145 Christus
1169 1097 1434 1160 Operetur
1467 1109 1478 1142 :
1512 1096 1568 1142 et
1598 1087 1721 1142 ideo
1743 1090 2035 1158 signanter

437 1183 536 1248 ait,
571 1184 677 1250 Qui
702 1182 1005 1251 perdiderit
1032 1183 1288 1233 animam
1311 1196 1465 1232 suam
1497 1184 1717 1247 propter
1745 1195 1846 1238 ine,
1883 1181 2033 1230 inre-

443 1275 558 1328 niet
590 1288 732 1324 eam.
761 1271 940 1334 Quam
969 1268 1304 1322 sententiam
1327 1267 1403 1320 ita
1434 1284 1730 1337 possumus
1759 1266 2034 1333 intellige-

441 1379 523 1426 re,
558 1361 654 1431 qui
682 1365 838 1414 amat
879 1358 1124 1412 animam
1183 1374 1362 1418 suam,
1395 1363 1493 1411 aut
1519 1357 1615 1428 qui
1639 1355 1758 1410 odit
1785 1355 2030 1410 animam

439 1467 600 1506 suam
628 1467 639 1502 :
674 1456 740 1504 ut
767 1448 1037 1509 dicamus,
1068 1447 1126 1500 Si
1146 1447 1271 1518 quis
1297 1453 1380 1500 est
1402 1454 1623 1500 amator
1648 1445 1772 1498 vitae
1795 1461 2035 1515 praisrn-

441 1540 516 1595 tis
536 1540 662 1610 plus
695 1554 863 1609 quam
892 1544 1136 1601 internae,
1171 1542 1229 1590 et
1253 1542 1413 1607 putat
1441 1536 1584 1589 hanc
1608 1535 1774 1588 vitam
1798 1551 2034 1606 praesen-

439 1633 556 1684 tem
587 1627 855 1698 optimam
883 1642 1007 1680 esse
1026 1625 1368 1684 felicitatem,
1403 1631 1460 1678 et
1483 1624 1657 1695 parcit
1705 1623 1926 1687 animae,
1973 1628 2036 1677 ut

2111 741 2235 776 rere
2265 723 2409 793 quod
2442 739 2731 792 nunquam
2760 739 2821 775 ex
2847 721 3006 775 nobis
3019 723 3222 776 habere
3249 725 3519 794 potuimus.
3543 728 3631 781 Ita-

2113 829 2220 882 que
2241 813 2320 865 sic
2342 812 2634 864 vivendum
2685 818 2787 876 est,
2809 817 2872 865 ut
2894 828 3297 882 consequamur
3319 815 3526 868 salutem
3545 817 3636 870 ani-

2116 918 2331 954 marum
2359 909 2680 954 nostrarum
2713 901 2770 954 in
2809 900 3224 956 conversatione
3274 903 3388 958 vitae
3417 904 3632 959 melioris.

2115 993 2248 1054 Quae
2273 991 2538 1044 nimirum
2572 990 2812 1044 varietas
2843 991 3266 1048 sententiarum.
3295 992 3419 1046 licet
3441 1009 3563 1047 unus
3581 994 3640 1048 sit

2116 1097 2332 1135 sensus.
2357 1086 2548 1133 tamen
2579 1079 2825 1150 amplius
2853 1087 2909 1133 et
2922 1079 3219 1150 perfectius
3259 1083 3487 1152 aperitur
3515 1083 3638 1136 intel-

2115 1169 2309 1232 lectus,
2345 1169 2476 1222 dum
2520 1169 2800 1222 sententia
2833 1185 2901 1222 ex
2927 1169 3038 1222 alia
3067 1169 3404 1240 praedicatur,
3432 1177 3487 1224 ut
3510 1187 3642 1224 oma-

2115 1257 2499 1329 tiorloquendi
2523 1258 2950 1311 commendatur
2979 1260 3194 1312 modus.
3244 1259 3486 1330 Quisquis
3526 1261 3643 1314 enim

2115 1348 2357 1418 denegat
2377 1365 2455 1401 se.
2480 1353 2536 1401 et
2557 1347 2706 1400 tollit
2724 1364 2944 1400 crucem
2967 1364 3126 1402 suam
3166 1347 3282 1419 ipse
3302 1356 3382 1402 est
3399 1349 3482 1419 qui
3501 1349 3646 1418 perdit

2115 1437 2361 1490 animam
2394 1453 2552 1490 suam
2573 1443 2801 1508 propter
2824 1436 3130 1491 Christum.
3158 1437 3224 1491 Et
3245 1437 3466 1508 perdens
3486 1438 3644 1492 melius

2117 1543 2239 1580 eam
2262 1527 2458 1591 salvat,
2484 1525 2617 1579 dum
2636 1542 2738 1596 pro
2758 1525 2853 1579 illo
2870 1526 2966 1596 qui
2985 1525 3100 1580 vita
3120 1527 3477 1581 essentialiter
3493 1531 3643 1592 Qui

2117 1621 2220 1680 est,
2255 1621 2375 1669 tota
2399 1614 2765 1686 impenditur.
2799 1614 2868 1668 Et
2891 1615 2986 1685 qui
3015 1615 3201 1685 perdit
3224 1615 3474 1679 animam,
3511 1631 3646 1686 quan-

445 1717 627 1787 magis
655 1716 853 1770 timeat
870 1715 1032 1776 mori,
1051 1720 1105 1768 et
1134 1720 1296 1786 putat
1313 1713 1559 1768 animam
1591 1729 1751 1768 suam
1775 1730 1874 1784 per
1895 1713 2035 1766 hanc
2059 1706 2102 1765 Β
2118 1710 2238 1758 tum
2261 1704 2332 1757 ad
2353 1704 2666 1758 voluntates
2683 1703 2935 1757 carnales
2960 1703 3224 1774 pertinet,
3252 1704 3366 1776 ipse
3389 1709 3468 1758 est
3489 1703 3650 1774 quisb-

445 1812 684 1860 mortem
707 1805 890 1859 carnis
915 1804 1114 1876 perire,
1141 1805 1246 1858 iste
1271 1804 1374 1858 hoc
1394 1803 1559 1856 modo
1582 1803 1770 1856 volens
1789 1802 2036 1856 animam

447 1912 606 1950 suam
646 1895 880 1952 salvere.
913 1894 1105 1964 perdet
1129 1893 1302 1954 illam,
1325 1893 1458 1946 dum
1500 1893 1738 1946 alienam
1772 1891 1923 1944 illam
1957 1891 2036 1945 fe-

446 1984 585 2038 cerit
611 2001 643 2038 a
665 1984 779 2037 vita
805 1989 1033 2038 aeterna.
1067 1981 1284 2036 Dicitur
1315 1990 1368 2036 et
1395 1983 1732 2036 eminentior
1761 1998 1892 2052 pars
1913 1980 2038 2034 ani-

446 2056 551 2128 mae
584 2089 760 2137 mens,
783 2089 895 2143 qua
909 2078 1029 2126 tota
1057 2072 1273 2143 regitur
1305 2071 1416 2126 vita
1449 2071 1692 2124 hominis
1719 2090 1730 2132 ;
1759 2077 1846 2123 est
1876 2077 1932 2123 et
1961 2070 2037 2122 in—

445 2161 633 2223 ferior,
667 2177 780 2232 qua
805 2161 1116 2215 viviﬁcatur
1139 2177 1360 2230 corpus,
1402 2177 1523 2231 qua:
1554 2168 1610 2212 et
1639 2160 1749 2212 vita
1781 2159 2040 2212 animalis

448 2251 657 2305 dicitur
689 2269 700 2302 :
726 2249 824 2304 sed
854 2249 1042 2304 anima
1076 2269 1110 2303 ιι
1135 2257 1294 2319 parte
1318 2256 1440 2303 tota
1488 2257 1718 2302 vocatur
1744 2265 1852 2318 qua
1885 2265 2042 2318 vege-

447 2343 604 2392 tatur
622 2356 842 2410 corpus.
873 2339 1052 2403 Quam
1075 2355 1210 2392 sane
1235 2339 1502 2404 animam,
1521 2339 1574 2392 id
1606 2345 1692 2391 est
1711 2344 2040 2408 praesentem

447 2427 592 2481 hanc
621 2427 810 2492 vitam,
841 2427 887 2481 si
917 2427 1043 2498 quis
1071 2427 1197 2499 plus
1225 2429 1516 2486 amaverit.
1549 2444 1716 2498 quam
1741 2434 1839 2481 aut
1859 2427 2040 2480 vivere

450 2515 759 2570 secundum
784 2516 979 2580 Deum,
1000 2523 1100 2570 aut
1119 2517 1262 2570 mori
1284 2526 1512 2588 pr0pter
1528 2518 1642 2570 Deu
1652 2535 1726 2577 m.
1752 2516 1948 2587 perdet
1961 2521 2042 2569 to-

449 2609 564 2659 tam
589 2604 757 2659 vitam
780 2606 932 2660 illam
955 2623 1068 2678 qua
1085 2607 1265 2660 vivere
1282 2607 1494 2671 debuit,
1509 2606 1814 2659 secundum
1839 2606 2034 2666 Deum,

448 2692 527 2746 ita
555 2700 620 2748 ut
644 2703 843 2749 neutra
882 2712 1010 2766 pars
1027 2695 1228 2749 animm
1251 2712 1362 2766 qua
1392 2696 1521 2749 vivit
1537 2700 1733 2760 033
1751 2703 1809 2748 et
1827 2695 2044 2763 regitur

448 2781 798 2850 corpus,jam
825 2781 972 2834 ultra
993 2780 1203 2834 vivatin
1228 2781 1322 2834 illa
1342 2787 1552 2834 aeterna
1585 2780 1698 2832 vita
1723 2797 1823 2849 per
1842 2780 2037 2842 Deum,

449 2869 544 2939 qui
567 2869 748 2924 noluit
763 2870 901 2923 mori
926 2869 1030 2923 sibi
1049 2886 1112 2923 ac
1143 2870 1344 2923 saeculo
1359 2875 1422 2923 ut
1444 2869 1581 2922 bene
1608 2869 1815 2921 viveret
1842 2883 2040 2920 secun-

2119 1799 2290 1864 negat
2317 1809 2396 1858 se,
2445 1799 2502 1847 et
2555 1793 2760 1847 tollens
2799 1808 3022 1846 crucem
3075 1809 3236 1846 suam
3278 1791 3653 1864 sequitur

2119 1889 2266 1936 stum
2278 1923 2290 1936 .

2193 1971 2336 2038 Quid
2363 1976 2548 2024 autem
2574 1973 2792 2040 proﬁcit
2807 1970 3044 2032 homini,
3067 1971 3120 2023 si
3146 1973 3318 2023 totum
3337 1970 3656 2024 mundumlu-

2121 2065 2326 2123 oretur,
2354 2062 2560 2113 anima:
2583 2064 2770 2112 autem
2791 2075 2901 2113 sua:
2915 2060 3313 2112 detrimentum
3334 2061 3522 2127 fuerat?
3545 2058 3654 2111 Puto

2123 2149 2270 2218 quod
2285 2148 2557 2202 mundum
2575 2148 2826 2203 lucratur
2836 2147 2930 2218 qui
2943 2165 3056 2202 non
3067 2147 3313 2216 abnegat
3324 2147 3654 2218 semetipsum,

2122 2254 2226 2290 nec
2253 2237 2401 2291 tollit
2427 2253 2647 2292 crucem
2669 2253 2849 2300 suam,
2874 2243 2932 2292 et
2945 2238 3202 2308 sequitur
3217 2237 3485 2294 Christum
3504 2250 3656 2290 secun-

2123 2326 2253 2381 dum
2289 2343 2356 2380 ea
2383 2343 2506 2398 qua;
2536 2326 2686 2380 dicta
2712 2333 2862 2388 sunt,
2896 2343 2999 2382 nec
3026 2328 3214 2398 perdit
3255 2328 3485 2383 animam
3512 2340 3654 2390 suam,

2124 2422 2188 2470 ut
2213 2416 2389 2470 salvet
2417 2433 2539 2469 eam
2571 2415 2628 2468 in
2661 2415 2896 2486 spiritali
2954 2433 3170 2482 amore,
3203 2417 3298 2490 qui
3348 2433 3523 2472 omnes
3548 2415 3594 2468 in
3614 2429 3660 2468 se

2123 2506 2376 2558 carnales
2391 2505 2871 2576 concupiscentias
2888 2505 3167 2561 habuerit.
3203 2507 3346 2572 Quia
3363 2506 3494 2560 sicut
3511 2503 3662 2558 omnia

2125 2595 2411 2665 relinquit,
2441 2600 2505 2648 ut
2549 2595 2749 2648 Petrus
2775 2594 3045 2662 insinuat,
3078 2597 3175 2667 qui
3206 2597 3342 2650 nihil
3375 2592 3666 2665 concupiscit

2126 2685 2378 2737 carnale:
2410 2683 2489 2737 ita
2507 2683 2694 2738 omnia
2744 2684 3012 2746 lucretur,
3035 2692 3095 2740 et
3123 2692 3282 2741 tenet
3299 2685 3418 2740 sibi.
3447 2684 3560 2738 licet
3579 2696 3665 2736 non

2125 2774 2302 2842 possit
2321 2773 2563 2843 assequi,
2597 2773 2729 2827 dum
2772 2773 2831 2827 in
2878 2773 3140 2828 omnibus
3173 2776 3296 2846 ejus
3331 2772 3669 2844 concupiscen-

2124 2861 2218 2914 tiis
2241 2860 2421 2914 inhiat
2447 2868 2504 2914 et
2542 2868 2824 2929 versatur;
2852 2869 2910 2916 et
2937 2863 3062 2917 ideo
3111 2863 3204 2918 cui
3239 2880 3346 2918 non
3375 2860 3670 2929 cruciﬁgitur

449 2960 581 3013 dum
612 2959 807 3011 Deum.
842 2958 1114 3012 Similiter
1143 2965 1198 3010 et
1228 2957 1324 3026 qui
1375 2957 1775 3026 contempserit
1805 2965 2102 3026 praesen-(3
2124 2950 2394 3011 mundus,
2420 2950 2539 3020 ipse
2565 2951 2967 3006 detrimentum
3006 2953 3214 3008 animae
3243 2969 3356 3007 sum
3381 2951 3517 3006 facit.
3543 2947 3668 3004 Unde

451 3053 565 3100 tem
597 3051 824 3116 propter
850 3046 1100 3110 verbum,
1133 3051 1190 3099 et
1217 3046 1457 3098 confisus
1485 3047 1553 3098 de
1583 3045 1696 3098 vita
1719 3051 1926 3098 aeterna
1955 3062 2045 3099 us-

453 3151 562 3208 que
589 3134 658 3186 ad
691 3141 927 3187 mortem
959 3151 1060 3204 pro
1091 3134 1325 3187 veritate
1363 3134 1675 3200 certaverit,
1709 3140 1807 3187 aut
1845 3134 2043 3188 vixerit

451 3223 1106 3294 imprazsentiarummon
1127 3222 1230 3276 sibi
1253 3223 1349 3277 sed
1373 3223 1678 3276 secundum
1715 3224 1890 3277 Deum
1922 3241 2044 3294 per-

451 3311 546 3366 det
573 3311 798 3382 quidem
830 3311 1078 3365 animam
1107 3319 1575 3382 suam,quantum
1609 3313 1677 3365 ad
1710 3319 2040 3383 praesentem
2077 3331 2081 3337 '

451 3401 654 3454 attinet
679 3401 868 3467 vitam,
892 3400 1026 3454 dum
1042 3408 1141 3454 aut
1167 3401 1340 3454 tradit
1368 3418 1490 3454 eam
1523 3418 1624 3471 pro
1650 3402 1854 3468 pietate
1879 3403 2042 3456 Chri-

453 3490 522 3545 sti
555 3491 611 3544 in
645 3496 902 3554 mortem,
927 3507 1048 3560 quae
1077 3489 1306 3543 abusive
1333 3491 1538 3543 dicitur
1563 3508 1730 3555 mors,
1763 3498 1863 3545 aut
1889 3498 2041 3546 totus

453 3587 710 3636 mortuus
739 3579 939 3634 saeculo
969 3579 1074 3633 sibi
1121 3586 1305 3650 potest
1355 3580 1538 3633 dicere
1594 3597 1719 3634 cum
1750 3582 2037 3651 Apostolo,

465 3675 584 3726 Viro
600 3677 726 3740 jam
760 3687 870 3724 non
890 3673 1152 3738 ego,virit
1184 3685 1306 3722 vero
1337 3673 1397 3723 in
1434 3688 1513 3723 me
1545 3674 1796 3726 Christus
1820 3672 1954 3727 (ϐαι.
1975 3687 2035 3732 11.

451 3757 562 3816 20b.
594 3762 705 3816 Iste
736 3759 908 3830 igitur
931 3759 1059 3814 talis
1108 3765 1208 3813 aut
1259 3765 1472 3822 tantus,
1503 3761 1765 3830 quoniam
1817 3767 2044 3832 propter

451 3850 735 3905 Christum
769 3849 1014 3921 perdidit
1035 3851 1283 3904 animam
1338 3866 1516 3913 suam,
1553 3850 1728 3918 magis
1758 3867 1880 3903 eam
1913 3851 2044 3904 facit

449 3941 656 3994 salvam
681 3941 740 3994 in
771 3939 881 3994 vita
913 3945 1160 4006 aeterna;
1194 3939 1324 4010 quia
1385 3939 1628 4010 profecto
1683 3940 2042 3993 abrenuntiat

449 4029 670 4082 diabolo
693 4037 749 4082 et
767 4029 1026 4082 omnibus
1047 4030 1309 4099 operibus
1339 4031 1480 4098 ejus,
1517 4047 1729 4082 necnon
1754 4035 1808 4082 et
1839 4030 2039 4082 saeculo

449 4132 573 4169 cum
589 4117 705 4169 suis
735 4116 968 4170 fallaciis
995 4124 1051 4170 et
1081 4119 1445 4187 pompisejus.
1476 4118 1553 4170 ita
1585 4125 1646 4170 ut
1667 4118 1768 4170 sibi
1795 4119 1879 4170 hic
1911 4119 2040 4172 talis

448 4203 610 4256 tollat
638 4219 858 4257 crucem
891 4221 1049 4257 suam
1096 4213 1153 4258 et
1180 4205 1434 4274 sequitur
1455 4207 1761 4260 ('hristum.
1780 4209 1906 4260 llaec
1929 4224 2044 4260 om-

447 4290 544 4345 nia
568 4291 623 4343 in
647 4291 821 4343 libero
853 4291 1082 4345 arbitrio
1106 4302 1511 4363 proponuntur,
1539 4303 1595 4345 et
1634 4297 1756 4347 ideo
1791 4297 1948 4365 quasi
1971 4297 2040 4350 ad

2126 3043 2183 3093 et
2211 3038 2370 3092 bonis
2397 3039 2625 3109 gemina
2641 3040 2971 3112 proponitur
2999 3042 3222 3107 electio,
3251 3047 3316 3097 ut
3342 3058 3406 3096 ex
3433 3037 3668 3112 proposito

2126 3141 2354 3184 maneat
2378 3132 2819 3204 uniuscujusque
2846 3133 3162 3188 retributio.
3199 3134 3355 3199 Quod
3385 3133 3432 3187 si
3472 3126 3670 3185 volueri-

2125 3237 2251 3274 mus
2276 3220 2546 3275 mundum
2577 3222 2803 3287 lucrari,
2847 3223 3136 3292 perdimus
3185 3224 3402 3279 animas
3456 3225 3671 3282 nostras;

2124 3317 2222 3364 aut
2249 3310 2296 3363 si
2325 3309 2542 3364 animas
2563 3317 2783 3364 nostras
2818 3312 3161 3367 voluerimus
3212 3312 3430 3377 lucrari,
3467 3309 3673 3376 abnege-

2125 3417 2250 3454 mus
2286 3407 2341 3454 et
2379 3400 2678 3471 perdamus
2712 3402 2816 3454 hoc
2847 3401 3139 3466 mundum,
3174 3401 3258 3456 ita
3287 3409 3348 3456 ut
3370 3415 3546 3454 omnes
3570 3409 3674 3450 con-

2123 3489 2494 3560 cupiscentias
2543 3491 2664 3560 ejus
2720 3489 3064 3544 abdicemus.
3097 3491 3304 3546 Videat
3331 3490 3496 3561 igitur
3531 3481 3678 3540 ﬁdelis

2122 3578 2330 3640 anima,
2363 3579 2496 3650 quid
2527 3579 2712 3649 potius
2739 3579 3057 3648 eligendum
3110 3579 3204 3644 sit,
3262 3579 3457 3650 quidve
3495 3581 3678 3630 sectan-

2122 3667 2254 3721 dum
2283 3686 2294 3734 ;
2329 3667 2462 3737 quia
2483 3684 2655 3721 unum
2681 3667 2880 3722 horum
2908 3675 3008 3722 aut
3035 3668 3237 3738 perdet
3257 3675 3357 3724 aut
3383 3663 3594 3722 salvabit
3615 3659 3674 3714 si-

2123 3755 2197 3820 bi,
2231 3756 2484 3826 quamvis
2516 3757 2787 3811 mundum
2818 3773 2932 3812 non
2960 3757 3157 3829 possit,
3193 3766 3254 3812 et
3307 3758 3425 3814 sine
3477 3771 3532 3808 se
3565 3747 3679 3806 nihil

2125 3845 2346 3900 habere.

2193 3938 2304 3988 Aut
2333 3951 2496 4002 quam
2527 3935 2678 3988 dabit
2709 3935 2867 3989 homo
2882 3940 3368 3991 commutationem
3397 3950 3494 4004 pro
3511 3932 3674 3986 animo

2122 4029 2260 4077 sua?
2291 4024 2448 4087 Quod
2492 4023 2536 4076 si
2581 4023 2806 4077 aliunde
2837 4041 2950 4078 non
2981 4025 3150 4088 nosti,
3199 4026 3388 4088 homo,
3424 4024 3539 4093 lege
3565 4013 3674 4088 quid

2122 4113 2376 4166 diabolus
2423 4118 2686 4183 expetens
2719 4129 2947 4166 manum
2999 4113 3228 4168 mittere
3256 4114 3317 4168 in
3359 4111 3476 4176 Job,
3506 4101 3677 4162 dixerit

2125 4205 2269 4258 Deo:
2296 4205 2495 4258 Pellem.
2509 4219 2608 4271 pro
2629 4206 2785 4270 pelle,
2811 4202 3013 4273 inquit,
3038 4207 3085 4256 et
3113 4207 3378 4258 universa
3415 4216 3524 4271 qua
3548 4194 3674 4248 Ιιίιῦσι

2125 4294 2301 4354 homo,
2327 4293 2478 4345 dabit
2499 4307 2600 4360 pro
2625 4293 2821 4344 anima
2841 4308 2944 4344 sua
2975 4291 3102 4357 (Job.
3136 4305 3200 4357 II,
3225 4290 3298 4353 41.
3328 4291 3467 4346 Nam
3486 4287 3570 4342 ille
3586 4293 3679 4336 non

447 4378 736 4449 superiora
789 4378 973 4432 reddit
1023 4381 1316 4442 rationem,
1353 4393 1410 4432 et
1464 4382 1617 4443 dicit,
1654 4387 1758 4448 Qui
1810 4366 2189 4437 ro/urritDut
2207 4397 2429 4436 servare
2450 4381 2616 4434 vellet
2655 4379 2901 4433 animam
2927 4381 3029 4434 hoc
3057 4380 3216 4445 dixit,
3249 4380 3350 4435 sed
3371 4376 3680 4434 occasionem

449 4471 702 4522 animam
727 4485 888 4522 suam
927 4473 1142 4521 salvam
1174 4471 1371 4535 facere,
1399 4473 1584 4537 11"”le
1617 4488 1754 4522 rum.
1794 4473 2038 4526 llieendo

447 4573 600 4628 ergo,
625 4561 723 4626 qui
743 4561 994 4618 voluerit,
1013 4558 1414 4628 praecedentem
1438 4565 1495 4612 et
1517 4566 1840 4628 sequentem
1865 4578 2037 4615 unum

449 4663 572 4700 esse
593 4661 818 4699 sensum
849 4646 1110 4700 ostendit.
1141 4646 1353 4701 Idcirco
1406 4648 1551 4718 quod
1593 4649 1849 4717 superius
1879 4650 2036 4712 dixit,

446 4736 681 4800 Abneget
702 4738 1066 4803 semetipsum,
1087 4740 1468 4790 tollatcrucem
1499 4755 1679 4802 suam,
1705 4744 1751 4790 ει
1780 4746 2042 4807 sequatur

451 4840 555 4888 me,
579 4823 625 4876 si
655 4823 723 4875 de
747 4829 926 4876 morte
947 4824 1065 4878 sola
1087 4824 1244 4888 dixit,
1263 4832 1320 4879 et
1347 4827 1448 4880 hoc
1479 4827 1622 4896 quod
1655 4828 1806 4892 dicit,
1832 4828 1937 4893 Qui
1957 4845 2040 4880 ro-

453 4915 885 4968 lueritanimam
899 4929 1060 4966 suam
1081 4917 1292 4967 salvam
1307 4917 1502 4982 facere,
1517 4919 1698 4984 perdr'!
1722 4920 1900 4978 illam;
1916 4933 2043 4969 con-

448 5002 607 5056 tinuo
622 5007 680 5056 et
693 5002 961 5056 demorte.
975 5002 1095 5056 sola
1121 5003 1434 5074 intelligere
1462 5005 1755 5059 debemus:
1787 5006 1830 5058 si
1851 5011 2040 5058 autem

453 5091 732 5163 abnegare
762 5097 818 5145 et
838 5090 1036 5144 tollere
1062 5108 1279 5146 crucem
1315 5109 1424 5146 non
1447 5096 1625 5149 solum
1659 5101 1745 5147 est
1774 5111 1908 5147 mori
1943 5110 2042 5165 pro

455 5182 696 5247 Christo,
729 5181 824 5236 sed
856 5181 1025 5236 etiam
1053 5183 1335 5235 carnalem
1365 5183 1838 5236 conversationem
1855 5182 2045 5252 rejice-

452 5289 534 5338 re,
569 5273 691 5326 sine
711 5272 880 5325 dubio
909 5277 964 5325 et
995 5271 1227 5341 perdere
1255 5273 1522 5335 animam,
1544 5290 1652 5325 non
1695 5274 1875 5327 solum
1905 5273 2045 5326 mori

2126 4471 2256 4524 inde
2280 4469 2531 4524 invenire
2562 4475 2624 4522 ut
2651 4485 2772 4522 eam
2806 4469 3050 4524 laederet.
3080 4469 3330 4524 Noverat
3352 4475 3533 4524 tamen
3557 4455 3681 4533 quod

2127 4559 2237 4612 alia
2265 4558 2629 4612 commutatio
2683 4575 2784 4628 pro
2838 4557 3030 4612 anima
3059 4557 3118 4611 in
3163 4557 3409 4612 hominis
3439 4553 3682 4628 potestate

2125 4648 2279 4701 nulla
2308 4653 2471 4710 esset,
2507 4647 2761 4716 quamvis
2792 4654 2850 4700 et
2875 4647 2980 4700 hoc
3008 4647 3191 4718 ipsum
3233 4662 3432 4718 parum
3482 4644 3566 4706 sit,
3595 4633 3684 4692 nisi

2123 4735 2366 4806 pretioso
2387 4734 2594 4788 Christi
2619 4735 2892 4805 sanguine
2913 4735 3243 4788 redimatur.
3273 4735 3341 4789 Et
3360 4749 3458 4805 pro
3469 4732 3567 4785 hoc
3583 4741 3684 4781 om-

2122 4824 2256 4878 nino
2273 4823 2677 4894 qualiscunque
2715 4823 3003 4878 reddenda
3042 4829 3131 4878 est
3159 4820 3536 4877 commutatio.
3567 4813 3685 4870 Hinc

2125 4928 2347 4984 quoque
2361 4911 2533 4966 David
2557 4912 2636 4966 ait
2669 4915 2813 4969 Psal.
2839 4930 2954 4978 cxv,
2986 4911 3080 4976 1‘2,
3099 4911 3210 4979 13):
3248 4913 3393 4979 Quid
3408 4900 3684 4964 retribuam

2123 5003 2357 5056 Domino
2380 5017 2484 5070 pro
2503 5003 2759 5055 omnibus
2784 5019 2902 5072 qua:
2917 5003 3177 5056 retribuit
3196 5001 3373 5054 mihi?
3399 5001 3477 5052 Ac
3502 4995 3547 5050 si
3565 4991 3688 5048 dice-

2125 5097 2230 5152 ret,
2255 5107 2366 5144 non
2386 5090 2606 5144 invenio
2626 5091 2779 5145 aliud
2801 5091 2934 5162 quid
2965 5089 3292 5155 retribuam,
3329 5087 3455 5152 nisi,
3481 5087 3687 5141 Calicem

2125 5183 2397 5236 salutaris
2421 5182 2712 5249 accipiam,
2733 5181 2837 5234 hoc
2859 5187 2943 5235 est
2961 5196 3184 5234 crucem
3199 5177 3469 5250 passionis
3485 5166 3686 5232 Christi,

2129 5276 2177 5325 et
2191 5286 2389 5325 nomen
2422 5271 2645 5324 Domini
2673 5270 2946 5322 invocabo.
2983 5269 3128 5334 Quia
3157 5285 3258 5323 nec
3294 5283 3424 5320 crux
3453 5269 3547 5318 aut
3567 5257 3688 5313 calix

2131 5358 2424 5431 passionis,
2455 5357 2573 5411 sine
2602 5357 2950 5412 invocatione
2999 5358 3241 5423 Domini,
3293 5373 3394 5410 nec
3443 5345 3688 5407 invocatio

2132 5449 2234 5504 Dei
2263 5450 2382 5504 sine
2410 5464 2589 5504 cruce.
2611 5449 2680 5502 de
2709 5466 2821 5520 qua
2857 5449 3100 5505 diximus
3121 5465 3309 5520 supra,
3322 5463 3444 5517 quae
3470 5436 3691 5498 tollenda

2131 5543 2217 5594 est
2240 5538 2311 5592 ad
2357 5538 2599 5593 salutem
2635 5539 2849 5610 aliquid
2906 5539 3079 5598 valet.
3125 5535 3502 5596 Commutatio
3522 5535 3692 5586 autem

455 5367 541 5416 est
568 5378 669 5433 pro
690 5361 931 5425 Christo,
956 5377 1146 5414 verum
1171 5359 1339 5413 etiam
1372 5360 1650 5430 deponere
1681 5363 1934 5416 carnales
1951 5379 2048 5416 vo-

455 5449 722 5513 luntates,
746 5465 812 5503 ac
831 5448 975 5502 mori
994 5448 1100 5501 sibi
1123 5453 1180 5502 et
1202 5448 1420 5501 saeculo.
1448 5448 1562 5501 Nec
1583 5449 1732 5512 dicit,
1759 5451 1852 5521 qui
1874 5449 2048 5504 salva-

457 5539 602 5596 verit
618 5539 866 5596 animam
878 5555 1038 5594 suam
1049 5581 1060 5605 ,
1071 5538 1269 5611 perdet
1285 5537 1533 5602 eam,sed
1551 5539 1645 5608 qui
1667 5539 1904 5594 voluerit
1923 5555 2046 5592 eam
