3888 6172
199 252 296 310 573

905 247 1286 304 EXPOSITIO
1325 249 1403 304 IN
1442 249 1890 313 MATTHJEUM.
1934 280 1998 292 -—
2039 251 2176 308 LIB.
2219 251 2370 318 VIII,
2413 252 2570 308 CAP.
2610 252 2755 308 XVI.

3354 250 3462 310 574

199 377 412 441 animae,
439 375 623 446 prima
652 373 848 427 mundi
870 372 1186 428 substantia
1211 381 1313 440 est,
1341 382 1403 429 ut
1425 377 1705 447 relinquat
1725 395 1780 430 se

1864 394 2159 464 gellandus
2187 395 2870 466 demonstratur.Propter
2883 411 3050 466 quem
3067 411 3199 450 crux
3212 396 3463 450 tollenda

196 468 352 521 homo
393 472 452 518 et
480 481 603 535 quae
653 463 846 516 mundi
889 470 1020 516 sunt
1062 471 1271 530 εἶδε,
1309 465 1364 518 in
1397 477 1668 535 quantum
1710 469 1778 522 de

196 555 394 609 mundo
441 561 544 620 est,
583 559 640 606 et
685 558 952 623 sequatur
981 552 1288 614 Christum,
1336 555 1430 628 qui
1461 556 1529 608 de
1571 559 1778 610 mundo

191 662 293 700 non
321 652 422 706 est,
452 649 515 698 ut
547 659 648 713 per
675 659 802 696 eum
831 641 1104 712 acquirat,
1140 643 1355 714 perdito
1377 644 1606 707 mundo,
1627 663 1704 709 se,
1725 651 1781 698 et

191 733 449 806 quidquid
481 733 632 786 ultra
656 732 925 785 mundum
956 739 1058 785 est.
1077 732 1228 785 Alias
1249 737 1438 786 autem
1458 732 1504 785 si
1523 733 1781 806 lucratus

191 822 350 876 fuerit
369 822 520 874 hunc
551 821 820 874 mundum
847 837 906 874 se
939 820 1172 890 perdito,
1207 821 1264 874 in
1295 821 1634 875 detrimento
1655 823 1781 876 ani-

192 929 288 966 mae
306 928 440 974 suae,
475 909 610 980 quid
658 908 813 962 dabit
841 925 942 979 pro
973 909 1076 962 se?
1127 910 1261 964 Ecce
1291 926 1458 980 quam
1493 910 1635 962 mira
1678 911 1778 965 Dei

190 999 482 1054 conclusio.
533 997 800 1061 Audiant,
839 1015 1045 1068 quaeso,
1095 999 1189 1068 qui
1217 999 1276 1052 in
1321 999 1438 1052 suis
1465 1001 1782 1070 gloriantur

190 1088 415 1154 actibus,
449 1096 505 1142 et
537 1088 953 1158 Scripturarum
971 1093 1292 1142 sanctarum
1314 1089 1630 1158 despiciunt
1644 1089 1779 1144 sim-

189 1178 506 1250 plicitatem,
541 1177 676 1230 dum
723 1182 1062 1246 prOponunt,
1095 1177 1434 1247 syllogistice
1465 1186 1778 1246 assumunt,

191 1274 243 1321 et
267 1265 627 1328 concludunt,
660 1266 850 1335 sicque
886 1265 954 1319 de
985 1266 1297 1320 verosimili-
1315 1285 1418 1321 sua
1444 1275 1784 1324 connectunt

189 1355 250 1410 ad
271 1363 566 1426 capturam
597 1354 916 1408 animarum
948 1355 1186 1408 fallacia.
1229 1357 1371 1410 Nam
1401 1357 1490 1411 hic
1525 1359 1782 1428 Magister

189 1444 420 1498 ccclestis
445 1460 560 1498 non
597 1443 666 1496 de
697 1443 996 1497 verosimili
1019 1451 1434 1514 argumentum,
1461 1448 1560 1500 sed
1597 1449 1779 1518 ipsam

191 1533 474 1588 veritatem
489 1533 547 1586 in
562 1539 956 1603 argumentum
974 1535 1235 1604 proponit
1250 1535 1466 1589 arbitrii
1483 1536 1777 1604 libertatis,

187 1623 309 1678 dum
329 1623 433 1687 ait,
468 1623 534 1678 Si
564 1627 689 1690 quis
716 1627 836 1676 vult
861 1629 975 1690 post
1002 1639 1084 1676 me
1108 1627 1311 1689 venire,
1344 1627 1565 1693 abneget
1588 1633 1780 1680 semet-

1861 490 1963 545 est,
2015 491 2071 536 et
2106 486 2452 554 sequendum
2485 491 2569 537 est
2600 501 2774 555 usque
2819 485 2888 538 ad
2921 491 3193 546 mortem;
3229 491 3456 556 propter

1863 589 2048 642 quem,
2098 573 2382 642 perdenda
2432 579 2520 627 est
2547 574 2756 639 anima,
2790 581 2846 628 et
2867 574 3177 628 amittenda
3217 590 3459 643 praesens

1861 661 1992 713 vita.
2027 661 2182 724 Quod
2215 661 2259 714 si
2290 661 2515 727 vereris,
2542 679 2573 714 ο
2608 662 2792 726 homo,
2821 663 2958 716 talia
2985 669 3257 732 tantaque
3286 663 3458 716 susti-

1863 765 1996 801 nere
2027 756 2256 819 propter
2285 750 2461 804 ﬁlium
2486 751 2746 816 hominis,
2767 757 2866 804 aut
2884 755 2927 804 si
2953 751 3133 822 ipsum
3168 751 3349 805 solum
3366 751 3464 804 ho-

1863 838 2070 890 minem
2103 855 2224 891 esse
2274 845 2457 908 putas,
2492 839 2624 909 quia
2661 840 3106 908 cruciﬁgendum
3135 845 3192 893 et
3229 839 3463 893 moritu-

1862 943 1988 980 rum
2019 943 2077 980 se
2109 927 2355 980 ostendit
2381 945 2480 998 pro
2510 929 2688 994 nobis,
2729 929 2861 982 audi
2893 929 3026 999 quia
3067 933 3334 982 venturus
3375 932 3464 982 est

1864 1015 1922 1068 in
1951 1015 2131 1085 gloria
2161 1016 2342 1068 Patris
2373 1016 2456 1068 sui
2481 1033 2606 1070 cum
2639 1018 2852 1087 angelis
2883 1017 3018 1071 suis.
3041 1018 3165 1070 Non
3193 1017 3337 1082 duae,
3361 1017 3459 1072 sed

1863 1119 1977 1158 una
2009 1120 2246 1174 persona
2286 1121 2544 1174 unusque
2568 1105 2841 1160 Christus.
2880 1106 3120 1160 Grandis
3148 1112 3332 1161 terror
3359 1122 3462 1160 au-

1863 1193 2137 1246 dientium
2183 1200 2569 1263 praecesserat,
2618 1195 2677 1247 in
2725 1201 2942 1248 tantum
2987 1201 3068 1259 ut,
3099 1195 3204 1248 hoc
3243 1195 3458 1261 audito,

1861 1283 2061 1336 Petrus
2108 1283 2365 1353 princeps
2417 1283 2798 1352 apostolorum
2833 1285 3320 1338 scandalizaretur.
3359 1284 3462 1338 do-

1861 1388 1964 1424 nec
1991 1374 2271 1425 sententia
2317 1372 2416 1425 Dei
2448 1379 2536 1425 est
2567 1371 2914 1442 increpatus.
2957 1373 3025 1426 Et
3049 1373 3175 1426 ideo
3205 1373 3461 1427 tristibus

1863 1461 1991 1514 leta
2029 1461 2353 1523 succedunt,
2383 1468 2438 1514 et
2468 1461 2728 1514 ﬁrmatur
2757 1460 3028 1515 confessio
3065 1461 3236 1524 Petri,
3262 1477 3461 1531 quam-

1867 1549 1945 1602 vis
1975 1550 2314 1602 moriturum
2343 1565 2402 1603 se
2432 1549 2652 1614 dixerit,
2691 1549 2840 1621 quod
2871 1566 3032 1604 verus
3053 1549 3124 1604 sit
3158 1549 3332 1603 Filius
3360 1549 3461 1604 Dei

1862 1637 1990 1704 vivi,
2038 1639 2132 1708 qui
2160 1644 2454 1691 venturum
2483 1655 2541 1692 se
2571 1638 2918 1708 repromittit
2944 1638 3126 1692 vivum
3157 1644 3287 1708 post
3319 1653 3463 1692 mor-

189 1713 376 1780 ipsum,
408 1717 520 1766 etc.
556 1711 767 1764 Deinde
797 1712 1049 1772 assumit,
1067 1729 1191 1765 cum
1223 1713 1318 1777 ait,
1342 1717 1448 1781 Qui
1476 1717 1993 1792 perdideritBtem2
2028 1727 2085 1780 in
2113 1726 2292 1796 gloria
2322 1727 2506 1780 Patris
2530 1728 2616 1780 sui
2641 1743 2766 1781 cum
2799 1727 3016 1798 angelis
3036 1726 3460 1794 suis,Quon,iam

186 1802 437 1853 animam
456 1815 620 1852 suam
637 1805 861 1868 propter
883 1817 984 1864 me,
1011 1803 1248 1854 inveniet
1273 1819 1522 1862 eam,seu
1541 1805 1776 1875 reliqua.

187 1890 332 1954 Quod
345 1889 394 1943 si
422 1889 533 1944 hoc
557 1889 794 1960 quisque
816 1890 1076 1952 noluerit,
1095 1899 1151 1944 et
1181 1891 1430 1947 lucratus
1450 1893 1617 1948 fuerit
1637 1896 1782 1950 hunc

189 1979 455 2033 mundum
479 1995 607 2033 cum
640 1978 978 2033 detrimento
1007 1980 1210 2034 animae
1237 1983 1508 2053 suae.quia
1539 1985 1784 2054 perdidit

187 2085 306 2123 eum
323 2068 610 2122 mundum
633 2068 1094 2139 lucrando,quam
1113 2070 1267 2124 dabit
1279 2074 1781 2128 commutationem

185 2175 276 2228 pro
301 2158 503 2212 anima
532 2172 652 2222 sua,
685 2157 774 2210 cui
797 2158 1038 2211 mundus
1069 2165 1154 2212 est
1174 2159 1412 2224 lucrum,
1440 2167 1497 2214 et
1520 2161 1625 2215 sibi
1657 2163 1782 2216 ani-

190 2263 270 2300 ma
283 2247 693 2301 detrimentum
710 2245 825 2299 ?Ac
846 2263 946 2317 per
968 2248 1073 2300 hoc
1095 2265 1204 2300 non
1228 2249 1348 2318 lege
1368 2249 1670 2305 dialectica
1689 2269 1782 2304 ar-

187 2337 268 2400 tis,
299 2337 399 2390 sed
431 2336 560 2406 lege
590 2335 798 2400 divina,
831 2353 942 2406 qua
971 2344 1173 2390 cuncta
1203 2339 1486 2408 sapienter
1515 2341 1780 2411 disponit,

187 2435 238 2480 et
263 2424 338 2480 sic
364 2442 573 2480 omnes
600 2426 900 2502 concludit,
923 2432 987 2480 ut
1016 2427 1259 2480 universi
1289 2428 1608 2498 intelligant
1635 2431 1784 2500 quod

186 2515 424 2570 mundus
477 2515 692 2569 homini
738 2522 838 2570 aut
870 2516 928 2569 in
956 2515 1172 2570 lucrum
1204 2517 1328 2580 erit,
1365 2522 1423 2570 et
1449 2518 1640 2571 anima
1677 2518 1782 2573 sibi

185 2604 238 2659 in
263 2605 674 2659 detrimentum
700 2623 712 2672 ;
735 2611 850 2670 aut,
877 2605 1022 2675 quod
1051 2605 1226 2676 magis
1247 2607 1574 2676 optandum,
1595 2609 1783 2662 anima

188 2693 293 2748 Deo
320 2710 387 2748 ac
429 2694 540 2748 sibi
570 2694 626 2747 in
669 2695 908 2759 lucrum,
943 2695 1186 2748 mundus
1224 2713 1352 2749 vero
1381 2696 1440 2749 in
1473 2697 1783 2751 detrimen-

188 2789 316 2837 tum.
348 2784 506 2848 Quia
525 2785 752 2837 omnino
782 2800 946 2837 nemo
978 2783 1192 2854 pariter
1221 2801 1346 2838 cum
1376 2786 1582 2840 mundo
1616 2785 1783 2841 habet

189 2873 492 2937 Christum,
545 2879 602 2926 et
629 2873 884 2948 sequitur
911 2889 1060 2930 eum.
1094 2873 1190 2944 qui
1234 2883 1319 2927 est
1349 2875 1498 2928 ultra
1536 2880 1592 2928 et
1621 2883 1783 2930 extra

186 2963 479 3016 mundum.
519 2962 722 3015 Idcirco
742 2963 896 3016 nulla
925 2969 1010 3016 est
1038 2962 1149 3015 alia
1169 2965 1534 3018 commutatio
1557 2965 1777 3027 animae,

1863 1817 1962 1868 etsi
1991 1818 2304 1868 minoratus
2331 1821 2404 1868 est
2427 1819 2594 1883 paulo
2617 1819 2808 1869 minus
2829 1817 2898 1869 ab
2919 1819 3133 1882 angelis
3157 1818 3318 1882 (Psat.
3347 1829 3459 1881 vm,

1862 1900 1940 1968 6),
1975 1911 2204 1974 propter
2236 1911 2471 1957 mortem
2515 1905 2719 1968 carnis,
2753 1905 2934 1974 major
2960 1909 3046 1958 est
3073 1903 3306 1974 angelis,
3333 1904 3466 1974 quia

1865 1994 1987 2062 ejus
2015 2001 2164 2056 sunt,
2200 2009 2338 2062 quos
2368 1993 2593 2056 creavit,
2627 2009 2866 2062 quorum
2908 1993 3027 2062 ipse
3071 1999 3157 2046 est
3188 1993 3458 2046 Dominus

1865 2098 1976 2135 non
2019 2081 2460 2152 comparatione.
2493 2081 2638 2135 sicut
2674 2081 2870 2136 Ariani
2911 2082 3124 2145 volunt,
3160 2082 3342 2151 major
3377 2085 3465 2135 est

1866 2171 2104 2240 angelis,
2127 2176 2190 2224 ut
2213 2170 2286 2222 sit
2315 2187 2460 2224 unus
2481 2187 2546 2224 ex
2578 2187 2813 2224 numero
2833 2187 3052 2236 eorum,
3069 2170 3322 2240 quamvis
3349 2186 3465 2224 ma-

1865 2260 1958 2328 jor
1987 2259 2209 2322 sitillis,
2241 2259 2338 2312 sed
2378 2258 2672 2312 divinitate
2699 2275 2764 2313 ac
2789 2260 3104 2328 majestate,
3135 2275 3303 2330 quam
3333 2275 3462 2313 cum

1871 2349 2037 2402 Patre
2062 2347 2232 2401 habet
2249 2349 2606 2418 coaequalem,
2630 2354 2688 2402 et
2706 2348 2829 2402 ideo
2855 2353 3124 2402 venturus
3144 2346 3466 2418 pradicitur

1868 2436 1926 2490 in
1949 2437 2130 2506 gloria
2161 2436 2344 2490 Patris
2372 2453 2497 2490 cum
2531 2437 2746 2506 angelis
2771 2437 2906 2490 suis.
2935 2437 3004 2490 Et
3031 2451 3142 2490 non
3161 2435 3326 2500 alius,
3343 2435 3464 2506 ipse

1869 2525 2130 2594 idemque
2160 2523 2254 2594 qui
2300 2535 2568 2578 venturus
2613 2532 2700 2578 est
2742 2525 2802 2578 in
2847 2524 3029 2593 gloria
3073 2540 3201 2578 cum
3251 2523 3466 2594 angelis

1865 2613 1997 2675 suis,
2039 2629 2208 2683 quam
2259 2612 2407 2666 ﬁlius
2456 2612 2717 2666 hominis.
2769 2613 2913 2666 Nam
2963 2629 3064 2682 per
3110 2612 3464 2668 divinitatem

1864 2719 2154 2772 nunquam
2199 2707 2468 2754 venturus
2507 2703 2635 2772 jure
2685 2701 2892 2755 dicitur
2921 2701 2980 2754 in
3009 2701 3210 2771 gloria,
3250 2701 3318 2755 de
3349 2717 3463 2772 qua

1864 2807 2153 2862 nunquam
2184 2790 2427 2843 recessit.
2468 2792 2596 2844 llaec
2634 2790 2838 2843 idcirco
2877 2790 3131 2855 dixerim,
3163 2790 3355 2855 lector,
3397 2795 3462 2844 ut

1863 2895 2085 2950 semper
2114 2879 2384 2932 sollicitus
2415 2879 2490 2932 sis
2517 2885 2744 2949 propter
2763 2879 3078 2933 haereticam
3102 2879 3456 2949 pravitatem,

1865 2969 1961 3038 qui
1991 2968 2224 3021 diversis
2253 2968 2434 3021 modis
2469 2969 2538 3021 de
2585 2967 2809 3022 Christo
2855 2968 2998 3021 male
3036 2972 3352 3022 senserunt.
3395 2968 3463 3022 Et

188 3051 287 3106 nisi
313 3061 375 3106 ut
407 3051 697 3122 relinquat
729 3052 1021 3114 mundum,
1064 3059 1120 3106 et
1150 3069 1217 3105 ea
1245 3069 1367 3122 quae
1395 3055 1585 3108 mundi
1625 3061 1774 3118 sunt,
1797 3048 1838 3106 C
1864 3063 1995 3111 tunc
2043 3059 2230 3110 reddet
2279 3060 2580 3124 unicuique
2617 3059 2921 3110 secundum
2949 3073 3111 3126 opera
3158 3073 3260 3110 sua
3291 3059 3458 3124 (Psat.

188 3139 363 3211 sicque
385 3141 562 3194 tollat
578 3157 798 3194 crucem
821 3157 1000 3204 suam,
1025 3146 1082 3194 et
1101 3151 1370 3211 sequatur
1397 3159 1524 3196 eum
1555 3145 1646 3213 qui
1682 3161 1778 3198 vo-

186 3237 406 3294 catnos.
434 3229 711 3284 Fortassis
733 3247 865 3300 ergo
889 3229 1090 3300 aliquis
1111 3231 1363 3284 dicturus
1385 3233 1644 3303 est,quod
1666 3250 1777 3288 non

186 3334 367 3372 omnes
401 3318 623 3389 possint
646 3318 960 3388 relinquere
990 3319 1258 3372 muniam
1277 3327 1334 3373 et
1359 3337 1423 3374 ea
1442 3338 1563 3390 quae
1585 3322 1777 3376 mundi

184 3417 326 3462 sunt.
354 3409 479 3478 Ego
505 3414 693 3461 autem
725 3408 1012 3479 dico.quia
1037 3409 1252 3462 nullum
1275 3411 1563 3480 compellit
1592 3427 1777 3464 sermo

184 3497 418 3560 divinus,
472 3497 570 3550 sed
622 3514 722 3551 suo
773 3515 868 3551 eos
915 3497 1149 3551 arbitrio
1178 3499 1533 3569 derelinquit.
1569 3500 1778 3554 Tamen

183 3587 485 3657 Apostolus
514 3586 570 3640 id
596 3587 870 3648 hortatur,
897 3594 960 3640 ut
989 3588 1084 3658 qui
1115 3587 1338 3652 habent,
1369 3589 1448 3641 sic
1485 3588 1594 3642 sint
1619 3589 1779 3658 quasi

183 3692 286 3730 non
313 3677 616 3734 habentes.
643 3677 705 3729 Et
734 3679 832 3745 qui
847 3679 1200 3730 utunturhoc
1233 3679 1458 3742 mundo,
1489 3681 1651 3746 quasi
1669 3694 1780 3731 non

185 3771 428 3828 utentes;
463 3771 514 3819 et
541 3769 640 3833 qui
663 3767 951 3832 possident.
989 3772 1256 3834 tanquam
1305 3783 1417 3820 non
1448 3769 1779 3834 pas-sidentes

179 3857 229 3920 (l
255 3857 376 3909 Cor.
406 3868 506 3918 vn,
541 3852 648 3916 3|).
684 3855 957 3918 Quoniam
996 3855 1138 3908 tales
1159 3855 1286 3908 licet
1314 3855 1610 3909 videantur
1637 3872 1776 3918 esse,

178 3944 288 4014 jam
319 3945 390 3998 de
427 3945 640 3998 mundo
673 3961 782 3996 non
812 3950 961 3998 sunt.
979 3944 1046 3998 Et
1063 3944 1190 3997 ideo
1215 3945 1348 4014 quia
1375 3945 1531 3998 nulla
1561 3951 1645 3999 est
1673 3945 1783 3998 alia

185 4033 348 4104 digna
395 4033 789 4088 commutatio.
837 4051 958 4103 quae
1007 4034 1172 4087 detur
1217 4051 1316 4105 pro
1366 4033 1544 4100 nobis,
1585 4035 1782 4088 relicto

187 4123 419 4187 mundo,
445 4139 754 4192 sequamur
783 4123 1090 4188 Christum,
1121 4123 1215 4193 qui
1237 4123 1491 4176 venditus
1513 4139 1576 4176 ac
1605 4124 1784 4177 tradi-

184 4217 271 4266 tus
294 4218 384 4266 est
417 4229 520 4282 pro
546 4211 704 4265 nobis
729 4229 741 4278 ;
787 4228 855 4264 ne
886 4211 1028 4265 forte
1061 4212 1408 4265 involvamur
1435 4211 1583 4265 inter
1612 4213 1784 4283 IEgy-

184 4300 325 4370 ptios
368 4307 548 4371 atque
593 4299 900 4370 zEthiopes,
935 4299 1030 4370 qui
1063 4299 1271 4352 dantur
1298 4299 1352 4352 in
1389 4301 1786 4354 commutatio-

1861 3160 1970 3210 th,
2011 3145 2115 3210 l3).
2141 3147 2270 3199 Haec
2309 3146 2420 3198 illis
2457 3146 2795 3216 repromissa
2826 3151 2976 3208 sunt,
3014 3145 3108 3216 qui
3141 3144 3456 3216 abnegave-

1860 3235 1976 3287 rint
2003 3235 2351 3305 semetipsos.
2385 3235 2480 3304 qui
2509 3235 2738 3288 tulerint
2777 3251 2999 3288 crucem
3024 3250 3204 3298 suam,
3238 3234 3331 3306 qui
3363 3251 3455 3288 se-

1861 3323 1976 3376 cuti
2030 3323 2239 3377 fuerint
2287 3323 2594 3388 Christum,
2653 3323 2748 3393 qui
2812 3323 3160 3393 perdiderint
3207 3323 3458 3386 animam

1861 3428 2022 3466 suam
2077 3419 2306 3482 prepter
2363 3413 2669 3476 Christum,
2724 3417 2787 3465 ut
2849 3413 2908 3466 in
2964 3413 3115 3466 nullo
3177 3419 3462 3468 terreatur

1863 3500 2216 3554 Christianus
2249 3501 2448 3566 ﬁdelis,
2473 3518 2654 3572 neque
2693 3501 3106 3555 scandalizetur
3131 3502 3189 3556 in
3228 3502 3416 3574 aliquo
3443 3521 3456 3570 ;

1862 3605 2044 3658 neque
2070 3589 2128 3642 in
2165 3593 2350 3653 1390
2383 3596 2562 3642 morte
2592 3606 2658 3643 ex
2689 3589 3040 3660 passionibus
3068 3591 3294 3651 Christi.
3328 3589 3461 3662 quia

1861 3683 2130 3730 venturus
2178 3685 2264 3730 est
2298 3677 2356 3730 in
2393 3677 2574 3746 gloria
2617 3677 2819 3740 Patris,
2869 3693 2997 3730 cum
3043 3678 3259 3747 angelis
3294 3679 3410 3732 suis
3443 3693 3458 3733 :

1862 3783 2042 3836 neque
2092 3765 2148 3819 in
2205 3765 2320 3819 suis
2369 3765 2722 3830 cruciatibus,
2756 3772 2856 3819 aut
2899 3765 3201 3840 amissione
3245 3782 3457 3831 rerum,

1865 3855 1996 3926 quia
2026 3855 2310 3908 meliorem
2341 3853 2712 3908 substantiam
2739 3854 2843 3906 sibi
2874 3854 3175 3924 repositam
3215 3853 3462 3908 inveniet

1864 3945 1920 3998 in
1954 3945 2124 4009 caelis,
2158 3961 2222 3997 ac
2253 3949 2596 4008 manentem,
2628 3943 2675 3996 si
2707 3943 2795 3996 hic
2825 3943 3080 3996 amiserit
3123 3942 3452 4014 perituram,

1865 4051 2092 4087 necnon-
2115 4040 2172 4086 et
2201 4033 2392 4088 vitam.
2433 4033 2578 4086 sicut
2622 4031 2966 4102 repromittit
2997 4031 3232 4096 Veritas,
3286 4047 3458 4102 quam

1868 4123 1964 4193 qui
1995 4123 2082 4175 hic
2101 4122 2407 4192 perdiderit
2426 4121 2814 4192 temporalem,
2837 4120 2912 4174 ibi
2927 4120 3176 4174 inveniet
3193 4127 3462 4176 aeternam

1867 4218 1925 4266 et
1968 4217 2319 4282 perpetuam,
2368 4210 2462 4264 ubi
2504 4209 2760 4264 Christus
2811 4215 2896 4262 est
2931 4209 2990 4262 in
3043 4209 3224 4279 gloria
3255 4209 3458 4276 Patris,

1867 4301 2209 4372 sempiterna
2227 4300 2356 4352 vita.
2388 4300 2590 4369 Tangit
2618 4299 2788 4352 etiam
2818 4305 2875 4352 et
2896 4314 2992 4352 eos
3011 4298 3106 4368 qui
3136 4305 3237 4353 aut
3263 4300 3464 4354 nolunt

181 4405 302 4444 nem
319 4393 493 4460 juxta
512 4390 844 4460 prophetam
877 4405 976 4458 pro
1001 4389 1330 4452 Israel.Quae
1356 4387 1619 4442 nimirum
1639 4365 1848 4443 com-D
1867 4390 2114 4454 credere,
2155 4396 2253 4442 aut
2296 4388 2342 4442 si
2373 4389 2609 4442 credunt
2653 4387 2784 4441 ﬁdei
2811 4403 3000 4458 Opera,
3035 4387 3168 4458 quia
3191 4404 3303 4442 non
3335 4404 3466 4459 ope-

183 4479 419 4533 mutatio
453 4479 682 4532 ruinosa
716 4483 798 4531 est
827 4477 938 4530 illis
995 4480 1349 4548 QuaprOpter
1386 4483 1486 4531 aut
1515 4479 1672 4532 nulla
1700 4484 1787 4532 est

179 4568 284 4621 alia
311 4567 708 4622 commutatio.
744 4573 845 4620 aut
869 4581 937 4619 ea
966 4571 1051 4620 est
1077 4571 1272 4630 (ἷκε)
1301 4583 1430 4620 vera
1463 4572 1521 4620 et
1549 4567 1686 4633 sola,
1721 4573 1784 4622 ut

179 4657 369 4710 omnia
401 4657 560 4711 lucra
591 4656 786 4710 mundi
817 4663 1068 4725 pereant,
1113 4655 1343 4726 solaque
1373 4655 1619 4710 salvetur
1665 4657 1782 4710 ani-

176 4761 281 4800 ma.
313 4747 468 4800 Nam
499 4746 649 4800 (ilius
679 4744 927 4798 hominis

254 4837 532 4889 Ventura:
566 4839 640 4888 est
665 4837 728 4888 in
759 4838 1039 4902 majestate
1067 4850 1187 4900 sua,
1217 4841 1264 4888 et
1291 4840 1421 4887 tunc
1445 4836 1622 4887 reddit
1655 4836 1783 4888 uni-

171 4928 366 4993 cuique
377 4927 551 4992 juzta
568 4939 732 4992 opera
752 4939 874 4976 sua.
890 4921 974 4976 Ab
1007 4939 1072 4976 eo
1095 4923 1212 4976 loco
1245 4923 1336 4976 ubi
1357 4923 1782 4992 interrogantur

172 5011 460 5084 discipuli,
483 5014 651 5080 Quem
669 5013 865 5066 dicunt
889 5029 994 5065 esse
1009 5015 1190 5079 filium
1221 5013 1482 5076 hominis,
1505 5017 1563 5066 et
1582 5013 1782 5067 Petrus

173 5101 468 5156 confessus
497 5108 604 5164 est,
646 5102 723 5154 Tu
753 5117 804 5154 es
837 5101 1085 5157 Christus
1114 5103 1266 5167 [ilius
1296 5103 1391 5154 [λεί
1421 5103 1551 5168 vivi,
1599 5106 1780 5156 totum

172 5189 384 5245 ibidem
421 5196 478 5244 et
502 5189 786 5261 deinceps,
815 5189 884 5242 de
913 5189 1027 5242 tilio
1060 5189 1301 5242 hominis
1327 5190 1532 5258 agitur,
1569 5196 1632 5243 ut
1661 5191 1780 5262 ipse

175 5279 269 5350 qui
301 5286 398 5334 est
428 5279 600 5334 Filius
630 5278 733 5332 Dei
755 5277 883 5341 vivi,
916 5295 950 5332 a
973 5279 1158 5342 Patre,
1189 5279 1349 5332 Petro
1367 5279 1703 5340 declaratus,
1729 5282 1789 5334 ﬁ-

170 5367 277 5423 lius
306 5368 562 5422 hominis
580 5367 950 5437 intelligatur,
986 5367 1118 5438 quia
1160 5369 1382 5421 Verbum
1413 5385 1542 5422 caro
1571 5371 1785 5436 factum

171 5463 242 5512 est
263 5460 520 5527 (Joan.l,
561 5457 670 5526 14),
703 5463 760 5510 et
790 5456 938 5512 ﬁlius
968 5456 1228 5518 hominis,
1257 5473 1418 5510 verus
1450 5457 1624 5512 Filius
1658 5458 1778 5526 Dei,

169 5546 226 5601 in
253 5563 380 5602 una
411 5547 720 5618 eademque
747 5563 1004 5619 persona,
1049 5547 1170 5618 ipse
1199 5547 1536 5619 occidendus
1566 5565 1632 5603 ac
1673 5549 1779 5604 fla-

1867 4486 2082 4542 rantur,
2111 4479 2310 4532 nolunt
2337 4477 2560 4532 habere.
2583 4477 2690 4531 Sed
2719 4477 2854 4546 quia
2876 4481 3099 4548 poterat
3119 4482 3218 4530 aut
3244 4485 3465 4548 aposto-

1866 4570 2047 4622 lorum
2079 4575 2177 4621 aut
2197 4584 2392 4621 eorum
2413 4583 2552 4637 quos
2573 4572 2976 4620 convocaverat
3000 4565 3070 4618 ad
3091 4565 3458 4628 audiendum,

1863 4658 2035 4712 tacita
2063 4657 2326 4727 cogitatio
2354 4655 2677 4726 hujusmodi
2715 4655 3042 4710 scandalum
3067 4671 3361 4726 generare,
3402 4661 3460 4710 et

1862 4747 2014 4800 intus
2043 4747 2226 4800 dicere
2253 4745 2311 4798 in
2337 4746 2546 4806 animo,
2571 4744 2917 4798 Occisionem
2947 4750 3104 4798 tuam
3131 4751 3188 4799 et
3219 4751 3460 4800 mortem

1862 4835 2023 4889 nobis
2060 4833 2420 4905 repromittis,
2463 4849 2676 4903 nosque
2706 4833 2774 4886 ad
2821 4841 3057 4887 mortem
3089 4840 3146 4888 et
3169 4834 3240 4888 ad
3271 4834 3460 4889 omnia

1862 4925 2153 4978 toleranda
2181 4923 2442 4984 hortaris,
2471 4927 2639 4992 teque
2670 4921 2802 4992 quia
2822 4921 3106 4992 promittis
3129 4923 3459 4978 adfuturum

1865 5014 2201 5084 quandoque
2229 5011 2288 5064 in
2315 5011 2497 5078 gloria
2526 5009 2709 5063 Patris
2737 5026 2864 5064 cum
2885 5012 3120 5081 angelis,
3144 5013 3374 5083 insuper
3402 5015 3462 5066 et

1864 5104 2011 5172 quod
2052 5103 2284 5156 reddere
2333 5099 2536 5153 debeas
2586 5099 2886 5170 unicuique
2937 5102 3242 5155 secundum
3288 5117 3461 5172 opera

1863 5209 1984 5258 sua,
2015 5191 2222 5246 astruis
2251 5191 2354 5243 hoc
2387 5188 2444 5242 in
2472 5188 2592 5242 dies
2645 5189 2840 5259 longos
2893 5189 2939 5244 si
2987 5190 3130 5244 forte
3157 5189 3283 5254 erit,
3317 5198 3374 5244 et
3403 5189 3463 5245 in

1870 5287 2125 5351 tempora
2168 5280 2422 5334 dilfertur
2470 5279 2653 5348 longa.
2689 5279 3006 5332 Praevidens
3045 5296 3177 5350 ergo
3206 5279 3360 5348 talia,
3405 5284 3464 5336 et

1868 5369 2190 5440 hujusmodi
2220 5376 2588 5433 tentamenta,
2616 5367 3046 5440 benignissimus
3068 5369 3352 5441 Jesus,qui
3375 5375 3464 5426 est

1865 5459 2117 5514 omnium
2146 5459 2488 5512 occultorum
2521 5457 2792 5528 cognitor,
2813 5473 2936 5528 quae
2964 5466 3194 5528 possent
3219 5459 3276 5512 in
3300 5475 3458 5514 men-

1861 5549 2012 5605 tibus
2039 5548 2326 5619 fragilium
2354 5545 2632 5619 generari,
2685 5551 2742 5600 et
2779 5553 3052 5617 generata
3079 5565 3202 5618 qua
3229 5551 3458 5618 possent
