3888 6172
363 279 466 336 575

1137 284 1192 339 S.
1236 285 1612 342 PASCHASII
1652 277 2016 340 RADBERTI
2050 269 2356 330 ABBATIS
2393 267 2890 325 CORBEIENSIS.

3537 265 3640 324 576

362 405 624 476 objicere,
668 407 738 462 ad
789 408 1169 480 repellendum
1206 417 1530 476 praesentem
1561 410 1822 462 timorem
1862 407 1947 461 vel
1968 409 2006 464 Α
2031 417 2208 488 igitur
2228 431 2433 484 negare
2455 429 2748 484 possumus
2780 412 2863 466 vel
2893 410 3165 466 debemus
3198 410 3506 482 apostolos,
3537 425 3638 462 an-

359 497 776 564 cogitationem,
847 499 1104 569 praesenti
1161 499 1513 552 credentibus
1566 504 1951 569 recompensat

361 586 610 655 praemio,
663 593 726 640 ut
755 588 823 640 de
851 588 1097 656 proximo
1142 589 1498 641 consolentur
1529 589 1819 658 promisso,
1853 586 1949 658 qui

361 673 431 727 de
476 674 665 729 futuro
713 676 959 746 gaudere
1015 676 1334 730 desiderant
1400 677 1539 730 visu.
1603 677 1746 731 Dicit
1799 677 1946 730 enim

357 761 483 816 ita:

431 850 575 906 Sunt
612 855 840 920 quidam
873 855 935 906 de
963 855 1049 906 hic
1079 857 1350 908 stantibus
1381 860 1480 924 qui
1510 873 1615 909 nox:
1651 858 1952 922 gustabunt

311 947 612 1006 .mortcm,
646 943 811 995 donec
834 944 1054 995 videant
1080 947 1259 1010 ﬁ'ium
1294 946 1534 998 hominis
1558 962 1614 998 ιγ’
1663 949 1858 998 irntrm
1889 947 1952 998 in

363 1045 530 1094 regno
556 1045 674 1082 suo.
703 1030 898 1084 Sermo
928 1031 1118 1102 itaque
1149 1041 1204 1085 et
1237 1034 1529 1103 promissio
1555 1034 1957 1104 omnipotentis

359 1115 479 1182 Dri,
503 1117 652 1171 omni
684 1125 770 1172 est
798 1121 1008 1190 repleta
1039 1121 1245 1189 gaudio
1275 1130 1328 1174 et
1370 1123 1746 1176 consolatione
1777 1125 1830 1176 in
1861 1139 1958 1195 spe

357 1205 694 1272 futurorum,
729 1224 794 1261 eo
845 1209 992 1278 quod
1031 1226 1257 1280 sperare
1297 1217 1557 1280 poterant
1602 1229 1813 1270 omnes.
1857 1213 1951 1284 qui

357 1294 514 1364 prius
543 1295 881 1366 promiserat
902 1296 1174 1351 universis
1198 1297 1266 1351 de
1293 1299 1483 1353 futuro
1509 1319 1520 1365 ;
1555 1301 1686 1354 dum
1709 1302 1800 1355 hic
1824 1301 1953 1356 licet

2030 512 2258 576 tequam
2310 503 2438 558 hinc
2477 502 2736 563 exissent,
2771 501 2885 555 tale
2929 500 3141 572 aliquid
3175 500 3402 560 vidisse.
3439 499 3498 552 in
3531 515 3639 569 quo

2031 595 2184 650 intus
2211 609 2447 660 regnum
2481 591 2580 645 Dei
2608 591 3013 661 conspicerent,
3051 595 3109 644 et
3161 590 3339 644 ﬁlium
3393 587 3642 642 hominis

2029 683 2344 738 venientem
2366 681 2751 750 intelligerent
2778 679 2834 732 in
2855 695 3029 748 regno
3060 695 3161 732 suo
3199 677 3257 732 in
3290 677 3502 732 virtute
3523 676 3640 746 Spi-

2031 772 2174 826 ritus
2203 770 2400 825 sancti.
2431 769 2564 834 Qua:
2586 769 2722 822 visio
2754 767 2960 821 clarior
2987 767 3105 820 sole
3136 781 3548 837 nonnunquam
3577 763 3634 818 in

2031 861 2240 915 sanctis
2276 859 2482 914 emicat
2505 859 2560 912 in
2587 857 2892 922 intellectu,
2911 861 2970 910 et
2995 855 3258 922 refulget.
3285 856 3354 909 Et
3373 854 3507 908 inde
3535 859 3632 917 est,

2040 951 2187 1021 quod
2217 947 2522 1020 aliquando
2575 946 2818 1018 primum
2850 961 2950 1017 per
2979 945 3167 1009 ﬁdem,
3201 944 3404 998 deinde
3432 959 3535 1014 per
3561 942 3640 996 in-

2039 1038 2412 1108 telligentiam
2443 1036 2626 1090 adhuc
2655 1035 2712 1088 in
2743 1051 2911 1088 carne
2941 1033 3225 1088 invenitur
3255 1049 3291 1086 a
3337 1031 3640 1103 quaerenti-

2041 1127 2162 1185 bus.
2193 1127 2328 1180 dum
2359 1125 2673 1196 ingreditur
2690 1123 3056 1194 cogitationes
3078 1121 3348 1184 ﬁdelium,
3381 1121 3465 1174 ita
3485 1127 3550 1174 ut
3571 1120 3644 1174 vi-

2033 1216 2164 1270 deat
2219 1215 2442 1287 aliquis,
2490 1218 2548 1268 et
2597 1212 3039 1284 comprehendat
3074 1211 3444 1265 eminentiam
3485 1208 3637 1262 verbi

2033 1305 2154 1368 Dei,
2188 1304 2334 1376 quod
2383 1302 2551 1358 solvit
2577 1307 2634 1357 et
2683 1301 2962 1356 convincit
3007 1317 3202 1354 omnes
3242 1298 3646 1370 persuasiones

355 1385 570 1457 paucis,
613 1403 673 1439 se
694 1386 884 1440 ﬁrmat
927 1398 1304 1452 ostensurum,
1338 1389 1649 1443 venientem
1682 1390 1736 1444 in
1781 1407 1952 1461 regno
2036 1393 2479 1456 mendaciorum,
2516 1397 2573 1446 et
2598 1391 2806 1462 ingerit
2831 1389 3237 1444 confessionem
3267 1387 3540 1452 veritatis,
3567 1387 3649 1440 ita

360 1491 482 1536 suo,
518 1477 820 1545 antequam
861 1475 930 1528 de
977 1476 1226 1546 proximo
1275 1485 1509 1531 mortem
1539 1485 1848 1547 gustarent.
1889 1481 1954 1534 Et
2036 1488 2101 1536 ut
2135 1481 2314 1536 videat
2343 1481 2520 1536 ﬁlium
2554 1479 2798 1534 hominis
2823 1484 3013 1544 692
3049 1478 3100 1532 id
3130 1483 3216 1532 est
3236 1476 3484 1532 Verbum
3519 1476 3645 1542 Dei,

357 1562 463 1616 hoc
494 1563 720 1632 quidem
753 1563 884 1635 quia
927 1565 984 1618 in
1027 1581 1092 1620 ea
1140 1566 1396 1621 claritate
1448 1585 1508 1621 se
1539 1569 1955 1624 transformavit
2037 1587 2163 1626 cum
2185 1587 2352 1625 carne
2374 1569 2688 1624 venientem
2709 1569 2765 1623 in
2787 1584 2960 1639 regno
2982 1585 3101 1629 suo,
3123 1566 3232 1620 ﬁde
3249 1574 3306 1620 et
3331 1565 3644 1622 intellectu.

345 1649 417 1729 .in
447 1656 637 1706 monte
664 1667 850 1706 coram
881 1653 1187 1725 discipulis.
1225 1672 1362 1726 quos
1393 1673 1580 1710 secum
1627 1657 1949 1728 assumpsit.
1982 1729 2013 1732 __
2039 1661 2106 1716 Et
2136 1660 2231 1732 qui
2261 1659 2338 1714 sic
2365 1659 2512 1713 videt
2534 1657 2778 1712 Verbum
2813 1657 2931 1716 Dei.
2960 1657 3014 1710 id
3037 1661 3123 1710 est
3143 1655 3434 1710 Christum
3467 1654 3650 1709 Deum

357 1738 418 1793 in
444 1755 554 1810 qua
581 1747 876 1796 venturum
907 1759 967 1796 se
997 1744 1330 1813 promiserat
1354 1745 1407 1798 in
1430 1746 1609 1814 gloria
1628 1747 1808 1800 Patris
1828 1763 1954 1800 cum
1979 1729 2098 1804 Bet
2125 1729 2430 1809 hominem,
2465 1763 2576 1802 non
2608 1747 2788 1801 solum
2806 1747 3110 1800 solventem
3139 1751 3196 1799 et
3218 1745 3650 1800 convincentem

359 1828 574 1898 angelis
603 1829 738 1884 suis.
770 1830 844 1886 Et
872 1833 1177 1887 notandum
1203 1834 1332 1904 quia
1363 1851 1596 1904 regnum
1635 1835 1862 1895 Christi,
1897 1835 1953 1889 in
2037 1837 2482 1892 adversariorum
2513 1835 3032 1907 persuasiones,sed
3056 1835 3227 1888 etiam
3257 1849 3389 1888 suas
3421 1832 3653 1887 eviden-

360 1933 469 1988 quo
501 1925 768 1974 venturus
805 1926 945 1985 erat,
981 1928 1043 1975 ut
1074 1939 1200 1976 eum
1249 1923 1501 1977 viderent
1539 1925 1850 1978 venientem
1896 1925 1952 1978 in

358 2021 533 2076 regno
555 2024 674 2070 suo,
710 2009 827 2080 ipse
858 2016 942 2064 est
959 2011 1137 2080 gloria
1162 2012 1342 2066 Patris
1365 2032 1376 2078 ;
1399 2013 1529 2084 quia
1546 2013 1690 2067 sicut
1718 2030 1952 2084 regnum

358 2094 586 2162 Christi,
641 2097 824 2152 Patris
877 2106 963 2154 est
1011 2117 1246 2170 regnum
1283 2120 1294 2153 :
1332 2103 1409 2156 ita
1441 2109 1498 2156 et
1541 2103 1722 2169 gloria
1771 2102 1952 2156 Patris

357 2184 562 2239 Christi
594 2191 679 2240 est
700 2188 900 2257 gloria,
935 2206 1056 2259 quae
1089 2195 1315 2244 ostensa
1343 2199 1426 2244 est
1457 2191 1513 2244 in
1567 2197 1773 2252 monte,
1825 2191 1954 2246 licet

357 2275 569 2345 paucis,
604 2283 669 2329 ut
708 2282 765 2330 et
804 2277 908 2348 ipsi
959 2279 1052 2348 qui
1106 2279 1389 2336 viderant:
1424 2289 1480 2334 et
1505 2281 1689 2334 caeteri
1721 2281 1815 2351 qui
1847 2297 1949 2334 au-

355 2361 595 2427 dierant,
628 2364 738 2418 illis
768 2368 1107 2436 repromissa
1133 2386 1193 2422 se
1227 2369 1425 2422 vidisse
1455 2369 1680 2423 demum
1714 2386 1950 2423 narran-

356 2449 528 2509 tibus.
566 2453 928 2510 ﬁrmarentur
963 2457 1034 2510 ad
1079 2459 1247 2510 ﬁdem
1279 2459 1348 2512 de
1380 2457 1494 2511 ﬁlio
1525 2459 1781 2520 hominis,
1817 2459 1948 2530 quia

361 2539 512 2596 visus
539 2547 627 2596 est
645 2542 702 2596 in
725 2544 926 2614 gloria,
955 2551 1133 2611 θοι
1181 2547 1326 2617 quod
1353 2547 1472 2617 ipse
1498 2553 1646 2602 esset
1675 2565 1836 2604 verus
1856 2549 1948 2603 Fi-

362 2627 473 2684 lius
500 2629 600 2684 Dei
629 2632 722 2702 qui
749 2643 807 2686 et
837 2634 985 2688 ﬁlius
1028 2636 1288 2689 hominis.
1351 2637 1457 2691 Sed
1498 2637 1638 2691 tales
1669 2638 1955 2708 eliguntur

363 2721 420 2772 et
449 2728 836 2786 assumuntur,
871 2724 966 2794 qui
997 2741 1304 2794 congruere
1337 2725 1550 2795 possint
1577 2727 1744 2780 etiam
1772 2727 1956 2782 adhuc

355 2807 416 2861 in
447 2824 633 2866 carne.
668 2811 737 2864 ad
777 2828 898 2865 eam
945 2811 1210 2867 viSionem
1244 2831 1367 2884 quae
1407 2815 1576 2868 altius
1615 2817 1954 2885 conspicitur

354 2895 414 2950 in
445 2903 660 2966 mente;
684 2899 754 2953 de
770 2917 880 2970 qua
903 2901 1070 2954 latius
1090 2903 1314 2971 quidam
1348 2903 1654 2973 disputant.
1675 2904 1952 2967 Quoniam

355 2983 466 3037 ista
503 3001 626 3054 qum
672 3003 860 3040 coram
915 2989 1088 3041 oculis
1133 2989 1368 3052 refulsit,
1419 2991 1676 3044 convenit
1729 2992 1808 3046 eis
1857 2991 1952 3062 qui

2037 1926 2144 1981 tias
2175 1926 2380 1980 mentis
2419 1926 2818 1988 declarantem,
2861 1924 2950 1979 hic
2977 1923 3108 1978 talis
3136 1923 3290 1978 videt
3319 1939 3432 1976 non
3463 1922 3654 1976 solum

2042 2033 2300 2086 regnum,
2325 2015 2421 2069 sed
2447 2022 2503 2068 et
2522 2014 2762 2085 gloriam
2793 2012 2966 2067 Verbi
2993 2012 3114 2068 Dei.
3141 2011 3300 2076 Quod
3330 2013 3370 2066 ti
3400 2012 3519 2066 tale
3546 2011 3654 2065 ali-

2035 2104 2166 2175 quid
2201 2105 2484 2158 interdum
2515 2104 2568 2158 in
2599 2103 2791 2157 electis
2822 2101 2922 2156 Dei
2954 2102 3042 2171 ﬁt,
3063 2101 3198 2172 quid
3237 2107 3404 2172 putas
3433 2101 3488 2155 in
3513 2116 3657 2170 apo—

2035 2194 2193 2248 stolis
2224 2199 2358 2248 tunc
2387 2197 2595 2265 quanta
2637 2199 2760 2246 erat
2789 2191 3104 2262 inspiratio,
3133 2198 3458 2262 quantaque
3494 2189 3657 2244 illus-

2035 2282 2204 2336 tratio
2254 2281 2456 2336 divina!
2495 2279 2922 2350 intelligentiae?
2973 2277 3408 2334 Instruebantur
3455 2277 3654 2350 procul

2032 2371 2202 2426 dubio
2233 2370 2432 2425 verbis.
2469 2369 2892 2424 instruebantur
2936 2374 2994 2423 et
3044 2369 3242 2425 rebus:
3301 2384 3366 2422 ac
3415 2384 3518 2438 per
3547 2368 3659 2422 hoc

2031 2465 2337 2529 utrumque
2361 2464 2544 2528 potest
2570 2465 2741 2518 stare,
2775 2466 2839 2511 ut
2875 2463 2931 2512 et
2981 2457 3133 2511 intus
3161 2456 3391 2527 quidam
3419 2455 3492 2509 de
3534 2455 3654 2510 illic

2037 2548 2317 2602 stantibus
2345 2547 2599 2600 viderent
2622 2563 2748 2600 eum
2797 2547 3111 2600 venientem
3151 2546 3208 2600 in
3239 2561 3415 2616 regno
3446 2561 3556 2599 suo
3587 2544 3650 2600 in

2035 2636 2244 2690 virtute
2274 2636 2372 2690 Dei
2392 2635 2720 2707 priusquam
2735 2640 3032 2706 gustarent
3057 2641 3316 2698 mortem,
3340 2647 3397 2689 et
3420 2635 3564 2691 foris
3586 2636 3649 2692 in

2036 2732 2228 2779 monte
2267 2724 2442 2779 oculis
2461 2725 2676 2778 carneis
2699 2725 3163 2796 transﬁguratum
3184 2725 3243 2778 in
3268 2725 3454 2794 gloria
3483 2725 3648 2780 clari-

2035 2813 2168 2868 tatis
2195 2819 2445 2879 aeternae;
2493 2813 2684 2884 sicque
2714 2813 3072 2868 instruuntur
3105 2813 3260 2867 intus
3283 2819 3456 2884 atque
3485 2813 3645 2870 foris.

2035 2902 2218 2956 Grave
2239 2901 2387 2956 enim
2404 2918 2546 2956 onus
2568 2902 2881 2956 inﬁrmitati
2900 2902 3161 2980 humanae
3172 2903 3648 2974 supraimposue-

2035 2998 2143 3050 rat.
2176 2999 2239 3044 ut
2267 3007 2391 3046 cum
2423 3008 2648 3045 sensum
2678 2991 2800 3046 vitae
2821 2991 3076 3045 homines
3096 3008 3162 3044 ex
3191 2991 3410 3045 vivendi
3439 2991 3652 3048 affectu

355 3072 498 3125 tales
521 3079 674 3132 sunt,
706 3074 907 3145 quibus
953 3076 1086 3130 dicit
1134 3077 1350 3139 Petrus,
1398 3078 1551 3132 Sicut
1591 3081 1746 3132 modo
1777 3084 2014 3150 genitic
2035 3079 2240 3134 habere.
2264 3079 2577 3150 uaepissent,
2620 3079 2862 3134 fructum
2898 3079 3115 3134 vivendi
3165 3080 3278 3152 (qui
3325 3082 3656 3152 praesentia.

356 3161 701 3226 infantes/ac
715 3167 1552 3228 concupisciterationabilesine
1579 3169 1702 3220 dolo
1727 3170 1778 3234 (Ι
1801 3171 1946 3228 Petr.

356 3261 418 3312 II,
451 3246 528 3311 2).
567 3249 646 3302 De
678 3249 880 3321 quibus
911 3259 966 3305 et
998 3253 1203 3306 Paulus
1233 3255 1567 3324 loquebatur
1601 3256 1810 3320 dicens,
1854 3261 1954 3313 Lac

355 3339 504 3391 vobis
526 3343 718 3406 potum
742 3341 884 3406 dedi,
923 3358 1029 3394 non
1060 3359 1254 3395 escam.
1277 3345 1534 3398 Nomium
1555 3349 1723 3410 enim,
1744 3347 1944 3418 inquit,

349 3431 636 3496 poteratis,
693 3431 787 3482 sed
834 3446 930 3484 nec
968 3433 1149 3484 adhuc
1202 3436 1417 3499 pot/actis
1473 3436 1523 3499 (Ι
1564 3434 1684 3489 Cor.
1737 3421 1820 3501 in,
1871 3437 1946 3502 2).

357 3515 460 3571 Illa
485 3532 615 3570 vero
653 3534 777 3588 quae
807 3520 1046 3573 caelestis
1075 3528 1160 3574 est
1183 3521 1316 3574 visio
1369 3532 1424 3576 et
1450 3522 1600 3577 verbi
1630 3524 1947 3595 intelligen-

355 3605 453 3664 tia,
488 3605 621 3660 solis
651 3609 906 3662 convenit
939 3609 1375 3680 perfectioribus,
1409 3611 1503 3683 qui
1525 3612 1830 3668 ablactatos
1854 3616 1951 3668 ha-

355 3691 488 3748 bent
515 3711 730 3760 sensus,
763 3703 826 3751 ut
855 3715 980 3752 cum
1005 3699 1090 3752 his
1112 3699 1311 3764 tribus,
1341 3701 1435 3772 qui
1459 3711 1844 3764 assumuntur,
1873 3705 1953 3758 in-

355 3784 617 3856 telligant
643 3803 767 3856 quae
795 3787 980 3842 divina
1009 3797 1158 3842 sunt.
1191 3790 1254 3842 lli
1287 3808 1418 3860 ergo
1447 3798 1607 3846 erant
1627 3799 1859 3850 stantes.
1881 3795 1950 3848 de

357 3874 559 3944 quibus
589 3875 857 3946 loquitur,
891 3878 984 3948 qui
1019 3879 1280 3933 fundatus
1311 3879 1515 3932 habent
1543 3898 1769 3950 gressus
1801 3883 1948 3953 apud

355 3963 641 4026 Jesum,et
669 3966 896 4020 stabant
926 3985 1052 4020 cum
1081 3985 1165 4031 eo,
1185 3969 1276 4022 ubi
1306 3969 1492 4022 stabat
1519 3971 1678 4024 Jesus
1716 3971 1948 4026 "erbum

357 4050 472 4105 Dei.
514 4053 621 4106 Sed
669 4070 781 4108 non
824 4073 1017 4109 omnes
1049 4058 1340 4126 aequaliter
1390 4058 1630 4112 stabant.
1677 4061 1773 4114 Est
1803 4061 1952 4114 enim

355 4137 504 4192 inter
530 4157 624 4194 eos
655 4144 800 4210 apud
837 4145 1134 4198 Dominum
1169 4163 1369 4216 magna
1402 4148 1470 4200 ad
1499 4149 1832 4204 alterutrum
1855 4150 1955 4204 dif-

355 4226 594 4280 ferentia
641 4231 844 4283 standi.
881 4233 1180 4302 Propterea
1224 4253 1332 4287 non
1366 4254 1560 4288 omnes
1591 4239 1684 4307 qui
1730 4240 1955 4293 stabant

355 4315 504 4384 apud
535 4316 748 4381 Jesum,
781 4319 875 4372 sed
910 4321 1135 4390 quidam
1169 4339 1230 4374 ex
1262 4323 1360 4382 eis,
1398 4325 1553 4393 quasi
1610 4327 1704 4395 qui
1754 4329 1952 4382 melius

2034 3169 2166 3223 litcl‘
2197 3170 2252 3222 in
2275 3168 2532 3222 sensibus
2562 3171 2810 3241 corporis
2845 3168 3257 3233 blandiebatur)
3289 3169 3648 3236 amitterent,

2035 3263 2420 3327 negarentque
2449 3274 2508 3311 se
2535 3258 2660 3324 sibi,
2686 3259 2740 3313 id
2760 3269 2845 3312 est
2868 3257 3013 3329 quod
3041 3275 3164 3313 esse
3184 3259 3505 3330 cepissent,
3523 3277 3654 3316 esse

2033 3360 2096 3400 se
2127 3346 2356 3408 nollent,
2391 3362 2517 3399 cum
2549 3363 2746 3400 sensus
2774 3347 2942 3417 hujus
2973 3347 3199 3402 exordia
3229 3364 3293 3401 ex
3321 3348 3530 3403 affectu
3559 3365 3656 3404 vo-

2030 3435 2263 3490 luntatis
2294 3435 2647 3492 habuissent.
2687 3436 2948 3506 Alioquin
2973 3437 3234 3508 apostoli,
3258 3437 3369 3491 nisi
3395 3454 3463 3491 ex
3489 3439 3654 3493 omni

2030 3531 2190 3596 parte
2242 3525 2624 3590 ﬁrmarentur,
2673 3541 2743 3580 ne
2797 3525 2994 3580 incerti
3039 3533 3414 3588 remanerent,
3461 3527 3654 3582 ambi-

2031 3615 2250 3684 guitate
2292 3615 2409 3685 spei
2437 3614 2724 3673 remorati.
2769 3630 2832 3669 ea
2868 3631 2991 3686 qua:
3030 3615 3323 3686 presentis
3355 3615 3482 3669 vita:
3514 3623 3659 3672 sunt

2032 3700 2418 3756 blandimenta
2447 3709 2501 3756 et
2528 3703 2864 3772 gaudiorum
2915 3703 3348 3764 oblectamenta,
3376 3704 3648 3760 deserere

2034 3806 2144 3845 non
2163 3797 2404 3861 possent.
2427 3808 2609 3862 neque
2629 3807 2696 3846 ea
2721 3808 2844 3862 quae
2867 3793 3048 3847 crucis
3065 3797 3123 3847 et
3147 3792 3346 3846 mortis
3375 3800 3532 3856 sunt,
3553 3810 3653 3866 ap-

2032 3888 2240 3952 petere,
2275 3886 2330 3933 et
2359 3880 2692 3952 semetipsos
2720 3880 3017 3952 abnegare.
3055 3881 3359 3952 Pr0pterea
3381 3883 3647 3953 quolibet

2035 3975 2196 4040 pacto
2249 3985 2318 4022 ea
2373 3968 2630 4023 viderunt
2658 3969 2913 4040 apostoli,
2965 3975 3023 4024 et
3064 3970 3291 4042 perfecti
3333 3971 3546 4042 quique
3579 3973 3639 4027 in

2034 4056 2166 4121 vita,
2220 4063 2285 4110 ut
2333 4073 2444 4111 non
2475 4057 2800 4112 dubitarent
2835 4059 3099 4131 deinceps
3130 4077 3229 4130 pro
3284 4059 3370 4113 his
3394 4066 3638 4130 gustare

2034 4153 2297 4200 mortem.
2351 4147 2496 4200 Nam
2546 4148 2669 4201 duae
2699 4154 2907 4201 mortes
2947 4164 3069 4202 esse
3097 4148 3364 4203 dicuntur
3397 4148 3550 4206 ilicet
3587 4155 3648 4204 et

2033 4235 2202 4290 tertia
2229 4237 2442 4307 peccati
2467 4237 2666 4292 animae
2697 4237 2941 4307 dicatur)
2966 4238 3149 4310 prima
3168 4245 3226 4293 et
3244 4238 3514 4296 secunda:
3539 4239 3642 4294 sed

2033 4325 2217 4396 prima
2236 4342 2359 4396 quae
2382 4333 2467 4380 est
2480 4327 2954 4398 corporis,gustus
2976 4327 3172 4382 mortis
3199 4327 3426 4392 dicitur,
3443 4343 3644 4384 secun-

357 4403 601 4465 stabant,
635 4404 901 4460 dicuntur
928 4425 1037 4462 non
1071 4417 1326 4478 gustasse
1363 4419 1618 4476 mortem,
1666 4415 1842 4468 donec
1881 4409 2018 4470 vi-D
2036 4414 2107 4468 da
2123 4431 2252 4468 vero
2275 4431 2406 4469 vera
2427 4432 2714 4486 mors,qua
2737 4416 2795 4470 in
2808 4423 3078 4471 aeternum
3100 4417 3446 4471 damnantur
3461 4417 3643 4472 homi-

357 4493 527 4546 deant
547 4493 793 4551 Verbum
817 4496 936 4557 Dei,
967 4499 1110 4568 quod
1147 4499 1294 4552 venit
1314 4499 1380 4550 ad
1427 4499 1696 4564 homines,
1721 4510 1776 4555 et
1803 4505 1950 4573 quod

356 4597 486 4636 caro
511 4581 717 4638 factum
748 4590 851 4640 est.
877 4586 1276 4640 Verumtamen
1309 4605 1417 4641 non
1471 4591 1803 4645 nominatim
1835 4610 1946 4660 eos,

356 4670 424 4724 de
455 4671 657 4742 quibus
684 4674 952 4745 loquitur,
985 4677 1264 4746 exprimit,
1299 4694 1367 4730 ne
1400 4679 1538 4732 forte
1582 4681 1766 4735 caeteri
1809 4682 1949 4736 invi-

355 4759 450 4813 dia
479 4772 856 4824 moverentur,
899 4765 996 4818 sed
1032 4765 1283 4820 absolute
1331 4768 1482 4830 dicit,
1538 4771 1684 4839 quod
1729 4779 1858 4826 sunt
1887 4774 1950 4826 de

358 4850 448 4902 hic
459 4853 861 4920 stantibus,qui
873 4869 982 4907 non
997 4859 1298 4920 gustabunt
1314 4865 1534 4912 mortem
1555 4861 1720 4911 dormt
1733 4862 1952 4914 videant

358 4953 587 5002 regmnn
614 4940 727 4993 Dei.
749 4941 817 4994 Et
845 4941 914 4994 ob
939 4943 1042 4996 hoc
1070 4945 1276 5016 quippe
1307 4945 1466 4999 docet
1492 4947 1655 5001 rebus
1685 4955 1741 5001 et
1771 4948 1951 5003 verbis

357 5025 524 5079 ﬁdem
577 5027 692 5096 spei
722 5035 943 5088 nostra»),
971 5031 1102 5084 dum
1127 5041 1181 5086 et
1211 5033 1345 5086 illud
1377 5036 1708 5101 quibusdam
1740 5053 1803 5089 ex
1838 5037 1949 5092 illis

355 5116 762 5185 transﬁgurans
792 5135 850 5172 se
879 5120 1122 5174 ostendit
1159 5121 1215 5175 in
1256 5131 1460 5185 monte,
1497 5132 1554 5198 et
1584 5126 1947 5196 resplenduit,

356 5205 486 5273 quia
509 5211 642 5260 tunc
671 5206 813 5278 plebi
848 5208 1176 5278 loquebatur
1203 5211 1398 5263 saltem
1433 5213 1486 5266 in
1519 5214 1776 5268 cordibus
1813 5231 1950 5287 apo-

355 5295 648 5356 stolorum,
697 5297 778 5351 ita
807 5303 868 5350 ut
901 5297 1148 5351 viderent
1178 5305 1234 5352 et
1284 5300 1546 5356 audirent
1591 5305 1760 5360 intus.
1798 5307 1948 5378 quod

353 5380 562 5436 Paulus
600 5400 660 5438 se
713 5385 914 5438 vidisse
957 5392 1014 5440 et
1060 5387 1280 5440 audisse
1332 5397 1694 5458 protestatur,
1722 5396 1946 5465 quando

353 5478 547 5540 raptus
575 5478 662 5527 est
691 5489 868 5544 usque
898 5475 967 5528 ad
999 5477 1224 5530 tertium
1269 5476 1490 5541 ccelum,
1518 5481 1611 5534 ubi
1642 5482 1854 5536 audivit
1892 5489 1949 5538 et

353 5559 494 5617 vidit
537 5575 668 5620 vere
704 5564 1005 5622 ineﬁabilia
1051 5569 1129 5635 ιιι
1159 5567 1280 5622 Cor.
1322 5577 1422 5630 xu,
1467 5569 1543 5636 4).
1575 5570 1945 5643 Nequaquam

2032 4519 2150 4570 nes,
2183 4505 2681 4575 appellatur.Quod
2705 4505 2751 4559 si
2777 4505 2847 4560 de
2874 4505 2977 4560 hac
3007 4512 3186 4560 morte
3206 4505 3642 4576 intelligendum

2033 4597 2135 4658 est,
2192 4593 2339 4664 quod
2387 4611 2499 4647 non
2545 4600 2912 4664 gustaverunt
2962 4601 3202 4650 mortem
3252 4594 3365 4648 illic
3395 4601 3636 4662 stantes,

2031 4681 2208 4736 donec
2227 4682 2477 4737 viderent
2501 4682 2680 4737 ﬁlium
2733 4683 2976 4738 hominis
3016 4687 3330 4739 venientem
3373 4683 3433 4738 in
3463 4700 3642 4755 regno

2033 4785 2154 4833 suo,
2188 4787 2535 4842 consequens
2563 4777 2666 4838 est,
2701 4777 2766 4826 ut
2797 4780 2992 4844 postea
3019 4772 3388 4843 gustaverint,
3423 4771 3641 4844 absque

2033 4858 2318 4928 ambiguo,
2371 4860 2567 4916 mortis
2611 4868 2860 4932 gustum,
2907 4861 3040 4934 quia
3088 4861 3194 4916 hac
3239 4869 3642 4918 momentanea

2033 4959 2215 5002 morte
2244 4951 2452 5003 mortui
2481 4956 2630 5004 sunt.
2686 4950 2744 5004 Si
2773 4957 2961 5004 autem
2992 4951 3061 5006 de
3083 4951 3181 5005 illa
3214 4957 3425 5006 interna.
3455 4958 3640 5007 morte

2032 5037 2433 5108 repramissum
2489 5043 2592 5103 est,
2649 5039 2796 5109 quod
2844 5039 2902 5093 hi
2953 5039 3048 5110 qui
3090 5040 3260 5110 juxta
3293 5040 3462 5097 vitam
3511 5057 3638 5112 quae

2033 5125 2289 5180 Christus
2334 5134 2421 5182 est
2470 5127 2838 5198 perstiterint,
2870 5144 2981 5182 non
3034 5129 3251 5200 possint
3305 5131 3468 5190 mori,
3503 5132 3639 5202 quia

2032 5220 2299 5270 aeternam
2333 5215 2501 5270 vitam
2528 5217 2646 5287 jam
2672 5216 2896 5279 habent,
2931 5233 3058 5271 cum
3083 5217 3369 5272 Christum
3403 5219 3636 5274 venien-

2028 5308 2143 5358 tem
2167 5305 2224 5360 in
2241 5321 2414 5376 regno
2437 5321 2537 5360 suo
2564 5305 2773 5370 vident,
2795 5306 2929 5377 quia
2949 5306 3292 5376 intelligunt.
3308 5307 3548 5362 credunt
3579 5314 3636 5362 et

2028 5397 2728 5461 conﬁtentur,venerantur
2740 5400 2798 5449 et
2817 5396 3070 5450 adorant:
3089 5396 3281 5451 etideo
3291 5396 3504 5450 dictum
3521 5401 3627 5463 est,

2031 5483 2163 5553 quia
2190 5501 2302 5538 non
2325 5485 2637 5555 gustabunt
2665 5491 2902 5540 mortem
2934 5485 2990 5540 hi
3021 5485 3182 5543 tales.
3223 5501 3290 5540 eo
3319 5486 3470 5558 quod
3502 5503 3632 5558 per-

2027 5572 2227 5630 fectius
2253 5579 2450 5643 893
2477 5583 2628 5632 stent
2645 5576 2797 5648 apud
2825 5592 2956 5633 eum
2987 5577 3084 5650 qui
3103 5583 3189 5634 est
3220 5577 3352 5633 vita.
3385 5576 3547 5634 Unde
3572 5583 3630 5631 et
