3888 6172
237 263 343 322 577

977 261 1356 318 EXPOSITIO
1394 262 1472 318 IN
1510 247 1954 319 M-AT’l‘llIEUM'.
1992 291 2054 302 -
2083 261 2220 318 LIB.
2264 262 2413 331 VIII,
2455 265 2611 322 CAP.
2655 267 2824 325 XVII.

3419 275 3523 336 578

231 394 412 462 portae
441 387 751 444 inferorum
775 403 891 442 non
922 386 1306 458 praevalebunt
1323 387 1591 441 adversus
1609 387 2217 457 eos,quiAmagniﬁce
2251 388 2319 440 ad
2347 406 2438 440 eos
2467 391 2684 444 cmlitus
2711 381 3026 454 clamantis,
3077 396 3253 450 Venite
3275 405 3390 465 post
3437 413 3520 455 me

231 485 479 532 mortem
501 476 786 547 gustaturi
813 493 924 531 non
957 482 1089 531 sunt
1119 475 1176 530 in
1205 482 1500 540 aeternum,
1549 476 1656 530 nisi
1698 476 1840 530 forte

229 567 384 638 quod
413 567 498 620 ait
523 565 720 628 donec,
769 565 928 636 quasi
978 575 1171 636 postea
1208 564 1492 635 gustaturi
1535 565 1663 629 sint,
1711 581 1840 618 cum

228 651 438 706 viderit
488 650 668 706 tilium
719 649 958 704 hominis
1006 649 1316 704 venientem
1378 650 1432 702 in
1488 665 1660 719 regno
1717 665 1837 703 suo.

229 741 397 806 Quod
426 739 656 794 omnino
682 739 909 794 credere
939 738 1008 792 de
1048 738 1258 793 sanctis
1287 737 1685 808 impiissimum
1736 744 1838 802 est,

229 830 370 902 quia
389 847 503 884 non
523 829 984 900 difﬁnittempus.
1009 835 1073 882 ut
1087 834 1380 899 postquam
1400 827 1689 882 transierit
1704 827 1839 882 illud

227 918 412 974 donec
438 919 556 976 ﬁat.
589 917 740 988 quod
765 923 898 972 ante
932 933 1042 971 non
1071 917 1257 972 fuerat
1287 917 1514 980 factum,
1545 916 1641 971 sed
1697 933 1837 980 rem,

229 1023 359 1080 quae
387 1007 706 1062 necessaria
733 1012 837 1073 est,
867 1006 1114 1078 exponit.
1141 1005 1323 1061 Simili
1346 1007 1509 1060 modo
1539 1005 1672 1060 alibi
1702 1005 1841 1060 dici-

227 1101 328 1152 tur
358 1097 432 1152 ad
452 1096 776 1167 discipulos,
800 1097 910 1165 Ego
932 1097 1206 1150 vobiscum
1224 1112 1349 1149 sum
1375 1097 1632 1150 omnibus
1653 1096 1842 1149 diebus

228 1203 404 1256 usque
425 1187 502 1240 ad
526 1187 1058 1240 consummationem
1089 1188 1278 1239 saeculi
1307 1185 1518 1249 (Matth.
1550 1198 1691 1244 xxrv.
1732 1182 1836 1250 14).

226 1275 406 1340 Quasi
432 1276 554 1346 jam
576 1290 691 1330 non
720 1275 797 1329 sit
817 1291 945 1328 cum
978 1273 1090 1328 illis
1138 1273 1362 1328 futurus
1387 1278 1684 1344 postquam
1703 1289 1840 1327 con-

225 1372 582 1421 summatum
604 1363 780 1418 fuerit
792 1363 1078 1424 saeculum,
1104 1362 1184 1416 ita
1211 1367 1275 1417 ut
1295 1362 1494 1418 melius
1515 1369 1662 1416 esset
1678 1361 1842 1416 disci-

227 1452 382 1524 pulis
410 1453 522 1506 hoc
547 1459 772 1522 tempus
803 1452 950 1522 quod
990 1457 1076 1506 est
1122 1459 1255 1505 ante
1300 1451 1840 1505 consummationem

225 1541 443 1600 saeculi.
479 1558 647 1613 quam
667 1541 804 1596 illud
825 1541 1103 1601 futurum,
1126 1541 1179 1594 in
1211 1557 1428 1612 quoeos
1458 1557 1586 1594 cum
1617 1540 1838 1594 Christo

223 1640 570 1702 regnaturos
596 1631 836 1686 dicimus
887 1629 1100 1684 Idcirco
1121 1629 1600 1701 pernecessarium
1629 1635 1716 1684 est
1743 1645 1836 1683 co-

1929 478 2118 539 (Μαιιτ.
2154 491 2191 529 1.
2238 475 2333 532 l7).
2373 478 2583 530 Idcirco
2608 489 2924 548 sequuntur
2964 499 3090 538 eum
3155 484 3418 548 Quamvis
3464 495 3522 542 et

1923 564 2160 617 A1..lrezc
2189 564 2300 617 haec
2333 565 2453 634 ipsa
2477 567 2620 619 dii-ta
2644 568 2940 624 videantur
2986 578 3176 626 tamen
3191 573 3278 626 hic
3297 576 3399 628 soli
3423 577 3522 629 eli-

1927 661 2155 720 guntur,
2190 663 2251 705 ut
2281 655 2560 706 ducuntur
2597 658 2662 709 ad
2696 659 2908 712 excelsa
2933 679 2944 724 ;
2965 677 3076 714 non
3103 663 3249 732 quod
3275 664 3523 718 Andreas

1925 739 2155 793 inferior
2175 745 2484 796 censendus
2503 745 2593 804 sit,
2621 746 2714 814 qui
2740 755 2791 798 et
2817 749 3160 818 praeponitur
3188 751 3247 804 in
3269 753 3523 824 catalogo

1925 830 2302 898 apostolorum
2339 831 2442 882 illis
2473 833 2546 886 (lu
2569 833 2708 893 )hUS,
2743 837 2836 887 sed
2872 837 2940 888 ob
2975 839 3326 910 mysterium,
3349 847 3412 895 ut
3434 842 3522 895 in-

1923 918 2244 987 telligumus
2285 921 2428 988 quod
2467 921 2518 972 bi
2556 923 2656 974 soli
2687 940 2796 976 non
2816 927 3128 993 gnstahunt
3146 935 3404 995 mortem,
3428 931 3525 1002 qui

1923 1022 2048 1060 cum
2087 1006 2253 1060 Petro
2284 1008 2584 1063 ﬁrmantur
2614 1011 2672 1064 in
2705 1019 2860 1082 petra
2892 1032 3012 1084 quae
3053 1017 3308 1071 Christus
3341 1025 3444 1081 est,
3469 1025 3527 1073 et

1925 1095 2056 1148 solis
2083 1095 2253 1150 datur
2281 1105 2344 1150 ut
2372 1097 2598 1152 stabiles
2616 1111 2996 1168 permaneant.
3020 1103 3244 1175 Ipsique
3273 1113 3408 1160 sunt
3421 1107 3523 1162 ﬁlii

1924 1183 2177 1240 tonitrui.
2215 1183 2347 1253 quia
2375 1201 2485 1238 non
2521 1185 2746 1241 aliunde
2776 1197 3142 1260 perceperunt
3187 1191 3518 1261 doctrinam,

1925 1286 2093 1341 quam
2135 1273 2204 1326 de
2235 1273 2390 1330 ccelo.
2425 1291 2487 1327 ex
2516 1291 2644 1327 voce
2675 1279 2920 1332 tonantis
2946 1280 3205 1334 altissimi
3230 1282 3350 1336 Dei.
3385 1283 3522 1347 Qui-

1923 1357 2027 1413 bus
2055 1361 2299 1430 profecto
2331 1362 2537 1416 clamat
2560 1364 2740 1426 Jesus,
2773 1372 2830 1418 et
2857 1367 3078 1422 intonat
3129 1370 3395 1439 quotidie,
3443 1372 3524 1426 ita

1924 1447 2133 1516 dicens,
2167 1452 2274 1516 Qui
2304 1454 2460 1504 habet
2487 1469 2650 1505 aures
2680 1455 2944 1508 audiendi
2972 1459 3170 1510 audiat
3197 1460 3411 1524 (Matth.
3445 1477 3518 1525 χι,

1928 1535 2029 1593 15).
2065 1537 2200 1590 Tres
2228 1554 2473 1608 namque
2504 1542 2896 1595 tantummodo
2925 1543 3048 1596 ideo
3069 1553 3436 1602 assumuntur
3463 1547 3522 1602 in

1922 1631 2128 1692 monte,
2164 1625 2295 1696 quia
2327 1627 2380 1680 in
2413 1628 2500 1680 his
2530 1630 2693 1711 regni
2721 1631 2962 1685 cmlestis
2991 1633 3147 1700 ordo,
3171 1639 3226 1688 et
3255 1652 3524 1692 numerus

223 1737 521 1791 gnoscere,
553 1719 602 1774 si
629 1736 735 1774 nos
761 1735 936 1790 usque
967 1720 1037 1773 ad
1071 1720 1242 1774 ﬁnem
1267 1719 1452 1773 saeculi
1485 1735 1596 1772 non
1629 1725 1715 1772 est
1744 1735 1834 1771 re-
1858 1704 1904 1763 Β
1923 1715 2336 1784 praeﬁguratur,
2366 1717 2510 1786 quod
2541 1735 2602 1770 ex
2637 1704 2852 1789 origine
2895 1720 3066 1775 trium
3115 1721 3358 1779 ﬁliorum
3405 1726 3534 1780 Noe‘

224 1809 491 1873 licturus,
525 1826 597 1864 ne
625 1808 912 1864 nobiscum
962 1807 1037 1862 sit
1081 1807 1343 1862 omnibus
1388 1807 1582 1862 diebus
1629 1808 1834 1872 saeculi,

227 1899 381 1970 quod
403 1899 586 1954 multo
616 1898 796 1968 magis
825 1897 1114 1952 nobiscum
1145 1897 1254 1952 erit
1284 1904 1408 1968 post
1439 1899 1605 1950 ﬁnem
1628 1897 1833 1960 saeculi,

228 1987 460 2060 quando
489 1986 815 2058 plenissime
849 1987 1190 2042 mortalitate
1219 1987 1392 2048 exuti,
1426 1987 1604 2040 sancti
1635 2002 1836 2057 regna-

228 2075 374 2132 bant
402 2093 537 2131 cum
561 2076 818 2132 Domino.
854 2077 922 2130 Et
937 2076 1065 2130 ideo
1088 2076 1192 2129 hoc
1215 2076 1356 2130 loco.
1378 2075 1574 2141 donec,
1601 2092 1711 2130 non
1740 2091 1839 2146 pro

229 2167 395 2222 ﬁnito
419 2166 656 2238 ponitur
682 2163 945 2228 termino,
968 2165 1065 2220 sed
1090 2181 1188 2236 pro
1215 2164 1460 2222 infinito.
1489 2165 1723 2229 Quando
1744 2165 1840 2235 qui

230 2256 414 2312 semel
442 2255 646 2311 viderit
669 2255 846 2310 ﬁlium
868 2253 1112 2309 hominis
1127 2254 1440 2308 venientem
1463 2254 1518 2308 in
1545 2271 1717 2323 regno
1739 2269 1840 2308 suo

232 2351 288 2400 et
311 2345 372 2398 in
395 2345 586 2415 gloria
609 2360 713 2399 sua
753 2350 810 2396 et
825 2343 1022 2397 viderit
1035 2343 1346 2396 venientem
1369 2344 1424 2396 in
1443 2359 1674 2414 regnum
1695 2343 1835 2412 ejus,

229 2433 288 2488 in
317 2433 554 2492 virtute.
567 2433 684 2504 jam
709 2448 1065 2502 nequaquam
1077 2429 1332 2502 gustabit
1353 2437 1588 2484 mortem
1613 2431 1668 2484 in
1687 2437 1844 2486 aeter-

227 2539 388 2578 num.
425 2521 588 2587 Quod
617 2522 664 2576 si
697 2521 899 2593 aliquis
931 2537 1181 2593 querere
1213 2519 1449 2574 voluerit
1479 2520 1610 2591 quid
1642 2519 1716 2574 sit
1752 2519 1840 2572 in—

228 2616 318 2666 ter
348 2619 596 2666 mortem
617 2617 850 2682 gustare
875 2616 934 2665 et
961 2617 1201 2664 mortem
1233 2609 1460 2663 videre?
1511 2608 1655 2672 Quia
1691 2608 1840 2663 Scri-

232 2707 412 2773 ptura
435 2701 628 2756 divina
658 2700 716 2754 in
765 2701 851 2754 his
897 2699 1080 2754 verbis
1128 2699 1341 2752 variare
1394 2697 1649 2764 videtur;
1709 2697 1843 2752 dicit

232 2789 387 2848 enim
420 2797 480 2845 et
509 2796 748 2844 mortem
769 2789 956 2846 venire
999 2805 1170 2860 super
1215 2789 1452 2858 aliquos,
1501 2792 1561 2842 et
1605 2797 1844 2842 mortem

232 2880 544 2935 nonnullos
592 2879 774 2951 sequi,
831 2895 930 2934 seu
977 2887 1214 2932 mortem
1261 2876 1559 2931 absorbere
1602 2877 1839 2948 aliquos.

233 2969 456 3034 Querit
483 2977 671 3025 autem
686 2969 888 3024 harum
901 2969 1172 3039 Origenes
1196 2966 1556 3030 differentias,
1601 2983 1670 3020 ne
1700 2966 1842 3020 forte

1921 1803 2234 1873 colligenda
2259 1810 2344 1858 est
2364 1806 2545 1858 omnis
2575 1808 2832 1870 Ecclesia,
2860 1815 2910 1861 et
2950 1809 3140 1865 futura
3169 1829 3235 1866 ex
3279 1812 3368 1867 his
3402 1831 3524 1869 om-

1922 1892 2008 1945 nis
2032 1915 2046 1943 ‹
2067 1892 2230 1947 lectio
2258 1910 2472 1956 eorum,
2507 1897 2598 1964 qui
2624 1913 2749 1948 cum
2768 1897 2990 1950 Christo
3021 1899 3076 1952 in
3096 1901 3248 1955 ccelis
3265 1918 3525 1958 ascensu-

1922 1981 1970 2033 ri
2003 1990 2154 2036 sunt.
2188 1982 2439 2046 Quorum
2473 1985 2704 2037 ﬁrmitas
2735 1992 2791 2038 et
2820 1986 3088 2041 fortitudo
3122 2003 3132 2030 ι
3163 1989 3374 2044 hristus
3413 1998 3520 2057 est,

1924 2086 2160 2140 quorum
2185 2070 2434 2126 doetrina
2463 2072 2519 2126 in
2557 2090 2684 2127 voce
2707 2075 2942 2128 tonitrui
2968 2076 3038 2130 de
3069 2077 3206 2131 coelo
3225 2079 3434 2146 sonuit,
3466 2085 3526 2136 et

1921 2161 2228 2229 perterruit
2259 2163 2544 2216 universos
2577 2180 2804 2218 corusco
2836 2165 3247 2235 praedicationis
3283 2168 3340 2224 in
3371 2175 3514 2237 rota,

1924 2247 2003 2302 ita
2031 2255 2093 2303 ut
2123 2266 2404 2305 concu<sm
2435 2252 2546 2305 sint
2577 2253 2811 2323 singulae
2845 2261 3031 2324 partes
3058 2263 3357 2323 terrarum,
3393 2276 3517 2330 quae

1924 2336 2028 2391 sub
2055 2338 2238 2394 tribus
2267 2341 2660 2395 describuntur
2680 2343 3019 2402 nominibus.
3043 2362 3113 2399 ne
3127 2355 3224 2400 aut
3243 2347 3378 2402 Asia
3402 2348 3522 2402 sola

1923 2427 2226 2481 credidisse
2251 2427 2490 2492 dicatur,
2521 2447 2711 2484 verum
2739 2436 2795 2484 et
2817 2433 3007 2487 Africa
3027 2434 3193 2490 simul
3210 2444 3379 2508 atque
3409 2439 3522 2494 Eu~

1924 2531 2062 2586 ropa
2090 2517 2297 2570 Christi
2327 2519 2601 2588 sanguine
2622 2521 2934 2592 redempta,
2951 2523 3162 2578 deimis
3185 2526 3256 2580 ad
3276 2543 3522 2598 superna

1923 2605 2267 2674 perducitur.
2306 2607 2373 2660 Et
2395 2614 2519 2677 post
2557 2625 2650 2661 sex
2683 2609 2820 2675 dies,
2859 2617 2958 2665 aut
2996 2619 3121 2666 octo
3158 2613 3302 2668 sicut
3337 2617 3519 2672 Lucas

1923 2700 2182 2748 testatur.
2216 2693 2359 2758 Quia
2393 2695 2447 2748 in
2475 2696 2578 2749 hoc
2607 2697 2726 2750 loco
2747 2698 2841 2752 ubi
2870 2702 3166 2756 Matthaeus
3187 2703 3268 2758 ait
3281 2709 3408 2774 post
3424 2722 3522 2762 sex

1925 2782 2062 2848 dies,
2096 2784 2274 2837 Lucas
2299 2789 2425 2854 post
2449 2791 2572 2838 octo
2598 2785 2802 2839 dixisse
2839 2788 3070 2858 legitur.
3116 2791 3394 2848 Neutrum
3431 2801 3520 2848 ta-

1926 2889 2052 2926 men
2084 2889 2278 2927 eorum
2306 2889 2342 2927 a
2364 2890 2493 2927 vero
2509 2875 2670 2944 juxta
2696 2875 2939 2930 litteram
2966 2878 3310 2952 discrepasse
3337 2883 3520 2939 credi-

1923 2966 2036 3023 tur,
2071 2978 2252 3032 neque
2283 2979 2314 3016 a
2353 2962 2582 3017 veritate
2611 2963 2906 3036 quisquam
2938 2967 3202 3024 dissrntit
3229 2970 3362 3026 dum
3413 2973 3522 3028 sibi

227 3059 464 3131 gravius
491 3059 568 3112 sit
589 3065 822 3128 gustare
856 3063 1091 3112 mortem
1125 3074 1298 3128 quam
1335 3056 1537 3119 videre,
1581 3061 1640 3110 et
1680 3041 1902 3126 pejusC
1923 3050 1991 3103 ad
2021 3049 2255 3104 invicem
2289 3051 2446 3121 quasi
2480 3057 2682 3106 neuter
2717 3056 3017 3112 consentit.
3073 3057 3180 3112 Sed
3229 3059 3520 3116 sciendum

229 3148 310 3204 sit
335 3147 500 3219 sequi
529 3164 674 3203 eam.
697 3164 868 3220 quam
895 3155 1144 3218 gustare.
1174 3147 1281 3202 Sed
1309 3154 1364 3200 et
1377 3152 1440 3200 ut
1465 3145 1651 3199 veniat
1669 3162 1841 3216 super

229 3253 332 3292 eos
361 3253 503 3308 quos
531 3237 892 3307 sequebatur,
916 3235 1440 3307 etcomprehendat,
1477 3233 1838 3289 nihilominus

227 3325 463 3397 gravius
490 3341 612 3380 esse
645 3325 893 3392 videtur;
920 3324 1142 3379 absorbi
1172 3341 1301 3378 vero
1320 3341 1354 3378 a
1383 3331 1580 3378 morte.
1606 3324 1688 3378 illi
1705 3340 1838 3394 gra-

228 3414 528 3470 vissimum
557 3430 680 3469 esse
713 3414 949 3470 videtur.
985 3414 1053 3468 Et
1075 3413 1219 3478 ideo,
1261 3420 1326 3468 ut
1362 3429 1534 3484 supra
1562 3413 1833 3476 dixeram,

231 3519 352 3559 non
378 3508 612 3574 gustare
636 3510 897 3568 mortem,
929 3503 998 3557 de
1029 3503 1133 3556 hac
1180 3502 1478 3573 temporali
1518 3508 1698 3556 morte
1738 3502 1843 3556 hoc

229 3593 361 3648 loco
391 3593 571 3663 magis
599 3593 812 3647 dictum
843 3608 964 3648 esse
988 3591 1224 3646 videtur.

311 3681 471 3739 lCAP.
502 3681 707 3751 XVII.)
731 3683 854 3736 Post
883 3684 995 3736 dies
1019 3686 1208 3736 autem
1235 3698 1331 3736 sea:
1357 3681 1654 3750 assumpsit
1689 3682 1842 3734 Jesus

231 3773 488 3837 Petrum,
519 3777 566 3826 et
603 3773 884 3836 Jacobum,
914 3777 964 3826 et
1007 3773 1277 3826 Joannem
1313 3773 1553 3839 fratrem
1587 3773 1704 3839 ejus
1736 3789 1752 3824 :
1795 3773 1844 3822 et

233 3862 408 3916 duxit
429 3863 556 3916 illos
576 3876 740 3929 super
770 3866 1006 3915 montem
1029 3863 1297 3916 excelsum
1312 3875 1576 3924 seorsum,
1600 3864 1648 3912 et
1663 3865 1845 3913 trans-

235 3951 520 4018 ﬁguratus
549 3954 626 4002 est
654 3955 782 4004 ante
818 3966 922 4004 eos.
955 3949 1140 4014 Quare
1169 3956 1358 4005 autem
1379 3950 1596 4008 Petrus.
1613 3953 1670 4002 et
1688 3949 1843 4002 Jaco-

237 4038 367 4097 bus.
395 4044 456 4094 et
479 4039 746 4104 Joannes,
777 4039 838 4094 in
862 4037 1196 4110 quibusdam
1226 4039 1654 4110 Evangeliorum
1682 4037 1839 4099 locis,

239 4133 678 4200 sequestrantur
695 4144 730 4182 a
753 4128 989 4192 caeteris,
1013 4137 1116 4184 aut
1129 4129 1260 4201 quid
1282 4127 1556 4200 privilegii
1578 4126 1840 4189 habeant,

237 4234 332 4273 res
359 4217 420 4272 in
452 4225 652 4288 aperto
676 4224 780 4283 est,
825 4217 872 4273 si
917 4218 1071 4273 Petri
1111 4217 1358 4290 dignitas
1403 4217 1844 4287 meritorumque

1922 3138 2053 3208 quia
2081 3140 2379 3193 Matthaaus
2396 3140 2616 3194 dierum
2635 3140 2782 3196 facta
2803 3145 3102 3212 mentione,
3133 3163 3168 3200 a
3199 3153 3317 3203 toto
3337 3155 3520 3206 totum

1921 3226 2077 3282 dixit.
2102 3235 2158 3281 et
2171 3228 2348 3282 Lucas
2369 3246 2402 3282 a
2422 3236 2542 3283 toto
2558 3239 2774 3300 partem
2792 3234 3069 3304 expressit
3090 3254 3104 3302 ;
3123 3236 3255 3307 quia
3269 3237 3325 3292 in
3343 3257 3410 3294 ea
3429 3240 3520 3296 die

1921 3332 2030 3386 qua
2063 3316 2273 3371 dic.um
2298 3325 2400 3382 est,
2427 3318 2574 3373 Sunt
2596 3321 2826 3388 quidam
2844 3323 2912 3376 de
2927 3323 3016 3378 hic
3033 3329 3312 3382 stantibus
3329 3334 3524 3397 695

1922 3407 2020 3472 qui
2047 3421 2156 3458 non
2179 3407 2479 3472 gustabunt
2500 3411 2746 3460 mortem.
2769 3409 2892 3462 Jam
2920 3427 3050 3480 pars
3068 3423 3447 3484 praecesserat.
3465 3423 3522 3472 et

1922 3491 1980 3544 in
2019 3509 2086 3545 ea
2127 3491 2218 3545 die
2275 3494 2498 3563 quando
2557 3511 2654 3549 eos
2707 3507 3108 3569 assumpserat,
3162 3511 3522 3578 montemque

1923 3583 2270 3642 ascenderat,
2305 3601 2434 3654 pars
2459 3586 2714 3655 quaedam
2752 3587 2864 3642 diei
2903 3591 3168 3647 restabat.
3219 3595 3526 3668 Propterea

1925 3677 2113 3742 partes
2130 3671 2252 3724 illas
2276 3689 2415 3742 quas
2434 3674 2728 3728 Mattheeus
2745 3676 2930 3731 omisit
2950 3688 3198 3750 tangere,
3215 3687 3373 3755 quasi
3390 3687 3526 3742 dua-

1925 3779 2052 3816 rum
2071 3762 2482 3816 extremitatem
2503 3764 2771 3834 partium,
2788 3765 2967 3821 Lucas
2979 3785 3080 3838 pro
3101 3775 3220 3825 tota
3234 3772 3325 3827 die
3347 3781 3524 3830 utras-

1927 3868 2036 3922 que
2085 3851 2424 3921 computavit
2471 3859 2673 3922 partes,
2715 3859 2777 3907 ut
2821 3861 2944 3908 octo
2988 3857 3189 3913 ﬁerent
3233 3861 3370 3916 dies.
3420 3863 3525 3919 Ubi

1926 3945 2120 4012 tropus
2146 3946 2424 3995 consuetae
2448 3940 2745 3996 locutionis
2790 3943 3138 4015 intelligitur,
3191 3949 3284 4020 qui
3331 3951 3522 4008 Graece

1922 4030 2272 4102 synecdoche
2303 4032 2640 4101 appellatur.
2672 4033 2820 4102 quod
2850 4035 3050 4109 Latine
3069 4036 3176 4090 dici
3203 4045 3402 4108 potest,
3439 4041 3523 4096 vel

1927 4135 1962 4172 a
1993 4129 2162 4200 parte.
2179 4128 2380 4183 totum,
2403 4121 2486 4173 vel
2505 4137 2636 4190 pars
2656 4139 2756 4191 pro
2782 4131 2918 4176 toto.
2944 4124 3048 4188 Qui
3065 4128 3308 4196 profecto
3332 4136 3525 4204 tropus

1929 4208 1985 4262 in
2016 4209 2318 4280 Scripturis
2355 4210 2528 4264 sacris
2561 4228 2729 4280 quam
2775 4229 2919 4284 saepe
2963 4213 3262 4272 invenitur.
3316 4221 3384 4275 Et
3433 4222 3524 4276 hic

237 4307 385 4378 ejus,
415 4313 477 4360 et
501 4305 742 4362 ﬁrmitas
787 4307 1060 4362 virtutum
1107 4313 1537 4379 compensatur;
1579 4305 1845 4378 quoniam
1871 4371 1883 4380 _
1929 4307 2165 4370 uterque
2196 4300 2664 4370 evangelistarum
2699 4318 2823 4354 eum
2855 4320 2963 4356 non
2987 4305 3196 4377 absque
3225 4327 3428 4380 magno
3443 4327 3526 4366 re-

237 4395 346 4467 ipsi
375 4402 514 4451 sunt
543 4395 642 4467 qui
689 4395 1020 4452 videbantur
1053 4396 1326 4452 columnae
1359 4413 1498 4460 esse,
1541 4395 1610 4450 de
1643 4393 1846 4466 quibus
1871 4371 2052 4443 1ἰ’ωι]
2083 4390 2349 4461 mysterio
2379 4390 2824 4460 signiﬁcaturqu
2854 4393 3058 4462 posuit.
3095 4371 3369 4460 Quoniam
3398 4419 3524 4456 cum

241 4485 527 4549 dixerat,S
537 4487 897 4552 ant694de
909 4487 1406 4556 hicstantibusgui
1423 4503 1533 4541 non
1543 4486 1848 4554 gustabunt

242 4575 676 4642 mortem,donec
691 4578 910 4630 videant
921 4578 1107 4643 ﬁlium
1119 4566 1360 4630 hominis
1373 4579 1676 4630 venientem
1688 4577 1750 4627 in
1767 4589 1850 4626 re-

241 4679 349 4732 gno
357 4680 460 4718 suo
483 4664 700 4726 (Matth.
713 4671 818 4730 xvi)
830 4705 842 4718 .
858 4665 1082 4720 Interea
1093 4681 1298 4737 quaeso,
1315 4665 1490 4720 lector
1521 4680 1635 4718 non
1649 4677 1848 4735 parum

243 4751 343 4807 tibi
381 4751 648 4808 videatur
675 4759 826 4808 stare
845 4770 973 4809 cum
993 4755 1020 4810 J
1025 4771 1124 4809 esu
1149 4773 1162 4821 ;
1184 4755 1317 4826 quia
1331 4753 1438 4808 nisi
1459 4757 1615 4826 prius
1629 4751 1850 4808 stabili-

243 4848 443 4898 rentur
455 4847 525 4896 ut
543 4847 762 4898 starent
774 4843 1011 4899 ﬁrmiter
1037 4861 1209 4916 supra
1230 4850 1470 4915 petram,
1492 4857 1850 4915 nequaquam

243 4947 372 4988 eum
391 4931 558 5004 sequi
578 4938 823 5002 possent,
847 4933 1254 5005 praecedentem
1275 4940 1331 4989 et
1350 4933 1744 4989 ascendentem
1763 4947 1852 4986 su-

241 5037 343 5092 per
375 5021 662 5076 excelsum
692 5022 1040 5078 ascensionis
1063 5040 1179 5079 suae
1209 5030 1478 5090 montem,
1509 5028 1568 5078 et
1593 5028 1849 5077 contem-

242 5111 452 5181 planda
485 5111 766 5168 introrsus
794 5112 1040 5167 divinam
1071 5114 1434 5186 introspicere
1469 5113 1844 5183 majestatem.

243 5198 313 5254 Et
339 5200 470 5254 ideo
493 5200 628 5254 licet
654 5201 751 5254 alii
787 5201 1026 5272 apostoli
1062 5203 1256 5256 eadem
1289 5203 1513 5274 vigeant
1543 5201 1600 5254 in
1625 5199 1848 5256 Christo

243 5288 539 5354 ﬁrmitate,
561 5289 654 5344 isti
675 5297 869 5344 tamen
887 5290 957 5344 ob
971 5291 1408 5363 dispensationis
1447 5291 1712 5362 gratiam,
1747 5289 1848 5342 eli-

243 5385 464 5448 guntur
491 5377 563 5432 ab
593 5395 660 5433 eo
686 5380 782 5450 qui
818 5397 914 5434 cor
949 5381 1176 5453 inspicit
1203 5381 1581 5454 singulorum.
1615 5380 1758 5434 Nam
1792 5377 1848 5432 hi

246 5465 382 5532 duo,
413 5467 656 5523 .lacobus
683 5469 893 5524 scilicet
911 5477 968 5524 et
987 5471 1248 5534 Joannes,
1269 5475 1378 5540 ﬁlii
1401 5473 1640 5525 tonitrua"
1659 5467 1852 5522 dicun-

250 5556 363 5630 tur,
395 5557 532 5634 quia
546 5558 670 5616 nati
690 5565 824 5641 sunt
851 5576 918 5642 ex
943 5561 1332 5638 magniloquio
1349 5559 1453 5620 Dei
1495 5557 1762 5628 tonantis,
1796 5563 1854 5616 et

1929 4478 2160 4533 dixisset
2180 4481 2206 4532 ,Ι
2215 4496 2361 4544 esus,
2396 4482 2539 4535 Sunt
2568 4483 2630 4534 de
2657 4482 2744 4534 hic
2766 4485 3061 4546 stantibus,
3091 4491 3192 4554 qui
3213 4505 3324 4542 non
3341 4497 3526 4557 gusta-

1933 4571 2068 4623 bunt
2110 4575 2358 4633 mortem,
2391 4586 2535 4622 unus
2565 4586 2758 4624 eorum
2785 4579 2910 4642 post
2939 4590 3032 4627 sex
3053 4575 3172 4630 dies
3195 4577 3351 4644 dixit,
3387 4581 3530 4636 alter

1930 4674 2060 4712 vero
2088 4664 2216 4728 post
2243 4665 2386 4712 octo.
2418 4659 2561 4722 Quia
2591 4675 2736 4714 unus
2765 4663 3254 4733 evangelistarum,
3279 4668 3523 4739 primum

1931 4752 1989 4802 et
2011 4746 2396 4806 novissimum.
2421 4753 2485 4802 ut
2513 4757 2634 4802 octo
2667 4750 2886 4818 ﬁerent,
2921 4758 3362 4826 connumeravit,
3385 4761 3530 4816 alter

1933 4853 2064 4892 vero
2095 4853 2186 4891 sex
2216 4841 2438 4891 tantum
2477 4837 2535 4890 in
2579 4837 2760 4892 medio
2799 4846 3019 4909 tenens,
3057 4843 3198 4900 duos
3244 4855 3526 4908 extremos

1932 4925 2326 4999 praetermisit;
2357 4933 2418 4980 ut
2447 4926 2622 4981 ﬁnitis
2649 4944 2743 4981 sex
2775 4929 3034 4986 aetatibus
3061 4935 3266 5004 saeculi,
3300 4939 3525 4996 claritas

1931 5016 2052 5082 Dei,
2085 5033 2207 5088 quae
2236 5015 2293 5069 in
2323 5016 2584 5087 septima,
2600 5015 2652 5070 id
2677 5024 2764 5071 est
2791 5018 2849 5072 in
2876 5020 3044 5076 ﬁnem
3069 5023 3190 5078 vitae
3214 5030 3525 5098 apparebit,

1931 5106 2346 5179 pradicaretur.
2381 5106 2555 5160 Lucas
2581 5123 2727 5169 vero,
2779 5108 2873 5178 qui
2908 5127 3002 5164 eos
3043 5123 3360 5186 assumptos
3403 5126 3530 5189 post

1932 5197 2052 5250 dies
2083 5203 2206 5250 octo
2239 5195 2390 5256 dicit,
2423 5195 2686 5256 insinuat,
2715 5197 3032 5270 quicunque
3074 5209 3200 5272 post
3242 5205 3526 5265 Christum

1932 5285 2079 5351 ierit,
2133 5294 2193 5340 et
2241 5302 2460 5338 crucem
2501 5286 2622 5354 ejus
2675 5287 2884 5353 tulerit,
2945 5291 3305 5364 animamque
3367 5316 3528 5354 suam

1933 5383 2163 5447 propter
2191 5392 2319 5429 eum
2355 5375 2678 5444 perdiderit,
2708 5377 3010 5446 persistens
3043 5382 3238 5450 inﬁde,
3258 5385 3363 5441 iste
3387 5405 3530 5443 mor-

1932 5473 2048 5521 tem
2067 5481 2174 5518 no.1
2193 5464 2441 5535 gustabit
2476 5465 2528 5517 in
2555 5473 2844 5527 aeternum),
2874 5469 3048 5524 (innec
3066 5473 3305 5542 gloriam
3327 5487 3528 5532 octava

1931 5553 2363 5614 resurrectionis
2404 5554 2604 5625 videat,
2639 5562 2696 5610 et
2719 5557 2994 5626 glorietur
3031 5577 3160 5620 cum
3197 5565 3434 5626 Domino
3470 5570 3528 5620 et
