3888 6172
491 292 598 352 579

1242 289 1298 344 S.
1343 284 1722 342 PASCHASII
1761 281 2120 340 RADBERTI
2159 256 2462 334 ABBATIS
2502 270 2991 329 CORBEIENSIS.

3609 275 3688 334 580

487 417 609 488 ipse
637 419 962 485 assumptus
987 413 1044 467 in
1080 418 1286 466 monte.
1319 413 1458 465 Nam
1492 411 1587 480 qui
1613 409 1703 462 hic
1729 408 1894 462 verba
1923 407 2083 461 Chri-
2102 408 2148 464 A
2169 402 2451 472 expedire,
2485 398 2849 488 semetipsum
2881 394 3144 449 ostendit.
3177 395 3278 449 Sed
3307 403 3422 466 post
3445 413 3528 451 sex
3547 401 3692 470 exple-

491 506 564 560 sti
596 505 757 560 audit
775 505 844 556 de
874 504 1012 556 coelo
1035 503 1090 555 in
1111 518 1238 554 voce
1255 499 1485 553 tonitrui
1508 498 1786 560 sonantia,
1811 504 1868 551 et
1898 499 2088 551 firmat

491 610 718 665 gressus
747 610 876 648 suos
899 593 951 645 in
985 596 1143 662 petra
1161 607 1284 660 quae
1311 588 1564 641 Christus
1583 593 1683 650 est,
1715 587 1829 656 ipse
1849 587 2086 655 gloriam

493 683 700 738 Christi
731 681 953 742 videbit,
987 697 1112 750 quae
1142 685 1334 732 octavo
1366 677 1454 729 die
1487 677 1632 729 facta
1661 682 1744 730 est
1774 693 1872 746 per
1906 691 2090 728 resur-

491 771 754 826 rectionis
799 769 1060 839 gratiam.
1113 767 1269 820 Unde
1314 771 1370 818 et
1425 765 1676 836 plerique
1721 765 1939 834 psalmi,
1989 781 2089 835 pro

492 866 704 924 octava,
737 857 1072 912 scribuntur.
1101 855 1246 919 Quia
1275 855 1324 908 is
1355 855 1450 925 qui
1474 860 1703 924 pmpter
1731 853 1830 908 Dei
1861 853 2088 906 verbum

489 949 735 1003 animam
765 963 922 1000 suam
951 944 1274 1015 perdiderit,
1315 944 1528 996 salvam
1567 943 1734 996 faciet
1773 960 1917 1006 eam,
1960 959 2086 996 cum

489 1037 743 1090 Christus
773 1033 1047 1105 promissa
1075 1050 1178 1086 sua
1207 1033 1265 1086 in
1297 1039 1488 1085 octava
1518 1031 1940 1084 resurrectionis
1975 1048 2088 1086 suae

489 1125 580 1178 die
613 1123 992 1194 compleverit.
1019 1122 1176 1176 Sicut
1201 1128 1258 1174 et
1289 1127 1413 1191 post
1454 1138 1544 1172 sex
1586 1121 1726 1183 dies,
1777 1121 1833 1173 in
1887 1119 2088 1190 quibus

485 1213 680 1268 mundi
711 1229 884 1282 opera
913 1219 1044 1264 sunt
1073 1216 1280 1274 creata,
1332 1216 1396 1262 ut
1439 1226 1537 1279 per
1574 1209 1693 1262 dies
1737 1215 1790 1261 et
1835 1214 2089 1278 tempora

486 1301 872 1371 mundumque
931 1299 1310 1369 intelligamus
1353 1298 1534 1350 finire.
1581 1297 1796 1360 Quibus
1855 1297 2088 1367 expletis

485 1389 822 1444 resurrectio
846 1388 1037 1442 futura
1066 1385 1486 1440 monstrabitur.
1525 1387 1592 1440 Et
1617 1387 1712 1456 qui
1734 1387 1943 1440 fuerint
1959 1403 2086 1440 cum

485 1477 575 1532 his
605 1477 786 1531 tribus
815 1476 1000 1530 educti
1023 1477 1090 1529 de
1121 1476 1340 1539 saeculo,
1375 1476 1454 1528 ita
1493 1481 1555 1528 ut
1601 1492 1773 1546 supra
1812 1475 2083 1529 mundum

487 1565 809 1628 ascendant,
836 1573 892 1618 et
917 1565 1084 1632 hujus
1105 1564 1286 1618 saeculi
1318 1564 1602 1616 volumina
1618 1570 1673 1616 et
1693 1571 2087 1618 momentanea

487 1655 612 1709 vitae
641 1654 917 1708 curricula
944 1653 1362 1708 transcendant.
1395 1654 1545 1705 velut
1577 1653 1631 1706 in
1663 1652 1888 1706 sublimi
1922 1653 2086 1706 collo-

487 1744 616 1808 cati,
648 1744 850 1798 futurae
881 1742 1304 1796 resurrectionis
1349 1743 1660 1795 claritatem
1701 1741 1988 1799 videbunt.
2031 1747 2088 1796 et

485 1832 728 1887 fructum
770 1832 1076 1903 percipient
1123 1830 1474 1901 sempiternae
1525 1831 1674 1886 vitro.
1729 1831 1794 1884 Et
1843 1831 1960 1884 haec
2002 1836 2088 1884 est

486 1922 955 1992 evangelistarum
981 1920 1135 1973 varia
1163 1920 1568 1974 sententiarum
1601 1919 1898 1982 contextio,
1935 1920 2088 1974 varia

488 2010 784 2064 verborum
815 2009 1199 2071 commutatio,
1236 2015 1290 2062 et
1321 2009 1588 2062 nonnulla
1618 2008 1888 2062 factorum
1921 2009 2087 2062 inter-

487 2099 710 2170 positio,
743 2105 801 2153 et
833 2099 993 2169 quasi
1024 2098 1299 2168 quaedam,
1331 2099 1387 2150 in
1415 2098 1750 2168 quibusdam
1802 2099 1955 2153 locis.
1997 2115 2086 2152 re-

485 2187 755 2241 cordatio.
776 2187 920 2250 Quia
930 2186 1083 2240 varia
1103 2187 1398 2240 conficitur
1409 2187 1576 2240 vestis
1587 2192 1783 2250 1:96
1799 2187 2005 2240 Christi
2028 2187 2086 2240 in

486 2275 808 2345 Evangelia.
841 2281 898 2328 et
927 2275 1253 2346 depingitur
1277 2276 1487 2329 caelesti
1520 2282 1758 2339 textura,
1793 2293 2008 2330 necnon
2028 2282 2085 2330 et

485 2363 780 2434 multiplici
805 2365 1212 2417 sententiarum
1243 2364 1634 2432 intelligentia.
1660 2371 1827 2434 atque
1851 2374 2087 2419 ornatur

483 2452 643 2523 quasi
670 2468 1023 2522 gemmarum
1055 2452 1319 2522 insignita
1347 2453 1875 2523 pretiosissimarum
1895 2454 2088 2525 lapidi-

482 2540 604 2604 bus,
638 2541 718 2594 ita
753 2545 817 2594 ut
835 2547 1095 2594 contexta
1137 2542 1380 2611 desuper
1433 2541 1688 2595 videatur
1733 2559 1833 2613 per
1878 2548 2080 2610 totum,

485 2629 630 2700 quod
667 2645 782 2682 una
813 2630 887 2683 sit
912 2629 1099 2683 tunica
1125 2629 1193 2683 de
1220 2631 1419 2684 vellere
1452 2629 1678 2692 Christi,
1703 2647 1825 2701 qua:
1853 2631 2082 2685 decora-

483 2721 578 2770 tur
607 2715 840 2770 diversis
870 2721 1038 2786 atque
1069 2716 1379 2770 innumeris
1403 2717 1672 2770 virtutum
1700 2725 1756 2770 et
1783 2718 2081 2773 miraculo-

481 2823 607 2860 rum
642 2806 891 2861 floribus.
911 2807 1086 2876 Cujus
1107 2807 1162 2860 in
1183 2807 1386 2878 specie,
1411 2808 1540 2878 quid
1557 2808 1796 2878 primum
1811 2809 2081 2863 admirari

482 2894 706 2960 debeas,
738 2895 977 2965 diligens
1009 2896 1198 2958 lector,
1235 2896 1318 2948 vix
1348 2895 1616 2949 invenies.
1654 2897 1721 2949 Et
1749 2897 1871 2950 ideo
1896 2898 2077 2968 longe,

479 2991 545 3037 ut
577 3001 749 3055 supra
765 2986 882 3054 jam
924 2985 1058 3047 dixi,
1091 3001 1201 3038 non
1233 2984 1476 3054 syllabae,
1511 3002 1620 3038 non
1652 2987 1968 3044 verborum.
1998 2987 2081 3040 vel

2169 492 2241 546 tis
2257 490 2452 544 diebus
2473 489 2562 542 die
2582 495 2792 548 octava,
2807 487 2925 555 jam
2949 502 3118 555 supra
3137 492 3373 538 montem
3389 488 3693 550 excelsum,et

2169 580 2369 634 solium
2397 579 2694 637 elevatum,
2727 593 2838 628 non
2869 575 2978 628 nisi
3007 575 3064 627 in
3092 574 3269 627 forma
3297 575 3388 628 Dei
3417 577 3692 631 clarificatus

2171 668 2464 740 apparebit
2501 666 2708 720 electis.
2737 667 2932 735 Neque
2959 664 3108 716 enim
3155 663 3468 733 simpliciter
3508 665 3691 732 dictum,

2173 757 2318 828 quod
2332 756 2765 824 transfiguratus
2777 760 2880 818 est,
2913 752 3042 822 quia
3075 756 3490 820 transﬁguratus
3513 759 3574 806 est
3594 759 3692 807 ante

2171 863 2272 912 cos,
2288 846 2481 916 utique
2495 844 2590 914 qui
2609 843 2984 897 ascenderunt
2999 858 3124 894 cum
3137 859 3202 895 eo
3217 858 3382 911 super
3401 849 3610 895 montem
3623 859 3694 896 ex-

2172 937 2380 988 celsum
2396 938 2629 998 secreto,
2649 939 2706 986 et
2717 948 2990 994 seorsum,
3004 930 3072 983 ab
3085 930 3238 984 omni
3257 930 3546 1000 frequentia
3555 931 3696 985 saeculi

2171 1041 2235 1078 ac
2262 1023 2499 1094 strepitu
2521 1029 2762 1077 terrenae
2783 1018 3220 1091 perturbationis
3264 1019 3541 1088 segregati.
3588 1021 3696 1084 Quia

2167 1117 2354 1178 69$
2383 1111 2511 1164 licet
2530 1112 2691 1164 Jesus
2717 1109 2771 1162 in
2806 1109 2944 1161 valle
2968 1107 3299 1160 humilitatis
3314 1107 3523 1169 veaerit,
3551 1114 3695 1162 tamen

2169 1208 2345 1265 recte,
2382 1217 2491 1254 non
2523 1199 2630 1252 nisi
2662 1215 2832 1269 supra
2863 1203 3108 1250 montem
3137 1197 3304 1249 etiam
3333 1196 3694 1249 crucifixuscon-

2169 1290 2419 1361 spicitur.
2451 1291 2594 1344 Nam
2625 1295 2680 1341 et
2709 1289 2862 1341 Isaac
2891 1287 2947 1339 in
2990 1288 3170 1355 figura
3196 1286 3394 1338 Christi
3423 1302 3536 1338 cum
3571 1286 3696 1338 offer-

2171 1387 2280 1439 tur,
2311 1395 2421 1432 non
2448 1378 2554 1432 nisi
2588 1378 2644 1430 in
2679 1384 2868 1430 monte
2895 1375 3115 1428 oblatus
3143 1375 3364 1444 legitur.
3398 1374 3582 1428 Idcirco
3623 1375 3697 1428 hoc

2169 1469 2287 1522 loco
2318 1467 2465 1538 quod
2498 1466 2690 1537 gessit.
2737 1472 2794 1518 et
2837 1465 3168 1517 miraculum
3217 1480 3401 1516 coram
3447 1461 3698 1516 videntibus

2168 1556 2316 1628 quod
2348 1555 2584 1620 refulsit,
2619 1555 2740 1625 ipsa
2769 1571 2858 1606 res
2885 1559 3046 1622 gesta
3067 1553 3232 1621 longe
3263 1553 3423 1605 altius
3439 1568 3584 1622 quam
3621 1550 3698 1621 ipsi

2167 1645 2439 1708 viderant,
2466 1645 2642 1697 multa
2670 1643 3002 1712 designavit,
3027 1643 3106 1695 ita
3123 1649 3185 1695 ut
3207 1642 3357 1695 locus
3377 1649 3430 1694 et
3451 1641 3699 1712 ipsatrans

2111 1718 2149 1774 Β
2169 1735 2427 1804 figuratio
2457 1733 2810 1787 altitudinem
2841 1731 3088 1785 insinuet
3109 1731 3362 1790 Deitatis.
3396 1739 3456 1784 ut
3481 1729 3546 1782 ibi
3565 1736 3700 1783 trans-

2167 1823 2426 1877 formatio
2457 1825 2634 1886 fieret,
2671 1821 2765 1876 ubi
2809 1821 3048 1874 altitudo
3073 1819 3270 1890 judicii
3311 1821 3628 1890 figuraretur,
3661 1823 3700 1872 et

2167 1913 2562 1984 contemplatio
2595 1911 2844 1964 veritatis
2874 1916 3198 1981 appareret.
3255 1910 3521 1973 Quaeritur
3559 1917 3698 1962 tamen

2168 2005 2277 2059 ista
2305 2004 2722 2059 transformatio
2762 2003 2943 2073 qualis
2969 2003 3060 2060 sit.
3096 2009 3286 2056 utrum
3330 2001 3593 2073 pristinam
3619 2001 3700 2053 for-

2169 2112 2318 2148 mam
2366 2095 2620 2147 amiserit
2659 2099 2715 2145 et
2763 2093 3053 2146 veritatem
3095 2093 3358 2162 corporis.
3403 2108 3468 2145 an
3510 2089 3701 2160 spiritale

2168 2201 2370 2254 corpus
2391 2183 2559 2236 fuerit
2592 2183 2735 2252 quod
2768 2181 3049 2252 apparuit,
3085 2182 3171 2235 vel
3202 2179 3592 2243 aeriunﬂQuod
3608 2193 3702 2231 neu-

2166 2278 2315 2325 trum
2347 2272 2546 2324 horum
2581 2270 2766 2330 credo,
2807 2276 2871 2322 ut
2901 2276 3001 2322 aut
3029 2269 3324 2338 pristinam
3363 2269 3585 2339 corporis
3618 2266 3701 2319 for-

2167 2379 2315 2415 mam
2349 2377 2447 2414 seu
2478 2360 2673 2413 faciem
2700 2358 3024 2430 perdiderit,
3049 2365 3149 2412 aut
3180 2359 3396 2412 aerium
3433 2374 3606 2428 corpus
3642 2354 3702 2408 vel

2168 2449 2420 2521 spiritale
2443 2450 2512 2502 ad
2544 2465 2787 2519 prsescns
2815 2447 2948 2500 illud
2995 2447 3436 2501 commutaverit.
3476 2445 3570 2501 Sed
3602 2459 3701 2514 quo-

2167 2539 2333 2593 modo
2368 2539 2800 2592 transformatus
2829 2543 2920 2600 Sit,
2946 2537 3300 2606 Evangelista
3327 2531 3704 2590 demonstratdi.

2165 2644 2315 2691 cens,
2347 2627 2479 2697 quia
2527 2628 2874 2694 Rmptrndmt
2915 2627 3088 2693 facies'
3111 2631 3232 2694 ejus
3276 2628 3413 2679 sicut
3455 2626 3542 2686 sol,
3583 2623 3704 2676 resti-

2167 2722 2350 2769 menta
2364 2721 2548 2769 autem
2565 2719 2678 2782 ejus
2707 2715 2856 2782 facta
2873 2719 3004 2768 sunt
3021 2716 3151 2768 alba
3168 2718 3313 2769 sicut
3337 2717 3452 2768 nix.
3474 2710 3702 2768 Nonenim

2165 2822 2231 2858 ex
2247 2805 2334 2858 his
2354 2803 2535 2858 verbis
2563 2804 2714 2857 aliud
2729 2803 3061 2874 praedicatur
3109 2821 3284 2874 quam
3336 2797 3703 2875 splendorfaciei

2165 2895 2285 2964 ejus
2312 2900 2369 2947 et
2395 2894 2605 2948 candor
2633 2893 3112 2947 vestimentorum.
3153 2893 3368 2948 idcirco
3397 2892 3482 2947 ubi
3497 2888 3706 2962 splendor

2164 2982 2481 3036 ostenditur
2504 2983 2662 3036 faciei
2687 2988 2741 3035 et
2771 2983 2979 3036 candor
3006 2982 3347 3037 describitur
3374 2981 3602 3042 vestium,
3621 2992 3704 3032 non

480 3074 887 3128 sententiarum
907 3074 1023 3128 ulla
1035 3073 1362 3143 compositio
1382 3073 1435 3126 in
1454 3073 1771 3142 Evangelio,
1793 3075 1878 3128 vel
1899 3075 2076 3129 dicto-
2096 3080 2136 3131 (Σ
2161 3071 2475 3125 substantia
2502 3072 2814 3142 denegatur
2837 3077 2937 3126 aut
2960 3072 3196 3138 tollitur,
3216 3072 3310 3126 sed
3327 3071 3496 3143 gloria
3523 3075 3571 3124 et
3582 3065 3705 3122 clari-

477 3177 602 3216 rum
627 3163 743 3216 ulla
771 3163 1110 3233 permutatio
1132 3162 1189 3215 in
1211 3162 1451 3216 transitu
1466 3162 1696 3231 legenda
1719 3169 1804 3216 est
1829 3182 1839 3229 ;
1866 3164 1996 3234 quia
2019 3164 2075 3218 in

477 3251 565 3306 his
614 3251 751 3305 nihil
777 3257 930 3304 vacat
961 3268 995 3304 a
1019 3250 1306 3322 mysterio,
1329 3250 1424 3304 sed
1441 3250 1630 3304 omnia
1647 3251 1809 3320 plena
1842 3260 1974 3305 sunt
1993 3270 2078 3307 sa-

476 3339 799 3394 cramentis.
867 3339 1107 3394 Maxime
1157 3339 1215 3392 in
1257 3339 1360 3392 hac
1400 3339 1911 3404 transformatione,
1955 3359 2076 3412 quae

477 3429 623 3483 facta
655 3435 739 3483 est
766 3429 821 3482 in
851 3434 1040 3482 monte
1067 3435 1278 3490 sancto,
1315 3427 1407 3481 ubi
1424 3432 1538 3482 tres
1560 3433 1778 3482 tantum
1807 3437 1955 3493 sunt,
1980 3431 2076 3501 qui

475 3518 730 3572 viderent
758 3518 917 3572 electi
946 3517 1222 3588 discipuli,
1259 3519 1399 3584 Quia
1451 3520 1512 3570 in
1565 3535 1655 3570 ore
1701 3521 1945 3572 dum-um
1995 3525 2076 3575 rel

477 3611 654 3661 trium
689 3611 930 3672 testium,
955 3612 1062 3661 stat
1093 3623 1250 3660 omne
1279 3608 1504 3658 verbum
1535 3608 1744 3660 ullatth.
1768 3623 1916 3674 xvm,
1949 3607 2065 3676 ‘16).

474 3697 546 3752 Et
570 3697 681 3753 duo
712 3714 776 3752 ex
808 3695 1067 3751 omnibus
1099 3695 1432 3767 patriarchis
1471 3695 1778 3765 eliguntur,
1821 3697 1916 3767 qui
1948 3714 2074 3752 cum

473 3788 712 3842 Domino
739 3785 809 3841 ab
831 3786 1041 3840 eisdem
1065 3785 1246 3840 tribus
1275 3785 1571 3838 videantur
1587 3786 1643 3839 in
1663 3786 2070 3840 testimonium.

472 3876 722 3940 Quorum
753 3881 990 3947 uterque
1033 3892 1302 3929 numerus
1343 3880 1400 3927 et
1429 3875 1624 3928 electio
1680 3890 2066 3944 personarum,

472 3982 742 4036 magnum
771 3972 855 4020 est
884 3964 1242 4019 exhibitionis
1273 3964 1860 4018 sacramentum.Tres
1890 3965 2068 4034 siqui-

471 4057 619 4120 dem,
656 4055 725 4108 de
751 4053 953 4124 quibus
976 4055 1094 4123 jam
1118 4053 1376 4118 diximus,
1405 4054 1474 4106 ob
1497 4054 1599 4106 hoc
1630 4053 1798 4107 etiam
1817 4053 2070 4108 fortassis

470 4137 854 4207 assumuntur,
889 4142 1018 4211 quia
1037 4159 1202 4195 nemo
1219 4149 1404 4212 potest
1434 4143 1858 4197 resurrectionis
1882 4143 2069 4197 videre

467 4231 726 4300 gloriam,
758 4229 867 4282 nisi
901 4229 994 4300 qui
1012 4229 1294 4299 integrum
1309 4232 1637 4300 mysterium
1652 4233 1963 4290 Trinitatis.
1986 4235 2072 4287 in-

470 4323 733 4388 corrupta
781 4317 910 4370 fidei
955 4317 1278 4370 sinceritate
1326 4320 1647 4381 servaverit,
1699 4338 1762 4374 ex
1807 4322 2066 4378 omnibus

2159 3166 2246 3214 tas
2272 3161 2716 3222 commendatur,
2751 3168 3009 3232 augetur,
3043 3178 3164 3232 qua:
3195 3162 3356 3216 fulsit
3381 3177 3442 3215 ac
3468 3160 3510 3215 si
3536 3159 3594 3212 de
3611 3157 3702 3211 the-

2159 3249 2339 3303 sauris
2372 3249 2473 3304 Dei
2500 3269 2511 3314 ;
2545 3249 2625 3303 ita
2655 3257 2715 3303 ut
2741 3257 2796 3303 et
2825 3250 3026 3303 veritas
3052 3267 3162 3304 non
3183 3251 3588 3305 subtraheretur
3609 3260 3702 3298 cor-

2160 3339 2330 3409 poris,
2364 3344 2421 3392 et
2448 3339 2628 3408 gloria
2657 3356 2780 3409 quae
2812 3339 3002 3393 futura
3032 3346 3150 3394 erat
3181 3340 3243 3394 in
3270 3339 3499 3402 Christo,
3519 3352 3614 3391 non
3639 3348 3701 3386 ce-

2159 3428 2388 3482 laretur.
2421 3429 2580 3483 Unde
2609 3429 2786 3500 liquet
2815 3429 2960 3500 quod
3006 3429 3256 3492 claritas,
3311 3446 3431 3500 quae
3469 3426 3588 3481 foris
3627 3437 3701 3493 per

2159 3518 2490 3572 vestimenta
2537 3519 2742 3572 Christi
2779 3519 3046 3576 manavit.
3097 3518 3167 3572 ab
3197 3520 3297 3573 illa
3333 3521 3449 3588 ejus
3482 3513 3700 3570 interiore

2157 3606 2280 3660 luce
2313 3607 2599 3677 processit,
2629 3625 2796 3678 quam
2835 3609 3023 3662 nullus
3051 3608 3287 3662 humani
3316 3607 3524 3680 generis
3549 3617 3702 3672 corpo-

2157 3711 2286 3748 reus
2307 3696 2503 3749 oculus
2528 3702 2712 3766 potest
2734 3697 2960 3761 intueri,
2993 3697 3137 3751 sicut
3166 3698 3434 3768 scriptum
3451 3701 3543 3761 est,
3569 3695 3699 3746 Deum

2157 3799 2316 3837 nemo
2346 3787 2485 3838 cidit
2510 3801 2759 3852 unquam
2787 3787 2834 3848 (Ι
2849 3789 2988 3840 Joan
3039 3786 3244 3848 1v,12).
3268 3787 3423 3842 Unde
3450 3786 3702 3850 sictempe-

2155 3871 2296 3925 ravit
2327 3872 2514 3926 di\ina
2545 3875 2812 3942 majestas
2842 3876 3008 3944 hujus
3041 3875 3271 3930 visionis
3297 3876 3542 3930 formam.
3577 3875 3628 3925 ut
3658 3871 3700 3920 εἴ

2153 3959 2426 4014 mirabilis
2455 3968 2602 4016 esset
2631 3962 2766 4016 visio
2805 3981 2917 4034 qua
2947 3964 3213 4018 divinitas
3247 3966 3616 4036 praedicaretur
3655 3956 3698 4010 in

2154 4050 2394 4114 Christo,
2425 4057 2481 4104 ct
2509 4051 2788 4105 humanus
2817 4069 2938 4106 eam
2968 4055 3292 4108 mmtalium
3313 4056 3451 4108 ferre
3473 4049 3623 4124 possit
3643 4045 3699 4097 vi-

2151 4156 2265 4193 sus.
2304 4141 2409 4193 Sed
2443 4141 2622 4194 altera
2641 4141 2746 4194 fuit
2768 4143 2946 4211 figura
2969 4143 3025 4196 in
3057 4143 3324 4207 vestibus,
3351 4136 3697 4210 alteraspecies

2150 4229 2207 4283 in
2237 4230 2414 4292 vultu,
2447 4237 2684 4299 utraque
2703 4237 2895 4284 tamen
2925 4231 3213 4286 mirabilis.
3241 4234 3390 4298 Ideo,
3414 4239 3476 4286 ut
3500 4227 3699 4301 quierat

2150 4317 2207 4372 in
2247 4335 2414 4373 carne
2442 4319 2790 4390 conspicuus,
2838 4319 3022 4374 subito
3067 4328 3368 4392 appareret
3406 4335 3574 4376 coram
3609 4311 3698 4368 suis

467 4406 648 4462 tribus
680 4405 933 4478 partibus
957 4405 1150 4459 mundi
1179 4405 1235 4458 in
1258 4406 1362 4458 hoc
1381 4406 1611 4474 collegio
1643 4408 1770 4460 ﬁdei
1800 4426 2066 4480 aggrega-
2088 4399 2133 4456 D
2151 4426 2431 4463 coruscus.
2466 4409 2573 4462 Sed
2604 4426 2714 4462 non
2743 4409 3026 4464 immerito
3055 4413 3347 4482 quazritur,
3377 4427 3498 4465 cum
3517 4409 3578 4462 de
3601 4418 3696 4458 san-

465 4503 577 4551 tus.
611 4497 858 4561 Quorum
900 4495 1134 4566 primus,
1173 4512 1275 4549 nec
1321 4495 1604 4548 immerito
1654 4497 1870 4560 Petrus,
1924 4517 2064 4569 quo-

466 4585 618 4638 niam
636 4585 756 4656 ipse
770 4585 922 4656 prior
940 4584 1122 4638 claves
1138 4583 1294 4655 regni
1313 4585 1576 4638 caelorum
1602 4587 1843 4657 accepit;
1864 4587 2064 4644 deinde

466 4678 551 4726 est
578 4675 820 4728 Joannes
843 4674 932 4728 cui
950 4680 1130 4728 mater
1158 4675 1327 4744 Virgo
1351 4675 1738 4740 committitur,
1755 4675 1824 4730 ob
1846 4678 2064 4748 privile-

460 4761 619 4833 gium
650 4763 1026 4833 virginitatis;
1057 4763 1294 4818 Jacobus
1339 4781 1560 4835 quoque
1590 4765 1682 4835 qui
1739 4766 1953 4836 primus
1997 4785 2060 4820 ex

463 4851 696 4922 collegio
717 4853 1096 4923 apostolorum
1109 4853 1308 4907 solium
1327 4853 1670 4908 sacerdotale
1696 4857 1918 4926 proprio
1934 4873 2062 4926 pur-

461 4947 696 5014 puratus
739 4941 1034 5012 sanguine,
1079 4949 1140 4996 et
1187 4942 1478 4996 dealbatus
1522 4944 1580 4998 in
1618 4944 1838 4998 Christo
1886 4944 2060 5000 victor

460 5030 730 5084 ascendit.
783 5029 891 5083 Pro
930 5028 1136 5082 talibus
1176 5029 1349 5098 igitur
1395 5036 1452 5083 et
1497 5031 1815 5102 hujusmodi
1853 5033 2052 5100 causis,

457 5135 597 5190 quas
627 5134 794 5190 supra
824 5116 1014 5188 paucis
1044 5118 1383 5177 enumeravi.
1424 5119 1480 5172 bi
1530 5128 1642 5174 tres
1676 5122 1744 5175 ad
1797 5121 2056 5177 sublimia

455 5208 757 5266 ducuntur,
780 5206 1043 5278 quoniam
1067 5213 1123 5260 et
1142 5206 1248 5276 ipsi
1266 5208 1384 5275 jam
1399 5225 1566 5277 supra
1584 5211 1851 5265 mundum
1868 5219 2048 5278 erant,

452 5303 518 5351 ut
547 5298 800 5351 viderent
826 5296 1131 5360 Christum,
1183 5311 1295 5348 non
1328 5295 1386 5350 in
1416 5300 1595 5353 forma
1642 5301 1805 5360 servi.
1848 5303 1943 5355 sed
1991 5303 2048 5357 in

452 5384 631 5440 forma
647 5386 919 5440 claritatis
941 5385 1060 5448 Dei,
1087 5385 1348 5455 quoniam
1375 5385 1739 5455 quideorsum
1764 5399 1911 5455 sunt,
1935 5409 2047 5446 non

450 5481 685 5548 possunt
703 5491 829 5529 eum
851 5473 1036 5528 videre
1062 5474 1118 5528 in
1143 5475 1322 5527 forma
1339 5475 1456 5537 Dei,
1477 5477 1569 5530 sed
1604 5478 1659 5531 in
1690 5481 1862 5533 forma
1880 5480 2022 5533 servi

448 5565 758 5644 Propterea
784 5570 842 5624 et
867 5565 988 5641 ipse
1022 5564 1345 5640 unicuique,
1379 5567 1685 5625 secundum
1718 5570 1867 5644 quod
1896 5569 2048 5628 videt

2147 4499 2249 4551 ctis
2279 4499 2548 4570 scriptum
2571 4499 2906 4564 noverimus,
2933 4500 3078 4570 quod
3116 4502 3268 4555 Tunc
3284 4504 3429 4571 justi
3453 4493 3694 4567 fulgebunt

2145 4591 2284 4640 sicut
2313 4593 2390 4641 sol
2425 4591 2484 4641 in
2514 4591 2718 4642 virtute
2746 4605 2848 4642 sua
2877 4590 3092 4653 (Matth.
3131 4605 3249 4657 xm,
3273 4588 3385 4655 43),
3417 4588 3470 4642 in
3499 4593 3693 4654 regnum

2145 4676 2330 4729 Patris
2363 4693 2578 4732 eorum.
2615 4694 2717 4732 cur
2737 4678 2841 4731 hoc
2866 4679 2984 4732 loco
3004 4678 3173 4733 facies
3194 4679 3403 4733 Christi
3428 4675 3552 4732 solis
3567 4667 3695 4726 clari-

2144 4765 2247 4816 tati
2279 4772 2426 4818 recte
2455 4767 3124 4838 comparetur?Nunquid
3149 4768 3324 4838 igitur
3342 4773 3545 4822 tantam
3567 4756 3694 4814 clari-

2142 4858 2315 4906 tatem
2351 4855 2517 4922 (quod
2544 4855 2699 4909 nefas
2729 4861 2814 4910 est
2843 4856 3089 4925 credere)
3109 4857 3168 4910 in
3186 4873 3358 4928 regno
3381 4845 3694 4912 Patrishabe-

2141 4939 2278 4996 bunt
2313 4943 2508 5009 sancti,
2543 4951 2812 5014 quantam
2843 4945 2891 4999 is
2921 4946 3016 5016 qui
3047 4944 3106 5000 in
3135 4963 3195 5001 se
3223 4946 3348 5001 illos
3373 4931 3692 5016 justificabit?

2140 5031 2276 5095 Quis
2306 5049 2437 5102 ergo
2467 5034 2571 5086 hoc
2610 5034 2716 5087 nisi
2769 5034 3064 5090 haereticus
3099 5035 3340 5090 dixerit?
3385 5031 3693 5104 Quapropter

2137 5126 2328 5186 698
2353 5122 2483 5191 quia
2513 5122 2762 5177 divinum
2784 5131 2870 5178 est
2893 5130 2951 5178 et
2979 5124 3253 5191 mirabile,
3278 5123 3421 5196 quod
3443 5122 3496 5175 in
3508 5119 3691 5186 dispen-

2135 5213 2351 5265 satione
2383 5212 2580 5266 salutis
2613 5213 2868 5267 humana}
2891 5214 3096 5284 agitur,
3147 5213 3352 5268 idcirco
3391 5205 3688 5266 credendum

2134 5301 2279 5372 quod
2309 5318 2418 5354 non
2451 5301 2660 5372 absque
2689 5320 2894 5371 magno
2921 5303 3257 5358 documento
3286 5303 3365 5356 sic
3391 5294 3686 5354 ostenditur.

2130 5394 2288 5456 Quod
2311 5395 2448 5448 mihi
2470 5396 2689 5449 videtur
2716 5396 2864 5449 inter
2892 5404 3090 5451 caetera
3106 5403 3346 5468 quatuor
3362 5411 3424 5448 ex
3448 5388 3612 5447 causis
3626 5383 3688 5436 fa-

2129 5490 2276 5536 ctum
2301 5485 2490 5544 fuisse;
2519 5485 2772 5539 videlicet
2823 5486 2902 5540 vel
2930 5487 3062 5556 quia
3088 5487 3268 5541 adhuc
3297 5482 3540 5538 mortalis
3567 5477 3682 5530 erat.

2127 5578 2185 5626 et
2211 5571 2335 5646 ipsa
2362 5574 2547 5630 carnis
2575 5576 2890 5632 mortalitas
2917 5576 3232 5634 claritatem
3251 5570 3548 5632 divinitatis
3565 5566 3682 5638 ejus:
