3888 6172
199 215 300 272 581

894 216 1274 273 EXPOSITIO
1315 219 1392 273 IN
1431 219 1878 276 MA’I'I‘HEUM.
1915 250 1972 261 —
2009 222 2144 276 LIB.
2191 223 2337 288 VIII,
2373 223 2530 282 CAP.
2575 223 2746 279 XVII.

3367 228 3474 289 582

205 347 266 397 ut
286 346 432 402 erat,
466 339 764 395 ostendere
791 357 903 395 non
932 340 1172 406 sinebat,
1204 343 1286 396 vel
1309 343 1442 414 quia
1469 355 1598 399 ante
1619 345 1802 399 viden-
1821 349 1863 404 Λ
1889 346 1956 398 lis
1987 353 2288 417 tantasque
2310 364 2418 400 non
2446 347 2578 400 alibi
2609 365 2776 418 quam
2808 349 2865 404 in
2898 356 3089 406 monte
3118 351 3478 416 excelso,con-

199 431 348 484 tium
399 430 612 493 oculos,
643 435 707 484 ut
751 429 957 484 intueri
1003 437 1190 502 posset
1231 431 1409 503 ipsam
1449 433 1682 503 fulgoris
1719 435 1804 488 sui

201 520 679 590 magnitudinem,
713 519 1082 590 temperabat,
1115 537 1184 574 ne
1230 523 1667 593 septempliciter
1711 524 1806 577 lux

202 609 339 664 solis
367 609 430 662 in
471 625 557 673 eo,
590 625 759 680 quam
815 625 965 662 nunc
1010 616 1111 672 est,
1147 619 1459 682 appareret.
1493 611 1595 665 Vel
1633 613 1802 666 etiam

203 706 260 754 et
291 699 423 754 ideo
452 698 548 752 lux
577 699 850 752 claritatis
869 701 992 770 ejus
1019 699 1097 754 sic
1129 701 1448 755 modiﬁcata
1495 702 1552 755 in
1579 719 1644 755 eo
1671 707 1807 756 tunc

204 795 310 854 est,
331 795 398 842 ut
408 787 646 842 formam
667 789 820 842 illam
831 791 1224 843 tantummodo
1238 791 1804 861 pratenderet,quam

201 879 260 932 in
291 878 388 932 die
403 877 602 948 judicii
633 878 824 932 electis
855 883 912 932 et
941 878 1190 950 reprobis
1217 886 1572 934 ostensurum
1605 899 1662 934 se
1687 897 1808 935 esse

205 967 558 1040 pmsriebat.
593 967 664 1022 Et
686 973 751 1021 ut
769 969 1010 1038 amplius
1029 969 1227 1038 loquar
1249 976 1416 1040 atque
1438 972 1802 1035 commodius,

202 1056 389 1128 ipsam
407 1057 650 1126 figuram
664 1056 1043 1112 membrorum
1059 1075 1307 1120 suorum,
1325 1061 1474 1130 quali
1487 1067 1808 1132 quantaque

202 1145 388 1216 gloria
418 1146 480 1198 in
507 1145 698 1200 futuro
729 1146 833 1216 ipsi
863 1146 1157 1218 fulgebunt
1202 1149 1378 1202 sancti
1409 1150 1467 1203 in
1503 1167 1607 1204 sua
1643 1151 1809 1204 clari-

203 1241 323 1290 tate
371 1237 493 1306 jam
517 1235 998 1306 praemonstrabat.
1028 1237 1172 1300 Quia
1185 1241 1283 1306 qui
1305 1244 1452 1292 vocat
1474 1257 1536 1292 ea
1563 1257 1681 1307 qua:
1700 1234 1815 1294 non“

205 1330 359 1386 sunt,
387 1329 661 1392 tanquam
683 1340 744 1378 ea
767 1341 886 1393 quae
904 1330 1034 1379 sunt
1064 1327 1230 1380 lRom.
1264 1341 1336 1390 1v,
1365 1327 1474 1394 17),
1507 1327 1639 1382 fecit
1655 1346 1723 1382 ea
1751 1328 1808 1382 in

206 1413 438 1468 Christo
460 1429 752 1484 apparere,
779 1429 901 1484 quae
933 1413 1180 1468 nondum
1212 1421 1392 1475 erant.
1417 1422 1480 1470 ut
1508 1434 1572 1470 ex
1599 1434 1663 1470 eo
1689 1434 1810 1471 cer-

204 1502 320 1556 tius
351 1507 828 1572 cognoscerentur
850 1519 919 1556 ea
957 1519 1080 1573 quae
1108 1503 1227 1556 visa
1263 1511 1396 1558 sunt
1423 1505 1478 1558 in
1513 1522 1596 1568 eo,
1630 1512 1687 1560 et
1723 1505 1812 1560 fu-

205 1597 340 1646 tura
382 1596 567 1645 erant.
618 1590 822 1662 Sicque
852 1591 1284 1646 transformatus
1315 1599 1401 1647 est
1441 1593 1712 1648 Dominus
1753 1594 1812 1649 in

1887 437 2122 505 spicitur
2152 438 2220 488 ul)
2253 435 2353 490 his.
2392 437 2630 506 quicum
2663 455 2726 490 eo
2752 438 3060 494 meruerint
3085 443 3382 497 ascendere
3405 444 3477 498 ad

1887 542 2146 594 superna.
2180 533 2233 577 et
2265 526 2574 594 intelligere
2613 544 2735 596 qua;
2783 528 2971 584 divina
3009 536 3140 584 sunt
3168 531 3224 584 in
3257 531 3478 587 Christo

1889 620 1944 666 et
1967 615 2208 666 humana
2260 614 2532 676 Quoniam
2565 623 2803 687 utraque
2831 625 3032 672 natura
3063 619 3117 673 in
3155 636 3220 673 eo
3245 620 3483 675 candida

1889 707 1972 754 est
2001 709 2051 755 et
2089 705 2369 772 pramlara.
2397 705 2500 757 Sed
2525 705 2700 757 altera
2723 723 2852 776 pars
2872 706 2940 760 de
2967 709 3109 761 coelo
3137 709 3485 778 splendidior

1889 791 2002 843 sole
2033 792 2280 843 cernitur
2302 792 2371 844 ab
2401 793 2488 844 his
2519 794 2613 862 qui
2637 810 2702 847 ea
2731 800 2951 848 tantum
2975 797 3202 866 sapiunt
3221 814 3343 868 qua)
3365 813 3486 852 sur-

1890 896 2012 932 sum
2045 886 2204 932 sunt:
2241 881 2419 933 altera
2442 899 2571 934 vero
2609 883 2896 937 candidior
2917 884 3040 938 nive
3079 903 3201 955 quae
3229 886 3298 940 de
3329 893 3484 942 terra

1891 973 1975 1020 est
2029 968 2161 1020 dum
2213 970 2565 1033 cognoscitur
2613 972 2734 1040 ejus
2761 971 2942 1040 gloria
2990 979 3044 1028 et
3075 973 3296 1028 videtur
3339 991 3484 1029 unus

1891 1057 2149 1126 idemque
2175 1059 2428 1111 Christus
2449 1059 2771 1128 unigenitus
2799 1078 2831 1113 a
2855 1063 3036 1128 Patre,
3067 1067 3260 1131 plenus
3287 1067 3486 1131 gratia

1892 1152 1937 1200 et
1987 1150 2235 1198 1‘(’I'1Lt!i.~:
2276 1151 2520 1210 (Jun/1.1,
2571 1148 2666 1214 Μ).
2702 1149 2809 1201 Sed
2840 1151 3027 1204 omnia
3079 1151 3134 1204 in
3189 1152 3482 1222 Evangelia

1893 1236 2351 1289 vestimentorum
2385 1237 2505 1304 ejus
2535 1253 2657 1306 quae
2687 1237 2755 1289 de
2795 1237 2887 1291 illo
2918 1245 2974 1292 et
3000 1257 3101 1310 per
3127 1240 3286 1294 illum
3329 1247 3479 1308 sunt,

1891 1326 2040 1378 hunc
2082 1325 2289 1378 habent
2336 1325 2687 1395 splendorem
2719 1325 2778 1378 in
2824 1325 2983 1389 facie,
3016 1327 3163 1381 hunc
3192 1336 3249 1382 et
3276 1331 3484 1382 cando-

1893 1431 2010 1468 rem
2061 1415 2117 1467 in
2151 1415 2300 1468 omni
2335 1415 2630 1468 verborum
2661 1431 2725 1468 ac
2763 1415 3168 1470 sententiarum
3201 1423 3482 1486 contextu,

1895 1503 2025 1573 quia
2071 1504 2189 1556 haec
2218 1504 2475 1558 universa
2523 1504 2592 1556 de
2651 1521 2716 1557 eo
2743 1514 2858 1557 tam
2901 1503 3140 1558 candida
3177 1512 3327 1570 sunt,
3369 1511 3488 1560 tam

1895 1592 2203 1663 splendida,
2229 1595 2426 1658 ()ualia
2440 1594 2582 1659 fullo
2605 1596 2797 1646 nullus
2816 1597 2980 1661 potest
3002 1594 3180 1660 facere
3199 1611 3365 1661 super
3386 1599 3490 1648 ter-

207 1697 333 1736 eam
363 1680 608 1751 gloriam
643 1695 752 1751 qua
775 1686 1042 1734 venturus
1069 1688 1156 1735 est
1181 1688 1373 1752 postea
1401 1682 1460 1736 in
1487 1700 1661 1754 regno
1687 1701 1808 1745 suo,
1832 1659 1878 1718 Β
1897 1698 2042 1734 ram.
2077 1683 2336 1736 Fullones
2363 1699 2496 1750 ergo
2519 1682 2673 1745 istos,
2702 1681 3054 1751 utOrigenes
3073 1683 3486 1753 dogmatizavit,

207 1787 334 1842 quae
365 1775 456 1823 est
513 1768 778 1823 Ecclesia.
805 1767 874 1824 Et
921 1769 1045 1823 ideo
1075 1769 1168 1823 isti
1206 1776 1320 1824 tres
1369 1787 1481 1825 non
1513 1779 1815 1841 gustarunt

207 1865 478 1923 mortem,
511 1857 687 1912 donec
718 1857 896 1911 filium
935 1857 1178 1912 hominis
1209 1859 1467 1915 viderunt
1501 1862 1813 1916 venientem

208 1949 263 2002 in
291 1963 476 2018 regno
495 1963 617 2001 suo.
642 1945 786 2010 Quia
806 1947 907 2000 hoc
938 1945 1118 2018 ipsum
1151 1948 1230 2002 ita
1257 1950 1606 2020 conspexisse
1635 1956 1816 2005 trans-

209 2039 524 2108 ﬁguratum
556 2035 614 2088 in
643 2035 880 2089 formam
905 2035 1192 2100 claritatis,
1220 2039 1319 2106 jan
1348 2037 1549 2092 vidisse
1568 2057 1694 2094 eum
1714 2040 1819 2094 fuit

209 2125 536 2180 venientem
569 2123 626 2178 in
663 2140 836 2194 regno
861 2123 1052 2194 gloriae
1089 2141 1220 2180 suae.
1254 2125 1360 2180 Ubi
1398 2128 1818 2184 transformatio

213 2215 536 2270 claritatem
568 2211 783 2266 addidit
811 2229 873 2267 ex
908 2214 1201 2284 majestate
1245 2215 1586 2282 Divinitatis,
1619 2217 1713 2271 sed
1741 2217 1818 2271 fa-

214 2305 356 2360 ciem
389 2320 510 2358 non
538 2301 812 2356 subtraxit
841 2303 1226 2358 humanitatis.
1259 2303 1408 2374 Ergo
1431 2305 1525 2358 ubi
1556 2307 1820 2376 splendor

213 2394 378 2448 faciei
413 2395 540 2462 ejus
569 2397 628 2446 et
665 2391 874 2446 candor
901 2397 1356 2448 vestimentorum
1391 2395 1724 2457 ostenditur,
1759 2401 1822 2449 ut

213 2483 354 2546 dixi,
408 2499 516 2536 nec
544 2481 712 2536 facies
757 2497 860 2536 nec
885 2481 1282 2537 vestimentum
1324 2499 1518 2537 verum
1559 2483 1820 2538 habuisse

214 2577 482 2644 negatur,
515 2570 612 2625 sed
645 2587 882 2642 quorum
906 2571 980 2625 sit
999 2571 1262 2642 splendor
1277 2577 1375 2626 aut
1391 2573 1601 2626 candor
1620 2574 1714 2644 qui
1739 2591 1821 2628 re-

215 2661 376 2717 fulsit
405 2661 536 2715 luce
573 2660 779 2714 clarius
809 2660 1145 2714 declaratur.
1178 2661 1336 2716 Unde
1367 2661 1594 2732 quidam
1628 2664 1822 2718 volunt

216 2759 482 2806 astruere
536 2749 593 2803 in
623 2749 1034 2804 resurrectione
1085 2751 1280 2821 judicii
1311 2751 1527 2810 aeterni.
1563 2767 1674 2805 non
1720 2769 1822 2807 nos

214 2841 375 2896 nuda
399 2855 658 2911 corpora,
697 2838 950 2910 quamvis
990 2839 1440 2910 incorruptibilia
1469 2841 1657 2913 futura
1687 2841 1818 2906 sint,

213 2930 539 2991 habituros,
597 2928 695 2982 sed
760 2927 1115 2982 lineamentis
1166 2927 1399 2982 vestium
1464 2929 1825 2986 circumtecta

1895 1770 1990 1840 qui
2020 1771 2156 1824 talia
2204 1788 2316 1824 non
2368 1777 2598 1840 possunt
2643 1770 2822 1823 facere
2845 1770 3178 1824 vestimenta
3206 1771 3490 1827 doctrina-

1893 1875 2040 1920 rum.
2073 1861 2226 1913 salvo
2251 1859 2436 1912 altiori
2465 1859 2776 1915 intellectu.
2801 1859 3082 1929 sapientes
3110 1861 3297 1914 saeculi
3319 1861 3491 1931 hujus

1897 1964 2194 2018 possumus
2238 1948 2570 2017 intelligere,
2605 1948 2702 2018 qui
2741 1947 3105 2018 philosophia:
3135 1954 3193 2002 et
3236 1949 3490 2004 omnium

1899 2035 2212 2091 liberalium
2242 2038 2449 2091 artium
2465 2037 2674 2090 habent
2701 2037 3073 2106 diligentiam,
3100 2044 3156 2091 et
3183 2037 3414 2097 student
3431 2036 3491 2092 in

1904 2125 1987 2178 his
2009 2126 2261 2194 quotidie
2290 2131 2346 2180 et
2374 2126 2742 2188 delectantur,
2769 2132 2830 2180 ut
2866 2144 2967 2180 sua
2998 2127 3258 2182 facundia
3279 2126 3493 2198 possint

1900 2215 2236 2284 persuadere
2264 2216 2519 2269 homines
2565 2215 2634 2268 ad
2671 2233 2830 2268 suam
2861 2215 3191 2282 doctrinam,
3223 2223 3278 2270 et
3327 2213 3490 2270 incli-

1901 2320 2036 2357 nare
2057 2305 2274 2357 animos
2287 2304 2633 2373 singulorum
2647 2305 2717 2357 ad
2735 2321 2838 2358 sua
2855 2305 3092 2366 fallacia,
3107 2323 3230 2376 quae
3252 2306 3494 2358 multum

1895 2393 2162 2462 jactitant
2184 2411 2304 2447 esse
2347 2394 2632 2464 praeclara,
2653 2394 2733 2448 ita
2761 2400 2826 2448 ut
2864 2394 3160 2449 videantur
3194 2411 3258 2448 ea
3291 2411 3493 2448 ornare

1902 2481 2018 2534 suis
2043 2482 2224 2546 dictis,
2256 2489 2320 2535 ut
2348 2482 2562 2552 possint
2581 2482 2935 2536 introducere
2960 2500 3074 2537 suae
3103 2483 3240 2538 artis
3269 2482 3495 2554 ingenio

1903 2571 2156 2624 homines
2185 2572 2256 2624 ad
2291 2576 2476 2636 700
2504 2577 2697 2642 turpes
2735 2588 2926 2625 eorum
2963 2571 3296 2634 intellectus,
3330 2581 3386 2625 et
3424 2571 3495 2626 ad

1901 2677 2073 2730 prava
2099 2660 2364 2729 dogmata
2403 2677 2522 2714 sua.
2558 2660 2701 2714 Hinc
2745 2667 3021 2714 conantur
3058 2677 3190 2714 suos
3235 2659 3495 2714 dealbare

1903 2767 2206 2811 sermones,
2243 2750 2398 2820 quasi
2431 2757 2551 2804 arte
2577 2749 2860 2808 fullonica.
2891 2756 2948 2804 et
2977 2749 3244 2804 candidos
3274 2766 3369 2803 eos
3410 2747 3498 2802 fa-

1905 2856 2029 2892 cere
2060 2856 2160 2893 suo
2181 2840 2422 2910 eloquio.
2451 2839 2558 2894 Sed
2591 2839 2776 2894 nullus
2818 2839 3042 2894 illorum
3091 2855 3260 2910 super
3285 2844 3498 2892 terram

1905 2929 2017 2982 tale
2065 2929 2276 3000 aliquid
2323 2929 2508 3000 potuit
2548 2929 2753 2984 cudere
2800 2929 2885 2982 vel
2933 2927 3224 2991 fabricare,
3267 2927 3400 2998 quia
3429 2925 3499 2980 de

211 3019 556 3092 spiritaliter
584 3023 753 3088 atque
785 3015 1282 3088 incorruptibiliter
1301 3019 1590 3074 contextis.
1611 3019 1824 3074 Idcirco
1845 3017 1886 3073 (Σ
1905 3026 2056 3072 terra
2077 3023 2256 3076 erant.
2282 3025 2339 3072 et
2364 3017 2491 3072 ideo
2511 3024 2738 3072 terrena
2759 3017 3110 3072 solummodo
3139 3023 3196 3070 et
3221 3031 3501 3088 perpauca

209 3107 556 3163 vestimenta
577 3107 701 3177 ejus
723 3106 962 3160 candida
981 3105 1128 3160 facta
1139 3105 1310 3160 fuisse
1335 3106 1602 3177 leguntur
1621 3118 1685 3162 ut
1703 3109 1816 3164 nix.

212 3197 290 3252 Et
317 3204 386 3252 ut
405 3197 566 3251 alius
584 3195 934 3266 Evangelista
963 3194 1114 3260 dicit,
1143 3197 1343 3262 Qualia
1363 3197 1506 3264 fulto
1535 3212 1698 3266 super
1719 3203 1821 3252 ter-

214 3302 353 3340 ram
383 3303 498 3340 non
521 3291 688 3354 potest
719 3286 897 3351 facere
930 3285 1117 3348 (Marc.
1141 3297 1220 3349 Ix,
1241 3284 1332 3352 '2);
1377 3285 1508 3355 quia
1537 3301 1658 3356 quae
1685 3285 1820 3341 fullo

211 3375 406 3430 facere
429 3380 614 3447 potest
643 3389 812 3446 super
829 3379 1066 3433 terram.
1096 3373 1384 3444 corporale
1429 3379 1533 3439 est,
1563 3381 1620 3428 et
1646 3375 1821 3430 tactui

211 3465 500 3536 subjacet,
535 3479 648 3518 non
671 3462 923 3534 spiritale
951 3469 1006 3516 et
1037 3479 1264 3516 aereum
1290 3462 1436 3533 quod
1468 3463 1668 3517 illudat
1691 3481 1821 3518 ocu-

210 3553 305 3614 lis.
346 3561 406 3607 et
451 3558 671 3606 tantum
711 3551 770 3605 in
819 3551 1212 3622 phantasmate
1255 3551 1648 3622 conSpiciatur,
1681 3552 1828 3606 sicut

212 3660 322 3698 nec
353 3643 449 3696 illa
475 3659 599 3713 quae
629 3640 685 3695 in
714 3640 902 3694 futuro
935 3647 1102 3694 erunt
1149 3645 1476 3711 tegumenta
1503 3641 1751 3712 corporis
1779 3641 1824 3696 si

212 3732 371 3786 forte
389 3739 580 3794 erunt,
609 3745 716 3784 non
749 3729 861 3784 alia
888 3745 1056 3800 quam
1089 3729 1366 3800 spiritalia
1395 3735 1452 3783 et
1474 3746 1604 3783 vera
1638 3736 1806 3784 erunt

215 3820 402 3874 Porro
449 3819 597 3890 quod
647 3819 859 3872 Marcus
911 3818 1010 3884 ait,
1043 3817 1110 3872 Et
1156 3821 1476 3872 vestimenta
1515 3822 1632 3888 ejus
1679 3819 1827 3886 facta

214 3913 426 3975 βω
450 3912 586 3962 sunt
606 3909 971 3976 splendentia,
1001 3911 1050 3961 et
1069 3908 1308 3962 candida
1331 3911 1503 3962 nimis
1531 3911 1677 3962 velut
1706 3911 1824 3971 nix,

215 4000 426 4068 qualia
453 3983 597 4063 fullo
619 4012 784 4064 super
803 4001 1032 4063 terram,
1049 4012 1162 4050 non
1177 4001 1348 4065 potest
1369 3997 1608 4050 candida
1628 3998 1824 4063 facere,

217 4085 488 4158 spiritale
507 4085 613 4139 loci
644 4085 816 4156 hujus
835 4085 1086 4139 insinuat
1114 4085 1562 4156 intelligentiam,
1593 4102 1689 4140 seu
1712 4101 1826 4139 mo-

215 4177 427 4231 ralem.
463 4175 623 4230 Unde
654 4175 786 4246 quia
835 4175 1164 4230 vestimenta
1193 4175 1420 4241 Christi,
1455 4175 1654 4246 quibus
1682 4191 1826 4247 prte-

1903 3107 2214 3178 sapiebant.
2245 3109 2318 3161 At
2348 3124 2474 3162 vero
2504 3108 2666 3162 Jesus
2694 3114 2887 3160 noster
2920 3105 3354 3177 benignissimus
3375 3105 3501 3160 Sal-

1905 3203 2060 3250 vator
2071 3203 2128 3250 et
2139 3195 2510 3267 peritissimus
2523 3196 2794 3266 magister
2809 3195 3161 3267 splendentia
3171 3195 3501 3248 vestimenta

1903 3302 2004 3339 sua
2050 3285 2480 3340 ascendentibus
2532 3303 2722 3340 secum
2763 3301 2931 3356 supra
2962 3290 3210 3338 montem
3256 3282 3504 3338 ostendit

1904 3390 2014 3427 non
2044 3374 2484 3445 quibuscunque,
2509 3375 2608 3428 sed
2637 3374 2820 3444 dignis
2843 3379 2901 3427 et
2925 3372 3280 3444 gratissimis.
3297 3373 3501 3427 Osten-

1907 3462 1990 3515 dit
2009 3463 2178 3525 enim,
2203 3462 2334 3516 licet
2361 3479 2395 3514 a
2416 3461 2830 3516 fastidientibus
2851 3467 2908 3516 et
2923 3461 3158 3516 indoctis
3183 3460 3502 3531 despician-

1906 3557 2018 3614 tur,
2052 3551 2450 3622 splendidiora,
2480 3568 2647 3621 quam
2670 3551 2895 3604 illorum
2921 3567 3012 3604 ars
3035 3549 3299 3604 fullonica
3319 3549 3500 3603 facere

1911 3640 2171 3710 potuerit.
2205 3643 2560 3711 Quapropter
2592 3645 2653 3694 ut
2672 3657 2819 3710 saepe
2840 3640 3050 3702 monui,
3073 3645 3130 3692 et
3151 3655 3376 3692 monere
3395 3639 3504 3691 fre-

1910 3734 2146 3798 quenter
2195 3727 2390 3789 debeo,
2415 3745 2578 3782 nemo
2623 3728 2983 3798 Evangelium
3033 3744 3130 3780 seu
3187 3726 3502 3796 Scripturas

1909 3817 2124 3871 divinas
2153 3817 2428 3870 desidiose
2447 3819 2612 3886 legat,
2638 3833 2800 3870 nemo
2821 3815 3024 3869 altiora
3041 3814 3502 3887 phil030phorum

1905 3907 2119 3978 judicet
2145 3907 2385 3978 eloquia,
2413 3924 2651 3978 quorum
2682 3922 2962 3977 nusquam
2994 3905 3078 3958 vel
3108 3920 3357 3975 unquam
3371 3899 3498 3971 fuit,

1911 3996 2006 4068 qui
2027 3997 2139 4050 tale
2179 4003 2244 4050 ut
2273 3996 2483 4050 dictum
2513 4003 2618 4062 est,
2641 3995 2849 4066 aliquid
2874 3995 3053 4049 facere
3082 4011 3180 4048 seu
3207 3993 3392 4048 dicere
3409 4009 3504 4064 po-

1907 4085 2099 4140 tuerit.
2129 4086 2196 4138 Et
2215 4093 2279 4139 ut
2303 4084 2643 4140 mirabiliora
2662 4090 3130 4150 monstrarentur,
3149 4101 3272 4155 quae
3292 4083 3506 4138 ﬁebant

1907 4175 1966 4229 in
1997 4180 2184 4228 monte
2219 4193 2230 4227 :

215 4265 582 4320 clarissimus
606 4264 860 4318 induitur
872 4265 900 4319 ,Ι
907 4281 1054 4328 esus,
1078 4265 1503 4335 Evangeliorum
1525 4265 1688 4318 credo
1707 4281 1829 4320 esse
1849 4291 1896 4350 ι)
1987 4265 2130 4327 Ecce,
2165 4263 2364 4335 inquit,
2387 4267 2648 4333 apparuit
2673 4267 2787 4320 illis
2817 4262 3018 4332 Moyses
3045 4266 3092 4319 et
3123 4261 3271 4320 Elius
3294 4279 3420 4319 cum
3449 4279 3508 4320 eo

213 4357 590 4420 documenta,
623 4353 1070 4425 quibusindutus
1101 4371 1287 4408 serum
1319 4353 1748 4409 ascendentibus
1773 4355 1830 4410 in

213 4451 486 4499 montem
509 4445 788 4498 excelsum
818 4444 1056 4498 candida
1081 4445 1219 4498 ﬁunt
1251 4444 1435 4509 nimis,
1459 4449 1516 4498 et
1533 4444 1832 4514 splenden-

211 4535 330 4590 tia.
368 4533 479 4589 Sed
496 4534 631 4605 quia
651 4535 1112 4588 vestimentorum
1138 4533 1328 4588 multa:
1349 4539 1481 4588 sunt
1509 4533 1833 4588 differentiae

213 4623 623 4687 candidorum,
658 4623 755 4676 illa
793 4639 915 4693 quae
953 4622 1022 4676 de
1043 4622 1268 4677 Christo
1288 4629 1420 4677 sunt
1448 4622 1504 4676 in
1537 4622 1834 4693 Evangelia

215 4712 595 4775 documenta,
621 4710 824 4782 quibus
839 4727 899 4764 se
919 4710 1074 4764 indui
1093 4711 1354 4781 dignatus
1368 4717 1472 4774 est,
1491 4712 1633 4766 fiunt
1650 4711 1838 4765 divina

215 4800 771 4872 contemplantibus,
817 4816 930 4854 non
960 4799 1441 4872 qualitercuuque,
1474 4800 1570 4854 sed
1601 4799 1837 4854 candida

215 4898 284 4946 et
318 4891 682 4960 splendentia
729 4889 876 4943 sicut
906 4890 1116 4943 lumen.
1151 4889 1308 4952 Quod
1339 4889 1387 4942 si
1431 4889 1512 4943 ita
1559 4889 1838 4943 illustrata

216 4981 541 5053 splendore
552 4978 896 5050 conspicitur
907 4979 1228 5032 humanitas
1245 4978 1454 5032 Christi
1467 4978 1521 5032 in
1540 4978 1838 5032 Divinitate

215 5089 292 5127 su
321 5091 336 5122 ι
392 5086 518 5124 cum
552 5069 622 5122 ad
666 5067 866 5122 altiora
911 5085 1068 5121 mens
1120 5068 1462 5138 provehitur,
1501 5067 1633 5137 quid
1675 5073 1840 5138 putas

217 5167 459 5232 quanta
505 5157 734 5212 claritas
779 5157 1018 5227 refulget
1043 5156 1360 5210 Divinitatis
1392 5157 1452 5210 in
1489 5156 1840 5215 humanitate

215 5248 469 5305 carnis?
495 5247 658 5303 Unde
673 5246 963 5316 signanter
983 5252 1218 5318 uterque
1241 5245 1718 5316 Evangelistarum
1738 5244 1834 5310 ait,

214 5338 381 5411 quia
410 5338 590 5391 Facies
625 5341 740 5404 ejus
765 5338 905 5390 sicut
949 5339 1027 5389 sol
1055 5338 1206 5402 facta
1245 5340 1339 5398 est,
1370 5337 1690 5389 vestimenta
1717 5350 1841 5388 vero

215 5427 487 5484 candida
505 5429 651 5479 sicut
683 5428 814 5490 nix;
837 5424 1103 5496 quoniam
1129 5424 1248 5496 ipse
1268 5429 1356 5478 est
1377 5424 1460 5478 sol
1481 5423 1716 5494 justitiae
1747 5423 1842 5495 qui

209 5513 433 5602 illuxit
452 5522 510 5573 et
533 5513 875 5596 illuminavit
903 5513 976 5572 ad
990 5514 1272 5596 justitiam
1292 5513 1601 5573 credentes.
1630 5513 1742 5572 Sed
1760 5519 1844 5572 ta-

1915 4357 2206 4422 loquantes.
2238 4354 2565 4424 Quicunque
2596 4371 2728 4424 ergo
2759 4353 3024 4424 intelligit
3049 4353 3355 4424 spiritalem
3385 4369 3507 4408 esse

1916 4443 2116 4512 legem,
2157 4449 2214 4496 et
2251 4459 2349 4513 per
2384 4446 2604 4512 Moysen
2639 4443 2816 4512 legem
2849 4443 3170 4513 significari,
3204 4458 3420 4496 necnon
3451 4446 3510 4496 et

1914 4549 2016 4603 per
2040 4532 2218 4586 Eliam
2251 4531 2498 4585 omnium
2539 4531 2938 4602 prophetarum
2985 4529 3245 4584 vaticinia
3274 4530 3508 4584 demon-

1917 4621 2082 4676 strari
2104 4620 2252 4692 (qua:
2284 4620 2510 4674 omnino
2542 4620 2790 4674 ﬁdelium
2819 4620 3007 4674 nullus
3023 4619 3244 4674 dubitat
3263 4620 3332 4672 de
3351 4617 3512 4673 Chri-

1917 4717 2002 4764 sto
2032 4712 2426 4782 praenuntiare;
2451 4710 2538 4762 hic
2572 4708 2892 4780 plenissime
2917 4707 3222 4780 cognoscit,
3253 4725 3426 4780 quare
3447 4706 3508 4762 hi
3561 4692 3566 4701 I

1917 4799 2027 4854 duo
2057 4807 2276 4854 tantum
2307 4817 2432 4852 cum
2457 4816 2522 4853 eo
2543 4799 2600 4852 in
2642 4805 2831 4853 monte
2860 4805 2916 4852 et
2939 4799 2998 4852 in
3019 4799 3200 4869 gloria
3237 4811 3510 4870 apparue-

1918 4888 2048 4944 rint.
2077 4889 2234 4953 Quod
2258 4887 2394 4942 satis
2416 4888 2592 4942 Lucas
2619 4887 2928 4943 evidentius
2945 4888 3350 4954 ostendit,cum
3375 4885 3512 4942 dicit

1921 4979 2065 5048 quod
2095 4973 2150 5032 hi
2181 4981 2291 5032 duo
2321 4995 2446 5031 cum
2473 4993 2536 5030 eo
2559 4977 2657 5030 visi
2687 4978 2801 5032 sint
2827 4977 3279 5050 colloquentesin
3305 4975 3504 5046 gloria,

1923 5068 1985 5120 Et
2016 5071 2265 5120 dicebant
2287 5083 2556 5120 excessum
2599 5071 2714 5134 ejus
2743 5083 2902 5135 quem
2938 5069 3270 5134 impleturus
3298 5068 3417 5117 erat
3445 5065 3512 5117 in

1921 5158 2242 5210 Jerusalem.
2270 5156 2373 5210 Ubi
2395 5155 2660 5222 ostendit,
2685 5157 2832 5226 quod
2867 5157 2950 5210 lex
2970 5161 3026 5210 et
3055 5152 3347 5226 prophetia
3368 5167 3513 5208 sem-

1921 5260 2022 5314 per
2038 5261 2160 5297 cum
2183 5246 2312 5299 Jesu
2335 5254 2483 5311 sunt,
2511 5251 2567 5300 et
2581 5263 2705 5300 cum
2723 5263 2788 5300 eo
2807 5246 3221 5316 colloquuntur;
3243 5247 3301 5296 et
3321 5241 3513 5298 omnia

1927 5349 2269 5404 quacunque
2293 5335 2470 5404 gessit
2492 5335 2548 5388 in
2589 5336 2818 5394 mundo.
2842 5335 2927 5389 vel
2959 5351 3080 5407 quae
3102 5349 3369 5406 passurus
3390 5335 3512 5387 erat

1927 5423 2344 5494 Hierosolymis,
2392 5431 2590 5479 cuncta
2641 5425 2849 5480 crebris
2889 5424 3108 5480 vocibus
3153 5423 3510 5478 denuntiant.

1924 5513 1995 5572 Et
2023 5513 2150 5571 ideo
2177 5526 2347 5589 quam
2376 5511 2514 5597 bene
2532 5521 2598 5574 ut
2624 5515 2762 5576 ﬁdes
2791 5515 3220 5596 confirmaretur
3237 5507 3512 5587 apostolo:
