3888 6172
499 234 601 295 583

1259 229 1316 282 S.
1359 225 1739 282 PASCHASII
1779 223 2139 311 RADBERTI
2175 223 2481 280 ABBATIS
2519 185 3014 278 CQRBEIENSIS.

3582 225 3658 284 584

497 379 646 426 rum,
681 365 739 414 et
766 351 1450 429 augeaturintelligentia,
1484 367 1610 402 cum
1643 366 1707 403 eo
1735 349 1823 402 hic
1859 347 2087 418 conspi-
2111 354 2150 406 Α
2179 349 2448 418 (quamvis
2477 365 2540 400 ex
2561 347 2762 401 alfectu
2784 346 2993 400 Christi
3010 347 3662 415 amoris),considemudum,

499 449 726 506 ciuhtur
747 449 805 500 in
833 444 1012 516 gloria
1034 461 1047 508 ;
1075 458 1314 513 quorum
1339 457 1485 494 unus
1505 440 1572 492 de
1593 439 1730 490 coelo
1753 437 1964 490 venisse
1984 452 2094 507 quo

496 544 693 610 raptus
722 535 908 589 fuerat
946 532 1177 601 mystice
1221 535 1618 601 pertractatur.
1666 527 1808 579 alter
1855 543 1980 578 vero
2024 524 2094 578 ab

497 625 692 682 inferis
757 621 1148 678 exsurrexisse.
1218 619 1297 672 De
1365 619 1466 670 hoc
1523 615 1728 687 quippe
1793 615 1952 684 signo
2016 613 2097 666 di-

499 722 650 770 ctum
715 714 899 766 fuerat
943 710 1014 764 ad
1077 709 1260 762 Achaz
1317 723 1416 776 per
1466 705 1668 760 lsaiarn
1727 703 2091 774 prophetam,

497 805 618 859 Pete
648 803 749 856 tibi
788 803 1009 868 signum
1059 799 1123 851 de
1161 801 1302 855 coelo,
1335 799 1434 848 aut
1483 796 1546 848 de
1571 794 1850 862 profundo
1884 793 2098 859 inferni

481 894 628 964 .(Isa.
662 904 760 950 vn.
800 889 906 960 il),
955 887 1100 958 quod
1141 892 1198 940 et
1250 884 1472 938 Judaeos
1513 882 1734 952 signum
1779 897 1951 952 supra
2000 897 2097 950 pe-

497 981 654 1036 tiisse
693 979 952 1050 legimus.
985 975 1090 1030 Sed
1125 975 1215 1028 hic
1256 971 1654 1042 congruentius
1702 970 1845 1023 ratio
1905 986 2096 1040 posce-

495 1069 614 1136 bat,
666 1074 731 1122 ut
763 1069 1217 1121 monstrarentur
1261 1061 1317 1115 in
1361 1077 1596 1131 quorum
1642 1060 1771 1112 hinc
1801 1059 1929 1112 inde
1977 1075 2094 1112 me-

498 1158 591 1216 dio
616 1159 780 1212 Jesus
813 1156 963 1209 visus
992 1159 1078 1207 est
1117 1152 1176 1206 in
1210 1150 1392 1222 gloria
1419 1167 1430 1200 :
1469 1149 1600 1219 quia
1640 1149 1726 1202 lex
1755 1153 1812 1201 et
1855 1147 2096 1217 prOphe-

498 1249 581 1303 tia
616 1251 794 1313 θυι
822 1260 1044 1314 semper
1063 1258 1192 1296 eum
1225 1239 1528 1311 praedicare
1558 1254 1670 1291 non
1699 1243 1936 1302 cessant,
1960 1253 2100 1289 sem-

500 1353 712 1408 perque
743 1350 806 1386 ac
821 1333 869 1386 si
885 1333 997 1386 duo
1021 1335 1195 1384 testes
1211 1345 1337 1382 cum
1364 1325 1530 1381 verbo
1551 1327 1878 1397 loquuntur.
1904 1327 2098 1396 Neque

501 1425 656 1480 enim
677 1427 860 1494 potest
879 1437 1001 1474 esse
1025 1420 1112 1473 lex
1143 1417 1262 1472 sine
1291 1415 1476 1482 verbo,
1504 1432 1685 1486 neque
1713 1415 1986 1486 pr0phota
2015 1413 2098 1466 vel

500 1511 815 1584 prOphetia,
845 1509 952 1563 nisi
1001 1524 1123 1579 quae
1167 1507 1236 1560 de
1277 1505 1378 1559 Dei
1425 1504 1564 1558 Filio
1607 1505 1921 1575 prophetat.
1959 1503 2100 1555 Hinc

2175 443 2238 491 ut
2267 437 2346 492 ita
2375 438 2570 498 fatear,
2600 453 2769 506 quam
2800 436 2953 490 fatue
2991 436 3249 506 loquitur,
3283 438 3566 508 quantisque
3586 439 3666 492 im-

2177 527 2415 596 plicatur
2455 525 2762 580 erroribus.
2793 525 2936 588 Quia
2965 542 3093 580 cum
3121 526 3262 580 Deus
3295 525 3348 580 in
3373 543 3514 582 carne
3539 528 3668 590 venit,

2186 617 2519 669 Tabcrnacul
2527 633 2621 668 um
2639 618 2734 668 [lci
2761 616 2968 668 iactum
2989 621 3074 669 est
3101 631 3222 669 cum
3241 616 3517 670 hominibus
3533 619 3669 684 (Apoc.

2178 719 2287 758 xxx.
2326 703 2393 770 3).
2430 705 2552 759 Non
2601 704 2711 757 tria
2740 703 3037 774 siquidem.
3079 704 3177 758 sed
3229 720 3414 766 unum;
3443 705 3552 774 quia
3583 704 3681 760 licet

2181 792 2366 857 Pater,
2399 798 2456 846 et
2483 793 2674 857 Filius,
2715 801 2774 848 et
2803 793 3045 864 Spiritus
3071 801 3311 858 sanctus,
3346 799 3448 848 tres
3471 793 3561 848 sint
3583 810 3678 865 per-

2181 898 2348 948 sonm,
2378 898 2551 935 unum
2597 893 2788 936 tamen
2824 888 2910 936 est
2939 900 3132 936 eorum
3175 882 3553 937 tabernaculum
3585 882 3684 938 luti-

2181 971 2314 1024 dum
2346 977 2402 1023 et
2428 972 2790 1040 praeclarum;
2825 971 3108 1030 similiter.
3140 973 3246 1026 etsi
3273 978 3379 1026 tres
3403 972 3490 1026 visi
3518 976 3622 1026 sunt
3641 971 3681 1024 in

2176 1059 2376 1130 gloria,
2402 1060 2658 1115 Christus
2691 1059 2963 1124 videlicet,
2999 1062 3218 1132 Moyses
3247 1067 3301 1115 et
3327 1060 3480 1125 Elias,
3498 1076 3590 1114 non
3607 1059 3685 1114 nisi

2179 1165 2274 1202 eos
2302 1165 2414 1202 una
2433 1149 2609 1204 nubes
2639 1149 2956 1214 obumbrat,
2991 1167 3277 1220 unumque
3302 1154 3364 1204 ut
3379 1153 3598 1221 protegat
3614 1147 3685 1202 ob-

2180 1239 2346 1292 volvit
2398 1244 2454 1292 et
2483 1237 2782 1294 obumbrat
2828 1239 3270 1296 tabernaculum.
3311 1239 3454 1302 Quod
3491 1236 3688 1292 taberna-

2181 1328 2386 1390 culum,
2437 1327 2569 1398 quia
2620 1328 2738 1398 ipse
2786 1334 2891 1391 est,
2925 1328 3104 1382 nubes
3152 1328 3332 1382 lucida
3369 1328 3478 1380 sine
3519 1333 3686 1397 pace-ito

2181 1418 2447 1487 seipsum,
2467 1423 2524 1472 et
2541 1417 2635 1488 qui
2659 1435 2783 1471 cum
2805 1435 2870 1470 eo
2894 1425 3042 1479 sunt,
3068 1417 3314 1474 defendit
3337 1417 3401 1472 ab
3423 1417 3554 1470 omni
3569 1421 3686 1477 testu,

2183 1513 2239 1560 et
2267 1506 2570 1560 illuminat.
2605 1507 2721 1560 Hoc
2749 1507 2954 1578 quippe
2985 1513 3071 1561 est
3090 1507 3373 1578 proprium
3397 1505 3690 1560 tabernaculi.

503 1602 704 1655 Petrus
749 1617 814 1654 ac
844 1597 944 1652 tilii
973 1596 1206 1651 tonitrui
1237 1593 1509 1665 corporali
1551 1592 1610 1646 in
1651 1593 1833 1663 gloria
1869 1593 2097 1662 Moysen
2119 1587 2166 1647 B
2185 1603 2248 1648 ut
2275 1595 2490 1666 aliquos
2519 1595 2816 1649 obumbret
2842 1597 2946 1650 sub
2984 1613 3064 1650 se.
3103 1597 3258 1652 Unde
3281 1595 3448 1650 nubes
3474 1595 3623 1652 lucida
3653 1593 3694 1646 in

504 1697 562 1746 et
600 1689 777 1744 Eliam
806 1704 932 1742 cum
963 1687 1186 1740 Christo
1216 1685 1509 1755 loquentes
1539 1683 1918 1753 speculantur.
1949 1681 2100 1744 Quos

503 1780 674 1834 etiam
707 1784 762 1832 et
786 1793 906 1841 nos,
929 1775 1183 1845 quamvis
1215 1772 1452 1843 indigni,
1468 1771 1714 1841 quotidie
1735 1787 1860 1824 cum
1883 1786 1947 1822 eo
1965 1785 2097 1822 con-

466 1859 472 1941 ί
502 1868 819 1923 fabulantes
849 1864 1130 1930 audimus,
1160 1861 1328 1916 etiam
1357 1860 1687 1916 clariiicatos
1718 1860 1772 1912 in
1801 1858 2098 1928 Evangelio

503 1956 986 2026 contemplamur;
1027 1951 1292 2031 quoniam
1343 1951 1429 2003 lex
1488 1956 1545 2003 et
1600 1948 1894 2020 prophetia
1940 1948 1998 2000 in
2036 1963 2102 2000 eo

503 2046 781 2116 completa
813 2051 964 2098 sunt.
1001 2042 1307 2112 Propterea
1332 2046 1390 2094 et
1433 2040 1594 2094 Jesus
1636 2038 1787 2092 solus
1819 2037 1928 2090 illis
1959 2053 2106 2090 rece-

503 2134 766 2190 dentibus
795 2131 1094 2198 remansit;
1142 2129 1274 2200 quia
1306 2131 1408 2182 [σθαι
1442 2134 1492 2182 et
1523 2129 1792 2196 propheta:
1831 2142 1995 2192 usque
2034 2125 2106 2177 ad

501 2227 772 2280 Joannem
806 2223 953 2286 (Luc.
1005 2233 1117 2285 xvt,
1157 2218 1234 2286 16)
1281 2218 1527 2288 fuerunt.
1580 2216 1791 2270 Deinde
1839 2219 2107 2268 evacuata

467 2299 472 2308 ’
507 2318 594 2367 est
637 2311 819 2382 gloria
853 2308 1040 2362 vultus
1071 2323 1284 2371 eorum,
1319 2311 1381 2360 ut
1425 2306 1576 2358 solus
1622 2306 1782 2358 Jesus
1828 2303 2101 2368 Christus,

510 2418 676 2472 quem
700 2399 1086 2470 praedicarant,
1123 2396 1190 2450 de
1222 2412 1331 2466 quo
1361 2394 1549 2448 omnia
1579 2411 1700 2464 qua:
1729 2395 1917 2446 futura
1944 2397 2108 2446 erant

507 2489 901 2563 praedixerant.
944 2485 1200 2539 videatur
1229 2484 1286 2538 in
1331 2483 1513 2554 gloria
1545 2481 1644 2536 Dei
1693 2481 1894 2545 Patris,
1929 2487 1986 2534 et
2011 2497 2106 2534 an-

475 2629 478 2634 .
512 2578 808 2633 nuntietur
835 2576 892 2630 in
913 2575 1128 2629 cunctis
1151 2573 1416 2644 gentibus
1437 2572 1507 2626 ab
1539 2571 1623 2626 his
1641 2571 1852 2642 quieos
1873 2573 2107 2641 possunt

509 2667 697 2722 videre
726 2682 853 2720 cum
899 2681 966 2718 eo
1011 2663 1228 2734 jugiter
1272 2662 1670 2732 colloquentes.
1713 2660 1990 2724 Quoniam
2049 2658 2104 2712 hi

509 2756 621 2812 duo
641 2761 861 2810 tantum
891 2758 1024 2807 sunt
1043 2752 1137 2823 qui
1187 2752 1391 2806 docent
1419 2751 1487 2804 de
1517 2767 1745 2804 excessu
1778 2751 1921 2820 ejus,
1954 2753 2011 2802 et
2037 2747 2106 2801 de

511 2845 771 2901 omnibus
809 2860 932 2914 quae
976 2842 1150 2912 gessit
1185 2833 1456 2895 universa
1501 2839 1786 2911 mysteria.
1820 2838 1924 2902 Qui
1977 2837 2109 2890 licet

511 2935 808 2989 videantur
837 2930 1149 2990 recessisse,
1175 2929 1308 3000 quia
1330 2929 1449 3000 jam
1473 2928 1599 2982 novi
1617 2928 1754 2980 nihil
1781 2927 2102 2998 praedicant,

2182 1701 2293 1754 qua
2322 1689 2444 1736 erat
2470 1683 2711 1754 Spiritus
2741 1691 2987 1748 sanctus,
3012 1684 3364 1740 obumbravit
3390 1701 3476 1738 eos
3501 1683 3581 1754 qui
3603 1698 3693 1738 cum

2181 1773 2402 1828 Christo
2435 1789 2608 1827 unum
2641 1781 2804 1828 erant
2832 1774 2886 1827 in
2925 1775 3244 1844 Evangelia,
3277 1779 3331 1828 et
3355 1779 3462 1828 tres
3489 1777 3614 1832 istos,
3631 1770 3696 1840 qui

2179 1863 2441 1916 deorsum
2473 1869 2652 1928 erant,
2687 1869 2750 1917 ut
2793 1879 2966 1916 unum
3011 1865 3233 1928 ﬁerent,
3266 1880 3372 1918 non
3404 1861 3582 1916 omisit.
3609 1861 3699 1916 Om-

2185 1951 2347 2006 nibus
2371 1957 2561 2005 tamen
2587 1951 2922 2006 diviniorem
2953 1957 3010 2006 et
3045 1952 3465 2022 splendidiorem
3495 1965 3698 2020 repensa-

2183 2041 2354 2094 tionis
2383 2047 2438 2094 et
2469 2041 2681 2111 requiei
2713 2042 2964 2112 exemplo
3004 2058 3104 2096 suo
3146 2058 3246 2112 per
3301 2041 3492 2096 nubem
3525 2039 3701 2094 demon-

2185 2130 2386 2184 stravit
2412 2135 2632 2184 aeterna:
2659 2130 2863 2200 quietis
2892 2131 3168 2200 requiem,
3191 2148 3312 2202 quae
3341 2133 3618 2202 protegeret
3636 2143 3700 2180 eos

2187 2219 2354 2272 simul
2387 2225 2442 2272 et
2471 2219 2818 2273 illuminaret
2836 2236 3049 2274 omnes.
3069 2221 3219 2274 Dum
3243 2221 3354 2274 haec
3375 2224 3604 2290 aguntur,
3615 2231 3700 2270 ecce

2189 2307 2388 2360 Petrus
2413 2307 2468 2360 in
2491 2307 2592 2360 hac
2621 2307 2927 2362 assertione
2946 2308 3118 2362 trium
3140 2309 3701 2374 tabernaculorumqua-

2187 2401 2316 2450 tuor
2343 2397 2582 2450 incurrit
2608 2404 2665 2450 et
2693 2414 2757 2450 eo
2784 2397 3026 2468 amplius
3043 2414 3284 2462 errores,
3307 2413 3526 2468 quorum
3545 2393 3702 2466 primus

2189 2492 2273 2539 est
2301 2487 2433 2540 dum
2469 2486 2589 2540 fieri
2621 2486 2866 2540 decrevit
2907 2487 3020 2541 tria
3048 2487 3426 2551 tabernacula,
3456 2486 3518 2540 de
3557 2484 3704 2555 quibus

2188 2591 2314 2628 mox
2333 2581 2518 2629 essent
2533 2576 2851 2646 migraturi;
2871 2575 3126 2647 quianon
3141 2581 3204 2631 in
3220 2577 3538 2644 nmnufactis
3551 2573 3704 2627 habitat

2189 2666 2327 2718 Deus
2373 2667 2510 2734 (Act.
2543 2680 2672 2732 xvn,
2703 2665 2812 2730 ‘24),
2847 2683 3028 2737 neque
3075 2667 3182 2720 sub
3229 2667 3480 2722 foliorum
3520 2663 3710 2716 schema-

2187 2753 2356 2813 tibus.
2379 2771 2504 2808 cum
2535 2771 2710 2809 unum
2739 2754 3164 2810 tabernaculum
3185 2752 3608 2826 Evangelium,in
3633 2764 3710 2820 quo

2189 2842 2274 2894 lex
2331 2849 2386 2896 et
2415 2844 2708 2914 prOphetia
2739 2844 3084 2899 couniuutur
3108 2851 3168 2899 et
3219 2845 3564 2916 complentur.
3598 2839 3712 2894 Alius

2189 2947 2346 2984 error
2375 2938 2478 2996 est,
2511 2933 2658 3003 quod
2705 2951 2894 2987 servos
2924 2951 3050 3011 cum
3085 2935 3326 2992 Domino
3358 2937 3596 3003 coaequat.
3621 2927 3715 2980 Ter-

508 3030 700 3078 tamen
729 3022 912 3076 adhuc
942 3019 1106 3072 hodie
1136 3019 1355 3090 Moyses
1384 3017 1546 3072 docet
1574 3033 1674 3070 nos
1721 3017 1790 3070 de
1831 3034 1922 3083 eo,
1954 3021 2012 3068 et
2042 3016 2169 3076 deC
2191 3020 2326 3087 tius,
2349 3029 2620 3092 quantum
2650 3022 2818 3076 datur
2853 3023 3088 3094 intelligi
3146 3023 3404 3094 quianon
3433 3019 3619 3094 putavit
3631 3017 3718 3086 jam

509 3113 606 3168 illo
635 3113 800 3172 Elias,
825 3111 880 3164 id
921 3115 1007 3163 est
1043 3107 1335 3180 prophetia
1366 3107 1632 3178 loquitur.
1656 3106 1834 3159 Hodie
1864 3122 2106 3177 namque

517 3203 745 3273 Moysen
767 3200 824 3253 in
861 3198 1060 3269 majori
1106 3196 1286 3268 gloria
1325 3213 1492 3266 quam
1541 3195 1639 3248 iilii
1681 3195 1874 3251 Israel,
1901 3195 2110 3264 gloriﬁ-

503 3297 697 3348 catum
729 3307 854 3344 cum
885 3287 1110 3342 Christo
1141 3286 1198 3338 in
1229 3291 1418 3339 monte
1439 3284 1833 3355 conspicimus,
1877 3301 1988 3338 non
2019 3301 2108 3338 re-

513 3380 694 3434 velato
715 3379 888 3433 vultu.
915 3377 1006 3430 sed
1035 3375 1282 3430 revelata
1303 3375 1441 3428 facie
1455 3375 1574 3444 jam
1599 3391 1727 3428 eum
1753 3391 2106 3430 veneramur.

511 3471 708 3541 Neque
738 3468 966 3538 Moysen
1011 3472 1111 3520 aut
1161 3465 1338 3519 Eliam
1371 3463 1493 3517 sine
1523 3463 1746 3518 Christo
1769 3463 2107 3530 invenimus,

512 3573 694 3630 neque
715 3556 969 3610 Christus
991 3555 1112 3608 sine
1141 3554 1228 3607 his
1257 3553 1474 3608 duobus
1493 3552 1733 3607 testibus
1751 3554 2104 3623 praedicatur.

512 3646 787 3714 Quoniam
819 3645 922 3700 etsi
958 3644 1014 3697 hi
1055 3644 1165 3698 duo
1198 3648 1419 3696 tantum
1453 3642 1686 3696 Domino
1726 3642 1945 3712 jejunio
1978 3660 2112 3712 qua-

511 3738 774 3808 draginta
801 3735 1022 3789 dierum
1062 3735 1401 3804 junguntur,
1437 3731 1709 3785 Dominus
1739 3739 1930 3785 tamen
1960 3732 2110 3785 solus

485 3834 615 3896 'est,
651 3826 743 3899 qui
801 3825 922 3881 sine
968 3823 1200 3878 alterius
1231 3821 1498 3891 suffragio
1549 3822 1837 3891 jejunasse
1884 3821 2104 3890 legitur,

523 3915 778 3990 quamvis
800 3921 1036 3986 uterque
1067 3929 1261 3967 eorum
1291 3911 1349 3964 in
1377 3928 1564 3966 eremo
1589 3911 1946 3980 jejunaverit.
1981 3910 2110 3974 Qui-

515 4007 617 4062 bus
647 4006 889 4078 profecto
929 4003 1150 4058 indiciis
1189 4002 1524 4062 declaratur,
1559 4000 1705 4071 quod
1756 4000 1839 4054 lex
1891 4005 1948 4054 et
1974 4016 2110 4070 pro-

513 4096 706 4168 phetia
759 4094 960 4155 solum,
993 4108 1116 4162 quae
1167 4090 1424 4145 Christus
1461 4089 1805 4160 adimplevit,
1839 4089 2002 4142 dictis
2047 4105 2111 4144 ac

512 4183 675 4237 factis
694 4182 1124 4236 nuntiaverunt.
1142 4179 1403 4248 Alioquin
1425 4178 1741 4248 ubicunque
1757 4179 1878 4232 sine
1891 4179 2113 4232 Christo

517 4271 722 4342 aliquis
746 4287 938 4324 eorum
963 4269 1202 4324 videtur,
1225 4267 1567 4334 ingloriosus
1598 4267 1792 4337 utique
1815 4267 2110 4337 probatur;

2183 3109 2378 3180 judicii
2409 3110 2558 3164 diem
2592 3111 2904 3176 imminere,
2939 3129 3049 3166 non
3074 3113 3477 3168 interveniente
3497 3115 3662 3170 morte,
3679 3110 3719 3155 et

2189 3197 2314 3252 ideo
2343 3199 2476 3254 dicit
2505 3219 2518 3254 :
2551 3202 2798 3265 Domino,
2830 3203 3030 3256 bonum
3061 3207 3135 3256 est
3161 3206 3315 3258 nobis
3341 3205 3427 3256 hic
3449 3194 3720 3256 cucullos

2190 3288 2396 3359 ipsum,
2429 3295 2492 3343 ut
2519 3289 2632 3344 dixi
2689 3291 3039 3345 mendacium
3075 3297 3194 3351 est;
3233 3293 3366 3363 quia
3389 3291 3434 3344 si
3457 3289 3527 3343 sic
3561 3287 3719 3340 bonum

2191 3386 2356 3443 esset,
2397 3379 2590 3450 utique
2631 3379 2688 3433 in
2719 3397 2782 3434 eo
2815 3380 3265 3451 permansissent
3293 3383 3428 3442 loco,
3463 3395 3556 3434 nec
3578 3381 3721 3430 tamen

2191 3469 2316 3522 aliis
2361 3468 2724 3534 subvenisset,
2758 3487 2870 3524 non
2910 3470 3030 3524 dico
3087 3476 3276 3540 θῦε
3299 3469 3485 3540 generi
3510 3469 3720 3523 humano,

2191 3557 2286 3611 sed
2342 3575 2444 3613 nec
2473 3558 2606 3629 ipsis
2637 3559 2992 3629 coapostolis,
3026 3559 3122 3630 qui
3153 3577 3282 3616 cum
3327 3577 3392 3614 eo
3419 3559 3486 3613 ad
3508 3552 3724 3610 eumdem

2194 3647 2376 3701 locum
2427 3664 2540 3702 non
2591 3648 2976 3704 ascenderant.
3009 3651 3127 3704 Nec
3159 3650 3310 3704 enim
3347 3649 3415 3703 de
3451 3647 3533 3700 his
3564 3636 3724 3711 aliquid

2193 3736 2438 3805 cogitare
2485 3735 2705 3790 videtur
2739 3738 2956 3804 Petrus,
3001 3739 3058 3792 in
3103 3740 3314 3807 quibus
3350 3735 3577 3792 Charitas
3601 3742 3727 3802 quam

2193 3825 2432 3879 maxime
2453 3827 2973 3880 commendabatur.
2991 3828 3194 3882 Adhuc
3213 3847 3279 3882 ex
3310 3829 3413 3881 hoc
3439 3841 3583 3881 error
3598 3833 3727 3891 quar-

2191 3919 2282 3968 tus
2311 3916 2758 3976 commendatur,
2790 3917 2920 3970 dum
2968 3921 3132 3986 putat
3172 3915 3530 3972 tabernacula
3561 3907 3662 3966 ﬁeri
3687 3905 3730 3958 in

2193 4021 2368 4074 regno
2398 4005 2495 4058 Dei
2529 4005 2865 4068 manufactn,
2901 4005 2995 4059 ubi
3025 4023 3125 4060 nec
3149 4008 3307 4062 calor
3334 4025 3434 4062 nec
3462 4005 3638 4073 frigus,
3658 4009 3731 4050 nec

2195 4094 2287 4165 plu
2301 4095 2386 4148 via
2432 4112 2534 4149 nec
2581 4101 2770 4158 aestus,
2804 4095 3000 4166 utique
3031 4113 3134 4149 nec
3156 4097 3274 4152 ulla
3299 4091 3606 4167 inquietudo
3636 4083 3728 4142 erit.

2197 4185 2354 4238 Unde
2383 4185 2640 4254 quamvis
2671 4184 2870 4238 beatus
2898 4186 3186 4256 apostolus
3217 4187 3436 4250 Petrus,
3461 4173 3732 4238 tantoclari~

2197 4275 2328 4328 tatis
2359 4273 2591 4331 lumine.
2626 4279 2894 4345 tantaque
2926 4273 3382 4330 circumvallatus
3418 4271 3604 4345 gloria,
3625 4270 3673 4320 et
3691 4261 3735 4315 il-

518 4360 785 4434 quoniam
809 4357 903 4429 qui
927 4361 1148 4428 Moysen
1172 4355 1488 4410 εοίωηοξὶυῐ
1502 4353 1672 4406 Ellam
1698 4355 1862 4418 Videt.
1885 4358 1981 4409 Dei
2003 4341 2180 4410 Ver-D
2199 4363 2374 4418 lectus
2419 4363 2712 4418 dulcedine
2769 4341 2955 4419 nimia:
3009 4365 3330 4420 suavitatis.
3363 4341 3542 4418 nullus
3577 4367 3735 4426 negare

515 4449 652 4506 bum
679 4447 826 4522 quod
852 4447 1057 4501 factum
1087 4451 1172 4498 est
1199 4442 1270 4496 ad
1290 4443 1618 4512 prophetam
1637 4442 1814 4505 illum,
1835 4446 1916 4497 vel
1935 4446 2112 4509 illum,

517 4541 687 4596 simul
721 4555 846 4593 cum
869 4536 980 4590 illis
1007 4533 1192 4588 videre
1219 4548 1328 4586 non
1355 4537 1566 4602 potest;
1600 4539 1656 4586 et
1675 4532 1990 4604 ubicunque
2015 4535 2115 4589 Dei

513 4627 764 4683 Verbum
784 4643 895 4682 non
926 4631 1030 4690 est,
1061 4641 1189 4677 vere
1214 4621 1507 4695 prophetia
1531 4621 1661 4676 talis
1681 4629 1780 4677 aut
1811 4623 1896 4678 lex
1925 4641 1960 4678 a
1988 4643 2116 4680 vero

516 4734 692 4773 vacua
729 4723 842 4784 est;
875 4715 1008 4788 quia
1037 4713 1314 4781 Christus,
1342 4712 1588 4766 Verbum
1632 4713 1832 4779 Patris,
1862 4731 1990 4769 vere
2021 4732 2112 4770 ve-

517 4805 656 4864 ritas
687 4811 790 4863 est.

583 4896 930 4968 Respondeas
966 4899 1154 4949 autem
1201 4894 1394 4948 Petrus
1425 4893 1570 4947 dixit
1621 4892 1694 4946 ad
1745 4894 1930 4948 Iesum
1963 4913 1978 4947 :
2007 4895 2114 4949 Do-

517 4989 690 5055 mine,
725 4988 923 5040 bonum
956 4990 1030 5038 est
1054 4985 1208 5039 nobis
1232 4985 1321 5036 hic
1347 4999 1470 5036 esse.
1503 4981 1566 5037 Si
1599 4985 1693 5047 vis,
1732 4988 1913 5050 ’ἔθεε
1937 4986 2114 5051 facia-

517 5095 642 5135 mus
655 5077 745 5132 hic
767 5076 880 5130 tria
903 5075 1279 5137 tabernacula,
1303 5074 1405 5125 tibi
1430 5088 1629 5136 mnnn,
1653 5074 1823 5139 Moysi
1846 5090 2042 5133 unum,
2067 5080 2114 5128 et

520 5169 655 5224 Elim
696 5180 896 5221 unum.
923 5163 968 5217 Ο
999 5161 1274 5234 protunda
1297 5161 1557 5215 humana:
1605 5162 1935 5232 ignorantiae
1965 5163 2116 5217 caeci-

520 5263 626 5318 tas,
661 5273 783 5326 quae
811 5258 972 5308 tanta
1013 5251 1312 5304 involvitur
1352 5250 1590 5319 caligine
1630 5251 2001 5314 obscuritatis,
2037 5255 2118 5306 ita

521 5351 586 5401 ut
614 5345 697 5398 vix
719 5348 817 5398 aut
837 5357 1123 5412 nunquam
1154 5340 1329 5411 possit
1346 5356 1594 5408 surgere,
1627 5347 1689 5393 ut
1711 5342 1893 5394 videat
1924 5343 2112 5397 lumen

523 5433 800 5490 claritatis
821 5431 948 5486 Dei!
993 5431 1132 5484 Ecce
1163 5429 1356 5482 beatus
1389 5429 1586 5482 Petrus
1608 5431 1828 5498 quantis
1860 5432 2117 5486 eruditur

525 5521 898 5593 documentis,
930 5519 1154 5595 quantis
1193 5517 1468 5578 attollitur
1501 5520 1812 5592 praeconiis,
1855 5521 1954 5577 sed
1990 5538 2120 5580 mox

2200 4457 2383 4523 potest
2413 4469 2540 4507 eum
2575 4469 2812 4516 errasse,
2851 4453 2956 4506 etsi
2988 4470 3038 4506 ni
3061 4454 3244 4508 sciens
3276 4453 3610 4524 loquebatur.
3629 4445 3736 4508 ΨΜ·

2200 4547 2430 4612 propter
2461 4558 2666 4612 quaeso,
2699 4541 2860 4596 beate
2890 4543 3073 4608 Petro,
3105 4543 3480 4609 humillimus,
3499 4541 3543 4594 si
3569 4537 3674 4591 ideo
3695 4531 3737 4584 in

2200 4637 2391 4686 monte
2419 4636 2741 4702 assumptus
2771 4649 2830 4686 es
2858 4649 2984 4686 cum
3013 4632 3260 4698 Christo,
3292 4637 3357 4688 ut
3386 4631 3503 4688 tixis
3526 4625 3737 4683 taberna-

2195 4721 2334 4774 culis
2365 4720 2660 4774 Dominum
2686 4720 2973 4792 possideas
3003 4721 3156 4776 solus
3185 4739 3318 4777 cum
3339 4707 3739 4794 paucis.Ql10dSi

2195 4809 2296 4863 tibi
2335 4810 2439 4863 hoc
2467 4810 2667 4881 placet,
2700 4826 2800 4866 cur
2829 4827 3082 4882 coaequas
3113 4828 3306 4866 servos
3351 4827 3477 4868 cum
3517 4795 3740 4863 Domino?

2198 4898 2343 4962 Quid
2369 4899 2540 4970 igitur
2567 4901 2637 4954 de
2665 4905 2723 4954 te
2753 4906 2852 4956 aut
2869 4901 2938 4956 de
2966 4900 3079 4956 tuis
3097 4901 3316 4972 cogitas
3331 4891 3662 4972 coapostolis?
3677 4891 3741 4943 An

2196 4987 2339 5042 forte
2397 4988 2556 5044 binos
2603 5007 2702 5061 per
2757 4989 2977 5061 singula
3015 4990 3096 5044 vis
3137 4991 3358 5046 sociare
3398 4973 3742 5045 tabernaculi?

2198 5078 2474 5132 Fortassis
2495 5095 2628 5148 ergo
2654 5086 2814 5134 tanta
2843 5079 3060 5134 videtur
3083 5079 3182 5134 tibi
3217 5080 3336 5135 haec
3354 5078 3547 5150 gloria,
3581 5078 3637 5128 ut
3658 5067 3745 5139 Ρὶθ·

2200 5174 2323 5222 cent
2351 5167 2470 5232 tibi,
2509 5175 2572 5222 ut
2600 5169 2681 5222 illi
2711 5169 2824 5223 sint
2857 5169 3100 5228 Domini,
3133 5186 3227 5223 vos
3260 5170 3316 5224 in
3349 5165 3578 5238 singulis
3595 5159 3743 5216 taber-

2201 5257 2434 5316 naculis.
2460 5275 2606 5328 quos
2629 5259 2903 5312 fabricare
2932 5258 3201 5329 disponis,
3243 5258 3421 5312 mavis
3451 5263 3510 5312 ut
3545 5251 3652 5308 sitis
3673 5247 3747 5300 d0-

2201 5347 2480 5401 minorum
2513 5348 2676 5402 servi.
2711 5349 2906 5418 Neque
2923 5349 3136 5418 cogitas
3157 5349 3309 5418 quod
3328 5349 3542 5419 Moyses
3559 5351 3612 5396 et
3637 5336 3747 5394 Elias

2199 5453 2486 5507 nunquam
2522 5444 2578 5490 et
2605 5455 2882 5508 nusquam
2908 5439 3079 5493 velint
3097 5453 3217 5492 esse
3233 5437 3360 5492 sine
3393 5437 3502 5491 Deo
3529 5429 3744 5489 Domino.

2203 5525 2311 5584 Sed
2326 5527 2474 5600 jam,
2510 5526 2644 5600 quia
2695 5527 2778 5588 ita
2805 5528 3074 5600 intendis,
3109 5527 3233 5604 quis
3265 5533 3515 5588 vestrum
3542 5522 3639 5584 erit
3659 5519 3750 5576 υοε
