3888 6172
187 193 276 250 λεδ
887 194 1264 251 EXPOSITIO
1304 194 1381 249 IN
1419 192 1861 250 MA'I'I‘HEUM.
1885 223 1946 235 —
1978 194 2114 249 LIB.
2158 195 2308 262 VIII,
2344 195 2502 252 CAP.
2538 197 2710 255 xvu.
3330 206 3436 265 586

183 320 312 374 mini
340 337 557 385 servus,
598 322 765 392 quive
811 322 1007 393 Moysi,
1039 321 1125 375 vel
1163 321 1289 392 quis
1316 326 1563 376 vestrum
1590 320 1998 386 EliaetAﬁdei,
2041 337 2207 391 quem
2261 321 2566 393 sepissime
2616 324 2825 394 apertis
2870 326 3090 383 indiciis
3134 330 3283 403 idem
3333 349 3436 388 va-

185 409 545 464 Tolerabilius
572 427 705 480 ergo
737 418 901 478 esset,
932 411 979 465 si
1025 410 1256 465 dixisses
1285 427 1461 465 unum
1500 409 1764 465 taberna-
1845 410 2151 464 lidissimus
2191 410 2503 466 dilectionis
2538 428 2653 468 sua:
2688 420 3001 483 exsecutor,
3050 417 3203 475 intus
3254 421 3437 479 celare

185 499 363 553 culum
395 499 636 554 Domino
663 500 782 555 ﬁeri
803 499 1023 565 debere,
1046 516 1173 555 cum
1200 516 1308 571 quo
1334 501 1579 572 quinque
1598 500 1766 556 simul
1845 516 1959 555 non
1987 498 2223 566 valebat,
2264 499 2363 554 sed
2406 500 2681 571 ﬂagrabat
2704 502 2840 557 foris
2869 504 3039 560 ardor
3065 523 3233 578 quem
3285 509 3439 567 intus

185 605 295 643 esse
324 589 671 659 potuissetis.
696 590 858 643 Nunc
878 594 1087 655 autem,
1114 595 1179 643 ut
1209 606 1335 643 cum
1354 590 1517 644 venia
1541 590 1763 661 loquar,
1844 588 2094 660 gerebat.
2128 588 2266 643 Inde
2295 593 2381 643 cst
2417 590 2567 659 quod
2610 606 2782 662 supra
2811 592 3144 666 interrogati
3184 597 3443 671 discipuli

185 677 379 757 videris
410 678 549 731 mihi
594 694 802 744 errare,
838 678 985 748 quod
1024 678 1085 732 in
1126 678 1470 748 evangelista
1502 683 1761 747 testatur,
1847 695 2013 750 quem
2059 694 2185 732 eum
2226 693 2351 732 esse
2398 677 2666 746 dicerent,
2697 679 2817 751 ipse
2861 682 3079 753 primus
3120 701 3222 756 pro
3259 693 3446 757 105

184 774 232 822 te
253 749 503 821 nescisse
532 766 680 838 quod
710 767 941 822 diceres.
961 767 1316 838 Quapropter
1346 784 1475 822 cum
1503 767 1659 822 omni
1686 768 1769 823 in-
1849 749 2108 823 omnibus
2136 766 2425 837 respondit
2455 786 2467 821 :
2508 769 2587 822 Tu
2624 784 2677 822 es
2701 749 2950 826 Christus
2978 749 3154 828 Filius
3181 749 3439 833 Dei—

181 855 421 911 tentione
463 856 670 930 mentis
715 856 1074 927 cogitandum
1110 874 1212 927 per
1243 856 1432 911 omnia
1459 873 1582 928 quae
1606 861 1767 927 gesta
1850 856 2005 922 Inde,
2031 854 2180 926 quod
2198 871 2326 909 eum
2346 871 2460 911 non
2486 856 2600 911 vult
2624 856 2759 929 pati,
2784 859 2883 913 sed
2901 861 3191 933 redarguit
3208 864 3401 921 dicens
3423 887 3441 927 ς

182 940 388 996 dictave
421 947 556 995 sunt
583 958 772 995 coram
809 942 1092 1012 apostolis,
1125 958 1293 1013 quam
1322 941 1547 996 difﬁcile
1571 958 1766 1013 perve-
1842 947 2125 1013 Propitius
2157 950 2264 998 esto
2296 947 2415 1011 tibi,
2442 946 2692 1012 Domine,
2717 963 2829 1002 non
2849 952 2957 1004 erit
2981 952 3084 1004 tibi
3105 952 3204 1007 hoc
3220 955 3442 1022 (Matth.

182 1029 360 1084 nerint
402 1030 478 1084 ad
502 1030 829 1084 ﬁrmitatem
858 1030 987 1084 ﬁdei
1016 1047 1080 1085 ac
1111 1030 1451 1085 soliditatem
1481 1030 1769 1099 doctrinae,
1844 1050 1950 1100 xvr,
1972 1032 2090 1104 22).
2107 1032 2460 1104 Unde,'quod
2489 1034 2821 1091 imminente
2845 1036 2987 1093 hora
3012 1040 3288 1111 passionis
3306 1060 3441 1113 suae,

179 1120 251 1173 ita
277 1124 345 1173 ut
375 1124 513 1172 ante
540 1118 843 1173 adventum
862 1118 1040 1172 sancti
1063 1117 1305 1190 Spiritus
1325 1134 1526 1189 parum
1547 1119 1770 1174 virtutis
1848 1122 1984 1177 dum
2012 1121 2133 1193 ipse
2162 1120 2372 1176 diceret
2398 1138 2412 1177 :
2451 1122 2646 1177 Omnes
2672 1139 2760 1177 vos
2789 1128 3116 1183 scandalum
3144 1134 3449 1198 patiemini

180 1207 496 1262 habuerint.
511 1207 656 1261 Hinc
674 1207 849 1277 igitur
867 1212 953 1261 est
984 1207 1131 1278 quod
1161 1206 1355 1261 beatus
1377 1208 1578 1262 Petrus
1596 1208 1771 1262 tantis
1854 1214 1917 1265 in
1934 1227 2040 1278 me,
2053 1212 2119 1265 in
2139 1213 2246 1265 ista
2267 1215 2435 1265 nocte.
2457 1210 2600 1266 Cum
2614 1211 2713 1266 alii
2729 1212 3114 1285 turbarentur,
3134 1217 3449 1291 intrepidus

180 1303 433 1352 movetur
460 1296 912 1367 impulsionibus,
945 1296 1197 1367 quamvis
1224 1296 1293 1350 de
1318 1312 1510 1352 amore
1541 1296 1767 1364 Christi,
1854 1299 1959 1354 iste
1978 1299 2295 1371 respondit:
2321 1298 2387 1352 Et
2405 1302 2457 1353 si
2474 1316 2659 1354 omnes
2674 1303 3047 1358 scandalizati
3063 1307 3280 1372 fuerint
3299 1312 3363 1363 in
3380 1316 3447 1378 te,

182 1392 232 1440 et
266 1385 402 1440 ﬁdei
450 1385 887 1456 magniﬁcentia,
919 1385 1206 1439 videamus
1242 1385 1452 1453 venire,
1494 1402 1654 1440 error
1692 1390 1772 1439 ta-
1854 1405 1947 1456 ego
1973 1404 2267 1458 nunquam
2295 1389 2716 1443 scandalizabor
2747 1391 2958 1457 (Matth.
2982 1406 3126 1460 xxvt,
3148 1392 3353 1464 31-33).
3376 1396 3453 1453 Et

178 1492 296 1529 men
327 1475 391 1528 in
418 1490 591 1528 causa
614 1479 699 1528 est
718 1474 867 1545 quod
894 1474 1006 1529 tria
1033 1490 1093 1527 se
1112 1474 1456 1545 repromittit
1482 1475 1664 1529 facere
1692 1480 1774 1529 ta-
1854 1477 2061 1531 iterum
2084 1491 2096 1525 :
2122 1478 2373 1542 Domine,
2386 1482 2624 1546 paratus
2638 1494 2763 1533 sum
2782 1484 2978 1546 tecum,
2999 1487 3047 1535 et
3066 1484 3132 1536 in
3156 1500 3451 1553 carcerem,

180 1563 498 1630 bernacula,
530 1580 705 1617 unum
734 1562 964 1627 scilicet,
999 1580 1064 1617 ac
1100 1562 1152 1616 si
1193 1563 1474 1633 privatim,
1506 1564 1658 1629 Jesu,
1690 1564 1833 1642 al-D
1854 1571 1903 1621 et
1932 1569 1995 1620 in
2023 1571 2254 1620 mortem
2284 1568 2367 1619 ire
2400 1567 2545 1635 (Luc.
2573 1581 2706 1633 xxII,
2741 1565 2850 1637 33).
2870 1568 3233 1642 Rursusque:
3265 1572 3453 1629 Etiam

177 1658 353 1708 terum
384 1653 590 1724 Moysi,
623 1658 679 1706 et
706 1652 878 1707 alium
906 1652 1059 1717 Eliae,
1093 1652 1251 1723 quasi
1280 1669 1392 1707 non
1422 1669 1517 1706 eos
1546 1652 1835 1724 caperet”
1864 1658 1914 1708 si
1938 1657 2241 1724 oportuerit
2268 1670 2353 1708 me
2384 1657 2532 1708 mori
2562 1659 2758 1720 tecum,
2795 1672 2906 1710 non
2934 1663 2981 1712 te
3010 1661 3213 1727 negabo
3235 1662 3451 1728 (Matth.

178 1760 344 1798 unum
363 1742 818 1801 tabernaculum.
836 1758 1019 1812 neque
1037 1742 1097 1795 in
1122 1758 1234 1795 uno
1255 1742 1425 1795 simul
1444 1758 1638 1796 omnes
1655 1758 1782 1796 con-
1863 1758 2007 1806 XXVI,
2040 1742 2150 1812 35).
2177 1742 2332 1805 Inde,
2368 1743 2518 1813 quod
2544 1744 2796 1813 gladium
2826 1745 3030 1815 educit,
3064 1753 3121 1803 et
3144 1749 3457 1807 auriculam

178 1833 370 1889 sistere
400 1837 653 1904 possent.
690 1832 757 1885 Et
796 1831 917 1897 hoc,
951 1835 1017 1886 ut
1046 1830 1318 1901 Origenes
1348 1831 1483 1897 vult,
1512 1830 1779 1886 instinctu
1862 1833 2009 1888 servi
2043 1832 2242 1891 Malchi
2261 1832 2517 1887 abscidit.
2532 1833 2664 1887 Haec
2691 1834 2883 1888 omnia
2911 1840 2969 1889 et
2993 1835 3105 1890 alia
3124 1840 3461 1909 quamplura

181 1921 382 1977 diaboli
432 1921 713 1975 malitiose
741 1919 931 1987 ﬁebat,
963 1920 1099 1974 dum
1130 1919 1470 1991 operabatur
1494 1937 1596 1992 per
1625 1936 1774 1987 eum,
1862 1923 1932 1977 de
1960 1922 2172 1977 fervore
2200 1921 2331 1975 ﬁdei
2362 1926 2422 1975 et
2442 1920 2644 1976 ardore
2673 1921 2753 1993 pii
2781 1922 2990 1978 amoris
3019 1923 3080 1978 in
3103 1925 3346 1992 Christo,
3369 1945 3458 1983 ve-

183 2011 270 2083 qui
288 2010 586 2066 nesciebat
605 2014 962 2064 sacramenta
977 2009 1098 2074 Dei,
1132 2013 1316 2075 004
1337 2025 1519 2079 neque
1543 2008 1677 2080 quid
1703 2009 1781 2063 lo-
1861 2011 2112 2078 niebant,
2143 2011 2395 2084 quamvis
2437 2010 2811 2082 dispensative
2859 2012 2997 2066 satis
3051 2014 3458 2073 tentationibus

182 2105 472 2175 queretur,
512 2100 703 2154 volens
741 2115 855 2154 non
883 2115 1006 2153 esse
1037 2098 1203 2153 simul
1242 2099 1433 2152 Jesum
1465 2103 1522 2152 et
1549 2098 1781 2167 Moysen
1865 2106 2237 2168 exerceretur,
2268 2116 2456 2171 quem,
2485 2104 2550 2154 ut
2585 2100 2883 2168 credimus,
2917 2100 3048 2157 licet
3073 2102 3155 2158 eis
3183 2104 3455 2174 crederet,

185 2196 342 2262 atque
371 2190 587 2259 Eliam,
615 2190 714 2244 sed
752 2188 1055 2260 separatim
1085 2205 1181 2242 eos
1221 2187 1280 2241 in
1327 2187 1565 2242 invicem
1608 2187 1782 2241 trium
1865 2190 2057 2247 omnia
2075 2189 2222 2244 illico
2248 2188 2628 2260 operabantur
2644 2189 2705 2243 in
2722 2188 2956 2259 bonum,
2976 2191 3073 2263 qui
3092 2191 3316 2249 futurus
3337 2200 3461 2249 erat

182 2279 675 2335 tabernaculorum
721 2274 973 2341 obtentu,
1021 2277 1168 2348 quod
1206 2276 1329 2331 ﬁeri
1373 2292 1487 2331 non
1527 2281 1772 2349 poterat.
1864 2285 2060 2351 pastor
2084 2277 2372 2345 Ecclesiae;
2421 2282 2488 2332 ut
2517 2294 2583 2332 ex
2627 2277 2743 2333 suis
2770 2278 3195 2337 inﬁrmitatibus
3223 2282 3462 2338 disceret

184 2370 317 2423 Nam
346 2370 399 2423 si
432 2369 494 2422 in
522 2384 700 2423 unum
736 2368 852 2421 sint
880 2366 1136 2421 Christus
1167 2370 1225 2419 et
1265 2366 1353 2420 lex
1380 2381 1445 2419 ac
1474 2365 1778 2437 prophetae,
1865 2384 1979 2423 non
2008 2368 2191 2423 solum
2213 2366 2521 2433 humiliari,
2539 2383 2733 2422 verum
2752 2367 2922 2429 etiam
2945 2374 3003 2424 et
3027 2370 3166 2424 alios
3194 2371 3458 2427 tolerare.

180 2464 306 2514 tunc
342 2458 615 2513 Christus
643 2462 769 2511 'vere
796 2456 895 2511 Dei
935 2456 1108 2510 Filius
1145 2453 1560 2527 comprobatur,
1593 2454 1781 2524 sicque
1863 2458 2077 2513 Tamen
2103 2456 2261 2528 pium
2290 2461 2377 2510 est
2395 2455 2661 2526 cogitare,
2685 2456 2734 2510 si
2753 2456 2873 2511 visa
2893 2458 3118 2514 Domini
3143 2456 3330 2515 vultus
3352 2461 3462 2515 cla-

182 2548 265 2603 lex
287 2554 346 2603 et
372 2548 669 2619 prophetze
692 2563 824 2600 vera
843 2545 1204 2616 prophetasse
1233 2543 1614 2608 inveniuntur.
1638 2542 1784 2606 Quo-
1864 2546 2051 2611 ritate,
2082 2545 2202 2600 vult
2251 2544 2512 2615 deinceps
2555 2545 2616 2599 in
2644 2550 2836 2600 monte
2865 2563 3113 2615 manere,
3156 2555 3213 2604 et
3241 2567 3345 2606 nec
3388 2551 3463 2606 ad

179 2636 328 2691 niam
381 2636 480 2690 lex
527 2648 587 2689 et
640 2635 924 2705 prophetae
962 2632 1348 2687 testimonium
1391 2631 1668 2685 dederunt
1711 2629 1783 2684 de
1866 2640 2216 2689 momentum
2258 2633 2614 2699 descendere,
2655 2634 2872 2704 respuit
2895 2635 3135 2705 gloriam
3177 2638 3375 2694 mundi
3405 2645 3463 2696 et

179 2725 421 2785 Christo.
461 2724 826 2796 praedicentes
854 2739 923 2776 ea
959 2739 1082 2793 quae
1110 2722 1299 2776 futura
1327 2726 1489 2775 erant
1523 2719 1583 2774 in
1621 2718 1784 2773 Chri-
1867 2729 2051 2780 totum
2084 2723 2230 2794 quod
2276 2722 2336 2776 in
2379 2721 2588 2777 mundo
2629 2721 2935 2789 blanditur,
2967 2725 3087 2780 sola
3124 2725 3177 2780 ei
3213 2727 3458 2795 claritas,

178 2820 280 2882 sto,
303 2821 366 2869 et
386 2814 655 2868 Christus
682 2812 1067 2867 testimonium
1096 2812 1205 2882 legi
1236 2819 1292 2866 et
1319 2810 1607 2882 prophetis
1635 2808 1784 2880 quod
1868 2829 1991 2883 quae
2015 2812 2084 2866 de
2113 2810 2323 2867 Christi
2348 2810 2488 2865 facie
2508 2811 2875 2882 resplenduit,
2897 2814 3082 2884 placet
3105 2815 3238 2886 quid
3261 2822 3462 2888 putare

177 2919 303 2958 vera
326 2902 817 2974 prophetaverint,
847 2902 983 2955 dum
1010 2901 1366 2972 prophetiam
1394 2900 1619 2954 illorum
1648 2898 1784 2970 ipsis
1805 2968 1841 2978 _
1866 2917 2165 2973 possumus
2187 2899 2464 2972 quomodo
2485 2900 2735 2971 placeret
2761 2901 2831 2966 ei,
2857 2901 2903 2956 si
2931 2903 3102 2957 talem
3123 2909 3259 2960 tunc
3276 2913 3467 2978 posset

174 2968 345 3049 rebus
368 2968 730 3062 adimplevit.
789 2968 1240 3045 Neuter—eorum
1279 2989 1399 3044 sine
1443 2990 1620 3043 altero
1654 2968 1844 3042 verae
1865 2968 2076 3044 intueri
2131 2968 2232 3059 per
2277 2968 2505 3059 corpus
2529 2988 2786 3055 mortale,
2820 2991 3046 3061 qualem
3088 3008 3237 3048 nunc
3278 2968 3464 3051 cernit

174 3081 376 3136 dixisse
408 3081 706 3152 probatur,
735 3080 999 3135 continuo
1029 3079 1077 3134 si
1103 3079 1172 3132 ab
1206 3079 1462 3145 invicem,
1494 3078 1640 3149 quod
1671 3094 1783 3132 non
1867 3084 2066 3134 exutus
2097 3079 2219 3149 jam
2256 3076 2636 3132 mortalitate!
2676 3077 2753 3132 Ut
2788 3094 2915 3133 vere
2953 3080 3134 3136 fatear
3170 3099 3336 3138 nemo
3366 3084 3465 3155 qui

173 3178 359 3241 potest
388 3170 541 3235 ﬁeri,
574 3174 943 3240 separentur;
979 3169 1128 3239 quod
1156 3168 1299 3222 forte
1336 3168 1461 3222 ﬁeri
1502 3167 1779 3238 cupiebat,
1868 3167 2088 3222 edicere
2140 3166 2333 3237 possit,
2384 3170 2661 3237 quantum
2708 3165 2761 3220 ei
2812 3167 3061 3238 placeret
3103 3171 3255 3226 ultra
3293 3190 3465 3244 quam

169 3266 236 3313 ut
270 3260 548 3330 praefatus
568 3258 762 3312 doctor
780 3257 975 3315 sensit.
993 3257 1144 3312 mala
1172 3257 1529 3327 suggestione
1549 3256 1780 3323 inimici,
1866 3271 2028 3309 mens
2052 3254 2345 3325 concipere
2368 3259 2574 3325 posset.
2607 3254 2818 3309 Verum
2856 3256 3030 3311 etiam
3067 3259 3207 3314 adeo
3238 3277 3350 3316 non
3379 3268 3467 3318 est

171 3347 338 3403 Petro
358 3349 655 3403 dicentes:
679 3348 969 3401 Faciamus
998 3347 1087 3400 hic
1118 3349 1233 3400 tria
1263 3348 1653 3407 tabernacula;
1690 3359 1785 3399 ne-
1867 3344 2069 3399 Petrus
2111 3343 2450 3414 arguendus,
2488 3343 2620 3415 quia
2642 3350 2953 3401 recesserat
2984 3362 3018 3401 a
3044 3364 3124 3415 se,
3156 3350 3314 3420 quasi
3342 3351 3466 3421 jam
3500 3341 3515 3351 ’

168 3438 351 3493 sciens
388 3430 759 3506 (evangelista
800 3439 964 3501 teste)
1013 3434 1147 3506 quid
1192 3433 1544 3504 loquebatur.
1571 3434 1785 3488 Tamen
1866 3433 2052 3503 gratia
2092 3431 2517 3486 resurrectionis
2566 3431 2767 3487 futurae
2811 3433 3050 3504 illectus,
3095 3437 3143 3491 si
3190 3438 3271 3493 ait
3314 3439 3466 3496 inter

168 3528 499 3582 remedium
528 3531 615 3580 est
642 3524 868 3589 erroris,
899 3522 1047 3594 quod
1084 3521 1472 3592 benignissimi
1510 3520 1782 3591 Magistri,
1868 3521 2105 3593 mystica
2142 3520 2528 3575 admirationis
2564 3528 2934 3592 sacramenta,
2972 3526 3220 3594 Domine,
3259 3529 3464 3584 bonum

168 3618 516 3689 priusquam
558 3614 790 3685 incipiat
832 3613 1014 3667 facere
1043 3611 1191 3683 quod
1215 3610 1423 3665 erroris
1452 3614 1555 3675 est,
1590 3610 1787 3663 devote
1868 3616 1945 3665 est
1978 3626 2073 3664 nos
2117 3610 2208 3664 hic
2234 3625 2358 3664 esse.
2392 3608 2668 3680 Cupiebat
2710 3611 2920 3666 etenim
2953 3611 3151 3668 beatus
3179 3617 3464 3686 apostolus

169 3708 494 3779 requiritur
519 3705 798 3759 voluntas.
833 3702 940 3757 Sed
979 3701 1183 3756 falsum
1211 3699 1407 3771 negari
1437 3715 1550 3755 non
1580 3702 1782 3770 potest,
1868 3698 2077 3754 Paulus
2105 3698 2299 3753 eodem
2321 3698 2521 3752 ardore
2540 3698 2670 3752 ﬁdei
2691 3700 2915 3754 dissolvi
2940 3706 2991 3755 et
3017 3718 3123 3757 esse
3149 3718 3277 3757 cum
3307 3705 3465 3760 Chri-

170 3798 322 3867 quod
338 3796 565 3850 bonum
587 3795 789 3848 Petrus
801 3807 923 3846 esse
937 3795 1205 3845 testatur:
1227 3790 1689 3853 Damine,bonum
1712 3793 1787 3841 est
1868 3793 1948 3843 sto
1977 3787 2207 3859 (Philip.
2236 3800 2277 3854 1,
2309 3785 2421 3857 23).
2453 3786 2729 3842 Fortassis
2756 3803 2891 3858 ergo
2931 3794 2988 3843 et
3015 3789 3123 3844 iste
3153 3792 3289 3862 quia
3315 3809 3458 3864 prae-

170 3888 349 3951 nobis,
383 3884 599 3955 inquit,
640 3886 729 3938 hic
771 3897 895 3935 esse.
927 3879 1088 3944 Quod
1118 3878 1166 3933 si
1198 3877 1407 3933 bonum
1438 3877 1637 3931 fuisset
1672 3876 1786 3931 illic
1812 3892 1825 3911 ι
1865 3882 2132 3948 gravatus
2174 3892 2369 3931 somno
2414 3875 2617 3943 fuerat,
2648 3876 2774 3931 ideo
2812 3876 3046 3948 putabat
3083 3880 3232 3950 quod
3270 3897 3461 3938 resur-

167 3990 264 4029 eos
291 3991 448 4041 esse,
486 3972 827 4027 mansissent
854 3969 1050 4040 utique
1093 3967 1190 4033 ibi,
1220 3984 1328 4022 nec
1356 3966 1678 4022 omisissent
1700 3966 1787 4020 fa-
1868 3965 2129 4021 rectionis
2174 3965 2417 4036 speciem
2456 3964 2672 4019 solutus
2700 3981 2888 4032 carne,
2916 3983 3017 4037 per
3059 3969 3302 4025 exstasin
3340 3972 3464 4042 jam

166 4078 293 4118 cere
324 4062 493 4135 quod
534 4066 661 4116 erat
685 4059 915 4114 bonum.
959 4058 1068 4113 Sed
1095 4059 1227 4129 quia
1254 4073 1367 4111 non
1404 4063 1526 4111 erat
1552 4056 1621 4110 de
1651 4055 1789 4110 veri-
1870 4055 2103 4108 videret.
2152 4054 2331 4118 Quam
2361 4070 2496 4108 sane
2521 4054 2759 4123 gloriam
2796 4053 3000 4109 bonam
3035 4072 3176 4124 esse,
3207 4074 3310 4112 nec
3337 4058 3463 4115 lau-

161 4158 300 4221 tate,
338 4153 481 4207 ideo
509 4150 726 4204 falsitas
757 4147 931 4203 fuisse
963 4163 1075 4202 non
1104 4151 1364 4217 negatur,
1396 4146 1541 4200 sicut
1567 4150 1625 4199 et
1648 4144 1788 4199 illud
1869 4143 2032 4198 dasse
2058 4142 2285 4203 sufﬁcit,
2311 4142 2410 4196 sed
2446 4143 2616 4197 etiam
2645 4143 2937 4198 devotione
2966 4146 3326 4216 praestantior
3350 4147 3461 4202 im-

165 4243 317 4313 quod
347 4242 443 4297 ait
484 4265 495 4297 :
529 4241 810 4308 Propitius
836 4241 939 4292 tibi
968 4242 1093 4302 esto,
1127 4238 1376 4301 Domine,
1407 4251 1519 4289 non
1548 4239 1656 4288 erit
1687 4235 1789 4287 tibi
1868 4232 2027 4304 piger
2079 4231 2368 4303 operarius
2423 4232 2682 4299 occurrit,
2718 4237 2775 4287 et
2825 4233 3118 4304 pollicetur
3144 4237 3460 4293 communis

161 4330 258 4386 hoc
290 4331 525 4399 (Matth.
560 4344 672 4394 va,
721 4326 834 4396 22).
866 4326 1270 4381 Verumtamen
1300 4324 1432 4396 quia
1479 4320 2122 4392 secundumDobsequii
2160 4320 2556 4376 ministerium.
2588 4321 2696 4385 Qui
2746 4323 3001 4393 quamvis
3044 4324 3288 4380 nesciret
3328 4326 3463 4397 quid

160 4420 539 4491 propositum
590 4418 682 4471 hic
724 4417 924 4471 Petrus
964 4416 1086 4486 jam
1132 4431 1167 4468 a
1208 4413 1448 4469 Domino
1489 4411 1687 4466 beatus
1730 4416 1788 4465 et
1867 4410 2124 4476 disceret,
2139 4409 2407 4465 offerebat
2424 4416 2614 4465 tamen
2630 4410 2915 4466 servitutis
2935 4411 3198 4479 ofﬁcium,
3217 4431 3328 4485 quo
3347 4431 3462 4470 non

158 4515 406 4565 sanctus
439 4513 570 4563 erat
596 4511 841 4573 vocatus,
873 4510 932 4560 et
971 4505 1122 4559 ﬁlius
1149 4503 1346 4574 gratiae
1385 4500 1504 4568 Dei,
1541 4500 1673 4572 quid
1701 4505 1787 4555 est
1867 4500 2185 4555 inconsulta
2210 4499 2541 4571 petulantia,
2575 4499 2673 4553 sed
2715 4506 3056 4570 praematura
3083 4501 3301 4557 devotio
3339 4503 3461 4560 fru-

159 4599 313 4669 quod
357 4596 638 4653 oberrat?
687 4595 819 4650 Ideo
845 4594 1074 4649 credere
1102 4592 1369 4649 debemus
1412 4596 1471 4646 et
1507 4590 1779 4655 conﬁteri,
1866 4594 2019 4643 ctum
2048 4586 2361 4654 exhibebat,
2384 4587 2735 4642 accumulare
2762 4587 2869 4641 sibi
2895 4588 3124 4660 cupiens
3146 4591 3463 4649 mercedem

159 4688 294 4759 quia
358 4689 570 4742 omnia
598 4684 701 4750 illi,
727 4685 891 4755 juxta
934 4682 1252 4755 apostolum
1300 4680 1559 4748 Paulum,
1604 4695 1783 4749 coope-
1863 4676 2088 4732 laboris.
2123 4677 2267 4731 Nam
2314 4676 2464 4747 quod
2511 4674 2808 4747 ignorabat
2842 4681 3029 4743 U06
3055 4678 3190 4750 quid
3227 4679 3458 4748 diceret,

152 4784 378 4833 rantur
428 4779 503 4831 in
546 4777 751 4830 bonum
802 4776 973 4836 (Rom.
1026 4786 1143 4836 VIII,
1183 4770 1293 4840 28),
1342 4772 1513 4825 etiam
1562 4769 1667 4824 etsi
1714 4767 1783 4822 ab
1864 4765 2202 4823 conditionis
2233 4764 2341 4820 fuit
2374 4765 2670 4832 humanae;
2714 4766 2864 4836 quod
2906 4783 3036 4822 vero
3074 4769 3455 4840 promittebat,

150 4865 500 4922 adversario
549 4861 948 4918 stimulabatur
984 4862 1046 4916 in
1090 4860 1314 4932 aliquo;
1346 4858 1612 4930 quoniam
1652 4875 1783 4930 pro-
1865 4854 2177 4912 devotionis
2199 4853 2549 4925 obsequium.
2575 4854 2645 4908 Et
2670 4853 2795 4908 ideo
2814 4855 3013 4911 Petrus
3033 4873 3068 4911 a
3088 4858 3325 4915 Domino
3345 4877 3461 4917 non

148 4957 379 5011 ximum
417 4952 789 5023 indulgentias
819 4956 923 5017 est,
956 4949 1107 5021 quod
1136 4949 1206 5004 de
1252 4964 1481 5003 excessu
1508 4946 1660 5001 venit
1705 4946 1782 5018 pii
1865 4944 2315 5016 reprehenditur,
2347 4942 2481 5014 quia
2515 4948 2573 4997 et
2600 4942 2647 4997 si
2675 4942 2962 5015 displicuit
3003 4945 3289 5017 ignorasse
3325 4949 3460 5021 quid

151 5046 407 5101 amoris.
456 5043 604 5097 Nam
631 5047 690 5096 et
723 5041 862 5112 ipse,
892 5045 959 5094 ut
992 5041 1174 5094 Lucas
1209 5037 1289 5092 ait
1318 5055 1331 5090 :
1366 5038 1509 5104 (Luc.
1546 5050 1625 5099 Ix.
1667 5034 1777 5105 39),
1864 5035 2093 5095 diceret,
2124 5032 2335 5104 placuit
2381 5037 2573 5086 tamen
2614 5036 2772 5086 tanta
2803 5032 3023 5089 devotio
3054 5035 3189 5091 Deo.
3235 5037 3305 5093 Et
3333 5037 3459 5092 ideo

148 5151 439 5191 somnum
486 5131 827 5202 patiebatur,
874 5134 932 5184 et
973 5128 1070 5200 qui
1121 5144 1246 5182 cum
1277 5144 1343 5181 eo
1391 5131 1555 5181 erant
1582 5125 1784 5196 reliqui
1867 5124 2015 5179 inter
2037 5123 2154 5178 haec
2179 5121 2350 5176 verba
2384 5120 2529 5176 facta
2571 5126 2657 5175 est
2684 5121 2880 5187 nubes,
2909 5140 3032 5195 qum
3067 5124 3218 5196 ipsos
3245 5131 3462 5197 tegeret

148 5229 391 5296 gravati
425 5221 699 5275 dicuntur
739 5236 852 5274 non
888 5234 1105 5273 sommo
1143 5216 1421 5287 siquidem
1450 5216 1654 5280 carnis,
1687 5214 1785 5268 sed
1869 5211 2307 5277 lucidissima,et
2322 5227 2416 5265 eos
2431 5210 2808 5277 obumbraret,
2826 5218 2892 5267 ut
2909 5213 3309 5284 sciretPetrus,
3328 5215 3463 5288 quia

147 5332 386 5371 sommo
424 5310 657 5365 mentis.
697 5309 856 5365 Unde
887 5308 1033 5362 sicut
1074 5307 1136 5361 in
1169 5307 1271 5360 hoc
1322 5306 1471 5361 dicto
1519 5305 1785 5375 ignoran-
1870 5319 1983 5358 non
2013 5316 2237 5355 necesse
2265 5305 2388 5354 erat
2413 5301 2525 5355 tria
2550 5299 2912 5356 tabernacula
2938 5302 3081 5367 ﬁeri,
3107 5319 3235 5359 cum
3257 5321 3353 5362 eos
3379 5305 3462 5360 vi-

148 5405 293 5458 tium
329 5399 509 5457 Petri
554 5415 668 5453 non
694 5397 1091 5470 approbamus,
1122 5396 1203 5450 sic
1239 5395 1586 5467 praecipuum
1627 5410 1788 5448 amo-
1869 5393 2030 5459 deret
2044 5389 2193 5445 nube
2214 5390 2425 5445 scelesti
2453 5389 2721 5459 obtectas,
2743 5396 2802 5447 et
2822 5391 2983 5463 quasi
3007 5391 3113 5447 sub
3139 5410 3253 5450 uno
3278 5394 3463 5452 taber-

145 5492 492 5557 remjllius
520 5503 656 5558 erga
694 5486 1001 5544 Dominum
1040 5500 1393 5556 veneremur,
1425 5489 1483 5541 et
1510 5483 1786 5565 fervorem
1868 5481 2067 5541 naculo
2087 5479 2380 5555 cooperiri.
2393 5479 2554 5538 Unde
2570 5485 2980 5554 consequenter
2995 5482 3080 5540 ait
3090 5484 3448 5556 evangelista:

428 5591 709 5654 Pii-not.
757 5587 917 5676 CXX
932 5629 959 5674 ,η

3148 5579 3224 5641 19
