3888 6172
485 246 585 302 587

1254 244 1308 298 S.
1353 240 1724 296 PASCHASII
1767 238 2124 294 RADBERTI
2165 243 2466 300 ABBATIS
2505 246 2997 301 CORBEIENSIS.

3650 251 3742 304 588

549 373 738 429 Adhuc
765 389 820 425 eo
868 374 1132 439 loquente,
1167 384 1275 422 ecce
1304 369 1470 420 nubes
1512 367 1697 420 lucida
1728 365 2296 426 obumbravitAbene
2323 370 2649 442 complacui.
2684 371 2751 425 Et
2785 371 2911 424 ideo
2943 387 3056 442 pra:
3085 369 3346 426 omnibus
3380 375 3440 426 et
3479 377 3613 427 ante
3636 390 3742 428 om.

480 463 704 515 eos.Nec
715 460 948 514 dubium
965 459 1099 528 quin
1121 457 1240 528 ipsa
1258 461 1344 510 est
1362 456 1458 508 illa
1478 453 1671 519 nubes,
1689 471 1809 525 qua:
1829 454 2074 524 suscepit

480 567 606 604 eum
640 548 710 602 ab
757 547 929 602 oculis
974 547 1224 602 omnium
1272 544 1670 615 apostolorum,
1707 543 1929 613 quando
1959 543 2072 596 ele-

475 645 639 692 vatus
668 643 753 691 est
780 637 836 691 in
865 636 1064 690 coelum
1109 636 1248 702 (Act.
1294 647 1336 702 ι,
1375 632 1446 696 9).
1484 632 1590 685 Sed
1610 637 1667 685 et
1687 631 1742 685 in
1765 632 1954 688 Veteri
1975 632 2074 686 Te-

478 733 756 782 stamento
786 743 972 780 coram
1003 724 1134 778 filiis
1182 721 1371 785 Israel,
1406 721 1722 775 columnam
1755 720 1936 785 nubis,
1971 737 2072 790 per

476 814 623 868 diem
653 833 663 866 :
695 820 752 868 et
778 814 1093 867 columnam
1129 810 1292 880 ignis,
1325 826 1424 880 per
1448 815 1688 875 noctem,
1719 809 2067 879 praecessisse

475 904 713 974 legimus
753 904 937 969 (Exod.
979 916 1097 964 xm,
1121 899 1235 968 21),
1267 900 1362 953 sed
1409 899 1555 970 quod
1588 898 1769 952 lucida
1799 903 1947 952 esset
1973 899 2070 952 ali-

473 1009 586 1064 qua
617 1008 833 1058 eorum,
861 1008 971 1045 non
1002 989 1293 1044 habemus.
1319 988 1582 1052 Quinimo
1604 993 1734 1041 ante
1766 989 2064 1041 adventum

470 1081 795 1136 Mediatoris
821 1087 909 1145 (ut
934 1081 1204 1150 scriptum
1231 1079 1340 1146 est)
1376 1079 1667 1130 Tenebrosa
1695 1093 1841 1144 aqua
1873 1079 1932 1130 in
1965 1093 2068 1130 nu-

473 1173 627 1224 bibus
655 1174 801 1225 aeris
829 1172 940 1237 fuit
983 1171 1143 1231 (Psal.
1189 1181 1322 1232 xvu,
1357 1165 1464 1230 1‘2),
1497 1165 1602 1218 hoc
1631 1170 1732 1228 est,
1766 1164 2062 1218 verborum

470 1259 706 1314 scientia
733 1259 790 1312 in
815 1258 938 1328 lege
967 1263 1136 1327 atque
1166 1254 1454 1326 prophetis
1484 1254 1699 1308 occulta
1722 1259 1778 1307 et
1807 1253 2060 1318 obscura,

471 1347 724 1420 quamvis
752 1346 915 1400 multi
943 1348 1212 1416 quaram,
1237 1344 1359 1414 ipsa
1379 1341 1556 1397 nubes
1580 1348 1768 1396 utrum
1800 1359 2066 1412 corporea

474 1436 642 1490 fuerit
659 1451 731 1489 an
754 1433 904 1489 non?
926 1433 1034 1488 Sed
1049 1438 1225 1486 restat
1245 1437 1434 1485 tamen
1449 1431 2062 1502 intelligere,quidquid

2156 475 2254 512 nes
2284 459 2467 530 ipsum
2497 460 2707 514 audite.

2227 548 2294 602 Et
2330 549 2614 601 audientes
2651 550 2915 616 ἀίει-ἰριιᾶ
2957 549 3267 602 ceciderunt
3298 551 3360 602 in
3409 552 3582 616 facies
3629 567 3742 604 suas

2153 652 2317 703 super
2341 641 2568 700 terram,
2589 642 2636 690 et
2661 639 2973 690 timuerunt
2995 638 3166 690 valde.
3185 641 3300 692 Vox
3323 637 3500 706 igitur
3523 637 3619 692 illa
3634 655 3741 709 qua

2152 741 2316 778 aures
2360 725 2759 796 discipulorum
2781 724 3072 796 percussit,
3097 725 3212 779 sive
3234 742 3335 796 per
3362 727 3738 797 semetipsum,

2152 815 2264 868 sive
2295 832 2394 886 per
2424 815 2733 884 angelicam
2758 820 3094 878 creaturam,
3124 815 3490 879 elementum,
3520 832 3641 886 quae
3671 817 3740 870 lu-

2151 904 2275 958 cida
2307 904 2543 964 refulsit,
2586 903 2856 957 Dominus
2883 903 3263 969 commoverit,
3291 908 3486 958 tamen
3518 922 3621 975 per
3648 922 3740 959 nu-

2149 991 2274 1046 bem
2307 993 2512 1046 sonuit.
2547 991 2691 1055 Quia
2731 1007 2859 1045 vero
2888 992 2958 1045 de
2988 991 3136 1045 nube
3181 993 3456 1062 processit
3495 1009 3602 1046 vox
3633 1011 3738 1064 qua:

2147 1081 2448 1152 discipulos
2478 1082 2558 1135 ita
2588 1081 2644 1134 in
2680 1086 2886 1134 terram
2929 1081 3245 1150 prostravit,
3277 1081 3335 1135 in
3382 1081 3619 1135 modum
3663 1088 3738 1136 to-

2147 1170 2320 1224 nitrui
2349 1170 2492 1223 facta
2523 1169 2646 1232 fuit,
2680 1169 2826 1223 sicut
2851 1175 2986 1222 tunc
3015 1169 3237 1240 quando
3261 1168 3604 1224 imminente
3628 1187 3740 1241 pas-

2145 1259 2301 1312 sione
2327 1258 2472 1312 idem
2500 1258 2672 1312 Filius
2693 1258 2764 1311 ad
2786 1259 3008 1311 Patrem
3031 1257 3199 1312 dixit:
3222 1259 3388 1312 Nunc
3403 1262 3607 1312 anima
3633 1275 3737 1312 mea

2147 1348 2369 1400 turbata
2406 1351 2498 1399 est.
2537 1347 2600 1399 Et
2639 1347 2773 1415 quid
2813 1347 2995 1398 dicam
3017 1352 3040 1398 ?
3075 1348 3255 1410 Pater,
3293 1348 3546 1412 salm’ﬂca
3578 1363 3657 1400 me
3683 1364 3736 1400 er

2147 1435 2246 1487 hac
2268 1435 2432 1497 hora;
2462 1435 2553 1487 sed
2580 1439 2866 1502 propterea
2896 1436 3022 1486 veni
3049 1436 3107 1486 in
3137 1434 3281 1487 hanc
3308 1435 3532 1500 horam,
3567 1435 3732 1500 Pater,

468 1524 638 1578 fuerit
669 1523 818 1593 quod
849 1539 1114 1592 magnum
1145 1527 1560 1576 sacramentum
1593 1520 1716 1574 fuit.
1751 1519 1894 1584 Quia
1923 1519 2060 1572 Novi
2146 1525 2392 1589 elariﬁca
2435 1538 2635 1576 nomen
2681 1527 2860 1574 tuum.
2905 1523 3051 1575 Venit
3087 1538 3213 1588 ergo
3237 1538 3344 1575 vox
3369 1523 3434 1576 de
3464 1527 3592 1577 creto
3625 1542 3640 1575 :
3677 1524 3732 1576 Et

467 1612 811 1667 Testamenti
854 1611 1127 1678 doctrina,
1172 1628 1283 1665 non
1325 1611 1445 1680 jam
1494 1610 1553 1664 in
1592 1608 1738 1663 nube
1768 1607 2100 1664 tenebrosa-
2145 1614 2466 1679 clariﬁcari,
2517 1616 2565 1664 ct
2609 1613 2810 1664 iterum
2859 1611 3192 1677 ctariﬁeabo.
3231 1611 3417 1665 Turba
3454 1627 3587 1678 ergo
3630 1627 3732 1680 quas

468 1701 769 1772 obtegitur,
804 1700 901 1754 sed
938 1717 1039 1772 per
1068 1698 1270 1754 nubem
1301 1699 1544 1752 lucidam
1586 1703 1788 1752 tonans
1826 1701 2318 1774 paternaBstabat
2363 1705 2411 1753 et
2451 1699 2730 1764 audiebat,
2773 1699 2982 1752 dicebat
3020 1702 3339 1753 tonitruum
3385 1701 3604 1767 factum
3638 1716 3732 1753 esse

465 1807 596 1846 voce
635 1789 926 1862 perspicue
973 1789 1217 1843 auditur.
1253 1789 1382 1858 Ipsa
1428 1786 1702 1858 siquidem
1734 1785 1909 1840 nubes
1947 1802 2058 1840 non
2143 1790 2300 1861 (Joan
2331 1806 2423 1853 xu,
2455 1787 2548 1857 ‘27,
2577 1790 2665 1854 28,
2697 1787 2806 1849 ‘29).
2843 1787 2952 1842 Sed
2990 1787 3123 1858 quid
3153 1792 3256 1852 est,
3292 1787 3441 1858 quod
3486 1786 3568 1842 ibi
3596 1788 3728 1842 toni-

465 1879 654 1950 ignea,
686 1896 798 1933 non
819 1877 1133 1941 tenebrosa,
1167 1876 1264 1930 sed
1292 1876 1479 1930 lucida
1502 1875 1671 1929 fuisse
1702 1874 2052 1945 praedicatur.
2139 1888 2331 1936 truum
2361 1880 2594 1935 audiens
2623 1878 2807 1944 turba,
2832 1894 2944 1932 non
2973 1877 3166 1931 cadit?
3197 1877 3299 1931 Hic
3326 1883 3523 1932 autem
3552 1879 3728 1933 audita

463 1968 609 2032 Quia
632 1984 745 2022 non
769 1968 827 2022 in
857 1967 984 2036 igne
1004 1965 1236 2020 terroris
1255 1981 1405 2019 nunc
1424 1964 1590 2027 venit.
1617 1980 1730 2017 non
1759 1963 1816 2017 in
1841 1963 2056 2034 caligae
2138 1987 2270 2025 voce
2299 1969 2576 2040 discipuli,
2609 1968 2666 2021 in
2695 1968 2892 2021 faciem
2927 1966 3176 2020 cadunt?
3206 1965 3325 2020 Nisi
3354 1966 3493 2036 quia
3521 1967 3616 2022 ubi
3643 1984 3725 2021 su-

459 2057 743 2122 caecitatis,
774 2056 872 2110 sed
913 2056 968 2109 in
1016 2054 1228 2109 lumine
1268 2053 1518 2108 veritatis
1553 2052 1864 2106 illustratus
1893 2070 1928 2106 a
1954 2069 2054 2123 pa-

459 2146 720 2200 triarchis
751 2144 1026 2209 Christus,
1059 2149 1116 2198 et
1151 2161 1184 2197 a
1225 2143 1512 2214 prophetis
1543 2143 1754 2196 lumine
1783 2141 2054 2197 claritatis

456 2235 824 2289 illuminatus.
843 2234 910 2287 Et
928 2233 1236 2286 notandum
1254 2232 1397 2302 quod
1422 2230 1596 2286 nubes
1616 2231 1799 2284 lucida
1823 2231 2050 2301 Moysen

457 2330 514 2377 et
546 2323 722 2378 Eliam
753 2327 910 2376 tenet
939 2327 995 2375 et
1025 2319 1337 2375 obumbrat.
1359 2319 1648 2384 Quomodo
1679 2319 1863 2373 lucida
1890 2324 1976 2373 est
2004 2320 2050 2373 si

455 2411 793 2466 obumbrat?
822 2411 964 2464 Nam
998 2415 1055 2463 et
1091 2412 1272 2466 virtus
1302 2411 1577 2462 Altissimi
1601 2406 1901 2462 obumbrat
1929 2409 2048 2463 Ma-

452 2501 597 2556 riam
650 2503 789 2554 Luc.
823 2514 862 2564 ι,
893 2497 1000 2560 35).
1055 2499 1265 2552 Idcirco
1302 2496 1732 2567 intelligendum
1774 2497 1889 2551 haec
1940 2515 2049 2553 nu-

449 2588 548 2643 bes
577 2588 786 2659 aliquid
811 2587 958 2658 quod
987 2587 1268 2640 illuminat
1297 2592 1355 2639 et
1383 2587 1534 2639 lucet
1557 2585 1628 2639 ad
1661 2585 1872 2656 aliquid
1897 2587 2045 2656 quod

448 2677 762 2732 obumbrat.
810 2679 1007 2730 Aufert
1045 2675 1217 2745 igitur
1262 2676 1491 2746 Moysen
1529 2680 1586 2727 et
1623 2674 1822 2736 Eliam,
1855 2681 1911 2728 et
1952 2691 2045 2728 oc-

448 2769 661 2834 cultat;
705 2773 762 2820 et
805 2782 931 2821 cum
964 2782 1058 2819 eos
1089 2769 1282 2818 teneat
1319 2770 1376 2817 et
1421 2763 1680 2822 occultet,
1713 2780 1823 2817 non
1853 2769 2046 2817 tamen

442 2859 560 2928 jam
590 2858 810 2927 Moyses
839 2861 896 2909 et
923 2853 1077 2907 Elias
1107 2854 1176 2906 de
1208 2852 1354 2906 nube
1383 2857 1585 2905 sonant
1614 2851 1672 2904 in
1704 2869 1816 2922 qua
1845 2853 2040 2917 latent,

448 2947 546 3000 sed
578 2946 730 2999 solus
758 2945 924 2998 Pater
955 2959 1053 3012 per
1082 2941 1287 2995 nubem
1319 2941 1586 3010 loquitur,
1610 2939 1840 3010 solaque
1869 2939 2044 2994 nubes

2135 2059 2330 2130 perbia
2353 2063 2550 2122 tumet,
2572 2058 2662 2111 hic
2683 2062 2871 2110 autem
2897 2055 3187 2110 humilitas
3211 2060 3390 2125 pavet.
3411 2055 3532 2110 Nec
3551 2061 3722 2110 tamen

2135 2149 2256 2202 sine
2283 2164 2451 2202 causa
2480 2164 2640 2201 mens
2659 2151 2842 2218 pavet,
2876 2162 2998 2217 quae
3021 2143 3316 2216 praemium
3337 2145 3489 2198 tanti
3520 2146 3720 2215 pavoris

2134 2255 2233 2309 per
2258 2237 2499 2307 gratiam
2526 2237 2644 2307 jam
2674 2234 2860 2300 habet,
2890 2250 3061 2307 quam
3091 2233 3326 2303 accepit.
3363 2233 3540 2288 Multa
3562 2234 3718 2305 siqui-

2132 2327 2260 2380 dem
2283 2331 2601 2388 occurrunt,
2627 2341 2727 2378 cur
2745 2322 3001 2394 discipuli
3025 2339 3195 2392 super
3210 2328 3423 2376 terram
3449 2322 3513 2376 in
3537 2322 3715 2376 faciem

2131 2415 2459 2470 corruerint.
2515 2414 2786 2478 Primum,
2822 2411 2954 2482 quia
2990 2427 3102 2466 non
3154 2414 3418 2482 poterant
3454 2411 3715 2465 sustinere

2128 2504 2363 2575 gloriam
2385 2509 2555 2557 tantae
2570 2502 2717 2556 vocis
2736 2501 2804 2555 de
2825 2500 2990 2560 nube,
3010 2515 3194 2570 neque
3217 2503 3403 2564 $08
3415 2499 3713 2553 claritatem

2130 2593 2305 2664 ipsius
2336 2592 2520 2653 nubis,
2555 2609 2665 2662 qua
2704 2589 3201 2653 obumbrabantur,
3244 2588 3508 2642 Christus
3545 2587 3714 2641 videli-

2128 2690 2234 2747 cet,
2257 2683 2498 2753 Moyses,
2523 2687 2580 2734 et
2609 2680 2774 2743 Elias,
2797 2677 2998 2749 quibus
3013 2679 3131 2747 jam
3153 2693 3279 2731 cum
3303 2677 3533 2731 Christo
3552 2692 3709 2731 unum

2128 2777 2249 2824 erat
2274 2770 2718 2832 tabernaculum,
2749 2775 2807 2821 et
2832 2783 2945 2821 non
2969 2767 3098 2831 tria,
3133 2783 3255 2837 quae
3284 2767 3490 2820 Petrus
3527 2765 3710 2820 obtulit

2127 2866 2190 2913 ut
2227 2859 2649 2912 fabricarentur.
2703 2858 2835 2911 Erat
2881 2856 3029 2910 enim
3077 2855 3342 2926 splendor
3377 2855 3567 2910 vultus
3601 2855 3709 2924 ejus

2127 2948 2223 3018 qui
2274 2947 2525 3017 fulgebat
2561 2951 2626 3000 ut
2662 2946 2764 3010 sol,
2799 2950 2855 2999 et
2879 2945 3107 2998 claritas
3135 2943 3617 3008 vestimentorum,
3655 2943 3707 2996 in

450 3033 634 3088 lueida
664 3038 955 3103 paternam
989 3046 1177 3083 Vocem
1211 3028 1498 3098 εκρνὶιηὶι.
1539 3027 1739 3098 Sicque
1771 3028 2039 3082 nimirum
2061 3023 2104 3082 (Ἰ
2128 3035 2330 3107 quibus
2346 3034 2727 3090 delectabatur
2742 3035 2940 3088 Petrus
2959 3032 3289 3087 admiratus.
3307 3032 3416 3086 Sed
3439 3032 3588 3086 inter
3604 3032 3706 3085 hac

447 3121 587 3176 Novi
616 3118 959 3175 Testamenti
979 3117 1165 3188 gratia
1183 3117 1362 3186 legem
1393 3122 1450 3170 et
1477 3116 1830 3187 prophetiam
1852 3116 2037 3171 obum-

447 3209 574 3264 brat
603 3216 660 3263 et
688 3213 997 3272 conservat,
1031 3223 1102 3260 an
1133 3211 1304 3270 tenet,
1347 3205 1606 3270 occultat,
1647 3210 1704 3258 et
1747 3204 2045 3260 obumbrat

446 3300 505 3354 in
529 3299 736 3353 littera.
764 3297 1068 3353 Conservat
1098 3299 1276 3360 eo!
1306 3299 1496 3348 autem
1525 3294 1582 3348 in
1615 3293 1833 3364 spiritu,
1866 3295 2044 3349 occul-

445 3394 532 3443 tat
561 3388 619 3441 in
667 3384 1056 3456 aenigmatibus
1085 3389 1142 3437 et
1184 3383 1398 3454 figuris,
1431 3387 1586 3436 tenet
1624 3383 1680 3436 in
1722 3384 2031 3455 mysteriis.

447 3478 648 3548 Sicque
690 3477 770 3541 fit,
806 3480 871 3528 ut
919 3471 1189 3544 quidquid
1230 3472 1316 3526 lex
1347 3478 1405 3526 et
1442 3472 1734 3543 prophetia
1770 3472 2036 3543 loquitur,

447 3581 769 3638 quanquam
799 3562 1128 3634 spiritaliter
1146 3560 1552 3615 observandum
1573 3562 1902 3629 retineatur,
1927 3579 2040 3616 non

439 3659 558 3728 jam
593 3671 693 3727 per
717 3654 892 3707 Vetus
928 3653 1372 3718 Testamentum,
1405 3651 1502 3704 sed
1548 3668 1648 3722 per
1680 3652 1896 3705 Novum
1935 3669 2038 3706 au-

443 3747 651 3812 diatur,
701 3744 846 3798 sicut
874 3759 975 3814 per
1001 3740 1208 3795 nubem
1236 3741 1478 3795 lucidam
1509 3741 1858 3795 solummodo
1889 3742 2039 3796 Deus

443 3838 613 3892 Pater
659 3833 812 3904 loqui
855 3831 1088 3885 videtur.
1128 3831 1253 3884 Jam
1293 3829 1554 3900 deinceps
1600 3830 1818 3900 Moyses
1866 3835 2034 3897 tacet,

445 3926 592 3981 Elias
613 3925 759 3989 silet,
780 3927 836 3976 et
863 3937 964 3992 per
991 3920 1167 3974 solam
1191 3918 1396 3973 nubem
1417 3925 1653 3990 paterna
1675 3934 1774 3972 vox
1797 3925 1961 3973 sonat
1982 3924 2039 3973 et

443 4011 672 4068 auditur
699 4027 713 4062 :

512 4189 614 4243 Hic
649 4192 721 4241 est
764 4187 938 4240 Filius
985 4200 1135 4238 meus
1170 4185 1417 4247 dilectus,
1453 4185 1515 4236 in
1560 4198 1664 4250 quo
1713 4183 1860 4236 mihi
1910 4183 2036 4234 bene

443 4277 766 4343 complacui,
809 4277 990 4342 ipsum
1021 4273 1225 4324 audite.
1278 4271 1381 4322 Hic
1411 4275 1513 4332 est,
1545 4286 1608 4322 ac
1652 4269 1699 4322 si
1745 4270 1895 4323 dicat
1939 4269 2034 4340 qui

2127 3126 2336 3191 omnia,
2361 3125 2626 3179 virtutem
2651 3124 2799 3177 vocis
2828 3139 2939 3177 non
2969 3121 3230 3187 ferentes,
3256 3138 3320 3175 ex
3350 3137 3416 3175 eo
3448 3128 3506 3174 et
3532 3135 3704 3174 vocem

2125 3231 2158 3268 a
2173 3214 2338 3268 Patre
2359 3230 2458 3286 per
2478 3213 2685 3268 nubem
2704 3213 3008 3283 delapsam,
3034 3211 3178 3265 ferre
3198 3226 3311 3264 non
3337 3214 3615 3281 poterant,
3637 3207 3705 3262 id-

2124 3302 2269 3357 circo
2317 3319 2381 3357 ac
2437 3302 2483 3355 si
2533 3301 2898 3372 supplicantis
2953 3300 3174 3364 affectu,
3221 3299 3428 3352 timore
3458 3295 3702 3369 perculsi,

2123 3392 2386 3446 cadentes
2414 3396 2588 3445 ruunt
2615 3390 2671 3443 in
2702 3389 2900 3444 faciem
2930 3405 3110 3443 suam.
3139 3387 3306 3441 Valde
3333 3388 3484 3441 enim
3509 3392 3702 3457 perter-

2122 3481 2217 3534 riti
2257 3485 2415 3534 erant
2455 3479 2753 3551 spectaculi
2803 3479 3066 3544 novitate,
3109 3483 3165 3531 et
3208 3475 3534 3530 testimonio
3569 3475 3699 3529 vocis

2121 3575 2386 3640 paternae.
2418 3569 2498 3622 De
2529 3585 2638 3638 quo
2685 3583 2820 3621 sane
2859 3565 3202 3629 testimonio,
3236 3564 3370 3635 quia
3399 3579 3568 3635 supra
3592 3563 3698 3633 jam

2123 3673 2211 3712 me
2242 3657 2378 3711 satis
2398 3656 2602 3710 dixisse
2626 3655 2828 3720 recolo,
2861 3653 3105 3725 idipsum
3126 3652 3471 3706 reinculcare
3500 3648 3694 3705 distuli.

2124 3741 2241 3795 Nisi
2267 3741 2414 3811 quod
2445 3740 2676 3811 quidam
2696 3743 2971 3810 quierunt,
2994 3743 3185 3792 utrum
3205 3736 3274 3790 de
3301 3736 3451 3791 nube
3479 3736 3589 3789 haec
3607 3748 3693 3786 vox

2121 3830 2191 3882 ad
2217 3830 2447 3899 Moysen
2475 3834 2530 3882 et
2558 3829 2741 3883 Eliam
2769 3828 2916 3882 facta
2936 3827 3028 3892 sit,
3062 3825 3158 3896 qui
3189 3823 3581 3879 desiderabant
3611 3822 3689 3876 Fi-

2121 3918 2257 3971 lium
2297 3917 2395 3970 Dei
2435 3916 2493 3970 in
2522 3933 2688 3970 carne
2716 3916 2899 3970 videre
2929 3921 2986 3969 et
3021 3915 3238 3980 audire,
3273 3919 3336 3968 ut
3369 3914 3610 3968 viderent
3642 3914 3689 3964 et

2120 4006 2381 4061 audirent
2398 4007 2517 4076 jam
2547 4005 2824 4076 completa
2843 4020 2965 4075 quae
2989 4003 3059 4058 de
3078 4003 3174 4058 illo
3203 4003 3310 4074 ipsi
3335 4002 3684 4063 crediderant,

2119 4101 2177 4150 et
2195 4095 2566 4166 praedixerant
2595 4094 2931 4166 quandoque
2954 4109 3075 4148 esse
3102 4093 3309 4146 futura.
3333 4094 3449 4146 Aut
3475 4090 3688 4160 discipu-

2117 4185 2217 4250 los,
2254 4185 2402 4255 quod
2447 4185 2627 4255 magis
2673 4183 2953 4254 congruit,
2983 4183 3152 4236 Pater
3178 4180 3414 4236 docebat
3449 4181 3517 4235 de
3542 4177 3681 4241 Filio,

2121 4273 2268 4344 quod
2289 4275 2412 4344 ejus
2431 4273 2692 4344 proprius
2712 4277 2860 4327 esset
2877 4272 3069 4337 Filius,
3084 4287 3250 4342 quem
3271 4270 3448 4324 secuti
3464 4270 3682 4330 fuerant,

441 4334 775 4418 naturaliter
811 4334 969 4415 meus
1011 4365 1099 4414 est
1140 4357 1333 4422 Filius,
1368 4363 1426 4410 et
1455 4357 1543 4409 hic
1567 4362 1652 4409 est
1683 4357 1777 4436 qui
1825 4334 1973 4411 mihi
2000 4373 2034 4411 a
2056 4334 2102 4393 D
2120 4334 2176 4417 et
2195 4334 2360 4434 quem
2386 4334 2504 4432 jam
2533 4334 2995 4432 transﬁguratum
3015 4334 3320 4415 cernebant
3339 4359 3398 4414 in
3423 4357 3610 4431 gloria,
3632 4358 3686 4408 ut

441 4461 642 4509 natura
671 4452 905 4506 dilectus
944 4454 1044 4503 est.
1081 4449 1244 4516 Ergo,
1279 4445 1388 4508 hic,
1413 4461 1524 4498 non
1555 4444 1875 4500 adverbium
1906 4445 2029 4513 loci,

441 4543 538 4597 sed
595 4555 906 4612 pronomen
959 4552 1253 4608 personam
1315 4535 1753 4588 demonstrantis
1800 4539 1902 4600 est,
1965 4551 2031 4589 eo

441 4631 586 4702 quod
619 4636 818 4701 praeter
847 4629 995 4681 hunc
1024 4625 1210 4679 nullus
1243 4624 1387 4678 alius
1416 4623 1642 4694 propius
1671 4629 1774 4677 est.
1807 4623 1878 4677 Et
1905 4640 2030 4678 ecce

439 4719 626 4773 ablata
659 4723 745 4771 est
790 4733 923 4771 cura
965 4715 1311 4784 ﬁgendorum
1358 4711 1864 4779 tabernaculorum,
1899 4713 2032 4783 quia

438 4807 671 4862 recessit
712 4807 950 4877 Moyses,
985 4804 1215 4858 recessit
1265 4809 1321 4856 et
1350 4803 1516 4868 Elias,
1559 4802 1654 4872 qui
1694 4803 1836 4856 servi
1869 4808 2031 4856 erant

436 4904 493 4950 et
521 4913 632 4950 non
659 4895 893 4948 domini.
920 4895 1290 4946 Recesserunt
1320 4907 1472 4961 ergo.
1505 4907 1574 4944 ne
1623 4891 1764 4944 forte
1793 4890 2028 4944 dubium

435 4990 602 5050 esset,
640 4985 806 5037 Pater
837 4983 905 5036 de
936 4999 1044 5052 quo
1087 4982 1310 5035 illorum
1340 4981 1568 5034 diceret.
1609 4981 1772 5033 Nunc
1811 4985 2022 5045 autem,

435 5075 566 5146 quia
603 5074 755 5126 solus
799 5071 1087 5136 remansit,
1139 5076 1353 5124 certum
1401 5069 1532 5140 quia
1567 5075 1624 5122 et
1668 5069 1754 5122 lex
1791 5073 1848 5122 et
1895 5085 2026 5139 pro-

429 5161 619 5234 phetia
648 5162 720 5216 ad
749 5177 878 5215 eum
917 5159 1165 5228 transiit,
1195 5164 1252 5212 et
1296 5175 1397 5211 vox
1427 5158 1628 5223 Patris,
1659 5174 1770 5210 non
1807 5157 1875 5211 de
1913 5157 2023 5211 alio

431 5251 502 5304 ad
531 5251 833 5322 discipulos
863 5264 1032 5319 quam
1071 5247 1142 5302 de
1170 5247 1289 5317 ipso
1317 5247 1440 5299 tuit.
1487 5249 1566 5300 Ac
1594 5247 1641 5300 si
1672 5247 1882 5301 diceret
1919 5262 2021 5300 vox

427 5339 631 5393 divina.
683 5339 786 5392 Hic
837 5338 987 5391 solus
1025 5337 1120 5406 qui
1159 5335 1429 5389 remansit
1467 5341 1552 5388 est
1587 5336 1876 5390 Dominus.
1918 5336 2022 5389 Hic

321 5417 326 5422 ’
426 5428 598 5496 solus,
647 5443 816 5499 quem
868 5426 1004 5480 estis
1041 5425 1236 5490 secuti,
1295 5423 1527 5478 dilectus
1575 5429 1632 5478 et
1685 5425 1884 5480 unicus
1935 5429 2022 5479 est

424 5519 621 5576 Filius.
662 5520 728 5577 In
755 5519 861 5575 hoc
889 5519 1006 5574 solo
1036 5522 1091 5574 et
1119 5533 1232 5574 non
1273 5515 1331 5572 in
1356 5517 1546 5587 Moyse
1576 5515 1661 5570 vel
1703 5517 1846 5585 Elia,
1879 5515 2020 5573 mihi

2114 4451 2375 4523 deinceps
2403 4451 2472 4504 de
2501 4451 2598 4505 illo
2622 4452 2743 4521 jam
2763 4450 2904 4504 nihil
2926 4449 3162 4504 ulterius
3185 4447 3527 4502 dubitarent.
3545 4443 3685 4501 Unde

2114 4545 2172 4594 et
2215 4540 2338 4611 ipsa
2366 4556 2489 4604 vox,
2523 4539 2657 4610 quia
2696 4539 2826 4592 talis
2855 4544 3122 4609 tantaque
3157 4537 3282 4603 fuit,
3315 4543 3383 4592 ut
3408 4552 3530 4591 eam
3556 4533 3684 4588 ferre

2114 4644 2224 4682 non
2243 4628 2786 4699 possent,audientes
2804 4628 2988 4698 ipsum
3015 4642 3135 4681 esse
3156 4625 3361 4680 Filium
3383 4626 3480 4680 Dei
3499 4620 3680 4681 Patrisi

2114 4717 2208 4788 qui
2233 4718 2380 4772 visus
2405 4723 2490 4771 est
2518 4717 2713 4788 Moysi,
2737 4723 2804 4770 et.
2822 4717 2873 4770 ei
2900 4717 3145 4770 dixerat:
3168 4716 3290 4770 Non
3319 4716 3516 4769 videbit
3544 4714 3684 4766 homo

2110 4808 2308 4873 [aciem
2340 4807 2516 4859 Meam
2550 4811 2596 4859 et
2645 4809 2783 4859 vivet
2829 4805 3016 4876 (Exod.
3057 4817 3244 4867 xxxm,
3289 4800 3397 4866 20).
3432 4796 3684 4858 Fortassis

2111 4910 2244 4963 ergo
2268 4893 2521 4947 videntes
2551 4893 2748 4947 faciem
2770 4893 2895 4947 Filii
2917 4893 3018 4947 Dei
3047 4894 3249 4946 tactam
3271 4893 3418 4946 sicut
3436 4891 3516 4945 sol
3537 4884 3684 4943 reful-

2107 4987 2355 5052 gentem,
2370 4990 2427 5036 et
2440 4983 2732 5036 audientes
2748 4982 3135 5036 testimonium
3146 4982 3247 5035 Dei
3266 4981 3451 5035 Patris
3467 4980 3534 5034 de
3554 4978 3682 5048 ipso,

2109 5087 2218 5124 non
2246 5077 2550 5141 potuerunt
2568 5087 2680 5125 non
2705 5071 2925 5125 timere.
2942 5071 3010 5124 Et
3031 5070 3154 5124 ideo
3176 5070 3546 5124 humiliantur
3573 5076 3686 5118 mox

2107 5159 2211 5216 sub
2259 5176 2431 5214 manu
2461 5161 2581 5224 Dei,
2609 5160 2756 5231 quod
2786 5165 2844 5214 et
2881 5159 3063 5230 ipsum
3112 5159 3362 5230 Moysen,
3395 5171 3603 5212 necnon
3638 5155 3689 5205 et

2107 5249 2398 5304 Abraham
2431 5249 2824 5319 patriarcham,
2863 5248 3060 5303 fecisse
3089 5247 3345 5318 legimus.
3368 5248 3518 5302 Tunc
3546 5240 3686 5297 beni-

2101 5355 2246 5408 gnus
2277 5337 2560 5408 Magister.

2172 5428 2404 5484 Accessit
2423 5433 2473 5481 et
2493 5429 2666 5495 tetigit
2683 5442 2792 5494 eos,
2813 5429 3065 5497 dixitque
3093 5429 3170 5482 eis
3187 5445 3203 5480 :
3219 5425 3442 5495 Surgite
3461 5429 3508 5479 et
3527 5421 3682 5476 nolito

2105 5517 2400 5574 timere.Ac
2411 5515 2458 5574 si
2468 5520 2660 5591 aperte
2673 5516 2910 5578 diceret;
2928 5515 3267 5575 Timendum
3277 5520 3400 5573 erat
3408 5514 3455 5571 si
3463 5512 3678 5584 Moysen
