3888 6172
239 221 341 278 589

936 223 1312 280 EXPOSITIO
1354 227 1429 280 IN
1470 226 1916 283 MATTH/EUM.
1964 257 2026 270 —
2069 229 2202 282 LIB.
2245 227 2392 293 VIII,
2439 228 2593 282 CAP.
2637 227 2808 283 XVII.

3399 226 3504 286 590

236 348 578 403 audiendum
608 365 708 403 vox
736 349 1018 412 clamaret,
1045 355 1146 404 aut
1157 349 1334 404 Eliam
1349 351 1684 406 imitandum
1702 351 1894 411 tan-A
1912 351 2260 406 audiverant.
2293 351 2606 406 Audierant
2623 351 2773 406 enim
2817 352 2980 421 juxta
3008 350 3337 406 Malachiam
3371 367 3498 422 pro-

236 442 379 496 tum.
432 439 564 508 quia
602 454 704 492 nec
729 439 834 509 ipsi
871 439 991 492 sine
1021 457 1109 493 me
1151 440 1345 511 utique
1385 443 1624 512 placent.
1656 443 1829 497 Porro

236 527 385 598 quod
425 527 637 584 accedit
683 533 810 598 post
845 534 1062 582 tantam
1111 529 1350 598 gloriam
1392 531 1689 586 clementia
1726 541 1830 596 est,

238 616 384 686 quod
414 616 617 686 tangit,
653 616 901 687 potentia
927 617 1284 672 reformantis
1307 637 1318 671 :
1345 625 1406 673 ut
1445 637 1512 674 ea
1550 638 1721 676 manu
1750 639 1836 676 re-

238 711 568 758 crearentur
595 705 666 759 ad
687 706 876 767 ﬁdem.
896 723 1007 777 qua
1034 707 1208 761 creati
1237 714 1403 762 erant
1427 710 1496 763 ad
1528 710 1718 764 vitam.
1735 713 1834 766 Ju-

239 793 333 849 bet
351 810 487 864 ergo
518 802 582 848 ut
605 801 912 864 exsurgant
932 811 965 848 a
985 812 1202 859 somno,
1220 802 1277 850 et
1301 798 1460 868 pellit
1480 798 1729 868 jubendo
1762 801 1837 854 ti-

239 899 475 937 morem.
518 881 721 954 Tangit
757 899 886 938 vero
935 889 999 937 ut
1036 884 1242 939 debilia
1279 886 1534 941 membra
1576 889 1839 944 restituat

241 970 492 1038 sanitati,
515 978 572 1025 et
607 987 747 1043 quos
779 988 952 1027 manu
971 980 1152 1038 sanat,
1180 980 1344 1029 sanat
1363 983 1420 1030 et
1447 977 1703 1049 imperio.
1737 981 1842 1033 No-

243 1063 336 1115 lite
367 1064 582 1125 timere,
609 1061 812 1132 inquit,
853 1061 986 1132 quia
1018 1079 1158 1132 quos
1180 1069 1297 1118 tam
1343 1065 1640 1122 vehemens
1671 1067 1843 1123 timor

243 1147 734 1220 possidet,doctrin
742 1165 832 1203 am
848 1151 1095 1222 recipere
1111 1169 1308 1206 sanam
1325 1171 1436 1209 non
1453 1157 1841 1226 possunt,ideo

244 1237 401 1309 prius
415 1238 678 1292 timorem
698 1238 872 1308 pellit,
899 1246 956 1294 et
973 1239 1051 1294 sic
1077 1258 1171 1296 eos
1209 1243 1280 1296 ad
1313 1244 1559 1315 seipsum
1582 1245 1749 1316 erigit
1788 1252 1844 1301 et

244 1327 447 1394 elevat,
469 1332 657 1393 ιυω
676 1333 742 1382 ut
766 1344 876 1382 non
907 1329 1082 1384 alium
1113 1331 1404 1402 requirant
1438 1349 1619 1404 neque
1656 1335 1842 1390 inten-

245 1417 403 1481 dant,
439 1415 540 1470 sed
560 1433 726 1488 quem
740 1418 910 1472 Pater
931 1418 1368 1492 signavit,atque
1383 1439 1560 1476 unum
1574 1428 1631 1478 et
1651 1424 1844 1495 singu-

244 1505 425 1559 larem
445 1505 816 1560 demonstrat.
839 1507 998 1563 Unde
1019 1508 1174 1563 etilli
1198 1530 1212 1565 :
1232 1511 1513 1565 Elevantes
1531 1518 1731 1579 oculos,
1758 1531 1847 1569 ne—

247 1595 461 1648 minem
482 1598 665 1649 alium
680 1597 942 1651 viderunt
966 1601 1078 1652 nisi
1090 1603 1268 1653 solum
1284 1602 1486 1664 Jesum,
1497 1603 1629 1673 quia
1646 1607 1708 1657 in
1731 1607 1845 1673 ipso

1915 442 2140 512 phetam
2175 457 2208 494 a
2238 441 2531 495 Pharisaeis
2558 441 2850 505 traditum,
2879 439 3026 509 quod
3059 439 3205 494 Elius
3234 446 3500 495 venturus

1916 538 2063 586 esset
2081 536 2211 585 ante
2239 531 2540 584 adventum
2563 529 2886 594 Salvatoris,
2905 535 2968 583 ut
2989 529 3314 583 restitueret
3339 529 3508 582 corda

1915 627 2138 692 patrum
2153 621 2210 674 in
2222 620 2443 684 filios,et
2460 619 2714 673 omniain
2728 618 3021 690 antiquum
3033 619 3507 685 statum(:llataeh.

1917 723 1989 774 Iv,
2024 711 2097 779 5).
2130 709 2237 779 Ipsi
2261 725 2390 763 vero
2411 707 2667 779 discipuli
2696 706 3037 762 aestimantes
3062 706 3510 760 transformatio-

1919 815 2048 852 nem
2074 798 2284 868 gloriae,
2317 814 2485 869 quam
2509 797 2767 850 viderant
2794 796 2852 849 in
2893 801 3101 860 monte,
3130 796 3272 849 hanc
3297 810 3417 850 esse
3447 794 3512 849 il-

1920 887 2031 940 lius
2057 886 2328 941 adventus
2356 885 2916 950 consummationem,
2950 885 3304 954 interrogant
3332 901 3343 936 :
3370 899 3435 939 ac
3462 883 3511 938 si

1921 976 2189 1041 dicerent,
2222 977 2270 1029 si
2303 976 2424 1046 jam
2448 974 2648 1028 venisti
2673 974 2730 1027 in
2763 973 3024 1043 gloriam,
3060 972 3339 1044 quomodo
3376 989 3514 1043 prae-

1923 1081 2117 1120 cursor
2144 1071 2275 1119 tuus
2305 1063 2474 1127 Elias,
2506 1062 2601 1133 qui
2629 1061 2796 1116 modo
2828 1061 2979 1116 visus
3019 1065 3121 1126 est,
3155 1067 3213 1115 et
3259 1059 3513 1127 recessit,

1925 1153 2080 1224 prius
2097 1169 2209 1207 non
2232 1151 2382 1206 venit
2398 1149 2424 1203 ’ἶ
2446 1149 2593 1214 Quid
2609 1165 2741 1218 ergo
2762 1148 2967 1204 Scribae
2984 1148 3212 1204 dicunt?
3232 1147 3362 1204 Haec
3388 1145 3515 1203 ideo

1925 1243 2297 1313 interrogant,
2335 1239 2468 1310 quia
2494 1239 2632 1294 visio
2663 1253 2786 1310 quae
2823 1235 2971 1292 facta
3001 1235 3186 1292 fuerat
3212 1237 3272 1291 in
3301 1241 3514 1304 monte,

1927 1333 1985 1386 in
2013 1347 2126 1403 qua
2151 1331 2322 1386 etiam
2344 1329 2494 1384 Elias
2515 1334 2602 1382 est
2628 1327 2802 1394 visus,
2825 1324 3117 1380 videbatur
3137 1324 3218 1379 eis
3247 1341 3362 1380 non
3389 1341 3518 1380 con-

1930 1421 2118 1476 venire
2142 1435 2270 1475 cum
2317 1417 2621 1472 traditione
2653 1414 3000 1471 Scribarum:
3036 1413 3170 1484 quia
3224 1429 3334 1468 non
3388 1419 3520 1470 ante

1931 1510 2216 1566 Christum
2254 1506 2546 1561 videbatur
2574 1505 2724 1560 Elias
2743 1501 3093 1568 venisse,sed
3115 1517 3243 1556 cum
3273 1500 3518 1556 Christo.

1928 1599 2172 1668 Ideoque
2201 1597 2398 1651 falsam
2424 1593 2780 1650 aestimabant
2800 1591 3162 1647 traditionem
3179 1589 3522 1656 Scribarum,

246 1689 380 1738 sunt
411 1685 624 1738 omnia.
641 1684 704 1738 In
721 1684 841 1756 ipso
863 1686 1089 1757 quidem
1103 1688 1272 1742 Pater
1290 1695 1347 1743 et
1360 1689 1551 1756 Filius,
1577 1693 1635 1746 in
1653 1693 1774 1763 ipso
1792 1699 1849 1747 et
1868 1708 1914 1768 B
1933 1688 2065 1758 quia
2080 1687 2335 1741 Christus
2360 1684 2654 1739 manifeste
2684 1687 2931 1747 venerat,
2963 1686 3268 1751 antequam
3294 1678 3443 1735 Elias
3465 1678 3527 1733 in

249 1773 498 1844 Spiritus
546 1780 790 1837 sanctus,
840 1776 899 1828 in
944 1775 1064 1846 ipso
1117 1777 1330 1849 Moyses
1375 1784 1432 1834 et
1469 1780 1635 1846 Elias,
1679 1782 1848 1836 etiam

248 1879 377 1918 cum
407 1861 700 1928 recedunt,
743 1864 801 1918 in
838 1864 958 1935 ipso
997 1871 1053 1919 et
1091 1866 1195 1937 ipsi
1225 1867 1503 1940 discipuli.
1547 1871 1853 1942 Propterea

248 1964 362 2001 non
401 1963 548 2018 opus
577 1953 663 2001 est
698 1947 808 2001 nisi
842 1965 1019 2003 unum
1061 1950 1486 2007 tabernaculum
1518 1955 1639 2008 ﬁeri
1667 1974 1679 2020 ;
1714 1973 1852 2026 quo-

249 2037 405 2090 niam
429 2052 562 2090 cum
576 2036 696 2108 ipse
712 2038 862 2091 solus
879 2037 1136 2105 habetur,
1152 2042 1342 2095 omnia
1362 2043 1853 2112 possidentur.Sed

249 2141 364 2180 non
405 2131 542 2179 ante
573 2126 736 2179 Jesus
779 2127 928 2181 solus
956 2127 1014 2181 in
1045 2135 1235 2183 monte
1283 2137 1650 2202 monstratur,
1686 2150 1854 2204 quam

251 2213 434 2268 nubes
453 2214 606 2267 clara
635 2231 764 2268 eum
796 2214 1024 2282 obtexit,
1059 2223 1114 2271 et
1149 2218 1218 2272 de
1248 2219 1414 2286 nube,
1438 2220 1495 2274 in
1527 2238 1639 2291 qua
1687 2223 1857 2294 Spiri-

250 2308 346 2357 tus
375 2308 610 2357 sanctus
639 2309 762 2357 erat
802 2321 905 2358 vox
934 2307 1116 2360 Patris
1163 2308 1351 2362 sonuit
1380 2327 1391 2362 :
1427 2311 1528 2364 Hic
1560 2316 1635 2365 est
1683 2313 1857 2365 Filius

253 2409 431 2459 meus,
459 2397 566 2446 etc.
588 2393 745 2447 Tunc
763 2393 1038 2464 siquidem
1071 2395 1218 2450 nube
1240 2397 1480 2468 desuper
1495 2399 1856 2469 clarescente,

252 2477 386 2535 cum'
419 2496 526 2534 vox
569 2481 756 2535 Patris
784 2482 1031 2537 intonuit
1071 2501 1172 2555 per
1217 2485 1442 2551 nubem,
1472 2486 1730 2543 inventus
1774 2495 1860 2544 est

255 2570 426 2624 Jesus
455 2569 630 2623 solus.
664 2569 741 2623 Et
767 2587 893 2624 cum
923 2575 1038 2626 tres
1078 2578 1283 2639 essent,
1324 2579 1388 2628 ut
1431 2574 1564 2640 dixi,
1597 2593 1744 2632 unus
1775 2583 1862 2632 est

258 2657 468 2712 factus.
488 2658 626 2712 Tres
649 2658 926 2729 siquidem
952 2659 1009 2714 in
1027 2661 1301 2733 principio
1320 2662 1597 2728 videntur,
1631 2671 1688 2719 et
1715 2683 1862 2722 unus

255 2747 313 2799 in
361 2747 479 2800 ﬁne
522 2751 610 2800 est
649 2746 800 2800 solus
837 2747 997 2803 Jesus
1040 2749 1315 2817 Christus,
1357 2752 1453 2821 qui
1504 2753 1695 2808 omnia
1740 2771 1862 2826 quae

255 2834 518 2906 perfecta
545 2840 698 2899 sunt,
727 2851 902 2890 unum
928 2837 1077 2891 facit.
1095 2839 1238 2893 Nam
1251 2845 1308 2893 et
1329 2839 1388 2893 in
1417 2857 1482 2895 eo
1501 2858 1694 2912 regno,
1715 2845 1863 2914 quod

257 2925 682 2994 praeﬁguratur,
709 2925 964 2979 Christus
996 2925 1149 2980 Deus
1179 2929 1367 2982 omnia
1388 2929 1448 2982 in
1468 2929 1727 2986 omnibus
1757 2932 1866 2986 erit

1933 1776 2038 1830 hoc
2084 1780 2274 1830 monte
2303 1780 2620 1844 appareret.
2653 1771 2871 1836 Quibus
2901 1785 3069 1840 quam
3105 1768 3413 1840 prudenter
3434 1783 3526 1822 re-

1933 1864 2221 1936 sponderit
2247 1862 2688 1922 consideremus,
2719 1876 2830 1914 non
2860 1857 3166 1929 reprobans
3188 1873 3358 1928 quaea
3377 1856 3528 1911 Scri-

1933 1954 2020 2008 bis
2059 1953 2270 2008 tradita
2294 1951 2522 2006 fuerant
2558 1949 2628 2004 de
2660 1948 2796 2014 Elia,
2831 1947 2929 2002 sed
2959 1947 3135 2001 alium
3166 1945 3298 2000 Elite
3321 1945 3528 1999 adven-

1935 2049 2058 2097 tum
2101 2047 2232 2096 ante
2285 2057 2344 2094 se
2380 2038 2665 2094 indicabat
2699 2039 2820 2107 jam
2877 2036 3105 2100 factum,
3154 2051 3321 2106 quem
3376 2033 3532 2104 igno-

1937 2130 2140 2187 rabant
2197 2130 2400 2186 Scribae
2456 2135 2513 2183 et
2553 2127 2837 2181 Pharisaei.
2903 2126 2972 2179 Et
3025 2124 3336 2178 notandum
3360 2122 3533 2208 .quod

1939 2222 2152 2287 dicunt,
2204 2221 2337 2291 quia
2382 2217 2489 2272 nisi
2552 2216 2710 2288 prius
2751 2214 2968 2269 venerit
3013 2213 3162 2268 Elias
3226 2211 3534 2267 secundum

1942 2311 2280 2382 Scripturas,
2306 2306 2608 2363 Salvatoris
2631 2305 2906 2360 adventus
2933 2319 3053 2358 esse
3072 2319 3186 2358 non
3216 2301 3424 2374 poterit
3451 2316 3536 2356 se-

1941 2400 2176 2455 cundus.

2011 2489 2082 2544 At
2107 2491 2203 2542 itte
2225 2487 2554 2555 respondens
2575 2487 2676 2550 ait,
2706 2484 2859 2537 Etias
2893 2483 3113 2551 quidem
3141 2486 3409 2536 venturus
3439 2483 3533 2546 est,

1942 2576 2001 2630 in
2031 2576 2273 2632 secundo
2306 2591 2431 2629 meo
2470 2573 2713 2628 adventu
2739 2573 2902 2642 juxta
2934 2570 3181 2642 corporis
3218 2569 3534 2623 veritatem.

1945 2668 2106 2722 Nunc
2129 2667 2251 2735 jam
2272 2664 2330 2718 in
2357 2663 2540 2735 primo
2569 2661 2723 2715 venit
2750 2677 2851 2731 per
2879 2661 3154 2714 Joannem
3177 2674 3305 2712 cum
3333 2656 3540 2728 spiritu

1946 2763 2003 2811 et
2033 2757 2241 2810 virtute
2265 2772 2276 2808 :
2313 2753 2442 2824 quia
2491 2751 2734 2806 Joannes
2760 2749 2818 2804 in
2843 2748 3045 2820 spiritu
3068 2762 3197 2801 vere
3221 2745 3369 2800 Elias
3407 2744 3537 2799 fuit.

1944 2845 2048 2901 Sed
2074 2859 2186 2898 non
2217 2845 2583 2911 cognoverunt
2613 2855 2739 2893 eum
2773 2843 2821 2891 et
2849 2839 3098 2904 fecerunt
3125 2837 3176 2889 ei
3208 2848 3540 2902 quaecunque

1945 2936 2260 2987 voluerunt.
2295 2931 2413 2984 Hoc
2452 2934 2538 2984 est
2568 2931 2917 2999 spreverunt,
2949 2925 3271 2979 afflixerunt
3297 2937 3539 2988 carcere,

255 3029 437 3077 unus,
463 3012 686 3082 quando
706 3012 872 3067 simul
895 3031 1088 3069 omnes
1110 3016 1166 3069 in
1197 3032 1262 3069 eo
1291 3018 1501 3087 judicio
1533 3021 1682 3090 quod
1713 3019 1860 3075 futu-
1885 3022 1928 3081 Ο
1954 3027 2012 3076 et
2039 3020 2459 3076 decollaverunt
2485 3034 2633 3072 eum.
2659 3015 2984 3086 Sie,inquit,
3018 3020 3066 3068 et
3095 3014 3272 3068 Filius
3299 3012 3543 3066 hominis

260 3119 396 3155 rum
428 3106 518 3154 est
551 3106 687 3155 tunc
723 3101 1020 3157 timebunt.
1056 3105 1296 3170 Interea,
1339 3107 1471 3177 quia
1499 3113 1556 3162 et
1583 3108 1742 3163 nobis
1771 3109 1866 3164 bo-

261 3207 405 3244 num
435 3189 546 3243 fuit
571 3206 696 3244 cum
729 3191 856 3245 Jesu
885 3191 982 3246 diu
1019 3193 1300 3247 demorari
1341 3195 1399 3249 in
1430 3203 1640 3261 monte,
1673 3199 1741 3252 de
1778 3199 1866 3252 his

267 3296 394 3350 quae
423 3279 819 3350 conspeximus
851 3297 1028 3351 pauca
1059 3288 1208 3346 sunt,
1234 3284 1402 3338 etiam
1435 3291 1492 3339 et
1519 3286 1642 3356 ipsa
1661 3285 1868 3342 incom-

261 3369 381 3439 ptis
414 3368 602 3422 verbis
632 3384 754 3439 quaa
793 3369 1117 3424 detulimus.
1161 3371 1370 3426 Idcirco
1402 3375 1540 3428 nulli
1567 3391 1738 3429 onera
1787 3377 1867 3430 vi-

256 3456 514 3510 deantur
563 3457 692 3522 ista,
747 3459 1009 3527 quoniam
1057 3460 1257 3514 altiora
1313 3468 1464 3528 sunt,
1506 3463 1689 3518 dicere
1745 3482 1868 3535 quae

262 3545 603 3608 omisimus;
631 3550 780 3599 certe
804 3553 903 3600 aut
941 3547 1045 3618 ipsi
1074 3555 1370 3619 penetrare
1400 3567 1510 3605 non
1560 3553 1866 3623 potuimus.

340 3635 497 3689 Unde
526 3635 968 3690 descendentibus
997 3634 1112 3691 illis
1156 3639 1220 3692 de
1257 3646 1460 3706 monte,
1487 3645 1741 3710 praecepit
1796 3647 1871 3696 eis

263 3725 708 3790 benignissimus
729 3723 1008 3792 Salvator,
1031 3728 1214 3780 dicens
1248 3746 1259 3781 :
1307 3728 1568 3784 Visionem
1595 3747 1761 3799 quam
1794 3735 1873 3786 vi-

259 3811 431 3866 distis
465 3815 684 3865 nemini
703 3813 977 3876 dixeritis,
1001 3815 1167 3869 donec
1193 3817 1370 3871 Filius
1391 3819 1631 3873 hominis
1657 3822 1692 3874 ὰ
1720 3837 1872 3876 mor-

263 3904 384 3954 tuis
415 3905 694 3969 resurgat.
748 3901 866 3956 Hoc
897 3918 1029 3973 ergo
1075 3905 1207 3958 ﬁdei
1250 3907 1540 3976 praemium
1583 3926 1871 3966 reservare

259 3988 452 4042 voluit
481 3987 540 4042 in
583 3988 856 4056 futurum,
903 3997 964 4046 ut
1007 3992 1187 4046 honor
1233 3995 1562 4051 redderetur
1607 4000 1873 4070 apostolis

259 4075 559 4142 omnibus,
593 4077 742 4148 apud
770 4095 911 4148 quos
936 4096 1048 4134 non
1077 4081 1214 4135 levis
1241 4091 1646 4155 praeceptorum
1679 4094 1874 4143 aucto-

257 4165 412 4220 ritas
442 4171 858 4221 monstraretur
884 4184 987 4223 suo
1013 4168 1070 4222 in
1105 4173 1670 4242 tempore.Quoniam
1701 4176 1876 4231 futuri

1943 3126 2213 3180 passurus
2260 3113 2335 3163 est
2361 3110 2430 3162 ab
2469 3111 2562 3162 eis.
2598 3107 2675 3161 Ex
2705 3121 2816 3177 qua
2860 3102 3143 3158 sententia
3174 3101 3371 3172 utique
3415 3097 3548 3154 insi-

1950 3205 2107 3265 nuat,
2132 3198 2280 3270 quod
2318 3197 2461 3251 sicut
2480 3197 2723 3250 Joannes
2753 3210 2882 3248 voce
2899 3191 3192 3264 praecurrit
3206 3196 3263 3245 et
3274 3187 3461 3258 verbo,
3480 3191 3548 3242 ut

1949 3287 2198 3342 Verbum
2229 3287 2515 3342 Christum
2546 3284 2835 3339 nuntiaret
2863 3284 2921 3337 in
2953 3281 3192 3336 mundo:
3218 3279 3301 3334 ita
3327 3277 3544 3349 passio-

1949 3393 2079 3431 nem
2093 3375 2685 3446 praanuntians,przecu
2693 3371 3144 3441 rritinjuriarum
3156 3385 3222 3423 ac
3231 3365 3546 3422 vexationis

1953 3465 2224 3534 exemplo.
2249 3463 2408 3518 Unde
2435 3462 2548 3516 ait:
2583 3463 2648 3515 Et
2670 3463 2918 3528 fecerunt
2945 3463 3009 3512 in
3037 3475 3163 3512 eum
3211 3469 3548 3525 quaecunque

1949 3557 2263 3616 voluerunt,
2296 3551 2427 3621 quia
2455 3555 2512 3605 et
2543 3549 2620 3604 sic
2643 3547 2842 3603 facturi
2864 3552 3026 3601 erant
3047 3546 3105 3599 in
3122 3545 3428 3600 Christum.
3460 3541 3546 3596 De

1954 3658 2063 3714 quo
2107 3640 2270 3706 facto,
2304 3657 2405 3694 nec
2443 3639 2726 3693 immerito
2750 3636 3019 3707 quaeritur
3046 3650 3080 3687 a
3107 3632 3308 3704 quibus
3337 3632 3546 3685 factum

1955 3732 2028 3786 sit
2057 3730 2205 3802 quod
2225 3730 2323 3791 ait,
2346 3735 2404 3783 et
2431 3729 2682 3782 iecerunt
2705 3726 2762 3780 in
2801 3741 2931 3780 eum
2982 3737 3327 3793 quaecunque
3354 3719 3545 3773 volue-

1955 3821 2121 3876 runt?
2151 3822 2289 3875 Cum
2311 3833 2484 3888 supra
2500 3817 2569 3870 de
2601 3814 2807 3870 Scribis
2831 3813 2980 3867 facta
3001 3811 3075 3866 sit
3090 3809 3318 3872 mentio,
3352 3813 3410 3862 et
3433 3821 3548 3861 non

1956 3911 2024 3965 de
2050 3908 2269 3964 Herode
2311 3907 2396 3960 vel
2443 3903 2758 3960 Herodiade
2809 3901 2905 3973 qui
2955 3917 3085 3955 eum
3123 3899 3544 3953 interfecerunt.

1957 3998 2226 4054 Similiter
2268 4002 2326 4050 et
2378 3994 2425 4048 si
2473 3993 2542 4047 de
2570 3991 2694 4046 istis
2716 3990 2813 4060 qui
2846 3991 3118 4045 Joannem
3149 3986 3552 4042 interfecerunt

1957 4093 2105 4141 recte
2125 4085 2326 4140 dixisse
2351 4082 2639 4137 Christum
2674 4079 2996 4150 accipimus,
3043 4076 3321 4148 quomodo
3346 4073 3551 4129 intelli-

1955 4191 2172 4247 gemus,
2205 4173 2353 4244 quod
2402 4187 2599 4226 rursus
2642 4169 2750 4241 ipsi
2805 4167 3094 4222 Christum
3136 4162 3550 4221 interfecerint?

258 4255 438 4325 regni
470 4253 671 4319 forma,
714 4261 771 4310 et
814 4256 990 4326 gloria
1039 4259 1460 4331 triumphantis,
1493 4264 1938 4331 demonstratan
1956 4263 2101 4319 Dicit
2123 4263 2271 4318 enim
2297 4263 2377 4316 ita
2401 4261 2470 4315 de
2496 4261 2710 4315 Joanne
2738 4276 2752 4311 :
2785 4259 2855 4312 Et
2880 4257 3133 4313 fecerunt
3157 4256 3218 4310 in
3247 4271 3378 4309 eum
3406 4269 3553 4324 quae-

1889 4307 1939 4366 D

177 4395 182 4402 ,
255 4341 467 4442 fuerat
511 4342 571 4395 in
623 4348 833 4442 monte.
865 4350 1078 4442 sancto,
1119 4348 1273 4402 nullo
1322 4355 1484 4420 pacto
1514 4353 1872 4422 congruebat,
1892 4341 1939 4366 ³³
1959 4369 2178 4424 cunque
2198 4352 2511 4406 voluerunt.
2544 4350 2624 4404 Ac
2650 4347 2885 4403 deinde:
2921 4348 3012 4403 Sic
3037 4351 3085 4399 et
3115 4345 3290 4398 Filius
3310 4344 3552 4396 hominis

258 4431 615 4502 priusquam
642 4431 873 4486 victoria
905 4435 1128 4505 expleta
1174 4443 1337 4504 esset,
1385 4445 1449 4493 ut
1479 4441 1879 4511 praedicaretur
1953 4458 2223 4514 passurus
2245 4447 2320 4496 est
2339 4443 2408 4494 ab
2425 4437 2641 4494 eis.Ubi
2670 4442 2719 4502 σε
2739 4442 2776 4503 Ι
2806 4443 2840 4500 |
2869 4451 2979 4490 non
3011 4447 3308 4505 personam
3352 4430 3556 4484 discer-

256 4535 374 4590 per
421 4518 729 4588 apostolos,
772 4535 842 4573 ne
879 4525 937 4574 et
971 4521 1295 4579 incredibile
1324 4525 1608 4582 videretur
1646 4546 1759 4600 prae
1799 4530 1880 4584 rei

257 4606 694 4677 magnitudine,
737 4613 794 4662 et
830 4616 956 4679 post
982 4616 1198 4666 tantam
1242 4614 1480 4683 gloriam
1518 4619 1664 4688 apud
1714 4619 1882 4674 rudes

258 4695 503 4750 animos
533 4711 670 4748 crux
706 4711 946 4767 sequens
976 4700 1300 4756 scandalum
1324 4711 1639 4773 generaret.
1673 4707 1752 4761 Ac
1782 4724 1881 4780 per

256 4783 382 4838 hoc
416 4782 696 4854 quidquid
725 4800 898 4854 supra
925 4787 1300 4857 exposuimus,
1326 4790 1395 4844 de
1430 4808 1496 4846 eo
1525 4794 1674 4864 quod
1703 4795 1784 4850 ait
1819 4802 1883 4850 ut

257 4871 425 4927 nulli
453 4870 728 4936 dicerent,
759 4873 906 4944 quod
939 4874 1057 4945 ipse
1088 4884 1237 4932 esset
1270 4879 1544 4948 Christus,
1573 4883 1662 4937 hic
1699 4890 1882 4940 totum

258 4960 720 5029 intelligendum
747 4967 850 5027 est,
885 4979 956 5017 ne
987 4980 1096 5018 non
1126 4983 1227 5020 suo
1257 4967 1316 5021 in
1337 4955 1597 5041 tempore
1626 4973 1888 5043 praedica-

1961 4532 2048 4586 nit
2079 4531 2174 4601 qui
2206 4547 2299 4584 eos
2320 4527 2602 4592 occiderit,
2636 4525 2735 4580 sed
2763 4541 2877 4580 una
2908 4522 3075 4578 simul
3101 4518 3391 4592 generatio
3423 4535 3554 4590 per-

1963 4619 2318 4691 sequentium
2349 4623 2570 4672 sanctos
2599 4614 2896 4684 colligitur.
2926 4612 3083 4666 Alias
3107 4615 3295 4665 autem
3318 4625 3422 4664 nec
3441 4608 3555 4663 He-

1961 4709 2124 4764 rodes
2184 4707 2470 4762 Christum
2519 4703 2738 4766 occidit,
2793 4718 2896 4756 nec
2944 4698 3151 4755 Scriba
3194 4705 3251 4753 et
3286 4694 3558 4753 Pharisaei

1962 4799 2256 4854 Joannem.
2293 4795 2402 4850 Sed
2428 4799 2618 4848 tamen
2637 4791 2768 4846 hinc
2787 4789 2916 4844 inde
2943 4788 3243 4858 colligitur,
3268 4786 3403 4860 quia
3419 4786 3560 4842 fece-

1965 4891 2100 4941 runt
2129 4891 2186 4940 et
2212 4884 2306 4939 isti
2333 4884 2390 4938 in
2427 4881 2650 4937 Christo
2683 4886 2740 4934 et
2767 4879 2847 4934 illi
2878 4879 2934 4932 in
2965 4879 3198 4942 Joanne,
3231 4893 3355 4948 quze
3376 4875 3562 4931 volue-

1968 4981 2118 5031 runt.
2151 4976 2230 5028 Ac
2251 4989 2350 5044 per
2377 4973 2482 5026 hoc
2507 4976 2564 5025 et
2591 4969 2685 5025 isti
2711 4968 2804 5040 qui
2840 4967 2899 5021 in
2935 4968 3150 5022 Joanne
3187 4965 3400 5037 aliquid
3425 4978 3560 5034 ege-

166 5203 180 5215 .
255 5141 444 5194 Tunc
472 5153 610 5208 ergo
640 5138 712 5192 ad
733 5139 848 5196 haec
877 5140 1367 5213 interrogaverunt
1385 5163 1515 5202 eum
1536 5147 1791 5220 discipuli
1809 5152 1890 5205 di-

255 5058 445 5105 retur
464 5064 600 5102 crux
626 5049 921 5120 passionis,
954 5057 1012 5106 et
1046 5054 1228 5123 gloria
1266 5056 1434 5111 simul
1462 5059 1883 5131 triumphantis.
1970 5070 2122 5124 runt.
2149 5069 2206 5118 et
2234 5062 2313 5116 illi
2344 5061 2439 5132 qui
2468 5059 2526 5114 in
2568 5057 2810 5123 Christo,
2854 5072 3028 5111 unum
3077 5071 3277 5126 corpus
3311 5053 3559 5120 fuerunt,

1971 5168 2196 5222 unaque
2227 5149 2540 5222 progenies,
2581 5151 2639 5201 et
2679 5146 2848 5201 unius
2877 5145 3076 5216 capitis
3103 5142 3373 5198 membra.
3401 5141 3564 5197 Unde

259 5234 481 5283 Gentes
515 5245 528 5280 ε
1971 5246 2128 5313 patet
2150 5239 2296 5310 quod
2319 5237 2412 5292 isti
2429 5243 2487 5292 et
2514 5236 2596 5290 illi
2617 5235 2824 5289 conscii
2846 5234 2952 5289 sibi
2976 5233 3222 5298 fuerunt,
3253 5236 3308 5286 et
3338 5230 3568 5303 compli-

346 5317 511 5384 Quid
528 5333 657 5384 ergo
687 5318 888 5373 Scribe:
910 5321 1104 5373 dicunt
1124 5325 1268 5390 quod
1297 5325 1483 5380 Etiam
1515 5333 1757 5395 oporteat
1779 5329 1895 5397 pri-
1975 5346 2066 5384 ces
2104 5328 2163 5382 in
2189 5328 2419 5392 malum,
2449 5326 2528 5380 ita
2557 5330 2622 5380 ut
2646 5325 3028 5379 indiiferenter
3054 5323 3124 5376 de
3152 5322 3240 5377 his
3260 5325 3359 5376 aut
3377 5320 3447 5375 de
3460 5318 3568 5374 illis

259 5421 455 5460 mum
477 5405 706 5459 venire?
733 5407 761 5460 J
767 5421 857 5460 am
885 5407 1077 5479 itaque
1097 5411 1336 5480 apostoli
1349 5412 1409 5467 in
1429 5431 1490 5468 se
1521 5416 1745 5483 reversi,
1769 5433 1896 5472 con-
1975 5418 2227 5490 loquitur
2255 5415 2563 5488 Scriptura,
2579 5415 2729 5485 quod
2743 5419 2843 5468 aut
2856 5413 3141 5468 inJoanne
3161 5411 3395 5466 fecerint
3414 5423 3568 5480 quae-

261 5495 489 5552 ferunt
535 5493 689 5566 quod
737 5494 1008 5567 viderant,
1044 5502 1232 5566 Illo
1268 5507 1324 5557 et
1357 5501 1709 5577 interrogant
1748 5505 1897 5579 quod
1980 5522 2199 5581 cunque
2220 5505 2516 5575 voluerint,
2543 5509 2601 5562 et
2624 5503 2799 5561 Filius
2816 5500 3062 5559 hominis
3085 5513 3351 5573 passurus
3380 5502 3466 5552 est
3494 5493 3565 5549 ab
