3888 6172
396 315 495 371 591

1157 306 1212 360 S.
1256 303 1631 359 PASCHASII
1673 298 2031 355 RADBERTI
2072 295 2373 351 ABBATIS
2413 295 2899 350 CORBEIENSIS.

3567 298 3663 354 59E

395 444 498 507 eis,
524 442 581 496 id
600 444 686 495 est
722 437 792 493 ab
810 436 1020 491 eisdem
1048 427 1495 504 persecutoribus
1519 425 1772 496 justitize,
1798 441 1833 478 a
1857 422 1982 493 qui-
2003 424 2045 482 A
2070 421 2139 476 de
2185 419 2472 490 proposita
2503 418 2674 474 oblati
2704 420 2807 474 viri
2837 422 3098 487 sanitate.
3129 423 3263 493 quid
3295 424 3428 479 inde
3455 424 3665 479 sentire

394 533 503 588 bus
525 546 722 603 passus
751 531 838 582 est
863 530 920 579 et
947 526 1208 578 Joannes.
1254 519 1585 587 Quanquam
1632 531 1758 603 vere
1801 512 1985 567 dicere

394 601 695 694 possimus,
728 614 876 687 quod
922 618 981 665 et
1022 610 1082 664 in
1121 605 1354 663 Joannis
1390 620 1524 658 nece
1571 601 1980 694 Pharisaeorum

392 688 562 766 iactio
598 701 961 765 consenserit,
993 704 1049 751 et
1088 697 1148 751 in
1176 693 1450 750 occisione
1479 690 1704 746 Domini
1730 688 1980 744 Herodes

391 815 553 855 suam
585 789 996 850 evidentissima
1027 781 1279 855 junxerit
1316 779 1681 843 voluntatem,
1724 776 1818 847 qui
1848 776 1979 829 illu-

392 904 519 945 sum
549 891 719 955 atque
758 881 1084 949 despectum
1112 869 1331 926 remisit
1357 868 1429 923 ad
1458 866 1727 931 Pilatum,
1758 871 1823 920 ut
1850 881 1981 919 cru-

388 978 679 1047 ciﬁgerent
696 985 848 1024 eum.

457 1041 526 1118 ἐι
570 1076 696 1115 cum
746 1053 1096 1110 descendisset
1127 1051 1281 1103 Jesus
1317 1047 1383 1101 de
1419 1049 1599 1098 monte
1641 1044 1715 1097 ad
1764 1041 1976 1106 turbas,

385 1140 606 1207 accessit
648 1148 721 1201 ad
748 1159 875 1199 eum
906 1144 1065 1195 homo
1093 1139 1323 1205 genibus
1345 1136 1670 1203 provolutus
1698 1137 1827 1185 ante
1852 1147 1978 1185 eum

386 1242 569 1296 dicens
602 1257 617 1291 :
661 1236 891 1291 Domine
925 1231 1183 1283 miserere
1220 1226 1336 1293 ﬁlio
1366 1238 1499 1286 meo,
1526 1223 1661 1289 quia
1696 1222 1977 1275 lunaticus

385 1334 538 1384 estet
568 1328 714 1380 male
759 1323 996 1391 patitur.
1041 1314 1199 1380 Quod
1228 1327 1365 1382 ergo
1412 1326 1619 1381 magna
1659 1309 1771 1363 sint
1808 1324 1980 1379 opera

384 1414 628 1479 Domini,
681 1408 957 1481 siquidem
998 1403 1160 1459 nobis
1209 1399 1543 1466 tacentibus,
1592 1398 1715 1469 ipsa
1764 1413 1865 1469 per
1917 1412 1977 1451 se

385 1507 650 1561 clamant.
682 1501 754 1555 Et
797 1496 1071 1569 propheta
1103 1496 1346 1547 testatur
1374 1488 1505 1560 quia
1527 1493 1661 1543 sunt
1688 1502 1895 1557 magna
1923 1490 1981 1539 et

385 1593 571 1658 fortia,
603 1590 896 1657 Exquisita
917 1588 982 1638 in
1008 1598 1193 1637 omnes
1224 1584 1528 1635 voluntates
1561 1580 1676 1645 ejus
1698 1578 1859 1635 (Psal.
1892 1591 1974 1639 cx,

384 1682 460 1749 2!,
521 1686 578 1735 et
623 1679 956 1751 praeparata.
999 1671 1212 1726 Idcirco
1257 1673 1323 1723 ut
1360 1683 1507 1738 saepe
1559 1665 1701 1730 dico,
1745 1680 1857 1718 non
1914 1680 1981 1717 ex

382 1775 585 1826 eventu
616 1782 803 1821 rerum
833 1760 1187 1834 proveniunt,
1219 1756 1315 1811 sed
1344 1772 1408 1809 ex
1438 1752 1787 1825 providentia
1805 1752 1905 1806 Dei
1926 1756 1983 1806 et

2068 514 2341 579 Oportcat,
2374 508 2676 562 videamus.
2708 510 2849 564 Nam
2882 511 3161 566 lunaticus
3203 513 3311 567 iste
3338 512 3537 567 multis
3565 513 3664 567 ob-

2066 598 2303 652 volvitur
2331 596 2700 668 passionibus.
2735 598 3007 660 Primum.
3034 601 3183 671 quod
3218 601 3462 673 pessime
3494 619 3661 673 quam

2062 705 2207 759 saepe
2236 688 2351 742 suis
2379 694 2611 742 vexatur
2634 688 3077 753 inﬁrmitatibus,
3096 690 3300 746 deinde
3319 691 3392 746 ab
3406 691 3532 763 ipso
3544 692 3655 746 dae-

2064 778 2271 839 monio,
2304 778 2437 847 quia
2465 793 2761 847 perpessus
2782 778 2928 832 male
2956 778 3229 849 afﬂigitur
3248 785 3306 834 et
3332 785 3651 851 torquetur,

2062 867 2143 921 ita
2177 872 2240 920 ut
2263 867 2540 921 arefactus
2569 866 2626 919 in
2651 866 2837 937 ignem
2866 868 3254 939 seprojiceret,
3285 874 3344 923 et
3375 870 3434 923 in
3455 886 3647 941 aquas,

2063 968 2162 1006 seu
2184 951 2331 1022 quod
2353 952 2601 1006 deterius
2620 957 2723 1015 est,
2748 952 2919 1006 etiam
2935 960 2999 1007 ut
3012 952 3083 1007 ab
3107 953 3245 1024 ipsis
3264 955 3537 1025 apostolis
3556 971 3657 1010 nec

2067 1040 2249 1094 curari
2281 1045 2489 1110 posset.
2526 1040 2600 1094 Ut
2646 1056 2791 1106 reor,
2816 1056 2920 1095 nec
2952 1041 3237 1096 immerito
3266 1042 3656 1113 (ιιιοηίιωίρεί

2061 1129 2318 1199 apostoli,
2346 1145 2473 1183 cum
2505 1128 2686 1183 turbis
2720 1135 2924 1184 etcum
2959 1129 3080 1200 ipso
3111 1131 3363 1187 lunatico
3390 1131 3656 1186 deorsum

2060 1223 2467 1272 remanserant.
2516 1218 2670 1272 Inter
2707 1233 2847 1289 quas
2898 1235 3087 1273 moras
3114 1219 3251 1274 dum
3293 1220 3573 1275 Dominus
3599 1221 3659 1275 in

2059 1311 2250 1361 monte
2287 1306 2574 1377 perdurat,
2601 1312 2660 1361 et
2685 1312 2953 1378 operatur
2971 1306 3322 1379 obstupenda
3339 1309 3583 1364 nimium
3603 1315 3662 1364 et

2059 1395 2395 1451 admiranda
2433 1396 2702 1451 virtutum
2749 1403 3122 1461 sacramenta,
3153 1397 3413 1469 discipuli
3452 1399 3660 1454 remoti

2060 1483 2129 1539 ab
2160 1500 2245 1549 eo,
2273 1484 2330 1538 in
2360 1484 2470 1538 ﬁde
2492 1485 2883 1555 languescunt,
2908 1490 2967 1540 et
2993 1486 3123 1540 inde
3142 1486 3499 1541 curationem
3518 1486 3660 1541 ﬁdes

2062 1590 2254 1627 eorum
2288 1573 2592 1628 secundum
2628 1575 2904 1645 promissa
2922 1575 3000 1646 pii
3030 1576 3287 1646 magistri
3314 1592 3429 1631 non
3446 1592 3659 1647 .opera-

2063 1668 2174 1716 tur.
2208 1662 2367 1717 Unde
2391 1663 2643 1733 increpat
2677 1680 2773 1717 eos
2797 1662 3098 1718 durissima
3122 1681 3236 1720 una
3266 1681 3396 1719 cum
3443 1664 3659 1720 eisdem

2061 1767 2189 1805 cum
2220 1750 2422 1821 quibus
2442 1750 2728 1806 interdum
2748 1752 3061 1807 conversati
3087 1752 3329 1808 fuerant.

382 1821 799 1931 dispensatione
827 1821 1024 1905 salutis
1054 1821 1331 1902 humanae.
1365 1821 1509 1898 Hinc
1551 1859 1683 1912 ergo
1712 1847 1799 1931 est
1827 1841 1975 1911 quod
2001 1821 2044 1881 Β
2129 1840 2654 1931 Generatiminquit,
2679 1842 2969 1897 incredula
2995 1848 3044 1896 et
3077 1858 3351 1931 perversa,
3374 1858 3631 1911 quousqu

380 1930 547 2017 longe
569 1948 688 2016 jam
717 1957 890 2013 supra
913 1938 1008 1994 ubi
1036 1938 1063 1991 J
1070 1952 1199 1991 esus
1220 1934 1289 1988 de
1317 1938 1508 1987 monte
1536 1930 1975 1995 descendit,cum

380 2036 661 2091 docuisset
697 2029 1000 2101 discipulos
1027 2043 1158 2081 suos
1192 2028 1315 2079 octo
1342 2020 1736 2084 beatitudines,
1777 2035 1974 2074 occur-

377 2125 457 2181 rit
491 2124 543 2178 ei
590 2122 838 2194 primum
884 2119 1156 2188 leprosus,
1202 2117 1268 2166 ut
1310 2111 1424 2165 viso
1467 2109 1757 2173 miraculo,
1804 2107 1973 2161 corda

380 2213 783 2294 discipulorum
830 2200 1538 2294 ﬁrmarenturuadﬁdem}
1587 2198 1667 2251 sic
1695 2203 1753 2294 et
1781 2196 1839 2249 in
1866 2196 1972 2250 hoc

378 2286 677 2372 locoIquia
701 2296 879 2353 turbae
918 2302 974 2348 et
1001 2290 1256 2346 nonnulli
1290 2287 1693 2358 discipulorum
1724 2286 1781 2340 in
1812 2302 1972 2339 mon-

376 2398 496 2447 tem
549 2406 677 2445 cum
713 2389 846 2443 Jesu
874 2401 987 2439 non
1034 2385 1297 2454 poterant
1322 2378 1643 2442 ascendere,
1678 2381 1975 2447 propterea

380 2482 451 2538 ob
506 2478 982 2551 dispensationem
1031 2471 1228 2527 salutis
1266 2470 1527 2523 humanae
1575 2466 1865 2521 descendit
1902 2465 1973 2521 ad

379 2569 661 2642 eos,quasi
686 2569 756 2622 de
779 2570 969 2621 monte
983 2562 1203 2617 excelso
1219 2557 1539 2614 Divinitatis
1554 2554 1789 2621 suae,ubi
1811 2572 1870 2610 se
1885 2572 1975 2609 co-

375 2677 497 2715 ram
521 2655 942 2731 perfectioribus
953 2646 1443 2707 transformavitin
1462 2645 1700 2717 gloriam
1716 2661 1874 2699 suam
1886 2644 1975 2699 .Et

378 2748 645 2804 continuo
669 2764 680 2799 :
712 2745 942 2800 Accessit
960 2743 1034 2795 ad
1056 2756 1182 2794 eum
1211 2739 1368 2791 homo
1378 2737 1608 2803 genibus
1623 2738 1964 2803 prouolutus,

375 2853 583 2908 rogans
606 2851 708 2907 pro
737 2834 852 2888 lilio
880 2847 1002 2896 suo,
1035 2827 1129 2898 qui
1159 2825 1401 2897 pessimo
1438 2822 1741 2877 vexabatur
1769 2822 1971 2876 daemo-

374 2926 488 2981 nio.
506 2924 615 2989 Qui
642 2939 754 2977 non
779 2919 1103 2975 accessisset
1130 2914 1200 2968 ad
1222 2929 1370 2977 eum,
1396 2911 1505 2966 nisi
1527 2927 1654 2965 cum
1684 2909 1970 2980 discipulis

374 3015 493 3069 suis
519 3013 641 3083 ipse
668 3010 913 3081 primum
943 3004 1187 3059 venisset
1212 3002 1281 3055 ad
1304 3000 1527 3055 turbam
1552 3015 1675 3069 quae
1705 2998 1967 3052 deorsum

2058 1946 2149 1983 ero
2198 1930 2494 1994 vobiscum,
2544 1946 2822 1998 quousque
2865 1947 2954 1983 vos
2984 1933 3210 1998 patiar?
3237 1929 3341 1985 Ubi
3384 1931 3661 1999 ostendit,

2056 2016 2286 2072 absente
2304 2034 2363 2072 sc
2384 2017 2531 2089 quod
2557 2018 2803 2089 antiquae
2819 2018 3168 2073 inﬁdelitatis
3195 2019 3547 2075 consuetudo
3563 2036 3664 2075 eos

2055 2106 2436 2179 subrepserat.
2458 2107 2538 2162 Ex
2573 2125 2685 2179 quo
2713 2108 2863 2163 dicto
2895 2108 3162 2172 insinuat,
3198 2109 3350 2179 quod
3377 2109 3523 2163 nihil
3546 2110 3663 2163 vir-

2051 2196 2192 2252 tutis
2220 2197 2420 2252 ail‘erre
2436 2202 2620 2268 potest
2639 2197 2776 2251 disci
2782 2198 3009 2269 pulatus
3023 2198 3355 2268 Christi.qui
3381 2197 3655 2254 obtentus

2055 2287 2143 2342 sui
2172 2292 2444 2357 tempore,
2499 2303 2533 2340 a
2577 2286 2704 2351 ﬁde,
2733 2291 3007 2357 tanquam
3031 2286 3271 2341 Domino
3293 2286 3551 2353 absente,
3576 2305 3662 2343 re-

2055 2376 2303 2431 cesserit.
2342 2380 2524 2440 6.3
2554 2374 2611 2430 Si
2654 2374 2779 2445 quis
2816 2381 3007 2431 autem
3044 2375 3345 2431 defendere
3388 2376 3657 2443 voluerit,

2056 2465 2203 2537 quod
2232 2464 2470 2535 apostoli
2493 2464 2611 2534 jam
2643 2464 2874 2535 perfecti
2914 2465 3124 2520 fuerint
3157 2465 3216 2520 in
3246 2466 3376 2531 ﬁde,
3410 2472 3471 2520 et
3507 2468 3659 2522 nihil

2053 2552 2403 2609 inﬁdelitatis
2425 2553 2598 2608 fuerit
2621 2553 2771 2624 quod
2800 2553 2968 2607 homo
2994 2553 3065 2608 ab
3094 2554 3176 2608 eis
3205 2555 3392 2609 curari
3415 2572 3535 2610 non
3565 2573 3665 2627 po-

2053 2643 2183 2708 tuit,
2231 2642 2423 2697 multis
2466 2659 2527 2696 se
2556 2642 2802 2697 involvet
2828 2642 3249 2712 quaestionibus,
3277 2649 3336 2699 et
3363 2645 3662 2700 convictus

2055 2731 2267 2788 Christi
2320 2732 2676 2793 auctoritate.
2707 2731 2951 2787 cessabit
2966 2737 3219 2787 astruere
3260 2733 3411 2804 quod
3454 2736 3664 2789 conﬁr-

2053 2837 2210 2875 mare
2238 2837 2350 2875 non
2366 2821 2736 2891 potest.Unde
2764 2826 2925 2892 pater
2940 2838 3067 2876 cum
3084 2820 3377 2876 obtulisset
3389 2838 3547 2889 eum,
3568 2841 3663 2878 vo-

2051 2910 2172 2964 lens
2182 2909 2648 2981 benignissimum
2667 2910 2696 2964 J
2701 2925 2857 2964 esum
2870 2925 3171 2980 provocare
3182 2910 3252 2965 ad
3265 2911 3656 2968 clementiam:

2125 3000 2329 3061 Obtuli,
2366 2998 2568 3069 inquit,
2593 3015 2720 3052 eum
2759 3000 3047 3067 discipulis
3074 3001 3204 3064 tuis,
3236 3004 3284 3052 et
3317 3015 3430 3054 non
3454 3006 3630 3069 potue
3656 3036 3664 3041 -

375 3061 909 3170 multis'patiobatur
946 3094 1263 3147 daemonum
1307 3061 1707 3149 vexationibus.
1750 3087 1828 3141 Ex
1858 3103 1967 3157 quo
1986 3061 2029 3121 Ο
2053 3093 2189 3142 runt
2218 3104 2419 3143 curare
2444 3061 2597 3141 eum.
2631 3061 3065 3151 Quorum-nulla
3093 3061 3344 3159 potantia
3362 3061 3476 3142 alia
3505 3096 3658 3157 erat,

372 3190 495 3244 loco
518 3183 987 3242 considerandum
1013 3179 1162 3251 quod
1189 3193 1384 3232 omnes
1412 3176 1447 3230 ἐι
1477 3176 1699 3230 Christo
1729 3175 1969 3230 curatio-

370 3294 474 3333 nes
516 3281 573 3331 et
615 3274 887 3329 sanitates
932 3267 1278 3330 morborum,
1333 3270 1390 3320 et
1437 3264 1627 3319 omnia
1673 3263 1969 3319 inﬁrmita-

369 3373 493 3422 tum
522 3379 733 3435 genera
769 3362 829 3415 in
871 3356 1139 3429 mysterio
1168 3356 1338 3410 altius
1384 3353 1737 3408 considerata
1766 3353 1969 3407 docent

374 3456 692 3510 animarum
731 3446 1094 3523 profundiora
1118 3448 1487 3507 sacramenta,
1518 3448 1576 3497 et
1612 3442 1965 3497 curationum

372 3560 602 3615 genera.
650 3547 698 3607 θ
718 3546 833 3606 l2
869 3536 1078 3592 Idcirco
1108 3534 1203 3606 qui
1226 3538 1461 3605 possunt
1490 3532 1686 3586 audire
1732 3530 1967 3601 diligen-

370 3633 504 3700 tius,
536 3632 618 3685 vel
648 3628 981 3698 intelligere,
1006 3624 1267 3680 subtilius
1289 3620 1684 3693 pertractanda
1714 3624 1848 3673 sunt
1875 3635 1963 3673 co-

368 3738 493 3776 ram
532 3720 632 3785 eis,
671 3724 739 3772 ut
764 3717 899 3787 ipsa:
935 3715 1169 3768 virtutes
1198 3710 1553 3766 curationum
1581 3724 1878 3778 corporum
1910 3712 1967 3761 et

369 3811 688 3865 animarum
728 3807 800 3861 ad
835 3806 1171 3859 alterutrum
1202 3804 1539 3870 comparata:
1570 3813 1635 3850 ac
1679 3796 1962 3861 discussae,

372 3902 553 3956 multa
579 3898 790 3954 eisdem
823 3894 1117 3950 conferant
1131 3891 1399 3960 dogmata
1425 3887 1751 3951 sanitatum,
1781 3890 1839 3939 et
1866 3885 1965 3938 de-

370 3992 689 4045 monstrent
716 3983 1061 4039 diﬁerentias
1084 3994 1305 4033 morum
1329 3993 1394 4031 ac
1410 3974 1710 4045 qualitates
1734 3972 1967 4027 inﬁrmi-

369 4084 575 4135 tatum.
612 4073 891 4139 Quoniam
920 4072 1085 4140 longe
1116 4067 1267 4121 aliud
1295 4066 1404 4121 fuit
1422 4064 1562 4118 illud
1589 4062 1686 4118 ubi
1714 4063 1966 4133 leprosus

371 4164 634 4223 occurrit.
662 4168 717 4216 et
746 4161 1080 4230 deprecatur
1109 4173 1210 4227 pro
1238 4172 1341 4209 sua
1375 4154 1574 4217 salute,
1607 4152 1761 4207 aliud
1789 4151 1959 4214 istud,

374 4266 698 4325 quanquam
740 4248 981 4301 vicinum
1008 4245 1059 4300 ei
1088 4261 1210 4298 esse
1230 4244 1502 4303 videatur,
1526 4240 1623 4295 ubi
1650 4242 1818 4295 homo
1838 4257 1963 4311 pro-

369 4340 576 4397 volutis
594 4336 851 4409 genibus,
883 4351 997 4389 non
1024 4349 1126 4404 pro
1156 4348 1234 4396 se,
1259 4331 1357 4385 sed
1387 4345 1485 4400 pro
1501 4329 1618 4382 ﬁlio
1633 4330 1967 4398 deprecatur

2051 3193 2219 3248 quam
2250 3177 2390 3231 ﬁdes
2415 3192 2539 3246 quae
2580 3176 2636 3230 in
2663 3176 2885 3230 Christo
2920 3181 3023 3231 est.
3067 3176 3177 3231 Sed
3205 3175 3384 3231 obtuli
3411 3194 3571 3243 eum,
3602 3185 3665 3234 et

2048 3265 2153 3336 ipsi
2175 3281 2284 3320 non
2316 3269 2621 3336 potuerunt
2645 3280 2844 3319 curare
2867 3281 3017 3319 eum.
3041 3264 3208 3319 Forte
3228 3270 3293 3319 ut
3317 3266 3439 3319 sola
3467 3268 3663 3323 omni-

2048 3355 2302 3426 potentia
2333 3353 2543 3409 Christi
2571 3353 2989 3424 praedicaretur,
3012 3359 3070 3408 et
3088 3355 3473 3425 apostolorum
3494 3372 3666 3412 com-

2049 3446 2414 3502 mendaretur
2437 3445 2757 3500 infirmitas.
2778 3446 2899 3509 Qua
2915 3445 3387 3500 saneinﬁrmitate
3406 3446 3663 3516 detenti,

2046 3541 2112 3590 ut
2133 3552 2305 3606 supra
2330 3535 2543 3590 dictum
2568 3539 2673 3600 est,
2708 3533 2780 3588 ad
2808 3534 3011 3588 altiora
3030 3551 3158 3589 cum
3185 3534 3428 3590 Domino
3456 3553 3665 3593 ascen-

2046 3624 2179 3679 dere
2205 3624 2386 3678 adhuc
2417 3639 2530 3678 non
2562 3627 2909 3687 meruerunt,
2937 3623 3188 3693 quinimo
3206 3623 3475 3679 deorsum
3508 3628 3664 3683 resi-

2046 3712 2243 3767 dentes
2258 3728 2388 3766 cum
2413 3709 2614 3767 turbis.
2642 3709 3007 3765 inﬁrmantur
3024 3711 3082 3765 in
3100 3711 3664 3770 ﬁde.Verumtamen

2048 3818 2160 3855 non
2189 3801 2327 3854 adeo
2354 3805 2418 3854 ut
2444 3800 2546 3854 ﬁlii
2569 3800 2760 3864 Israel,
2793 3800 3123 3854 demorante
3143 3800 3321 3871 Moysi
3347 3801 3407 3855 in
3429 3811 3661 3869 monte,

2047 3889 2318 3944 inﬁrmati
2350 3894 2501 3955 sunt,
2533 3887 2665 3959 quia
2690 3904 2818 3942 mox
2840 3895 3167 3944 recreantur
3192 3889 3412 3955 auditu,
3429 3895 3665 3950 ceteris

2048 3976 2409 4032 narrantibus
2436 3993 2561 4047 qua
2595 3976 2870 4041 viderant,
2898 3983 3227 4033 recreantur
3254 3979 3426 4033 etiam
3458 3986 3527 4035 et
3558 3985 3665 4039 mi.

2047 4066 2256 4121 raculo.
2276 4066 2512 4137 Insuper
2530 4065 2895 4136 increpantur
2918 4082 3044 4121 cum
3067 4073 3223 4138 patre
3248 4067 3413 4137 pueri
3443 4074 3665 4128 etcum

2044 4154 2224 4211 turbis
2256 4154 2417 4225 quasi
2453 4154 2895 4225 increduli.quia
2918 4155 3155 4210 necdum
3177 4155 3289 4210 illis
3311 4161 3479 4211 tanta
3512 4161 3664 4217 ﬁdes

2046 4250 2165 4300 erat
2190 4260 2301 4315 qua
2329 4242 2504 4315 possit
2533 4243 2670 4297 illud
2696 4240 2843 4313 ejici.
2868 4241 2945 4298 Et
2967 4232 3096 4298 ideo
3127 4243 3238 4298 illis
3277 4244 3658 4317 minantibus,

2047 4332 2250 4405 quibus
2273 4333 2406 4387 olim
2431 4336 2679 4403 potestas
2696 4331 3181 4398 fueratattributa,
3203 4333 3465 4389 inﬁmos
3483 4353 3662 4395 mra-

369 4429 639 4487 lunatico.
672 4424 949 4490 Quoniam
979 4421 1076 4475 alii
1113 4424 1248 4473 sunt
1282 4418 1376 4488 qui
1406 4417 1716 4488 patiuntur,
1744 4434 1809 4470 ac
1841 4412 2028 4471 cre-D
2047 4439 2127 4489 re,
2152 4422 2424 4476 mundare
2469 4421 2737 4492 leprosos,
2770 4421 3047 4475 daemonia
3072 4421 3338 4492 eﬁ'ugare,
3364 4423 3555 4481 etiam
3602 4435 3662 4484 et

368 4522 529 4586 dunt,
558 4523 615 4572 et
650 4518 853 4585 rogant
878 4527 980 4582 pro
1004 4526 1065 4564 se
1097 4524 1108 4557 ε
1137 4508 1234 4562 alii
1263 4507 1360 4577 qui
1393 4505 1703 4577 patiuntur,
1734 4506 1832 4559 sed
1861 4505 1956 4559 alii
2044 4517 2298 4566 mortuos
2313 4510 2745 4580 suscitare,quid
2761 4516 2910 4564 esset
2928 4511 3077 4581 quod
3091 4510 3457 4570 hunccurare
3476 4516 3663 4574 mini-

365 4626 470 4683 pro
499 4607 582 4661 eis
604 4606 997 4675 deprecantur,
1022 4602 1088 4652 ut
1113 4596 1364 4652 centurio
1381 4609 1484 4666 pro
1519 4610 1697 4659 servo,
1730 4594 1959 4664 regulus
2042 4616 2132 4655 me
2153 4600 2469 4671 potuissent
2484 4605 2508 4652 ν
2536 4599 2752 4662 Quibus
2768 4598 3039 4654 Dominus
3076 4599 3389 4667 manifeste,
3411 4604 3662 4675 Ρνορεεν

364 4714 468 4771 pro
498 4696 632 4761 ﬁlio,
654 4691 1130 4761 archisynagogus
1159 4692 1215 4740 et
1242 4686 1559 4741 Chananeea
1579 4700 1681 4754 pro
1710 4683 1954 4739 ﬁliabus.
2040 4690 2505 4753 incredulitatem,
2539 4687 2742 4757 inquit,
2780 4694 3037 4743 vestram.
3072 4689 3430 4761 Quapropter
3478 4695 3659 4752 valde

363 4788 522 4843 Inter
536 4798 730 4839 omnes
750 4779 902 4834 venit
921 4794 1044 4848 quae
1064 4774 1353 4847 sanguinis
1383 4774 1595 4828 ﬂuxum
1616 4772 1952 4844 patiebatur,
2038 4791 2262 4845 semper
2282 4780 2367 4830 est
2383 4774 2735 4845 imploranda
2753 4775 2913 4842 ﬁdes,
2937 4776 3073 4847 quia
3083 4792 3315 4848 perrara
3339 4784 3449 4833 est.
3471 4781 3655 4846 Quod

363 4892 469 4932 nec
496 4890 597 4946 pro
626 4887 697 4925 ea
716 4868 908 4941 aliqui,
940 4866 1035 4921 sed
1069 4865 1190 4937 ipsa
1213 4881 1315 4937 pro
1344 4880 1425 4926 se,
1452 4879 1557 4917 nec
1574 4878 1778 4932 rogans
1799 4877 1954 4931 voce,
2037 4863 2085 4917 si
2114 4862 2378 4933 apostolis
2402 4862 2638 4917 dicitur:
2665 4862 2712 4917 Ο
2749 4863 3038 4934 generatio
3076 4862 3382 4929 incredula,
3406 4868 3559 4937 quid
3580 4872 3658 4927 de

361 4980 468 5021 nec
496 4963 703 5025 dicens,
736 4958 834 5013 sed
867 4960 1092 5011 tantum
1121 4952 1371 5023 cogitans
1405 4970 1416 5005 :
1460 4953 1651 5018 Tetigit
1671 4951 1952 5017 ﬁmbriam
2036 4950 2199 5007 nobis
2225 4950 2593 5016 dicturusest,
2618 4954 2709 5022 qui
2734 4952 2887 5006 velut
2903 4951 3186 5007 lunaticus
3212 4952 3325 5019 ille,
3343 4969 3505 5011 nunc
3517 4960 3655 5016 sani

363 5052 675 5111 vestimenti
693 5052 808 5116 ejus
827 5045 1038 5107 (Matth.
1054 5057 1135 5109 1x,
1162 5041 1275 5111 20),
1299 5047 1357 5096 et
1381 5046 1577 5095 sanata
1589 5039 1952 5103 est.Quarum

2060 5057 2091 5096 n
2124 5040 2235 5095 ﬁde
2275 5041 2547 5105 videmur,
2589 5057 2738 5095 nunc
2761 5041 2992 5105 inﬁrmi,
3022 5041 3116 5113 qui
3153 5042 3223 5096 ad
3251 5049 3486 5116 tempus
3517 5064 3655 5105 cm-

359 5142 613 5199 omnium
644 5135 1036 5193 inﬁrmitatum
1065 5138 1122 5186 et
1149 5130 1501 5186 curationum
1527 5129 1638 5182 ista
1669 5133 1755 5181 est
1782 5127 1944 5193 ratio,
2033 5129 2236 5194 dimus,
2261 5136 2318 5184 et
2344 5129 2402 5183 in
2429 5136 2686 5200 tempore
2707 5130 3035 5185 tentationis
3062 5131 3369 5186 arescimus
3397 5138 3655 5204 proclivi

356 5240 423 5288 ut
451 5247 645 5287 omnes
672 5229 972 5297 languores
1000 5229 1058 5277 et
1084 5221 1443 5276 inﬁrmitates
1471 5219 1529 5273 in
1559 5219 1784 5291 populo,
1809 5235 1948 5289 quas
2031 5219 2098 5274 ad
2133 5218 2494 5290 peccandum,
2540 5219 2619 5272 ita
2658 5225 2740 5283 ut,
2782 5225 2881 5273 aut
2916 5219 2975 5273 in
3004 5220 3189 5289 ignem
3231 5222 3653 5292 concupiscen-

355 5321 575 5377 sanavit
611 5315 1044 5386 benignissimus
1095 5313 1367 5373 Salvator,
1409 5310 1726 5365 referantur
1754 5308 1826 5364 ad
1854 5308 1942 5363 in—
2027 5309 2233 5364 tiarum
2255 5307 2689 5380 praecipitamur,
2714 5308 3051 5378 quiaomnes
3067 5309 3454 5365 adulterantes
3472 5316 3651 5373 velut

351 5410 649 5467 ﬁrmitates
672 5406 987 5459 animarum
1015 5401 1322 5455 secundum
1368 5400 1711 5453 diﬂ'erentias
1733 5398 1943 5469 passio-
2024 5398 2281 5453 clibanus
2308 5397 2512 5451 ardens
2533 5396 2702 5451 corda
2725 5413 2952 5453 eorum:
2976 5402 3078 5452 aut
3105 5398 3366 5453 ﬂuctibus
3409 5406 3646 5476 mergi-

348 5492 634 5555 num.Sed
670 5492 934 5565 quoniam
963 5506 1115 5546 nunc
1133 5506 1245 5543 non
1278 5487 1346 5542 de
1371 5488 1627 5542 omnibus
1646 5487 1944 5542 inﬁrmita-
2023 5503 2153 5542 mur
2199 5486 2389 5550 maris,
2440 5485 2535 5540 ubi
2576 5502 2673 5540 rex
2722 5485 2972 5542 omnium
3012 5503 3207 5541 eorum
3239 5486 3335 5558 qui
3383 5498 3537 5547 sunt
3579 5495 3642 5550 in

347 5595 467 5650 tum
497 5592 555 5644 et
575 5582 947 5644 curationum
974 5578 1277 5655 generibus
1305 5593 1489 5635 sermo
1519 5577 1658 5634 mihi
1696 5582 1801 5646 est,
1842 5574 1941 5631 sed
2022 5576 2202 5649 aquis,
2234 5576 2403 5636 draco
2433 5574 2619 5644 cubat,
2661 5579 2721 5632 et
2753 5574 3001 5648 dejicita
3027 5575 3288 5634 libertate
3308 5578 3552 5654 animae,
3574 5583 3640 5641 in
