3888 6172
232 280 337 339 593

938 284 1319 343 EXPOSITIO
1357 287 1436 342 IN
1473 288 1917 349 MA'I‘THJEUM.
1961 323 2026 336 —
2064 295 2201 352 LIB.
2243 298 2393 365 VIII,
2436 298 2594 354 CAP.
2632 298 2807 355 XVII.

3402 302 3512 362 594

232 406 577 479 profundum
599 409 790 475 maris,
807 408 863 465 id
885 414 969 464 est
986 408 1045 464 in
1057 410 1262 465 malam
1276 410 1641 481 etpessimam
1662 411 1832 483 hujus
1848 417 1899 475 Α
1917 416 2119 487 quibus
2156 419 2396 475 necdum
2436 421 2677 492 expliciti
2704 427 2886 486 erant,
2933 422 3104 477 simul
3132 439 3262 480 cum
3290 425 3371 480 eis
3416 426 3506 483 in-

231 497 357 551 vitm
386 498 875 563 consuetudinem,
925 499 1005 553 ita
1034 505 1098 553 ut
1128 499 1522 570 cooperiantur
1568 501 1829 556 vitiorum

230 585 517 645 ﬂuctibus.
552 587 633 641 De
661 586 868 641 talibus
888 602 1021 658 ergo
1052 588 1338 659 Sapientia
1363 588 1516 656 dicit,
1547 590 1681 644 dum
1705 607 1832 646 con-

230 674 502 730 stantiam
549 677 834 746 justorum
881 677 1276 732 commendare
1318 677 1574 731 videtur:
1601 679 1830 747 Sapiens

227 765 369 816 sicut
394 767 477 818 sol
490 769 802 833 permanet,
816 768 1083 833 insipiens
1108 770 1295 819 autem
1322 768 1467 821 sicut
1488 769 1627 821 luna
1649 772 1833 821 muta-

226 857 321 904 tur
349 853 538 919 (Eccli.
589 867 756 919 xxvu,
796 852 898 920 l2).
933 854 1032 908 Est
1060 854 1287 925 quidem
1316 854 1505 909 videre
1535 855 1591 909 in
1625 855 1830 911 talibus

228 938 478 1011 impetus
502 943 773 1012 quosdam
797 942 958 1015 quasi
974 942 1218 998 habeant
1238 945 1728 1015 operajustorum.
1752 946 1833 1000 ita

228 1034 288 1083 ut
301 1029 603 1100 subripere
614 1031 906 1102 possintab
927 1032 1247 1088 hominibus
1258 1032 1451 1088 laudes
1467 1034 1563 1104 qui
1573 1035 1833 1090 nesciunt

223 1119 503 1173 occultam
532 1120 930 1176 conscientiam
948 1121 1133 1176 cordis
1159 1127 1208 1186 θ
1229 1129 1263 1186 Ι
1278 1128 1337 1186 4
1354 1138 1577 1179 eorum.
1602 1123 1759 1187 Quod
1783 1124 1830 1179 si

220 1212 348 1279 post
376 1208 668 1263 modicum
694 1225 789 1264 eos
832 1209 1160 1281 inspexeris,
1192 1209 1402 1264 videbis
1442 1211 1829 1282 hujuscemodi

223 1294 485 1351 homines
517 1296 693 1352 minui
721 1314 786 1351 ac
837 1297 1075 1353 deﬁcere
1118 1297 1263 1351 sicut
1298 1299 1492 1352 lunam
1534 1315 1567 1353 a
1615 1300 1829 1355 lumine

214 1384 475 1455 justitiaa,
506 1392 564 1441 et
590 1385 836 1441 tenebris
856 1387 1117 1441 vitiorum
1138 1386 1443 1441 obscurari.
1462 1388 1673 1444 Tamen
1703 1406 1826 1443 om-

217 1473 353 1528 nino
378 1490 512 1529 cum
550 1474 774 1541 videris,
809 1475 944 1547 quid
963 1475 1115 1530 aliud
1147 1492 1276 1531 eum
1305 1492 1472 1547 quam
1517 1477 1827 1534 lunaticum

217 1563 445 1618 vocabis
463 1564 492 1617 ?
518 1556 648 1619 Non
669 1565 804 1636 quid
832 1581 898 1619 ex
930 1566 1060 1620 vitio
1086 1566 1234 1620 lunae
1256 1566 1575 1625 descendat.
1597 1573 1660 1622 ut
1679 1569 1829 1639 quis-

1912 514 2104 577 crepat
2126 514 2191 563 ut
2209 515 2547 580 purgentur.
2586 512 2863 566 Caeterum
2883 517 2941 565 et
2967 511 3026 565 hi
3062 512 3157 582 qui
3187 529 3314 568 cum
3342 518 3503 585 patre

1911 602 2227 663 censentur,
2246 604 2304 653 et
2331 599 2428 668 qui
2446 615 2574 653 cum
2601 599 2845 654 lunatico
2873 606 3370 669 connumerantur,
3393 619 3507 658 me-

1912 685 2021 739 rito
2064 702 2177 740 una
2212 688 2521 757 generatio,
2569 704 2683 742 non
2730 689 2915 744 solum
2953 690 3261 757 incredula,
3311 708 3505 748 verum

1912 773 2080 827 etiam
2095 777 2699 848 perversaincrepatur.
2708 778 2924 842 Quibus
2932 779 3177 849 profecto
3188 780 3505 852 plangentis

1912 862 2116 917 affectu
2140 863 2372 920 dicitur:
2396 867 2678 935 Quousque
2699 883 2789 920 ero
2809 869 3104 932 vobiscum,
3126 885 3404 939 quousque
3416 886 3507 925 vos

1909 956 2133 1020 patiar?
2158 953 2284 1007 Non
2305 954 2452 1023 quod
2482 954 2648 1008 taedio
2670 955 2927 1025 superior
2952 955 3027 1009 sit
3046 956 3376 1012 mitissimus
3394 958 3509 1011 Do-

1914 1041 2120 1106 minus,
2156 1047 2214 1095 et
2244 1042 2732 1097 mansuetissimus
2757 1060 2956 1114 agnus,
2989 1044 3087 1114 qui
3134 1061 3247 1100 non
3287 1045 3511 1117 aperuit
3596 1118 3603 1125 ο

1912 1145 2100 1182 coram
2131 1132 2383 1184 tondente
2410 1147 2463 1184 se
2492 1147 2555 1185 os
2583 1148 2749 1185 suum
2780 1134 2913 1200 (Act.
2949 1150 3063 1193 V111.
3085 1132 3194 1199 3'2),
3229 1149 3413 1204 neque
3448 1133 3509 1188 in

1913 1216 2082 1272 verba
2111 1217 2315 1272 furoris
2344 1218 2550 1289 erupit,
2576 1220 2675 1273 sed
2696 1221 2845 1289 quod
2867 1221 2926 1275 in
2951 1221 3380 1276 similitudinem
3403 1237 3516 1276 me-

1914 1305 2041 1372 dici,
2065 1306 2114 1360 si
2139 1312 2415 1377 aegrotum
2442 1306 2628 1362 videat
2649 1314 2848 1362 contra
2868 1325 2970 1362 sua
2991 1315 3270 1381 praecepta
3293 1326 3513 1381 gerere.

1909 1394 2058 1449 dicat
2075 1413 2086 1447 :
2104 1395 2405 1467 Quousque
2414 1397 2675 1451 accedam
2694 1397 2766 1450 ad
2780 1397 3009 1451 domum
3023 1403 3198 1464 tuam,
3213 1415 3503 1470 quousque

1908 1484 2046 1539 artis
2068 1485 2298 1556 perdam
2327 1485 2683 1552 industriam,
2717 1485 2853 1540 dum
2884 1502 2974 1540 me
2995 1486 3147 1541 aliud
3170 1486 3424 1557 jubente,
3447 1492 3505 1542 et

1908 1578 1965 1627 te
2013 1574 2167 1628 aliud
2207 1580 2570 1645 perpetrante
2615 1591 2839 1646 semper
2877 1575 3204 1645 aegrotaris?
3248 1576 3507 1647 Cmperat

214 1653 368 1722 piam
406 1653 481 1707 ad
509 1654 788 1709 insaniam
828 1655 1038 1727 peccati
1065 1661 1320 1722 corruat;
1372 1656 1468 1710 sed
1514 1657 1649 1727 quia
1684 1657 1881 1736 sicut_
1909 1662 2059 1717 enim
2089 1664 2256 1733 longe
2282 1665 2402 1734 jam
2432 1664 2529 1718 diu
2556 1664 2673 1735 pati
2697 1663 2767 1717 ab
2787 1664 2887 1730 eis,
2910 1681 3036 1718 cum
3061 1663 3264 1735 quibus
3283 1679 3508 1736 semper

213 1743 352 1798 luna
404 1742 756 1809 obscuratur,
800 1749 857 1799 et
894 1745 952 1799 in
989 1745 1105 1799 suis
1138 1744 1447 1799 devolvitur
1491 1745 1824 1801 delictorum
1844 1732 1887 1789 Β
1908 1757 2030 1805 erat
2051 1732 2253 1807 aifectu
2271 1732 2522 1823 pietatis;
2548 1732 2753 1807 idcirco
2774 1769 2886 1807 non
2904 1753 3118 1807 homini
3136 1752 3503 1820 irascebatur,

214 1832 622 1888 menstruis.Et
641 1834 951 1888 notandum
973 1834 1121 1904 quod
1142 1834 1484 1904 evangelista
1502 1851 1631 1889 eum
1651 1835 1822 1890 etiam

207 1920 377 1991 juxta
420 1921 599 1992 patris
639 1938 824 1976 vocem
869 1928 927 1977 et
955 1922 1383 1978 astimationem
1435 1923 1583 1993 vulgi
1612 1924 1823 1978 lunati-

211 2026 341 2064 cum
377 2017 555 2065 vocat.
588 2012 713 2065 Non
742 2012 890 2083 quod
916 2029 950 2067 a
979 2013 1115 2067 luna
1141 2012 1354 2083 aliquid
1385 2018 1680 2083 pateretur
1706 2030 1825 2069 mo-

211 2098 412 2163 lestiae,
462 2100 558 2170 qui
587 2100 791 2170 spiritu
833 2101 1138 2156 vexabatur
1176 2102 1488 2166 immundo,
1544 2103 1643 2157 sed
1693 2101 1823 2172 quia

212 2188 455 2243 callidus
487 2189 666 2244 hostis
700 2189 780 2244 sic
817 2190 934 2245 suis
981 2190 1320 2261 operabatur
1346 2190 1601 2245 ludibriis
1629 2190 1688 2246 in
1718 2192 1823 2246 ho-

213 2277 387 2342 mine,
413 2278 572 2348 juxta
599 2278 857 2334 lunarem
885 2296 1132 2343 cursum,
1170 2284 1232 2334 ut
1263 2279 1333 2333 ab
1356 2296 1424 2333 ea
1444 2280 1561 2350 pati
1584 2280 1823 2335 mstima-

215 2372 375 2420 retur
392 2383 431 2419 a
454 2367 677 2437 populo,
705 2372 981 2438 quatenus
1010 2385 1109 2438 per
1137 2368 1241 2421 hoc
1270 2368 1369 2422 Dei
1399 2374 1678 2433 creatura,
1697 2384 1823 2438 quae

212 2453 364 2508 bona
390 2461 584 2509 creata
605 2461 707 2519 est,
743 2462 912 2527 atque
937 2456 1259 2511 hominibus
1278 2456 1534 2527 perutilis
1557 2461 1616 2511 et
1634 2473 1822 2511 neces-

212 2543 384 2606 saria,
415 2543 820 2609 inﬁrmaretur,
851 2547 1084 2616 ejusque
1114 2545 1408 2599 infamiam
1442 2545 1513 2599 ad
1536 2546 1820 2601 Creatoris

213 2632 484 2703 injuriam
504 2638 911 2704 retorquerent.
936 2634 1069 2705 Agit
1096 2634 1247 2688 enim
1286 2635 1390 2688 hoc
1415 2640 1538 2688 arte
1565 2650 1670 2688 sua
1697 2634 1820 2688 dia-

213 2720 397 2783 bolus,
417 2727 481 2776 ut
496 2722 555 2777 in
582 2723 738 2777 nullo
759 2723 899 2777 fides
926 2729 1197 2778 servetur.
1232 2723 1391 2778 Unde
1425 2724 1494 2777 de
1518 2723 1724 2778 talibus
1742 2725 1821 2778 lo-

212 2816 469 2882 quuntur
521 2811 724 2866 medici
770 2812 1140 2884 quodcunque
1186 2812 1397 2877 volunt,
1431 2812 1525 2883 qui
1570 2829 1674 2866 nec
1724 2829 1819 2867 eos

210 2899 573 2955 immundum
594 2900 801 2956 habere
829 2901 1089 2972 spiritum
1109 2900 1479 2967 arbitrantur,
1503 2902 1604 2956 sed
1631 2918 1821 2973 corpo-

212 2989 388 3044 ralem
410 2989 658 3060 aliquam
676 2990 1011 3061 passionem,
1032 2994 1262 3061 propter
1281 2990 1577 3045 humorem
1605 2991 1818 3045 cerebri

1911 1841 2010 1894 sed
2033 1840 2182 1896 vitio.
2202 1842 2286 1896 Ita
2306 1848 2370 1895 ut
2384 1858 2484 1911 per
2510 1842 2658 1895 hunc
2680 1858 2855 1895 unum
2876 1842 3163 1896 hominem
3188 1858 3301 1897 non
3323 1842 3507 1897 solum

1907 1930 2146 2000 apostoli
2167 1937 2225 1985 et
2244 1936 2404 2001 pater
2421 1931 2505 1984 cul
2515 1936 2805 2001 parentur,
2823 1930 2920 2001 qui
2941 1929 3072 1984 vitio
3092 1930 3276 1985 adhuc
3288 1947 3507 2001 preme-

1905 2017 2112 2073 bantur
2138 2018 2571 2088 incredulitatis,
2601 2035 2797 2073 verum
2844 2019 3015 2073 etiam
3058 2035 3252 2073 omnes
3280 2019 3503 2075 Judmos

1906 2108 2111 2178 tangit,
2128 2114 2185 2163 et
2214 2108 2631 2171 infideles,cum
2663 2107 2864 2178 quibus
2892 2107 3115 2161 laborat
3140 2106 3388 2162 Verbum
3399 2107 3503 2163 Dei
3610 2150 3623 2157 ,

1905 2197 2433 2269 impraesentiarum.
2458 2198 2568 2254 Sed
2592 2197 2700 2268 ipsi
2722 2214 2835 2251 non
2858 2196 3129 2252 festinant
3148 2196 3397 2268 recipere
3416 2213 3503 2252 sa-

1903 2287 2161 2342 nitatem.
2176 2287 2257 2342 Ac
2278 2303 2379 2357 per
2406 2288 2511 2341 hoc
2538 2287 2598 2340 in
2626 2303 2739 2341 uno
2761 2286 2869 2340 isto
2883 2285 3131 2341 lunatico
3153 2301 3421 2356 magnum
3444 2291 3503 2340 et

1904 2376 2135 2430 evidens
2162 2382 2451 2431 ostensum
2472 2382 2559 2430 est
2583 2375 2793 2431 Christi
2816 2379 3254 2441 sacramentum,
3273 2374 3421 2430 sicut
3444 2380 3504 2430 et

1905 2465 1964 2519 in
1989 2466 2209 2536 leproso
2228 2466 2574 2536 illo.quando
2595 2465 2664 2519 de
2685 2471 2875 2519 monte
2891 2464 3197 2529 descendit,
3222 2464 3330 2519 nisi
3353 2464 3503 2535 quod

1903 2545 1998 2601 ille
2027 2563 2131 2601 sua
2166 2552 2365 2618 sponte
2394 2547 2565 2608 venit,
2603 2546 2692 2599 hic
2722 2556 2913 2600 autem
2938 2561 3039 2599 nec
3068 2545 3238 2611 venit,
3272 2562 3376 2600 nec
3406 2562 3501 2601 ve-

1902 2635 2024 2690 nire
2047 2635 2279 2701 curavit,
2297 2635 2563 2706 quoniam
2583 2635 2731 2689 male
2754 2651 2788 2688 a
2806 2634 3081 2688 daemonio
3101 2634 3495 2705 premebatur;

1901 2725 1999 2780 sed
2028 2742 2131 2779 nec
2156 2725 2264 2795 ipsi
2286 2725 2383 2795 qui
2409 2724 2641 2778 curandi
2663 2729 2995 2794 acceperant
3012 2727 3370 2794 potestatem,
3393 2740 3498 2778 nec

1903 2820 2064 2885 pater
2103 2815 2200 2885 qui
2228 2831 2327 2884 pro
2377 2813 2472 2867 illo
2515 2812 2939 2884 deprecabatur,
2992 2813 3275 2867 immunes
3303 2816 3437 2866 sunt
3463 2828 3500 2866 a

1902 2904 2084 2975 culpa,
2128 2903 2381 2974 quamvis
2410 2901 2830 2973 impossibilitas
2870 2901 3105 2956 curandi
3133 2918 3248 2956 non
3276 2918 3499 2974 semper

1901 2992 2344 3047 imbecillitatem
2366 2990 2706 3055 curantium,
2723 2990 2820 3044 sed
2840 2991 2911 3044 ad
2931 3007 3127 3045 eorum
3147 2991 3243 3063 qui
3262 2991 3498 3046 curandi

212 3077 264 3133 in
278 3079 434 3134 lunae
448 3059 619 3133 cursu
641 3059 917 3141 vitiatum,
942 3059 1074 3150 quia
1094 3059 1153 3134 et
1170 3080 1305 3134 luna
1327 3080 1620 3134 humidam
1645 3079 1816 3135 habet
1832 3059 1875 3120 ο
1898 3087 2031 3136 sunt
2052 3082 2220 3136 fidem
2250 3080 2544 3143 referatur,
2565 3080 2787 3135 dicente
2814 3079 3054 3133 Domino
3084 3097 3095 3132 :
3124 3059 3248 3133 Fiat
3281 3080 3384 3134 tibi
3411 3096 3494 3134 δε·-

211 3174 504 3224 naturam.
538 3167 654 3222 Nos
682 3174 893 3232 tamen,
919 3169 1054 3240 quia
1081 3169 1379 3239 Evangelio
1408 3168 1708 3235 credimus,
1734 3170 1815 3224 di-

212 3256 389 3311 cimus
406 3257 554 3312 hanc
572 3258 888 3329 passionem
910 3258 968 3312 in
987 3258 1305 3313 hominibus
1325 3259 1681 3313 immundum
1705 3259 1813 3330 spi-

211 3345 381 3400 ritum
411 3347 655 3418 operari.
687 3348 757 3402 Et
783 3348 910 3402 ideo
939 3349 1019 3403 sic
1048 3348 1368 3420 requirendi
1386 3354 1519 3403 sunt
1548 3348 1748 3403 medici
1778 3366 1813 3403 a

206 3434 436 3502 talibus,
467 3445 532 3490 ut
556 3450 669 3491 non
701 3438 1019 3508 negligatur
1050 3439 1217 3502 Deus,
1240 3455 1272 3492 a
1304 3453 1414 3509 quo
1439 3443 1497 3491 et
1525 3454 1624 3508 per
1645 3454 1813 3509 quem

208 3524 391 3579 omnis
422 3524 644 3580 medela
670 3532 791 3593 est;
820 3543 888 3580 ne
915 3526 1058 3581 forte
1086 3527 1291 3598 aliquis
1320 3527 1457 3580 dum
1478 3526 1578 3581 Dei
1598 3533 1814 3582 creatu-

207 3629 329 3667 ram
355 3613 692 3684 culpabilem
721 3615 982 3682 aestimat,
1012 3616 1221 3687 aliquid
1252 3621 1448 3671 contra
1477 3616 1657 3670 Deum
1685 3633 1808 3671 sen-

205 3702 312 3756 tire
341 3702 617 3768 videatur,
643 3719 752 3774 quo
772 3705 953 3774 magis
974 3705 1237 3759 offendat.
1263 3706 1400 3760 Ecce
1427 3705 1486 3759 in
1506 3706 1611 3760 hoc
1633 3706 1807 3759 mira-

204 3792 328 3846 culo
346 3798 463 3846 tres
477 3793 647 3847 simul
662 3794 961 3863 culpantur
979 3811 1249 3865 personae,
1269 3800 1430 3866 pater
1443 3795 1592 3866 quod
1604 3795 1809 3850 obtulit

204 3880 404 3945 ﬁlium,
421 3887 480 3935 et
507 3882 751 3936 latenter
763 3889 990 3937 accusat
1006 3884 1305 3955 apostolos,
1338 3890 1392 3938 et
1409 3884 1514 3955 ipsi
1546 3884 1803 3955 apostoli,

203 3984 444 4040 quorum
466 3969 831 4026 incredulitas
859 3971 1179 4038 denotatur,
1207 3973 1279 4027 ad
1304 3972 1566 4027 ultimum
1599 3973 1717 4044 ipse
1747 3974 1807 4027 ﬂ-

203 4056 311 4111 lius
325 4058 629 4125 lunaticus,
644 4059 739 4129 qui
752 4058 1051 4114 vexabatur
1061 4060 1353 4114 daemonio.
1372 4062 1579 4115 Omnes
1590 4067 1802 4127 tamen,

199 4145 332 4201 licet
358 4146 565 4202 diversi
581 4147 697 4203 sint
724 4148 855 4213 fide,
876 4165 989 4204 uno
1007 4150 1215 4205 Christi
1235 4150 1603 4221 correptionis
1622 4150 1803 4221 elogio

200 4234 561 4291 denotantur.
582 4237 624 4291 0
636 4241 935 4304 generatio,
952 4238 1451 4309 inquit,incredula
1466 4245 1514 4294 et
1525 4234 1799 4308 perversa,

200 4341 477 4395 quousque
525 4342 617 4381 ero
663 4328 958 4393 vobiscum,
1001 4345 1280 4397 quousque
1318 4345 1404 4383 vos
1429 4333 1621 4398 patiar
1642 4336 1665 4382 ?
1692 4330 1796 4383 Sed

201 4429 311 4469 non
332 4431 447 4470 uno
464 4416 632 4470 modo
660 4415 1021 4488 increpantur
1038 4434 1232 4472 omnes
1256 4439 1270 4488 ;
1290 4419 1421 4489 quia
1440 4418 1545 4473 etsi
1563 4419 1799 4489 apostoli

198 4503 379 4558 adhuc
414 4504 693 4559 increduli
722 4512 902 4571 erant,
936 4516 996 4560 ut
1026 4506 1291 4576 Magister
1321 4507 1399 4561 eis
1428 4508 1678 4562 veritatis
1708 4508 1801 4561 de-

199 4594 446 4661 nuntiat,
462 4610 578 4648 non
597 4599 786 4648 tamen
810 4609 1101 4665 perversos
1122 4596 1313 4661 fuisse,
1335 4614 1473 4668 quos
1500 4598 1673 4652 semel
1695 4597 1799 4652 sibi

197 4682 661 4749 sanctiﬁcaverat,
711 4684 1123 4739 aestimandum.
1157 4685 1410 4756 Denique
1457 4687 1516 4740 in
1568 4703 1680 4741 uno
1712 4703 1800 4741 eo-

196 4770 435 4842 demque
446 4788 682 4843 corpore
696 4772 915 4827 diversa
940 4780 1075 4827 sunt
1091 4775 1362 4838 membra,
1382 4776 1619 4847 ideoque
1641 4776 1800 4831 Chri-

194 4866 315 4913 stus
335 4860 415 4915 sic
439 4861 710 4932 loquitur,
738 4867 801 4916 ut
833 4878 1027 4917 omnes
1058 4864 1283 4918 videant
1306 4865 1453 4935 quod
1495 4864 1797 4937 unicuique

191 4955 483 5020 congruat.
518 4950 798 5014 Quoniam
849 4951 954 5006 etsi
996 4952 1237 5024 apostoli
1285 4952 1355 5007 ab
1409 4953 1798 5009 incredulitate

192 5039 431 5094 necdum
478 5039 708 5110 purgati
751 5045 930 5106 erant,
983 5047 1048 5095 ut
1074 5059 1141 5096 ex
1174 5047 1294 5096 toto
1341 5042 1527 5097 divino
1557 5044 1800 5098 illustra-

193 5134 391 5183 rentur
418 5128 655 5195 lumine,
687 5129 852 5200 longe
887 5136 1080 5185 tamen
1109 5131 1179 5185 ab
1211 5131 1296 5185 his
1326 5131 1570 5186 tenebris
1614 5139 1793 5197 erant,

192 5215 250 5271 in
264 5218 469 5287 quibus
481 5218 765 5273 lunaticus
790 5223 840 5283 τ
862 5226 899 5283 ι
911 5220 1077 5284 5ille
1090 5220 1415 5287 vexabatur;
1435 5222 1542 5275 etsi
1560 5222 1798 5276 necdum

192 5304 459 5361 illustrati
474 5312 641 5361 erant
663 5307 930 5361 alumine
949 5308 1100 5367 solis.
1116 5326 1182 5362 ex
1212 5315 1329 5363 toto
1343 5311 1461 5378 jam
1492 5326 1605 5364 non
1634 5317 1799 5365 erant

190 5393 247 5448 in
277 5396 528 5451 tenebris
546 5397 642 5467 qui
666 5396 1045 5468 sequebantur
1072 5399 1245 5453 solem
1264 5399 1514 5469 justitiee.
1534 5400 1640 5455 Sed
1664 5401 1797 5472 quia

190 5482 457 5539 deorsum
478 5492 891 5552 remanserunt,
911 5486 1094 5542 fervor
1112 5488 1342 5544 luminis
1362 5495 1419 5544 et
1438 5490 1637 5544 caloris
1654 5490 1795 5545 forte

192 5573 385 5629 minor
424 5581 580 5632 erat.
614 5575 827 5633 Idcirco
854 5576 1040 5633 adhuc
1067 5593 1196 5633 cum
1240 5578 1443 5649 quibus
1486 5578 1729 5647 fuerant,
1762 5594 1797 5634 a

1895 3173 2144 3225 cundum
2172 3172 2331 3238 ﬁdem
2362 3175 2519 3224 tuam
2552 3170 2766 3238 (Matth.
2800 3186 2910 3234 xxx,
2952 3168 3056 3238 )9).
3088 3169 3496 3224 Verumtamen

1896 3278 2008 3315 non
2033 3260 2217 3315 omnis
2244 3260 2361 3315 haec
2384 3259 2713 3331 increpatio,
2747 3264 2812 3313 ut
2831 3258 2962 3324 dixi,
2997 3259 3067 3314 ad
3098 3259 3381 3330 apostolos
3410 3264 3497 3314 est

1895 3349 2207 3414 referenda,
2244 3349 2377 3421 quia
2406 3349 2486 3403 illi
2518 3349 2623 3403 etsi
2652 3348 2834 3403 adhuc
2863 3353 3022 3402 erant
3048 3348 3345 3413 increduli,
3381 3364 3496 3402 non

1896 3444 2087 3493 tamen
2116 3439 2382 3509 perversi.
2427 3438 2731 3493 Lunaticus
2758 3454 2888 3492 vero
2919 3444 2977 3492 et
3013 3438 3214 3503 Judaei,
3253 3454 3494 3509 quorum

1896 3533 2053 3581 tenet
2098 3528 2356 3593 formam,
2398 3528 2594 3598 utique
2642 3527 2813 3581 simul
2855 3526 3133 3581 increduli
3161 3532 3215 3581 et
3246 3526 3495 3598 perversi

1892 3621 2080 3682 erant;
2124 3616 2389 3687 quoniam
2440 3632 2508 3669 ex
2544 3615 2909 3686 perversitate
2941 3616 3000 3669 in
3030 3615 3112 3669 eis
3151 3615 3369 3670 malitia
3407 3620 3495 3671 est

1888 3705 2229 3769 introducta,
2260 3705 2341 3758 ita
2368 3709 2434 3758 ut
2463 3709 2621 3758 extra
2650 3708 2912 3758 naturam
2938 3704 3084 3757 male
3107 3708 3437 3775 paterentur
3455 3721 3493 3759 a

1891 3793 2254 3849 daemonibus.
2271 3792 2377 3847 Ubi
2388 3798 2445 3847 et
2460 3792 2795 3864 perversitas
2821 3792 2994 3847 totius
3011 3791 3243 3847 humani
3261 3792 3488 3863 generis

1890 3883 2229 3954 increpatur,
2250 3880 2454 3954 quibus
2481 3881 2642 3953 quasi
2666 3886 2932 3952 gravatus
2962 3896 3155 3935 eorum
3186 3879 3402 3935 malitia
3429 3885 3489 3935 et

1888 3973 2308 4029 conversatione
2341 3988 2471 4027 cum
2505 3971 2603 4037 eis,
2637 3970 2776 4025 dicit
2809 3990 2820 4025 :
2859 3971 3134 4040 Usquequo
3172 3985 3263 4023 ero
3307 3971 3485 4025 vobis-

1889 4070 2049 4117 cum?
2070 4078 2345 4131 usquequo
2365 4077 2453 4115 vos
2467 4064 2696 4130 patiar?
2716 4065 2766 4125 α
2787 4067 2823 4125 ι
2836 4065 2904 4125 6
2926 4059 3200 4130 Culpatur
3219 4059 3370 4113 enim
3390 4076 3486 4130 ge-

1886 4168 1993 4205 nus
2012 4151 2068 4206 in
2090 4148 2295 4222 specie,
2316 4166 2447 4204 cum
2465 4166 2579 4204 una
2592 4149 2885 4219 generatio
2905 4148 3095 4211 simul,
3110 4153 3339 4219 propter
3361 4164 3485 4220 per-

1886 4241 2096 4307 iidiam,
2130 4257 2296 4295 omne
2335 4239 2644 4304 humanum
2671 4255 2850 4309 genus
2886 4237 3014 4309 (nisi
3044 4244 3373 4292 renascatur
3390 4239 3483 4310 ju-

1880 4330 2029 4401 giter
2048 4331 2120 4385 ad
2152 4331 2337 4396 ﬁdem)
2371 4345 2494 4384 esse
2522 4328 2729 4385 dicitur.
2760 4348 2773 4396 ;
2818 4328 2953 4399 quia
2984 4331 3110 4399 post
3156 4333 3479 4400 perceptam

1883 4421 2013 4475 fidei
2032 4420 2311 4482 notitiam,
2330 4418 2515 4487 multi,
2536 4423 2602 4473 ut
2626 4419 2980 4490 praemissum
3005 4422 3111 4480 est,
3145 4417 3203 4471 in
3224 4412 3482 4489 ﬁde,qum

1884 4526 1984 4580 per
2003 4508 2357 4563 dilectionem
2378 4513 2659 4579 operetur.
2684 4511 2995 4578 tepescunt.
3020 4506 3232 4561 Idcirco
3258 4522 3362 4561 nec
3378 4507 3484 4561 im-

1884 4598 2084 4652 merito
2105 4598 2335 4652 lunatici
2358 4597 2808 4652 vocanturdonec
2828 4595 2976 4650 firmi
2989 4600 3048 4649 et
3064 4594 3292 4650 stabiles
3310 4597 3474 4651 ﬁant.

1884 4687 1992 4741 Sed
2021 4687 2131 4741 nisi
2182 4688 2454 4741 Dominus
2491 4686 2560 4740 de
2609 4690 2798 4740 monte
2848 4684 3248 4753 descendisset,
3281 4691 3339 4741 et
3376 4702 3479 4741 nos

1881 4776 2124 4846 primum
2156 4775 2446 4846 quaesisset
2473 4775 2532 4829 in
2561 4774 2748 4839 terris,
2775 4789 2940 4828 nemo
2962 4774 3033 4827 ad
3053 4790 3185 4829 eum
3213 4774 3478 4845 venisset,

1879 4881 2045 4920 nemo
2074 4882 2176 4920 nos
2204 4870 2471 4929 curasset,
2505 4880 2670 4918 nemo
2701 4880 2873 4918 sanus
2902 4864 3064 4917 fieret
3096 4882 3109 4932 ;
3151 4879 3217 4918 ac
3245 4880 3347 4935 per
3373 4864 3479 4920 hoc

1882 4954 2031 5009 inter
2059 4955 2360 5025 leprosum,
2395 4953 2619 5024 quando
2648 4952 2719 5007 de
2744 4959 2940 5008 monte
2963 4953 3271 5022 descendit,
3304 4971 3475 5026 expo-

1881 5043 2003 5097 sitis
2029 5043 2153 5096 viue
2174 5042 2542 5108 documentis,
2563 5047 2622 5096 et
2648 5042 2798 5097 hunc
2825 5042 3134 5098 lunaticum
3160 5044 3479 5099 differentia

1881 5138 2236 5203 peccatorum
2265 5136 2638 5198 monstratur;
2664 5131 2761 5185 sed
2782 5147 2900 5185 una
2918 5148 3040 5186 esse
3061 5132 3275 5186 curatio
3298 5148 3332 5186 a
3356 5133 3476 5189 solo

1882 5222 1995 5276 Deo
2021 5220 2352 5275 ostenditur.
2387 5220 2493 5285 Qui
2510 5220 2635 5275 ideo
2660 5220 2831 5288 venit,
2862 5220 2989 5274 ideo
3022 5220 3137 5291 pati
3162 5220 3356 5289 voluit,
3373 5221 3473 5278 sed

1880 5311 2329 5382 quousque’inon
2348 5310 2496 5364 enim
2528 5310 2585 5363 in
2610 5310 2837 5380 longum
2867 5316 3110 5381 tempus,
3133 5327 3201 5366 ex
3232 5327 3299 5366 eo
3326 5312 3470 5379 loco,

1878 5408 1941 5457 ut
1970 5407 2274 5472 pateretur,
2308 5399 2667 5454 diﬁcrebatur
2689 5400 2873 5471 passio
2905 5400 3278 5466 Christi,licet
3307 5403 3473 5472 longe

1872 5492 1991 5561 jam
2023 5496 2173 5544 retro
2200 5491 2450 5561 coeperit,
2475 5495 2532 5544 et
2558 5488 2743 5545 adhuc
2771 5489 2937 5544 hodie
2967 5491 3026 5544 in
3057 5490 3323 5549 membris
3354 5491 3472 5546 suis

1878 5580 2241 5651 compleatur.
2258 5580 2438 5645 Quam
2452 5595 2589 5659 sane
2606 5578 2923 5650 passionem
2936 5584 3073 5634 tunc
3084 5579 3142 5634 in
3169 5579 3469 5648 semetipso
