3888 6172
406 311 510 371 595

1170 309 1228 365 S.
1270 302 1648 362 PASCHASII
1687 301 2046 359 RADBERTI
2084 298 2388 355 ABBATIS
2425 297 2918 355 CORBEIENSIS.

3522 307 3603 365 596

394 440 519 512 jam
546 454 648 512 per
674 436 1007 511 patientiam
1037 433 1440 499 sustinebat,ut
1476 434 1622 485 esset
1649 428 1833 500 passio
1862 432 1994 482 ante
2012 429 2058 486 A
2084 424 2363 481 Christus.
2394 424 2538 489 Quia
2565 424 2612 478 si
2641 424 2769 478 talis
2788 429 3059 496 tantaque
3080 426 3605 503 fueritqualisestipse

403 524 743 600 passionem,
759 528 903 582 sicut
930 533 987 582 et
1015 531 1140 598 post
1159 524 1475 595 passionem
1495 520 1548 572 in
1568 518 1834 571 membris
1859 518 1999 587 ejus,

405 618 583 673 donec
598 634 888 688 quousque
906 608 1580 680 ﬁniatu.r,adimplebitur.
1604 607 1702 661 His
1721 607 1799 660 ita
1818 606 1997 671 dictis,

403 707 485 761 ait
510 705 947 776 benignissimus
970 704 1247 757 Salvator:
1271 701 1467 765 A/I'erte
1487 697 1593 750 huc
1613 699 1778 749 illum
1795 697 1866 749 ad
1895 712 1996 748 me.

405 797 512 853 Ubi
543 796 793 866 ejusdem
823 792 1030 847 inﬁrmi
1050 787 1454 844 nimiavexatio
1485 792 1849 850 monstratur,
1872 802 2000 839 cum

409 886 595 941 afferri
619 885 868 955 jubetur.
893 882 1026 952 quia
1052 880 1242 933 venire
1265 894 1379 932 non
1405 882 1642 947 poterat.
1669 877 1777 930 Sed
1803 875 2006 946 quibus

401 974 564 1045 jubet
613 971 1105 1043 quantulacunque
1158 968 1239 1021 eis
1272 967 1412 1020 fides
1459 971 1600 1029 erat,
1645 970 1702 1018 et
1738 965 2005 1018 afferendi

406 1063 659 1126 facultas,
688 1060 782 1114 ubi
813 1058 1048 1130 apostoli
1069 1064 1126 1111 et
1153 1055 1332 1112 turba;
1358 1055 1526 1108 simul
1555 1054 1614 1106 in
1642 1054 1762 1107 loco
1787 1070 1850 1107 ac
1877 1070 2004 1106 cum

407 1151 487 1204 eis
529 1154 691 1220 pater
719 1154 860 1202 erat.
892 1149 1048 1202 Inter
1093 1163 1253 1216 quos,
1285 1161 1389 1198 nec
1425 1142 1632 1196 mirum
1665 1143 1711 1195 si
1743 1142 1998 1208 dicimus,

405 1240 538 1312 quia
573 1240 712 1293 ﬁdes
741 1238 1191 1310 patriarcharum
1241 1240 1380 1300 erat,
1415 1250 1537 1304 quae
1586 1233 1810 1287 offerret
1857 1233 2005 1287 hunc

403 1328 830 1390 daemoniacum,
848 1327 1112 1398 quoniam
1135 1324 1256 1379 sine
1275 1325 1384 1377 ﬁde
1409 1322 1610 1376 salvari
1631 1339 1740 1376 non
1761 1327 2000 1392 poterat.

475 1420 542 1472 Et
559 1418 865 1484 increpavit
885 1419 1051 1468 illum
1070 1416 1241 1476 Jesus,
1259 1417 1308 1466 et
1328 1415 1462 1464 exiit
1479 1413 1548 1464 ab
1568 1428 1624 1464 eo
1645 1413 2000 1476 daemonium,

406 1512 455 1560 et
476 1510 704 1560 curatus
724 1510 798 1557 est
806 1519 947 1572 puer
970 1519 1038 1556 ea:
1063 1503 1167 1555 illa
1195 1502 1332 1554 hora
1356 1503 1614 1568 potestate
1638 1499 1863 1554 Christi.
1893 1500 2006 1553 Cur

406 1599 596 1649 autem
624 1590 994 1662 increpaverit
1022 1607 1152 1644 eum
1173 1589 1270 1660 qui
1286 1587 1590 1642 vexabatur
1610 1604 1644 1641 a
1671 1588 1874 1658 spiritu
1902 1589 2002 1641 im-

406 1683 638 1747 mundo,
670 1686 727 1735 et
753 1696 864 1734 non
894 1696 1022 1734 eum
1051 1679 1146 1750 qui
1176 1679 1335 1732 illum
1372 1676 1625 1742 vexabat,
1659 1693 1786 1730 cum
1818 1677 2004 1748 potius

408 1771 668 1843 spiritum
702 1769 989 1840 increpare
1033 1766 1338 1830 debuisset,
1373 1765 1670 1820 manifesta
1701 1765 1842 1820 ratio
1873 1771 1958 1820 est
1992 1785 2003 1829 ;

409 1860 543 1932 quia
587 1863 816 1930 propter
847 1862 1074 1928 peccata
1121 1871 1223 1909 sua
1257 1855 1347 1909 hic
1375 1853 1696 1926 patiebatur
1724 1860 1782 1908 et
1824 1855 2005 1908 fuerat

408 1965 726 2020 oppressus,
749 1947 874 2001 ideo
895 1947 1054 2000 illum
1072 1945 1168 2015 qui
1189 1943 1554 2014 corrigendus
1569 1948 1692 1997 erat
1712 1944 1897 2014 potius
1917 1944 2010 1998 de-

406 2038 530 2092 buit
555 2037 863 2107 increpare,
880 2051 1048 2106 quam
1075 2051 1201 2088 eum
1227 2033 1323 2105 qui
1349 2049 1638 2104 nunquam
1666 2033 1869 2103 corrigi
1888 2035 2008 2104 jam

406 2127 555 2180 ultra
589 2130 790 2197 potest.
816 2124 923 2179 Sed
954 2123 1012 2177 in
1044 2140 1109 2178 eo
1137 2122 1306 2176 verbo
1336 2121 1666 2192 percutitur,
1697 2139 1824 2176 cum
1857 2122 2008 2175 inﬁr-

406 2231 534 2270 mus
563 2214 633 2268 ab
661 2213 885 2268 insania
912 2218 1205 2266 revocatur
1232 2216 1289 2264 et
1323 2227 1492 2265 sanus
1533 2211 1791 2264 efficitur.

487 2305 638 2356 Tunc
683 2307 1022 2356 accesserunt
1055 2303 1320 2368 discipuli
1358 2301 1432 2352 ad
1468 2302 1653 2352 Jesum
1693 2303 1908 2362 secreto,
1960 2303 2008 2351 et

409 2393 674 2445 dixerunt
700 2393 750 2443 ei
767 2409 778 2443 :
799 2391 977 2457 Quare
1005 2404 1102 2442 nos
1135 2403 1247 2441 non
1283 2390 1563 2456 potuimus
1591 2389 1778 2456 ejicere
1804 2389 2011 2441 illum?

409 2480 516 2547 Qui
543 2481 689 2532 dixit
711 2480 827 2532 illis
853 2495 868 2529 :
895 2483 1118 2546 propter
1144 2478 1594 2530 incredulitatem
1608 2482 1864 2529 vestram.
1892 2476 2010 2529 Hoc

409 2572 496 2622 est
524 2567 672 2638 quod
696 2565 829 2620 alibi
857 2566 994 2620 dicis
1029 2582 1040 2617 :
1065 2567 1406 2633 Quacunque
1425 2567 1489 2618 in
1520 2566 1742 2618 nomine
1777 2581 1891 2617 meo
1914 2581 2006 2631 pe-

411 2658 614 2710 tieritis
637 2656 926 2719 credentes,
959 2657 1232 2723 accipietis
1261 2654 1474 2724 (Matth.
1509 2667 1618 2717 xxx,
1643 2651 1752 2721 22).
1788 2653 1856 2706 Et
1882 2651 2008 2705 ideo

409 2745 852 2817 quotiescunque
880 2747 1134 2814 petentes
1155 2759 1267 2796 non
1293 2742 1741 2812 accipimus,non
1764 2741 2006 2795 Salvato-

407 2834 489 2888 ris
509 2833 688 2888 nostri
708 2839 793 2886 est
809 2831 1246 2904 impossibilitas,
1264 2832 1361 2885 sed
1381 2832 1545 2902 culpa
1562 2830 2005 2900 deprecantium,

414 2927 468 2988 Ε
489 2929 525 2988 Ι
545 2927 594 2987 ιτ
621 2923 754 2977 dum
785 2928 885 2976 aut
913 2922 1060 2974 male
1101 2925 1319 2990 petunt,
1368 2924 1468 2973 aut
1499 2935 1607 2972 non
1635 2935 1760 2972 cum
1793 2918 2013 2988 integra

2086 520 2142 567 et
2167 519 2410 584 quantus
2437 514 2505 567 de
2535 530 2646 584 quo
2674 518 2777 578 est,
2810 520 2945 568 tunc
2974 517 3167 587 utique
3194 518 3397 589 integra
3430 527 3478 575 et
3506 539 3608 592 per-

2083 601 2228 655 fecta
2255 601 2391 655 ﬁdes
2421 608 2523 655 est.
2557 601 2665 655 Sed
2691 617 2802 654 non
2826 604 3079 657 omnium
3097 606 3223 658 talis
3248 613 3341 660 aut
3369 612 3506 662 tanta
3528 617 3608 662 est.

2084 691 2294 744 Idcirco
2335 707 2464 744 cum
2514 690 2622 743 fuit
2653 690 2790 744 ﬁdes
2835 693 3216 762 apostolorum
3258 711 3420 764 grano
3447 697 3616 768 sinapis

2087 784 2391 848 coaequata,
2425 783 2489 832 ut
2516 785 2675 832 tanta
2703 785 2851 831 esset
2869 780 3007 834 ﬁdes
3036 797 3228 835 eorum
3250 782 3317 836 de
3343 785 3548 847 Christo,
3575 792 3619 839 et

2088 866 2146 920 in
2176 867 2416 931 Christo,
2451 868 2776 938 noliputare
2797 869 2944 938 quod
2975 886 3145 940 parva
3171 877 3330 937 esset,
3363 873 3407 926 si
3432 890 3525 926 non
3543 874 3618 928 de-

2087 955 2222 1026 sipis
2251 956 2399 1027 quod
2428 957 2683 1010 Christus
2703 961 2802 1010 aut
2831 973 3030 1027 parum
3056 965 3156 1014 aut
3183 961 3319 1014 nihil
3347 969 3500 1028 esset;
3519 963 3620 1031 quia

2089 1044 2191 1098 etsi
2222 1045 2532 1100 minoratus
2563 1051 2647 1100 est
2688 1049 2757 1102 ab
2805 1049 3037 1116 angelis,
3091 1055 3148 1103 et
3191 1057 3519 1121 comparatus
3558 1058 3624 1106 est

2088 1134 2350 1198 vermi,ut
2379 1136 2497 1206 ipse
2527 1153 2628 1206 per
2654 1138 2990 1208 PrOphetam
3021 1138 3089 1192 de
3118 1155 3178 1193 se
3200 1140 3278 1194 ait
3302 1159 3313 1193 :
3347 1142 3446 1207 Ego
3477 1148 3625 1194 autem

2085 1237 2208 1274 sum
2240 1225 2440 1276 vermis
2471 1229 2520 1277 et
2551 1241 2662 1278 non
2685 1227 2862 1290 homo,
2904 1228 3260 1294 opprobrium
3291 1230 3567 1293 hominum,
3587 1236 3628 1286 et

2086 1313 2310 1378 abjectio
2327 1315 2497 1379 plebis
2523 1315 2693 1383 (Psal.
2727 1331 2836 1379 xx1,
2872 1313 2952 1381 7):
2984 1320 3174 1369 tamen
3205 1318 3382 1386 major
3403 1323 3480 1370 est
3500 1335 3630 1387 ange-

2089 1399 2176 1462 lis,
2193 1399 2326 1468 quia
2349 1401 2644 1470 coaequalis
2665 1407 2722 1456 et
2750 1402 3243 1458 consubstantialis
3273 1410 3355 1458 est
3374 1405 3477 1458 Deo
3491 1405 3628 1458 Patri.

2091 1486 2159 1539 Et
2185 1486 2310 1540 ideo
2332 1487 2448 1540 haec
2479 1488 2636 1555 ﬁdes,
2667 1507 2786 1561 quae
2811 1495 2970 1545 tanta
2991 1497 3076 1545 est
3095 1499 3158 1545 ut
3183 1509 3415 1562 granum
3444 1492 3630 1562 sinapis,

2086 1574 2210 1644 ipsa
2236 1581 2322 1628 est
2348 1577 2587 1647 integra,
2620 1583 2678 1632 et
2702 1579 3030 1651 incorrupta
3058 1581 3222 1638 fides.
3264 1584 3387 1653 Ipsa
3413 1589 3490 1636 est
3514 1588 3562 1635 et
3580 1582 3632 1634 de

2087 1679 2198 1732 qua
2216 1665 2515 1735 Apostolus
2535 1667 2699 1721 dicit:
2729 1666 2792 1721 Si
2809 1670 3049 1722 habuero
3071 1686 3287 1723 omnem
3316 1673 3485 1738 ﬁdem,
3509 1673 3573 1724 ita
3591 1674 3635 1722 ut

2090 1757 2300 1806 montes
2331 1757 2673 1822 transferam
2690 1759 2738 1821 (Ι
2755 1757 2876 1810 (Jor.
2906 1774 3019 1821 xm,
3043 1757 3124 1821 2);
3161 1759 3295 1828 quia
3316 1758 3638 1813 ettransferre

2089 1845 2307 1895 montes
2329 1848 2514 1913 potest
2533 1843 2768 1914 imperio
2789 1862 2910 1907 suo,
2933 1851 2983 1910 ’1
3001 1853 3038 1910 Ι
3055 1851 3114 1910 8
3136 1847 3284 1901 sicut
3310 1848 3557 1902 Dominus
3576 1862 3639 1900 re-

2091 1930 2386 1999 promittit.
2423 1933 2550 2003 Ipsa
2580 1939 2667 1986 est
2693 1934 2875 1987 omnis
2905 1935 3064 2001 ﬁdes,
3084 1940 3141 1988 et
3163 1935 3291 1989 ideo
3314 1936 3638 2006 magnaﬁdes,

2093 2035 2261 2088 quam
2291 2020 2536 2074 haeretici
2564 2021 2696 2092 quia
2726 2022 3032 2076 noluerunt
3055 2022 3284 2090 habere,
3320 2041 3427 2078 non
3452 2024 3544 2078 fuit
3575 2040 3643 2077 eo-

2091 2125 2216 2162 rum
2251 2125 2381 2163 vera
2409 2110 2580 2176 ﬁdes;
2612 2116 2929 2181 peccatores
2957 2117 3014 2164 et
3040 2111 3165 2165 falsi
3195 2113 3508 2176 Christiani,
3540 2113 3644 2183 quia

2091 2202 2436 2257 violaverunt
2455 2204 2629 2270 illam,
2654 2221 2764 2258 non
2786 2203 2892 2258 fuit
2909 2204 3237 2275 incorrupta
3268 2211 3327 2260 et
3349 2205 3642 2260 incontami-

2091 2297 2225 2344 nata
2272 2291 2428 2345 ﬁdes.
2482 2294 2784 2364 Propterea
2831 2309 2935 2347 nec
2978 2294 3308 2365 semetipsos
3336 2312 3369 2348 a
3395 2294 3640 2349 vexatione

2096 2380 2412 2452 plenilunii,
2464 2399 2568 2436 nec
2615 2399 2647 2435 a
2704 2383 3010 2437 menstruis
3053 2383 3168 2440 suis
3203 2400 3265 2437 se
3311 2384 3647 2438 liberaverunt

2094 2470 2316 2524 Interea
2334 2472 2585 2542 quamvis
2605 2473 2786 2527 omnis
2803 2479 3062 2528 creatura
3076 2474 3482 2545 quodammodo
3493 2472 3650 2527 audiat

2095 2559 2530 2628 Creatorem,ita
2558 2568 2623 2616 ut
2641 2563 2700 2616 in
2729 2563 3012 2617 montibus
3040 2563 3178 2617 ﬁdes
3196 2564 3473 2634 imperare
3487 2561 3646 2633 possit,

2093 2649 2196 2703 hoc
2220 2650 2338 2703 loco
2374 2651 2629 2704 Christus
2659 2668 2769 2705 non
2793 2652 2861 2705 de
2891 2651 3016 2706 istis
3047 2652 3335 2707 montibus
3361 2653 3506 2717 dicit,
3536 2665 3648 2720 quos

2093 2740 2266 2793 oculis
2288 2741 2506 2795 carneis
2527 2741 2918 2812 conspicimus,
2943 2742 3040 2796 sed
3067 2742 3136 2795 de
3165 2742 3262 2796 illo
3287 2743 3429 2814 quia
3452 2741 3650 2796 Domino

2091 2830 2400 2884 translatus
2429 2829 2613 2885 fuerat
2641 2835 2697 2885 et
2720 2831 2931 2900 ejectus
2960 2848 2993 2884 a
3021 2831 3378 2886 1unatico.De
3405 2848 3507 2903 quo
3536 2848 3590 2884 ac
3613 2828 3650 2882 si

2095 2917 2271 2987 digito
2321 2936 2449 2972 eum
2501 2920 2840 2986 ostenderet,
2873 2920 2920 2974 si
2958 2920 3230 2986 dixeritis,
3277 2921 3475 2992 inquit,
3507 2917 3651 2972 monti

413 3011 524 3065 ﬁde
554 3016 769 3081 petunt.
802 3012 945 3064 Nam
977 3013 1170 3064 curato
1202 3008 1446 3062 lunatico
1476 3013 1610 3061 tunc
1657 3012 2015 3061 accesserunt
2035 3067 2072 3081 η
2094 3009 2243 3073 huic,
2276 3009 2454 3062 transi
2485 3008 2632 3066 hinc.
2664 3014 2721 3062 et
2758 3009 3037 3062 transibit.
3074 3009 3341 3080 Alioquin
3371 3026 3468 3064 nec
3501 3009 3654 3078 ipsum

413 3105 628 3154 secreto
659 3115 816 3152 more
845 3115 964 3163 suo,
985 3103 1050 3152 ut
1071 3097 1488 3167 interrogarent
1514 3112 1662 3158 eum,
1687 3101 1743 3149 et
1773 3095 2015 3150 instrue-
2032 3067 2074 3126 Ο
2100 3101 2384 3157 Christum
2415 3097 2518 3151 hoc
2551 3097 2743 3152 fecisse
2772 3099 3012 3167 legimus
3039 3099 3424 3168 corporalibus
3451 3094 3653 3168 aspecti-

417 3193 613 3243 rentur
649 3187 938 3245 secretius,
971 3185 1133 3257 quasi
1163 3184 1473 3238 domestici.
1527 3183 1739 3247 Quibus
1767 3201 1894 3238 cum
1937 3202 2019 3239 re-

415 3276 748 3349 spondisset,
810 3275 958 3345 quod
1028 3279 1258 3344 propter
1311 3272 1762 3328 incredulitatem
1823 3290 2014 3327 eorum

413 3367 621 3420 factum
653 3368 815 3426 esset,
848 3363 1009 3417 docet
1034 3368 1091 3416 et
1121 3362 1307 3416 erudit
1353 3379 1447 3416 eos
1477 3367 1745 3432 quantam
1776 3361 2018 3416 debeant

416 3452 625 3508 habere
655 3453 845 3518 ﬁdem,
868 3458 924 3506 et
941 3451 1076 3522 quid
1105 3451 1384 3522 agendum
1403 3451 1477 3504 sit
1497 3450 1556 3504 in
1577 3451 1681 3504 hoc
1700 3466 1867 3521 opere
1889 3467 2017 3505 cum

415 3545 546 3598 ﬁde.

486 3634 551 3690 Si
566 3633 890 3697 habueritis,
911 3631 1112 3702 inquit,
1138 3631 1300 3698 ﬁdem
1327 3633 1478 3686 velut
1505 3645 1750 3698 granum
1781 3631 2014 3699 sinapis,

415 3727 466 3777 et
495 3723 749 3777 dixeritis
772 3723 951 3774 monti
981 3721 1147 3773 huic:
1183 3720 1386 3772 Transi
1405 3720 1572 3785 hinc;
1607 3721 1889 3773 transibit.
1916 3718 2019 3772 Ubi

421 3828 548 3867 cum
597 3811 750 3875 dicit,
801 3810 848 3864 si
905 3807 1214 3863 habueritis
1255 3808 1423 3862 ﬁdem
1478 3808 1631 3861 velut
1668 3825 1908 3878 granum
1953 3809 2024 3862 si-

417 3900 600 3973 napis,
633 3898 878 3954 ostendit
907 3898 1003 3970 qui
1035 3897 1204 3952 corda
1242 3895 1571 3968 inspiciebat
1601 3913 1815 3962 eorum,
1875 3897 2024 3967 quod

418 3990 660 4044 necdum
685 3994 904 4042 tantam
928 3987 1210 4045 habebant
1230 3987 1416 4040 ﬁdem.
1433 3986 1631 4040 Adhuc
1657 3986 1862 4057 quippe
1887 3986 2024 4041 ﬁdes

421 4095 617 4133 eorum
648 4075 1086 4147 parturiebatur,
1119 4092 1266 4129 nunc
1296 4075 1584 4139 doctrinis,
1609 4091 1758 4129 nunc
1788 4075 2027 4129 miracu-

421 4168 511 4228 lis,
546 4172 603 4220 et
623 4164 1008 4218 instruebatur
1036 4170 1098 4218 ut
1121 4165 1423 4234 perfectam
1453 4165 1522 4217 de
1546 4165 1643 4218 illo
1670 4163 1943 4219 haberent
1966 4167 2027 4218 ﬁ-

423 4255 580 4309 dem.
607 4254 786 4307 Nemo
819 4258 1007 4305 tamen
1039 4252 1313 4305 modicam
1331 4253 1572 4306 aestimet
1597 4253 1784 4318 ﬁdem,
1803 4254 2029 4308 sifuerit

424 4346 586 4397 tanta
612 4346 887 4410 quantum
905 4345 991 4394 est
1011 4356 1248 4410 granum
1263 4340 1494 4408 sinapis.
1516 4341 1596 4393 De
1623 4358 1732 4410 quo
1753 4359 1928 4411 grano
1945 4361 2030 4397 sa-

2101 3191 2221 3251 bus,
2239 3188 2297 3242 in
2318 3204 2428 3258 quo
2450 3187 2629 3256 magis
2645 3188 2946 3241 ostentatio
2962 3193 3376 3243 monstraretur
3393 3203 3546 3260 quam
3563 3201 3664 3257 pro-

2100 3276 2294 3330 fectus.
2320 3275 2396 3327 Ex
2427 3290 2536 3343 quo
2559 3275 2831 3344 arguendi
2851 3275 3088 3346 suntqui
3104 3277 3456 3330 contendunt
3475 3278 3661 3345 aposto-

2103 3367 2185 3419 los
2216 3380 2410 3418 omnes
2442 3363 2609 3417 ﬁdem
2646 3381 2758 3418 non
2788 3365 3069 3430 habuisse,
3119 3366 3251 3436 quia
3285 3367 3469 3420 nullus
3496 3374 3660 3418 eorum

2101 3458 2319 3507 montes
2349 3453 2720 3516 transtulerit,
2785 3454 2932 3524 quod
2963 3471 3064 3508 nec
3119 3453 3396 3508 Dominus
3434 3449 3662 3510 intendit,

2099 3543 2232 3596 licet
2259 3541 2379 3594 ﬁeri
2411 3541 2685 3610 potuisset
2714 3558 2812 3612 per
2860 3542 3051 3600 ﬁdem.
3097 3542 3205 3596 Sed
3238 3543 3425 3596 omnis
3453 3536 3662 3594 intentio

2105 3637 2161 3684 et
2181 3630 2437 3684 voluntas
2468 3630 2536 3682 de
2558 3630 2739 3684 salute
2756 3631 2987 3684 humani
3003 3632 3225 3701 generis
3250 3639 3358 3698 est,
3379 3636 3442 3685 ut
3466 3625 3668 3700 apostoli

2106 3735 2206 3788 per
2233 3718 2402 3772 fidem
2431 3718 2506 3771 ibi
2532 3719 2807 3789 accipiant
2836 3727 3192 3791 potestatem,
3231 3721 3332 3776 ubi
3363 3715 3536 3776 omnis
3561 3731 3668 3771 con-

2106 3807 2366 3860 tradictio
2391 3807 2522 3860 ﬁdei
2543 3814 2599 3861 et
2629 3810 2912 3880 corruptio
2944 3810 3072 3864 boni
3098 3816 3201 3864 est.

2179 3897 2243 3948 Et
2263 3897 2429 3958 nihil,
2455 3895 2656 3966 inquit,
2679 3900 3010 3966 impossibile
3037 3902 3141 3952 erit
3164 3901 3331 3953 vobis.
3356 3901 3434 3953 Ac
3453 3897 3498 3952 si
3518 3895 3670 3949 dicat:

2110 3985 2381 4055 quidquid
2412 3984 2542 4039 boni
2573 3987 2874 4057 petieritis;
2911 3988 3176 4058 quoniam
3205 3989 3397 4043 omnia
3427 3982 3676 4059 possibilia

2109 4079 2241 4127 sunt
2262 4074 2528 4128 credenti.
2563 4075 2741 4138 Quam
2776 4077 3112 4130 sententiam
3133 4077 3390 4132 nonnulli
3420 4077 3547 4130 dum
3574 4069 3677 4125 sub-

2110 4163 2265 4217 tilius
2296 4163 2480 4233 legere
2522 4170 2815 4230 conantur,
2863 4166 2980 4219 suis
3027 4171 3335 4221 extenuant
3375 4158 3678 4237 syllogismis

2111 4251 2421 4322 simplicem
2469 4271 2712 4320 sensum,
2749 4257 2906 4326 quasi
2945 4256 2999 4309 id
3029 4256 3174 4326 quod
3210 4256 3353 4310 nihil
3384 4263 3470 4309 est
3496 4253 3677 4307 solum-

2112 4342 2278 4395 modo
2307 4342 2647 4413 impossibile
2674 4344 2754 4397 eis
2783 4344 2984 4399 debeat
3011 4362 3150 4411 esse,
3187 4346 3407 4416 reliqua
3435 4359 3558 4397 vero
3586 4353 3681 4392 om-

422 4431 495 4488 tis
527 4432 650 4501 jam
677 4445 850 4501 supra
879 4428 1140 4491 diximus,
1189 4427 1246 4480 in
1277 4443 1343 4480 ea
1374 4427 1638 4497 parabola
1664 4429 1758 4482 ubi
1788 4447 2024 4500 regnum
2047 4425 2093 4481 D
2112 4431 2207 4484 nia
2235 4448 2357 4501 quae
2382 4437 2514 4484 sunt
2539 4432 2841 4502 possibilia.
2873 4435 3177 4505 Ipsumque
3206 4434 3351 4488 nihil
3371 4434 3555 4487 volunt
3580 4440 3680 4481 esse
3725 4440 3728 4444 ·

425 4521 694 4576 caelorum
731 4533 909 4589 grano
939 4516 1150 4586 sinapis
1189 4515 1370 4570 simile
1414 4532 1534 4569 esse
1566 4516 1785 4570 dicitur.
1821 4519 1884 4572 In
1919 4536 2027 4589 quo

425 4609 672 4681 profecto
699 4606 1144 4676 locointelligere
1165 4604 1452 4671 debemus,
1469 4605 1616 4676 quod
1641 4622 1906 4676 magnum
1921 4613 2022 4674 est,

427 4698 517 4754 cui
547 4712 784 4766 regnum
815 4696 1082 4750 caelorum
1134 4700 1509 4766 comparatur.
1547 4695 1615 4748 Et
1641 4696 1766 4750 ideo
1798 4714 1908 4751 non
1956 4699 2026 4752 ad

426 4785 789 4858 exiguitatem
818 4785 1000 4855 grani,
1034 4784 1132 4838 sed
1171 4785 1241 4838 ad
1289 4801 1418 4838 eum
1459 4785 1552 4856 qui
1583 4785 1782 4840 similis
1813 4789 1863 4840 ei
1905 4804 2024 4842 esse

427 4877 631 4934 dicitur
673 4874 967 4928 intendere
1019 4872 1286 4928 debemus
1316 4893 1328 4941 ;
1361 4875 1628 4944 quoniam
1661 4877 1890 4930 omnino
1921 4878 2025 4931 hoc

425 4981 666 5036 granum
689 4970 775 5017 est
799 4963 946 5026 ﬁdei,
979 4963 1126 5034 quod
1158 4964 1496 5018 seminatum
1519 4965 1603 5017 vel
1623 4965 1935 5034 plantatum
1966 4967 2026 5020 in

427 5053 590 5108 horto
612 5051 870 5108 Ecclesiae
894 5051 1263 5105 fructiﬁcavit.
1299 5052 1360 5106 Id
1391 5058 1477 5107 est
1505 5053 1825 5108 humanitas
1851 5055 2028 5108 incar-

427 5142 548 5197 nati
574 5141 763 5208 Verbi,
797 5157 918 5212 quae
938 5140 1111 5193 crevit
1138 5139 1195 5193 in
1223 5140 1478 5195 arborem
1502 5159 1786 5212 magnam,
1810 5149 1866 5197 et
1894 5143 2029 5198 dila-

427 5229 534 5282 tati
562 5235 694 5284 sunt
715 5228 859 5283 rami
894 5229 1015 5298 ejus
1065 5243 1233 5298 super
1261 5228 1582 5284 universum
1613 5230 1824 5295 orbem,
1859 5232 1943 5284 ita
1967 5237 2030 5286 ut

426 5318 678 5372 volucres
698 5319 842 5383 cceli,
882 5316 1060 5372 sancti
1090 5316 1321 5379 scilicet,
1353 5317 1671 5374 inhabitant
1704 5325 1760 5374 et
1803 5322 2026 5392 requie-

429 5411 588 5462 scant
613 5406 682 5460 ab
719 5412 858 5460 aestu
904 5407 962 5461 in
1002 5404 1344 5460 umbraculis
1385 5408 1524 5476 ejus.
1589 5411 1656 5463 Et
1716 5410 2025 5464 notandum

429 5496 578 5570 quod
601 5495 683 5550 ait
701 5513 712 5548 :
729 5495 792 5552 Si
800 5497 1105 5550 habueritis
1124 5497 1282 5562 ﬁdem
1294 5498 1435 5549 sicut
1453 5512 1698 5563 granum
1715 5502 1948 5567 sinapis,
1965 5504 2025 5553 ut

430 5584 562 5643 talis
585 5589 855 5658 tantaque
893 5585 967 5642 sit
997 5585 1135 5641 ﬁdes
1165 5589 1357 5642 nostra
1389 5590 1632 5658 quantus
1653 5594 1712 5642 et
1738 5587 1919 5659 qualis
1940 5592 2026 5643 est

2110 4520 2342 4590 aliquid,
2380 4527 2479 4574 aut
2503 4521 2663 4586 forte,
2698 4523 2829 4592 quia
2855 4523 2923 4577 de
2955 4523 3128 4576 nihilo
3167 4523 3383 4594 aliquid
3415 4523 3603 4582 facere,
3631 4518 3684 4569 ut

2111 4608 2279 4671 Deus,
2308 4625 2421 4662 non
2465 4610 2769 4680 potuerint.
2806 4612 2912 4666 Sed
2955 4613 3064 4665 ista
3090 4611 3483 4682 interpretatio
3513 4609 3684 4662 otioso-

2111 4713 2236 4750 rum
2271 4702 2374 4763 cst,
2408 4698 2552 4752 sicut
2599 4705 2656 4752 et
2703 4699 2817 4764 illa,
2853 4717 2963 4771 qua
3003 4700 3199 4755 dicunt
3231 4701 3380 4772 quod
3429 4700 3545 4754 sine
3583 4696 3684 4766 ipso

2107 4785 2316 4839 factum
2349 4792 2433 4840 est
2461 4788 2621 4853 nihil,
2665 4789 2798 4842 dum
2829 4789 3119 4860 disputant
3147 4791 3307 4860 quasi
3337 4789 3478 4844 nihil
3501 4780 3684 4855 aliquid

2108 4875 2182 4928 sit
2211 4875 2360 4945 quod
2383 4892 2415 4928 τι
2437 4877 2550 4931 Deo
2574 4894 2683 4931 non
2711 4878 2802 4931 sit.
2837 4879 2905 4932 Et
2925 4879 3057 4932 dum
3084 4878 3190 4932 hoc
3213 4879 3317 4933 sibi
3346 4880 3580 4948 ﬁngunt,
3598 4867 3688 4942 ipSi

2109 4980 2212 5017 nec
2239 4963 2520 5019 immerito
2546 4966 2666 5020 sine
2700 4967 2814 5020 Deo
2854 4967 3232 5022 inveniuntur.
3276 4969 3413 5031 Qum
3446 4964 3686 5020 nimirum

2110 5053 2416 5123 disputatio
2446 5071 2587 5108 vana
2619 5060 2702 5109 est
2731 5072 2766 5109 a
2797 5073 2956 5123 vero;
2994 5057 3092 5110 sed
3123 5056 3247 5111 ideo
3278 5056 3512 5109 dixerim
3545 5057 3602 5106 ut
3621 5056 3689 5102 ta-

2112 5143 2208 5205 les,
2241 5142 2336 5211 qui
2373 5143 2477 5197 hoc
2503 5145 2687 5198 solent
2710 5161 2952 5210 movere,
2984 5163 3017 5199 a
3049 5145 3148 5200 tali
3186 5163 3245 5200 se
3267 5145 3564 5199 cohibeant
3590 5139 3689 5192 elo-

2113 5231 2240 5300 quio
2272 5249 2283 5282 :
2314 5232 2578 5302 quoniam
2625 5233 2727 5287 etsi
2775 5235 3101 5289 exercitium
3137 5236 3195 5289 in
3225 5251 3290 5288 eo
3333 5250 3454 5288 esse
3505 5229 3686 5302 potest:

2108 5321 2323 5376 fructus
2353 5321 2740 5392 intelligentiae
2769 5324 2955 5377 nescio
2985 5324 3031 5377 si
3055 5325 3203 5378 ullus
3232 5341 3350 5378 esse
3381 5321 3574 5393 possit.

2184 5412 2307 5472 Hoc,
2329 5411 2530 5482 inquit,
2556 5429 2726 5479 genus
2759 5430 2869 5466 non
2899 5417 3122 5482 ejicitur
3153 5417 3266 5466 nisi
3289 5413 3689 5481 perorationem

2107 5503 2156 5551 et
2177 5502 2486 5566 jejunium.
2507 5501 2653 5571 Ergo
2675 5501 2810 5555 dum
2832 5503 2993 5556 docet
3012 5501 3213 5573 quibus
3237 5500 3413 5555 modis
3439 5493 3693 5569 nequissi-

2108 5603 2232 5643 mus
2259 5587 2476 5644 daemon
2500 5592 2679 5662 possit
2697 5591 2917 5663 expelli,
2937 5607 3134 5647 omnes
3154 5589 3400 5647 instituit
3421 5589 3492 5643 ad
3513 5587 3686 5642 vitam.

3820 611 3821 658 1

3819 659 3821 728 1

3820 825 3821 864 1

3820 881 3821 956 1

3820 1019 3821 1062 1
