3888 6172
163 317 267 376 597

851 319 1231 376 EXPOSITIO
1272 323 1350 378 IN
1388 321 1840 381 MA'I'I‘HIEUM.
1877 351 1940 364 --
1969 321 2105 377 LIB.
2153 319 2301 387 VIII,
2346 320 2502 375 CAP.
2547 321 2719 378 XVII.

3321 328 3424 386 598

162 444 319 499 Unde
363 445 433 499 de
471 443 777 510 monachis,
829 445 923 516 qui
966 444 1368 504 abrenuntiant
1411 451 1633 508 saeculo,
1680 451 1743 505 In
1761 446 1960 513 Aboli,
1991 446 2193 502 deinde
2222 445 2292 501 ab
2323 446 2442 517 ipso
2473 447 2790 504 adversario
2820 449 3080 508 universa
3109 453 3424 512 substantia

161 532 312 590 locis.
335 533 518 604 inquit
535 533 804 588 canonica
817 535 1138 600 auctoritas,
1157 536 1214 590 in
1234 537 1435 607 quibus
1463 539 1746 594 abrenun-

162 621 460 683 tiaverunt,
491 622 725 692 jejuniis
755 628 810 676 et
833 623 1180 678 orationibus
1194 627 1438 680 serviant
1460 627 1696 682 Domino
1731 647 1742 681 :

159 710 418 781 quoniam
453 716 503 776 α
526 716 641 775 Ιθ
667 711 726 765 in
754 711 842 766 his
870 711 1088 766 duobus
1117 714 1306 769 anima
1333 721 1386 769 et
1421 733 1623 786 corpus
1644 717 1748 770 Do-

158 799 304 853 mino
325 800 812 865 commendantur,
837 805 893 854 et
907 800 976 854 ab
991 803 1145 856 omni
1163 803 1485 873 integritate
1502 805 1746 859 hominis

159 887 406 942 diabolus
425 889 855 949 excluditur.ita
883 894 947 944 ut
977 906 1079 945 nec
1107 891 1165 945 in
1193 893 1380 947 animo
1400 893 1577 964 possit
1594 900 1745 948 astu-

158 977 234 1031 tia
246 976 476 1040 diaboli,
503 993 614 1048 quo
628 977 816 1048 vigent
836 979 1135 1043 orationes,
1163 996 1265 1034 nec
1282 982 1341 1036 in
1357 998 1546 1047 carne,
1574 999 1743 1053 quam

153 1063 364 1135 jejunia
392 1065 692 1135 castigant,
714 1065 868 1120 fraus
894 1067 1125 1122 inimici.
1140 1068 1284 1132 Quia
1301 1069 1380 1124 sic
1399 1069 1611 1124 dictum
1635 1076 1739 1136 est,

156 1153 254 1207 hoc
277 1169 480 1222 genus,
516 1169 642 1208 cum
685 1154 784 1218 ait,
815 1159 879 1209 ut
918 1162 1018 1210 aut
1055 1157 1336 1212 lunaticus
1366 1164 1610 1224 tantum,
1645 1164 1745 1214 aut

157 1257 314 1296 omne
341 1257 525 1312 genus
553 1243 888 1310 demonum,
915 1244 972 1299 in
1003 1245 1090 1300 his
1117 1247 1337 1301 vincere
1359 1248 1741 1318 posseintelli-

152 1347 262 1401 gas.
297 1330 445 1394 Quia
481 1331 629 1387 sicut
666 1332 810 1388 valet
837 1334 1017 1389 oratio
1045 1340 1238 1389 contra
1267 1336 1402 1390 vitia
1430 1337 1651 1402 animae,
1687 1345 1744 1391 et

154 1419 216 1472 ad
227 1435 458 1474 carnem
478 1436 657 1492 usque
676 1422 966 1493 pertingit,
987 1423 1066 1477 sic
1072 1424 1290 1494 jejunia
1308 1425 1378 1480 ad
1394 1426 1579 1480 carnis
1608 1426 1743 1480 vitia

153 1508 528 1580 reprimenda,
560 1515 618 1564 et
645 1511 717 1564 ad
746 1511 946 1566 animae
976 1529 1154 1584 usque
1182 1514 1518 1570 munditiam
1543 1532 1738 1586 perve-

150 1598 263 1652 nire
281 1598 576 1653 festinant.

214 1688 678 1742 Conversantibus
703 1692 818 1744 illis
848 1693 911 1743 in
941 1690 1167 1745 Gatilz-a
1186 1693 1330 1744 dixit
1353 1695 1505 1746 Jesus
1529 1712 1544 1746 :
1564 1695 1738 1748 Filius

1831 541 1889 590 et
1912 535 2059 590 bona
2081 535 2258 607 ipsius
2287 535 2494 590 tradita
2513 544 2646 591 sunt
2675 539 2863 593 omnia
2891 539 2947 594 in
2977 558 3181 598 manus
3205 546 3420 614 praedo-

1830 641 1965 678 num
2006 624 2100 694 qui
2147 641 2212 677 ea
2254 624 2579 695 diriperent,
2621 634 2848 698 accepta
2888 629 3043 699 prius
3081 637 3357 702 potestate
3388 651 3422 688 a

1829 711 1950 766 Deo
1987 726 1998 758 ε
2029 713 2109 766 sic
2139 719 2196 766 et
2224 713 2411 783 aliqua
2442 715 2584 767 forte
2613 715 2848 769 dicimus
2887 719 3231 788 operatione,
3266 722 3422 792 prin-

1827 817 1956 872 ceps
1985 801 2276 871 potestatis
2323 801 2467 855 aeris
2510 803 2698 873 hujus,
2751 806 2848 874 qui
2885 814 3152 877 operatur
3202 810 3260 864 in
3289 811 3422 866 filiis

1827 889 2170 953 diffidentiae,
2203 890 2474 944 traditum
2504 891 2607 944 sibi
2630 909 2663 945 a
2684 893 2798 946 Deo
2811 895 2977 948 Patre
2989 897 3419 968 accipiens,tra-

1826 977 1970 1032 didit
1997 994 2125 1032 eum
2155 977 2213 1031 in
2237 995 2436 1032 manus
2465 979 2778 1047 hominum,
2810 982 2868 1036 in
2896 983 3097 1054 quibus
3145 992 3204 1040 et
3244 987 3419 1043 Judas

1825 1073 1966 1132 erat,
2000 1067 2058 1120 in
2101 1083 2266 1138 quem
2311 1072 2436 1138 post
2477 1085 2678 1138 panem
2723 1077 2977 1126 sanctum
3018 1073 3304 1144 ingressus
3336 1083 3424 1131 est

1827 1157 2082 1212 Satanas.
2117 1156 2422 1210 Considera
2445 1162 2656 1224 tamen,
2686 1160 2818 1229 quia
2841 1161 3005 1215 aliter
3035 1179 3160 1216 eum
3183 1165 3421 1219 tradidit

1825 1245 1974 1300 Deus
1993 1246 2286 1310 Pater,aut
2304 1244 2423 1316 ipse
2443 1262 2501 1300 se
2518 1246 2693 1300 Filius
2715 1254 2941 1318 propter
2958 1249 3419 1321 benignissimam

1825 1333 2264 1389 misericordiam
2297 1351 2476 1400 suam,
2511 1339 2574 1388 ut
2602 1336 2844 1390 salvaret
2871 1355 3048 1408 genus
3082 1340 3413 1400 humanum.

1823 1423 2002 1476 Aliter
2017 1423 2311 1476 contrariae
2328 1429 2652 1494 potestates,
2675 1429 2951 1495 potestate
2974 1433 3225 1498 accepta,
3247 1430 3420 1484 tradi-

1823 1513 2028 1566 derunt
2043 1511 2344 1566 Dominum
2364 1511 2423 1566 in
2439 1528 2638 1566 manus
2654 1512 2967 1579 hominum,
2985 1531 3095 1568 non
3119 1533 3217 1586 pro
3235 1517 3417 1572 salute

1821 1600 2156 1671 aliquorum,
2190 1601 2287 1655 sed
2312 1607 2585 1671 quantum
2611 1601 2683 1655 ad
2710 1618 2790 1666 se,
2823 1602 2956 1673 quia
2983 1603 3302 1659 nescierunt
3321 1623 3414 1660 sa-

1820 1689 2091 1760 pientiam
2113 1690 2213 1744 Dei
2235 1689 2616 1756 absconditam
2639 1690 2698 1744 in
2721 1691 3008 1761 mysterio.
3041 1693 3419 1750 Tradiderunt

149 1776 385 1830 hominis
406 1779 712 1831 tradendus
725 1784 799 1832 est
817 1781 880 1832 in
896 1795 1095 1832 manus
1110 1780 1420 1847 hominum,
1438 1787 1485 1835 et
1497 1784 1736 1836 occident
1759 1764 1806 1824 Β
1823 1794 1972 1843 eum,
2005 1794 2114 1831 non
2141 1784 2204 1832 ut
2233 1779 2350 1848 ipse
2379 1779 2669 1832 moriendo
2697 1785 2935 1834 mortem
2962 1781 3282 1851 perimeret,
3318 1785 3416 1839 sed

147 1879 280 1928 eum,
300 1870 351 1917 et
385 1865 478 1918 die
505 1869 673 1919 tertia
701 1871 964 1933 resurget.
989 1867 1054 1920 Et
1079 1870 1394 1922 contristati
1409 1875 1541 1923 sunt
1558 1871 1732 1924 valde.

147 1953 412 2024 Magister
429 1953 669 2008 eximius
685 1959 747 2008 ut
767 1953 1312 2010 introducatanimos
1333 1957 1735 2028 discipulorum

148 2043 418 2112 paulatim
451 2043 524 2096 ad
551 2043 716 2096 fidem
739 2061 752 2109 ;
784 2060 1006 2115 semper
1035 2045 1313 2116 prosperis
1330 2063 1394 2099 ac
1410 2036 1627 2101 blandis
1641 2048 1737 2101 tri-

146 2131 244 2185 stia
269 2131 498 2201 miyet,
531 2136 588 2186 et
616 2132 897 2186 miraculis
926 2134 1209 2187 contraria
1237 2135 1430 2199 sociat,
1464 2141 1528 2189 ut
1561 2136 1738 2190 elevet

146 2221 348 2276 animos
380 2221 459 2275 ad
491 2220 698 2287 divina,
714 2228 770 2275 et
787 2228 1065 2293 praeparet
1087 2239 1181 2276 eos
1211 2229 1404 2277 contra
1429 2224 1619 2278 omnia
1636 2225 1736 2279 ad-

146 2326 307 2370 versa.
338 2316 412 2365 ut
444 2326 570 2365 cum
621 2318 850 2382 repente
898 2312 1171 2374 venerint,
1221 2329 1331 2366 non
1362 2319 1731 2383 perterreant.

147 2398 268 2452 Inde
283 2406 371 2453 est
390 2415 532 2469 ergo
553 2399 700 2470 quod
721 2404 844 2470 post
864 2401 1027 2454 fidem
1053 2401 1202 2455 Petri
1223 2402 1505 2456 contraria
1525 2403 1738 2457 denun-

146 2487 264 2554 tiat;
287 2488 429 2541 inde
458 2488 607 2558 quod
637 2504 785 2543 nunc
814 2495 940 2559 post
960 2490 1416 2544 clarificationem
1432 2491 1491 2545 in
1523 2498 1733 2557 monte,

144 2581 256 2646 post
284 2577 628 2630 miraculum
659 2593 848 2632 coram
877 2578 1135 2633 omnibus
1186 2579 1514 2646 exhibitum,
1541 2597 1734 2635 rursus

144 2665 454 2729 denuntiat,
483 2666 632 2736 quod
665 2667 977 2721 tradendus
1002 2669 1077 2722 sit
1125 2668 1272 2722 filius
1311 2669 1574 2735 hominis,
1623 2675 1727 2724 etc.

146 2751 275 2815 Quia
301 2754 358 2808 in
397 2755 508 2808 hoc
527 2754 747 2809 laborat
766 2761 829 2809 ut
847 2772 1004 2826 aeque
1028 2772 1159 2811 eum
1188 2757 1508 2827 intelligant
1526 2758 1731 2813 Filium

143 2841 230 2896 Dei
249 2849 429 2915 atque
447 2841 653 2898 Filium
675 2844 937 2910 hominis,
957 2861 1131 2900 unum
1148 2851 1339 2900 tamen
1359 2847 1731 2918 eumdemque

142 2931 442 2987 Christum.
470 2932 708 2988 Videtur
734 2939 923 2988 autem
951 2935 1146 2989 eadem
1175 2942 1430 3006 repetere
1453 2936 1522 2990 de
1551 2943 1730 2992 morte

141 3037 247 3085 sua,
273 3039 402 3092 quae
436 3038 608 3092 supra
634 3022 886 3090 dixerat;
920 3023 1016 3077 sed
1041 3040 1154 3078 non
1184 3030 1271 3078 est
1297 3024 1377 3078 ita
1405 3041 1504 3096 per
1518 3026 1724 3092 omnia,

1819 1873 1883 1921 ut
1905 1883 2034 1920 eum
2057 1866 2288 1920 inimica
2308 1883 2458 1920 mors
2479 1868 2600 1936 ejus
2621 1866 3039 1938 subjiceretsibi
3061 1871 3208 1926 sicut
3219 1889 3416 1928 omnes

1818 1954 2075 2008 homines
2106 1951 2204 2024 qui
2232 1953 2618 2008 moriebantur
2639 1954 2697 2008 in
2727 1957 2926 2022 Adam,
2949 1974 3048 2027 per
3064 1975 3230 2029 quem
3265 1976 3417 2014 mors

1819 2043 2073 2097 introivit
2103 2043 2159 2096 in
2190 2042 2381 2096 orbem
2412 2049 2711 2096 terrarum.
2737 2043 3009 2098 Similiter
3028 2051 3084 2100 et
3107 2046 3188 2099 illi
3217 2063 3411 2102 omnes

1818 2133 1913 2202 qui
1944 2132 2231 2186 Christum
2261 2131 2602 2197 occiderunt,
2621 2131 2822 2202 quibus
2850 2133 3093 2188 traditus
3119 2141 3206 2189 est
3225 2153 3260 2189 a
3287 2137 3409 2190 dia-

1820 2221 1964 2286 bolo,
1991 2238 2056 2276 eo
2087 2221 2234 2291 quod
2267 2225 2428 2275 erant
2449 2220 2698 2275 membra
2719 2221 2947 2287 diaboli,
2974 2239 3084 2277 non
3105 2225 3414 2280 secundum

1818 2311 2163 2365 voluntatem
2194 2310 2315 2369 Dei.
2341 2311 2462 2380 jam
2493 2326 2527 2363 a
2556 2311 2670 2364 Deo
2695 2310 3144 2381 praeordinatam,
3179 2313 3237 2367 id
3266 2315 3413 2369 fece-

1818 2406 1969 2464 runt,
2004 2400 2099 2453 sed
2121 2399 2428 2454 secundum
2460 2400 2803 2454 voluntatem
2832 2407 3172 2470 potestatum
3202 2404 3297 2474 qui
3328 2404 3415 2458 Fi-

1818 2489 1956 2543 lium
1987 2489 2085 2542 Dei
2115 2487 2374 2542 volebant
2402 2488 2687 2542 subditum
2713 2489 2882 2543 morti
2913 2491 3053 2544 fieri.
3085 2492 3288 2547 Verum
3315 2493 3414 2564 igi-

1816 2584 1913 2631 tur
1942 2577 2089 2648 quod
2119 2594 2232 2631 non
2263 2577 2332 2631 ab
2361 2577 2681 2631 hominibus
2712 2579 2956 2633 traditus
2987 2586 3071 2634 est
3119 2581 3178 2634 in
3212 2599 3414 2637 manus

1817 2667 2128 2732 hominum,
2161 2666 2256 2720 sed
2287 2683 2321 2720 a
2349 2665 2720 2737 potestatibus
2751 2666 2953 2737 quibus
2975 2685 3103 2722 eum
3133 2686 3233 2740 pro
3251 2669 3410 2724 nobis

1814 2755 2075 2811 omnibus
2105 2754 2339 2809 tradidit
2357 2755 2545 2820 Pater,
2570 2755 2701 2808 utin
2722 2771 2788 2809 eo
2817 2756 2963 2826 quod
2987 2757 3246 2822 traditur,
3263 2764 3319 2812 et
3348 2759 3412 2814 fit

1813 2845 1917 2900 sub
1951 2862 2015 2899 eo
2037 2845 2128 2899 cui
2153 2845 2413 2912 traditur,
2449 2835 2705 2898 destruat
2733 2861 2864 2899 eum
2890 2845 2984 2916 qui
3016 2846 3213 2900 mortis
3235 2846 3410 2902 habe-

1813 2934 1911 2988 bat
1932 2934 2251 3006 imperium.
2273 2933 2401 2988 Non
2422 2933 2585 2988 istius
2597 2933 2793 2988 mortis
2814 2934 2937 2988 dico
2958 2933 3279 3005 imperium,
3299 2953 3411 3007 qua

1814 3023 2087 3078 morimur
2106 3040 2300 3078 omnes
2321 3023 2378 3077 in
2396 3038 2694 3077 commune
2712 3023 3017 3077 secundum
3043 3039 3293 3091 carnem,
3313 3026 3411 3080 sed

143 3111 394 3178 quoniam
438 3111 604 3180 longe
633 3111 786 3165 aliud
823 3118 910 3166 est
945 3113 1239 3167 ostendere
1285 3113 1570 3184 discipulis
1599 3116 1792 3186 quiaC
1816 3113 2014 3166 mortis
2044 3112 2194 3166 illius
2243 3129 2364 3182 quae
2404 3111 2688 3166 contraria
2729 3115 2811 3166 est
2852 3117 2906 3166 et
2947 3111 3174 3166 inimica
3221 3112 3273 3167 ei
3313 3115 3409 3185 qui

141 3204 343 3269 oportet
368 3200 540 3254 illum
562 3199 644 3253 ire
667 3199 724 3254 in
743 3201 1074 3265 Jerusalem,
1099 3207 1156 3255 et
1175 3205 1354 3256 multa
1375 3204 1492 3274 pati
1511 3209 1567 3257 et
1585 3205 1729 3259 occi-

139 3285 209 3350 di,
244 3295 297 3341 et
314 3288 473 3342 aliud
506 3304 633 3342 cum
662 3295 809 3342 esset
845 3289 902 3342 in
933 3290 1178 3349 Galilzea.
1207 3291 1355 3361 quod
1387 3309 1499 3346 non
1531 3293 1730 3347 didici-

139 3390 253 3430 mus
287 3393 485 3448 supra.
515 3377 790 3431 Futurum
825 3386 929 3441 est,
963 3379 1161 3449 inquit,
1191 3385 1252 3433 ut
1281 3380 1455 3434 Filius
1485 3381 1727 3436 hominis

139 3465 380 3520 tradatur
404 3467 467 3520 in
494 3482 696 3520 manus
725 3467 1014 3520 hominum
1041 3487 1053 3533 ;
1089 3469 1341 3538 quamvis
1367 3469 1581 3539 reliqua
1611 3487 1728 3523 om-

138 3553 220 3606 nia
243 3554 511 3609 similiter
539 3555 713 3612 dicat.
744 3555 886 3619 Quia
914 3557 982 3609 de
1013 3561 1193 3610 monte
1221 3557 1340 3626 ejus
1367 3573 1533 3612 omne
1562 3575 1724 3612 scan-

139 3642 308 3698 dalum
339 3646 605 3699 futurum
638 3650 777 3709 erat,
795 3645 920 3698 ideo
938 3645 1222 3699 multoties
1241 3645 1437 3700 eadem
1469 3648 1720 3718 replicat,

138 3735 186 3783 et
208 3731 543 3787 intromittit
571 3733 839 3803 paulatim
872 3749 936 3788 ea
963 3751 1084 3804 quae
1117 3735 1366 3788 nondum
1390 3735 1627 3800 dixerat,
1662 3742 1724 3790 ut

137 3835 218 3873 eos
244 3822 311 3876 ad
360 3821 540 3876 fidem
582 3821 919 3876 introducat.
966 3823 1321 3877 Tradendum
1366 3840 1514 3890 eum,
1555 3841 1721 3896 supe-

137 3908 238 3962 rius
265 3917 350 3965 est
377 3910 601 3964 dictum
627 3929 639 3977 ;
672 3911 760 3964 hic
791 3917 980 3965 autem
1010 3928 1124 3966 non
1152 3913 1332 3966 solum
1357 3913 1715 3979 tradendum,

135 3998 220 4051 sed
246 3999 420 4054 etiam
454 3999 514 4053 in
542 4015 740 4054 manus
770 4000 1058 4054 hominum
1081 4017 1200 4055 esse
1231 4001 1721 4056 tradendum.lllic

135 4084 303 4158 itaque
333 4088 645 4143 didicimus
674 4105 707 4142 a
747 4089 949 4160 quibus
981 4090 1242 4160 patietur,
1285 4096 1342 4144 et
1371 4091 1426 4144 in
1460 4108 1570 4162 quo
1599 4092 1720 4146 loco

134 4177 363 4244 patietur
386 4197 400 4245 ;
443 4177 538 4231 hic
564 4183 753 4231 autem
776 4177 1062 4244 discimus,
1083 4180 1230 4249 quod
1248 4180 1427 4234 multa
1449 4197 1718 4250 passurus

133 4264 249 4318 sita
273 4266 637 4338 supradictis,
671 4283 784 4320 non
813 4267 948 4338 ipsis
964 4273 1152 4321 tamen
1167 4285 1392 4322 causam
1416 4270 1717 4339 praebenti-

134 4350 236 4418 bus,
269 4362 332 4410 ut
360 4355 549 4409 multa
577 4355 844 4426 patiatur,
888 4357 1150 4426 quoniam
1184 4357 1303 4427 ipse
1331 4357 1413 4411 vel
1445 4357 1554 4428 ipsi
1583 4375 1717 4412 cau-

1815 3201 1980 3255 dixit:
2006 3203 2114 3268 Ego
2141 3218 2265 3254 sum
2295 3205 2428 3254 vita.
2459 3200 2524 3254 Et
2547 3203 3020 3266 oontristatisunt,
3039 3201 3411 3272 inquit,disci-

1807 3293 1935 3358 puti
1961 3291 2302 3344 vehementer
2318 3291 2626 3354 (Joan.x1v,
2659 3288 2736 3355 6).
2776 3290 2910 3354 Quae
2940 3290 3211 3345 nimirum
3235 3292 3410 3347 tristi-

1810 3378 1890 3432 tia
1934 3395 2046 3432 non
2083 3379 2152 3432 de
2197 3379 2528 3433 infidelitate
2579 3379 2746 3444 venit,
2806 3379 2934 3434 licet
2981 3381 3165 3435 adhuc
3227 3381 3410 3452 ignari

1810 3474 2015 3533 essent,
2050 3473 2106 3521 et
2161 3467 2444 3521 nescirent
2471 3473 2824 3521 sacramenta
2862 3468 2984 3533 Dei,
3022 3470 3120 3523 sed
3165 3471 3234 3524 de
3265 3471 3408 3525 dile-

1809 3557 1991 3610 ctione
2020 3556 2098 3627 pii
2129 3556 2404 3625 Magistri.
2437 3555 2700 3626 Alioquin
2738 3556 2991 3611 sciebant
3020 3559 3246 3612 Petrum
3293 3576 3410 3614 cor-

1809 3651 2024 3699 rectum
2055 3645 2248 3710 fuisse,
2280 3661 2452 3717 quare
2481 3662 2594 3699 non
2619 3652 2840 3716 saperet
2875 3663 2937 3699 ea
2980 3664 3097 3716 quae
3126 3650 3224 3702 Dei
3249 3655 3401 3716 sunt,

1805 3736 1898 3788 sed
1919 3739 2090 3799 σπι
2131 3750 2250 3802 qua
2276 3735 2568 3787 hominum
2601 3735 2812 3801 (Matth.
2836 3749 2945 3800 va,
2977 3734 3087 3803 23).
3118 3736 3274 3790 Unde
3302 3753 3403 3791 nec

1805 3823 2008 3877 Petrus
2033 3824 2152 3894 jam
2184 3822 2489 3893 quidquam
2511 3821 2818 3892 respondit,
2844 3839 2944 3876 nec
2969 3823 3153 3878 caeteri
3187 3824 3401 3894 aliquid

1806 3913 2020 3978 dicunt,
2066 3912 2163 3966 sed
2215 3911 2563 3965 solummodo
2593 3910 2999 3966 contristantur
3040 3912 3401 3968 vehementer

1804 4018 1904 4073 pro
1925 4001 2125 4056 affectu
2151 4001 2273 4070 ejus
2293 3999 2500 4053 amoris
2526 4018 2538 4066 ;
2572 4016 2672 4053 nec
2690 3999 2826 4054 satis
2847 4001 3042 4072 utique
3061 4001 3398 4072 sapiuntaut

1802 4090 2115 4159 recogitant
2133 4089 2266 4142 illud
2292 4088 2439 4158 quod
2458 4088 2562 4142 ait:
2589 4089 2654 4142 Et
2685 4091 2850 4142 tertia
2870 4091 2957 4143 die
2973 4096 3237 4158 resurget.
3257 4091 3401 4156 Quia

1802 4195 1914 4232 non
1930 4183 2089 4232 tanta
2107 4178 2176 4232 de
2194 4183 2373 4232 morte
2391 4177 2661 4232 debuerat
2681 4178 2902 4232 evenire
2917 4178 3163 4245 tristitia,
3181 4187 3396 4250 quanta

1801 4268 1869 4322 de
1899 4267 2308 4321 resurrectione
2339 4268 2462 4337 ejus
2492 4265 2803 4321 debuerant
2838 4284 2959 4322 esse
3003 4269 3232 4338 gaudia.
3280 4271 3395 4326 Nec

1799 4356 1974 4427 igitur
2003 4355 2432 4410 considerabant
2446 4363 2658 4427 quanta
2687 4362 2836 4410 esset
2863 4358 2986 4427 ejus
3005 4359 3275 4428 potentia,
3304 4361 3394 4416 cui

132 4443 531 4514 sampassionis
549 4445 674 4513 ejus
694 4445 1338 4515 praestiterunt,quieum
1357 4447 1716 4502 tradiderunt
1735 4431 1868 4500 Dad
1897 4446 2295 4500 destruendam
2326 4451 2564 4500 mortem
2605 4445 2823 4500 dierum
2863 4447 3034 4500 trium
3077 4448 3390 4504 sufficiebat

131 4528 178 4583 in
200 4548 398 4588 manus
425 4533 742 4587 hominum.
770 4533 878 4588 Sed
902 4550 974 4587 ne
999 4534 1140 4587 forte
1168 4535 1195 4588 J
1205 4535 1368 4588 udam
1398 4551 1529 4589 eum
1557 4537 1712 4590 dica-

131 4633 238 4673 mus
262 4621 572 4676 tradidisse
597 4621 656 4675 in
684 4638 882 4676 manus
914 4623 1226 4688 hominum,
1275 4630 1332 4677 et
1363 4624 1482 4694 ipse
1515 4624 1711 4695 utique

129 4705 277 4763 homo
297 4710 434 4773 fuit,
457 4710 516 4764 in
535 4711 698 4780 cujus
710 4709 974 4764 nimirum
998 4727 1195 4764 manus
1211 4711 1395 4766 nescio
1416 4730 1449 4765 a
1470 4729 1580 4782 quo
1601 4714 1711 4767 alio

128 4799 350 4854 traditus
368 4805 425 4865 α
436 4805 564 4864 20
574 4798 996 4853 fuit.Traditum
1008 4800 1178 4870 igitur
1188 4801 1393 4854 Filium
1409 4803 1710 4872 Apostolus

127 4894 304 4942 narrat
322 4906 358 4942 a
379 4889 498 4944 Deo
525 4888 707 4954 Patre,
731 4889 812 4942 ita
823 4888 1012 4943 dicens
1037 4903 1046 4936 :
1074 4891 1180 4956 Qui
1201 4894 1425 4959 proprio
1452 4893 1533 4945 Fit
1541 4894 1590 4944 io
1613 4909 1710 4946 suo

129 4991 224 5030 non
243 4982 510 5048 pepercit,
546 4979 640 5032 sed
677 4994 779 5046 pro
819 4981 970 5032 nobis
1017 4981 1275 5032 omnibus
1316 4982 1553 5034 tradidit
1583 4998 1709 5034 eum

127 5065 284 5131 (Rom.
318 5081 440 5130 vm,
475 5065 584 5129 3'2).
606 5067 752 5131 Quid
773 5074 936 5138 putas
955 5068 1044 5122 cui
1065 5068 1300 5122 tradidit
1317 5070 1483 5122 eum?
1505 5070 1708 5124 Utrum

126 5156 352 5221 primum
389 5156 634 5228 principi
663 5157 832 5226 hujus
864 5157 1069 5220 saeculi,
1115 5157 1210 5227 qui
1250 5157 1482 5212 immisit
1525 5158 1582 5212 in
1615 5175 1710 5212 cor

128 5242 263 5299 Iudae
290 5253 358 5300 ut
389 5246 644 5300 traderet
673 5261 820 5312 eum,
853 5245 988 5300 etin
1017 5245 1224 5300 Iudaeis
1245 5253 1309 5300 ut
1333 5262 1467 5300 eum
1497 5247 1708 5300 occide-

126 5341 251 5397 rent,
275 5352 349 5389 an
373 5335 588 5389 eisdem
610 5334 817 5389 Iudaeis
841 5335 990 5389 Deus
1017 5336 1184 5389 Pater
1203 5352 1330 5389 eum
1349 5335 1599 5401 tradidit,
1627 5337 1708 5390 vel

128 5419 228 5489 ipse
242 5424 425 5478 Filius
454 5441 512 5478 se
544 5423 777 5478 tradidit
799 5423 1139 5478 oblationem
1165 5425 1279 5479 Deo
1301 5425 1454 5479 Patri
1485 5425 1541 5478 in
1573 5425 1707 5479 odo-

127 5526 229 5565 rem
247 5513 588 5568 suavitatis?
609 5514 751 5568 Nam
774 5519 829 5568 et
850 5513 972 5579 Job,
992 5521 1050 5568 et
1073 5514 1332 5568 universa
1351 5531 1474 5585 quae
1505 5513 1709 5569 habere

129 5602 309 5669 potuit,
338 5602 589 5674 primum
627 5603 832 5658 tradita
861 5607 996 5658 sunt
1013 5619 1048 5658 a
1067 5603 1184 5659 Deo
1215 5603 1272 5658 in
1293 5609 1568 5675 potestate
1596 5603 1712 5658 dia-

1796 4541 2020 4605 tempus
2035 4579 2047 4590 .

1869 4624 2005 4677 Cum
2017 4626 2284 4676 ven-issent
2299 4628 2485 4676 autem
2502 4623 2914 4691 Capharnaum,
2935 4633 3276 4681 accesserunt
3293 4631 3394 4698 qui

1796 4713 2092 4778 didragma
2121 4713 2460 4780 accipiebant
2481 4712 2554 4763 ad
2582 4713 2805 4764 Petrum
2827 4717 2875 4765 et
2895 4713 3159 4768 dixerunt
3188 4719 3257 4769 ei.
3275 4719 3391 4771 Μα-

1792 4805 1961 4870 gister
1980 4807 2149 4855 vester
2161 4818 2272 4854 non
2281 4803 2442 4855 solvit
2462 4802 2760 4869 didragma
2773 4808 2796 4855 Ρ
2823 4803 2954 4856 Haec
2971 4805 3250 4860 sententia
3270 4806 3389 4862 sive

1794 4891 2190 4960 interrogative
2212 4891 2451 4960 legatur,
2471 4890 2592 4944 sine
2607 4891 3039 4961 pronuntiative,
3068 4910 3242 4948 unum
3264 4903 3381 4964 est;

1794 4980 1925 5051 quia
1950 4981 2214 5034 insidiose
2244 4979 2431 5044 fiebat,
2467 4985 2530 5034 ut
2556 4996 2683 5034 eum
2715 4987 2943 5050 possent
2969 4984 3385 5052 capereJudaais

1792 5069 2207 5124 insidiantibus.
2243 5070 2386 5123 Nam
2426 5074 2621 5123 notum
2649 5073 2736 5122 est
2772 5069 3049 5136 omnibus,
3083 5073 3231 5142 quod
3263 5079 3388 5143 post

1790 5160 2105 5228 Augustum
2135 5160 2428 5224 Caesarem,
2463 5157 2656 5212 Judzea
2702 5158 2848 5212 facta
2875 5159 2950 5213 sit
2977 5159 3295 5223 tributaria,
3327 5166 3384 5216 et

1791 5263 1983 5301 omnes
2013 5264 2181 5301 censu
2210 5247 2408 5318 capitis
2453 5246 2790 5301 tenebantur
2835 5247 3095 5302 devincti.
3139 5248 3296 5303 Unde
3324 5255 3383 5305 et

1791 5337 1995 5407 Ioseph
2015 5354 2141 5391 cum
2163 5337 2338 5391 Maria
2367 5342 2604 5406 cognata
2618 5355 2738 5393 sua.
2764 5343 2822 5391 et
2838 5338 3073 5408 conjuge
3103 5338 3384 5409 profectus

1791 5431 1876 5480 est
1923 5426 1980 5479 in
2017 5425 2324 5480 Bethleem.
2368 5427 2531 5491 Hinc,
2581 5427 2847 5497 quoniam
2885 5429 3132 5483 nutritus
3181 5429 3383 5484 eratin

1790 5515 2087 5577 Nazareth,
2118 5515 2264 5586 quod
2295 5521 2381 5569 est
2407 5515 2672 5587 oppidum
2707 5517 2948 5571 Galileeae
2987 5518 3380 5589 Capharnaum

1791 5603 1920 5658 urbi
1939 5603 2251 5676 subjacens,
2277 5612 2646 5676 reposcuntur
2665 5605 2736 5658 ab
2766 5621 2831 5658 eo
2846 5604 3053 5659 tributa
3075 5624 3087 5670 ;
3124 5604 3220 5658 sed
3236 5620 3379 5674 prie-
