3888 6172
508 280 611 343 599

1294 282 1351 338 S.
1393 280 1778 340 PASCHASII
1816 279 2179 340 RADBERTI
2218 275 2522 335 ABBATIS
2559 271 3057 331 CORBEIENSIS.

3593 275 3671 335 ὃω

508 410 801 483 signorum
831 409 1225 483 magnitudine
1251 407 1312 464 hi
1341 408 1437 479 qui
1468 408 1763 479 exigebant
1788 409 2104 480 didragma,
2121 410 2171 469 Α
2267 406 2417 459 Tunc
2434 404 2518 456 ait
2546 404 2741 456 Petro:
2781 400 2917 453 Vade
2934 399 3007 451 ad
3026 404 3178 451 mare
3202 402 3249 451 et
3267 400 3406 453 mitte
3420 399 3619 466 hamum,
3636 408 3671 456 et

510 516 625 556 non
654 501 867 556 audent
895 502 1079 572 ipsum
1108 503 1380 571 repetere,
1411 497 1509 551 sed
1540 497 1873 569 discipulum
1901 515 2102 553 conve-

509 589 677 644 niunt
699 588 814 643 sive
841 588 1120 643 malitiose
1151 586 1517 655 interrogant,
1559 589 1751 639 utrum
1780 586 1982 640 reddat
2007 586 2104 641 tri-

510 676 669 742 buta,
694 682 794 732 aut
818 675 1163 731 contradicat
1193 674 1428 729 Caesaris
1456 673 1750 741 voluntati,
1781 690 1852 729 ne
1874 691 2104 731 censum

513 766 727 821 solvere
750 764 901 819 velit.
920 766 1091 819 Juxta
1112 763 1261 834 quod
1293 768 1351 817 et
1377 762 1437 817 in
1456 762 1566 817 alio
1584 763 1706 817 loco
1720 764 2101 835 interrogant:

512 857 658 910 Licet
674 869 897 909 censum
914 854 1046 906 dari
1071 867 1149 906 an
1170 867 1282 907 non
1299 858 1324 905 ?
1350 852 1570 918 (Matth.
1594 866 1723 917 xxn,
1752 851 1857 925 17.)
1887 852 1970 907 Ex
1996 870 2105 926 quo

511 948 689 1014 patet,
717 941 850 1012 quia
865 956 979 995 non
999 940 1144 995 sicut
1171 940 1400 1011 quidam
1430 940 1642 1007 volunt,
1662 941 1731 995 de
1770 958 1940 996 censu
1966 948 2107 997 tem-

516 1030 595 1102 pli
614 1029 716 1085 Dei
738 1034 796 1084 et
821 1028 1017 1084 altaris
1046 1029 1431 1100 accipiendum
1447 1035 1553 1093 est,
1575 1030 1674 1083 sed
1704 1029 1772 1084 de
1794 1047 1963 1086 censu
1993 1032 2108 1087 Cm-

511 1118 674 1182 saris,
698 1118 795 1190 qui
815 1118 895 1173 eis
913 1134 1014 1190 pro
1054 1118 1237 1188 capite
1266 1116 1562 1188 impositus
1584 1124 1723 1173 erat.
1746 1120 1906 1174 Unde
1921 1120 2106 1175 Domi-

512 1222 621 1261 nus
654 1224 666 1260 :
698 1207 935 1271 Reddite,
972 1205 1175 1275 inquit,
1227 1205 1431 1259 Casari
1464 1222 1582 1273 qua:
1618 1212 1751 1260 sunt
1779 1209 2026 1273 Cesaris,
2058 1214 2107 1261 et

513 1311 633 1365 qua;
656 1300 788 1349 sunt
817 1295 932 1357 Dei,
963 1296 1067 1348 Deo
1103 1295 1299 1359 (Marc.
1355 1307 1449 1359 xu,
1481 1292 1589 1363 47).
1636 1296 1702 1349 In
1744 1296 1867 1366 lege
1917 1302 2106 1351 autem

513 1384 682 1438 siclus
711 1382 1015 1437 sanctuarii
1041 1380 1301 1448 dabatur,
1323 1382 1520 1453 viginti
1554 1383 1762 1438 scilicet
1790 1384 1981 1439 obolos
2012 1386 2109 1441 ha-

513 1471 674 1526 bens.
707 1471 812 1525 Hic
850 1475 1041 1525 autem
1078 1470 1371 1542 didragma
1412 1472 1669 1543 exigitur,
1718 1473 1779 1527 in
1833 1490 1944 1545 qua
1987 1481 2110 1530 erat

515 1560 704 1630 imago
742 1559 977 1613 Caesaris
1025 1560 1263 1630 sculpta.
1311 1560 1419 1624 Qui
1461 1561 1709 1632 profecto
1747 1579 1966 1629 census,
2008 1581 2111 1618 nu-

514 1648 720 1703 misma
763 1652 1007 1712 vocatur.
1054 1649 1228 1703 Porro
1266 1649 1563 1720 didragma
1607 1651 1815 1707 dicitur
1850 1668 1915 1707 eo
1960 1654 2105 1725 quod

2185 511 2313 551 eum
2336 496 2538 563 piscem
2567 492 2667 559 qui
2688 491 2853 557 prius
2877 488 3198 550 ascenderit,
3229 490 3360 551 tolle,
3399 504 3483 541 seu
3505 497 3670 544 cetera.

2185 586 2250 640 In
2278 599 2389 654 quo
2410 579 2681 635 miraculo
2694 577 2837 630 mira
2857 575 2958 631 Dei
2987 576 3294 631 declaratur
3310 577 3611 647 priescientia,
3633 584 3674 633 et

2187 672 2333 727 mira
2352 668 2680 740 magnitudo
2692 666 2976 737 potentiae.
2994 665 3237 720 Primum
3246 704 3260 730 ,
3274 666 3406 735 quod
3416 667 3565 736 potuit
3576 683 3677 737 pra-

2188 776 2439 827 noscere,
2468 764 2534 812 ut
2561 757 2729 821 Deus,
2769 756 2977 827 piscem
3008 754 3177 809 talem
3203 760 3500 825 tantumque
3521 771 3615 809 esse
3633 756 3676 811 in

2187 850 2353 915 mari,
2378 854 2436 903 et
2450 846 2598 919 quod
2615 844 3053 917 praecognoverit
3073 848 3325 898 staterem
3344 844 3398 897 in
3409 860 3491 898 ore
3506 843 3674 909 habere,

2188 956 2287 995 seu
2336 937 2470 1009 quia
2510 933 2864 1007 praeparavit,
2924 938 2990 987 ut
3035 932 3153 1003 ipse
3187 932 3388 1003 primus
3420 936 3674 985 occurreret

2188 1028 2348 1083 Unde
2364 1042 2467 1081 nec
2485 1024 2723 1079 dubium
2748 1022 2892 1093 quod
2905 1038 3008 1093 per
3023 1022 3204 1093 ipsum
3222 1026 3386 1075 stater
3402 1021 3453 1075 in
3468 1037 3546 1074 ore
3563 1020 3682 1090 piscis

2187 1123 2410 1172 creatus
2440 1120 2543 1177 est,
2575 1118 2633 1167 et
2653 1112 2803 1183 quod
2831 1112 3084 1166 futurum
3105 1116 3227 1165 erat
3248 1110 3359 1181 ipse
3385 1110 3612 1180 loquendo
3627 1109 3684 1163 le-

2189 1207 2282 1261 cit.
2316 1204 2512 1261 Noluit
2536 1202 2685 1257 enim
2717 1201 2786 1255 de
2821 1201 3016 1255 loculis
3044 1200 3199 1255 Judie
3239 1198 3486 1254 tributum
3512 1198 3684 1261 solvere,

2190 1313 2260 1350 ne
2289 1293 2659 1349 substantiam
2686 1306 3001 1362 pauperum
3027 1290 3086 1344 in
3107 1305 3234 1344 suos
3264 1305 3392 1342 usus
3413 1287 3686 1358 propriosvi-

2189 1386 2421 1439 deretur
2444 1386 2787 1447 convertere,
2820 1379 2917 1434 sed
2945 1380 3016 1433 de
3057 1384 3179 1433 arte
3227 1378 3387 1432 Petri.
3431 1377 3491 1429 Et
3522 1375 3620 1429 ideo
3640 1375 3690 1428 ad

2191 1489 2357 1528 suum
2370 1471 2618 1526 studium
2640 1485 2770 1524 eum
2792 1474 2841 1533 α
2850 1473 2975 1534 ἰθ
2987 1467 3244 1527 remittit,
3257 1474 3320 1520 ut
3329 1471 3381 1519 et
3394 1464 3689 1519 humilitatem

2190 1562 2260 1616 de
2278 1578 2337 1616 se
2353 1559 2629 1624 exhibeat,
2648 1563 2706 1613 et
2724 1557 2781 1611 in
2805 1557 3075 1610 miraculo
3095 1556 3292 1610 altiora
3311 1555 3689 1623 declaretmyste-

2191 1651 2312 1717 ria;
2353 1649 2619 1721 quoniam
2648 1647 2815 1718 piscis
2856 1646 2915 1699 in
2944 1646 3087 1699 mari
3126 1650 3264 1712 erat,
3295 1651 3350 1699 et
3383 1649 3536 1697 stater
3558 1643 3603 1695 in
3625 1658 3690 1694 ore

517 1737 657 1827 duas
685 1737 745 1791 in
771 1752 832 1791 se
862 1736 1067 1827 habeat
1095 1737 1378 1808 dragmas,
1425 1744 1483 1793 et
1526 1745 1661 1795 sunt
1710 1742 1960 1813 scrupuli
1992 1759 2105 1809 sex,
2128 1765 2176 1827 B
2194 1739 2358 1811 piscis
2370 1738 2594 1793 marini.
2613 1736 3013 1827 Quempiscem
3032 1734 3459 1827 videodivinitus
3480 1746 3690 1827 praepara-

516 1825 734 1896 siliquaa
763 1841 894 1880 vero
924 1825 1159 1896 triginta
1186 1831 1245 1881 et
1273 1843 1394 1893 sex;
1443 1827 1644 1899 quibus
1677 1829 1923 1900 profecto
1955 1831 2108 1885 horis

515 1930 619 1986 pro
665 1913 827 1968 nobis
871 1915 1144 1969 Dominus
1187 1916 1247 1970 in
1283 1921 1466 1971 morte
1509 1917 1680 1972 fuisse
1723 1920 1993 1986 creditur,
2047 1924 2113 1975 ut

515 2019 621 2059 nos
649 2019 685 2058 a
712 2003 902 2059 saeculi
938 2020 1110 2059 censu
1137 2004 1441 2061 redimeret
1465 2011 1523 2061 et
1549 2006 1655 2062 sibi
1686 2007 1896 2063 faceret
1923 2009 2109 2064 tribu-

514 2092 711 2148 tarios.

588 2182 657 2236 Et
684 2198 812 2236 cum
841 2183 1102 2237 intrasset
1122 2184 1315 2237 Petrus
1345 2186 1409 2237 in
1427 2186 1673 2251 domum,
1693 2190 1960 2255 praevenit
1985 2203 2111 2242 eum

517 2273 690 2336 Jesus,
714 2273 928 2326 dicens:
952 2273 1095 2339 Quid
1114 2273 1217 2326 tibi
1230 2273 1470 2340 videtur,
1490 2274 1683 2329 Simon
1702 2280 1726 2327 ?
1763 2276 1920 2344 Reges
1953 2281 2112 2330 terra:

516 2375 554 2414 a
576 2362 774 2430 quibus
802 2362 1083 2429 accipiunt
1109 2362 1383 2415 tributum
1404 2366 1488 2419 vel
1508 2379 1748 2429 censum,
1779 2380 1814 2417 a
1834 2367 1969 2433 ﬁliis
1998 2368 2113 2420 suis

518 2464 597 2504 an
616 2451 686 2503 ab
696 2452 899 2504 alienis
915 2455 939 2503 ?
958 2451 1105 2504 Dicit
1123 2452 1175 2503 ei
1191 2451 1384 2504 Petrus
1407 2470 1424 2505 :
1444 2453 1524 2506 Ab
1544 2455 1765 2507 alienis.
1782 2455 1929 2509 Dicit
1947 2457 1999 2508 ei
2023 2458 2115 2509 Je-

518 2553 611 2592 sus
636 2556 649 2591 :
678 2538 822 2606 Ergo
847 2540 1012 2592 liberi
1037 2543 1169 2591 sunt
1197 2540 1325 2605 ﬁlii.
1357 2539 1635 2594 Przevenit
1662 2558 1794 2612 ergo
1827 2543 1991 2597 Jesus
2018 2559 2115 2596 an-

515 2630 747 2697 tequam
777 2631 1041 2696 suggeret
1065 2626 1118 2679 ei
1158 2626 1378 2693 Petrus,
1421 2633 1478 2682 et
1518 2629 1833 2701 interrogat
1869 2649 1991 2702 quae
2020 2632 2114 2686 ab-

517 2720 676 2769 sente
704 2730 766 2769 se
793 2720 954 2784 gesta
982 2714 1068 2768 vel
1096 2714 1246 2769 dicta
1282 2720 1467 2784 ηπ
1486 2724 1638 2784 sunt,
1671 2736 1741 2774 ne
1771 2721 2114 2775 scandaliza-

516 2809 720 2860 ‘rentur
750 2804 988 2875 apostoli
1016 2803 1087 2858 ad
1120 2804 1469 2859 exactionem
1507 2807 1721 2873 tributi,
1761 2814 1827 2862 ut
1866 2826 1992 2863 cum
2033 2810 2114 2864 vi-

519 2892 733 2947 dissent
748 2907 878 2947 eum
907 2907 1072 2946 nosse
1093 2907 1219 2963 qua;
1238 2892 1296 2946 in
1331 2898 1546 2948 secreto
1567 2895 1716 2949 dicta
1744 2902 1895 2961 sunt,
1928 2897 2116 2952 crede-

519 2986 651 3035 rent
673 2997 803 3035 eum
829 2981 1008 3035 Deum
1039 2998 1179 3048 esse,
1215 2986 1273 3036 et
1300 2983 1742 3039 consolarentur.
1776 2987 1855 3039 Ac
1884 2986 1932 3040 si
1962 2987 2112 3041 dice-

2189 1835 2313 1883 tum
2343 1826 2660 1881 ascendisse
2689 1825 2759 1879 ad
2791 1826 3021 1879 hamum
3054 1825 3222 1888 Petri,
3257 1823 3347 1894 qui
3376 1821 3619 1876 hominum
3639 1817 3694 1888 pi-

2191 1922 2376 1972 scator
2404 1916 2588 1972 fuerat
2607 1917 2729 1986 jam
2759 1914 2959 1968 factus.
2992 1913 3153 1968 Unde
3181 1913 3312 1984 quid
3336 1911 3551 1983 primum
3570 1906 3696 1961 admi-

2190 2006 2432 2061 randum
2457 2005 2548 2069 sit,
2577 2003 2929 2075 praescientia
2948 2002 3274 2067 divinitatis,
3296 2018 3366 2055 an
3389 1997 3602 2071 potentia
3616 2010 3695 2048 mar

2189 2095 2412 2167 jestatis
2427 2096 2570 2165 ejus,
2589 2098 2652 2147 ut
2681 2092 2874 2146 statim
2895 2091 3177 2162 loquendo
3196 2089 3430 2145 eﬁ'ecerit
3442 2090 3698 2142 stateresset

2191 2185 2250 2239 in
2280 2201 2376 2239 ore
2400 2183 2566 2255 piscis
2594 2187 2835 2247 creatus,
2870 2197 2982 2235 non
3010 2180 3255 2235 invenio.
3278 2180 3372 2233 Est
3389 2183 3553 2232 autem
3576 2178 3699 2227 stater

2189 2275 2351 2345 juxta
2392 2272 2532 2326 alios
2575 2270 2743 2326 siclus
2789 2269 3115 2335 sanctuarii,
3168 2268 3361 2339 viginti
3398 2261 3701 2321 insehabeus

2195 2363 2386 2418 obolos
2415 2381 2426 2416 :
2456 2362 2553 2416 alii
2575 2360 2939 2415 semiunciam
2971 2376 3101 2415 eum
3126 2374 3249 2414 esse
3276 2357 3475 2421 dicunt,
3491 2365 3701 2425 quemnos

2193 2452 2475 2523 duplicem
2501 2451 2798 2520 didragma
2817 2466 2958 2513 esse,
2974 2450 3424 2520 interpretamur,
3438 2451 3497 2499 ut
3520 2458 3600 2514 pro
3613 2440 3704 2493 due

2194 2541 2299 2595 bus
2329 2541 2583 2595 sufﬁcere
2613 2545 2819 2611 posset.
2854 2540 2963 2594 Sed
2992 2539 3324 2601 notandum,
3364 2534 3500 2607 quod
3534 2547 3624 2586 non
3654 2526 3706 2581 ait

2196 2630 2468 2695 Salvator,
2490 2628 2661 2682 redde
2679 2645 2780 2699 pro
2797 2627 2956 2681 nobis
2980 2646 2991 2680 :
3013 2628 3109 2682 sed
3134 2628 3412 2690 distincte,
3432 2624 3570 2677 redde
3588 2620 3706 2673 illum

2191 2733 2296 2787 pro
2324 2734 2408 2771 me
2446 2722 2495 2771 et
2519 2722 2585 2781 te,
2622 2723 2685 2771 ut
2712 2716 3064 2786 intelligatur
3086 2718 3240 2771 inter
3268 2714 3542 2770 Dominum
3564 2714 3610 2762 et
3625 2721 3709 2761 ser-

2195 2822 2324 2861 vum
2340 2822 2605 2877 magnam
2630 2822 2754 2859 esse
2780 2805 3208 2872 discretionem;
3242 2806 3386 2859 inter
3408 2818 3521 2856 eum
3534 2798 3613 2871 qui
3627 2797 3712 2849 sine

2196 2900 2422 2966 peccato
2453 2900 2593 2961 erat,
2627 2901 2687 2950 et
2714 2895 2863 2949 inter
2891 2911 3019 2949 eum
3043 2895 3137 2966 qui
3160 2894 3356 2949 multis
3383 2888 3615 2947 obnoxius
3627 2888 3713 2938 erat

2196 2984 2454 3056 peccatis.
2486 2984 2603 3039 Nec
2633 2984 2808 3055 igitur
2837 2984 3104 3038 admirari
3152 2984 3364 3055 poterit
3391 2980 3524 3053 quod
3556 2994 3610 3031 ex
3630 2984 3714 3028 tam

518 3073 611 3123 ret
632 3087 645 3123 :
669 3069 784 3139 Ego
807 3069 1114 3124 secundum
1136 3086 1363 3125 carnem
1392 3070 1542 3125 filius
1565 3072 1739 3126 David
1754 3074 1924 3143 regis,
1954 3079 2011 3129 et
2030 3092 2112 3130 se-
2130 3079 2178 3143 C
2196 3073 2548 3129 convenienti
2574 3074 2694 3127 loco
2727 3073 2902 3127 maris
2939 3072 3251 3143 imaginem
3282 3070 3499 3127 Caesaris
3538 3062 3714 3133 accepit:

512 3158 766 3213 cundum
794 3158 1176 3225 Divinitatem,
1206 3159 1381 3214 Filius
1425 3160 1528 3214 Dei
1556 3160 1687 3229 vivi,
1717 3162 1861 3216 liber
1888 3180 2013 3218 sum
2044 3164 2113 3219 ab

521 3247 674 3302 omni
691 3262 880 3313 censu,
895 3247 1057 3317 juxta
1077 3249 1228 3319 leges
1248 3249 1554 3316 humanas;
1603 3255 1660 3303 et
1684 3250 1809 3306 ideo
1838 3253 2114 3308 tributum

520 3338 735 3392 solvere
758 3353 872 3391 non
890 3336 1378 3401 debeo.Quoniam
1399 3338 1458 3392 in
1487 3339 1641 3393 omni
1662 3356 1835 3411 regno
1864 3341 2115 3413 singula-

520 3443 648 3482 rum
689 3426 947 3497 gentium
968 3426 1255 3481 sciendum
1300 3427 1508 3482 liberos
1540 3444 1662 3483 esse
1706 3429 1869 3495 ﬁlios,
1902 3447 1974 3485 ne
2002 3431 2117 3486 sint

520 3515 840 3587 vectigales.
873 3514 1034 3580 Quod
1061 3516 1108 3569 si
1138 3515 1221 3569 ita
1248 3521 1335 3570 est
1355 3515 1413 3570 in
1439 3516 1755 3572 conditione
1779 3519 1962 3573 carnis
2007 3520 2114 3574 hu-

520 3622 721 3671 manae,
755 3605 934 3659 multo
963 3604 1146 3676 magis
1178 3603 1340 3660 liberi
1371 3621 1492 3660 esse
1520 3606 1726 3661 debent
1762 3607 1820 3661 in
1866 3608 2118 3679 quolibet

520 3711 695 3769 regno
720 3699 972 3758 turreno,
1005 3694 1104 3749 ﬁlii
1126 3694 1285 3766 regni
1313 3694 1464 3751 illius
1492 3695 1596 3751 sub
1627 3713 1736 3767 quo
1760 3701 1894 3751 sunt
1929 3698 2119 3753 omnia

519 3802 697 3858 regna
722 3790 969 3840 terrena.
1003 3784 1147 3850 Quia
1170 3784 1424 3841 Christus
1453 3790 1510 3840 et
1528 3786 1767 3857 apostoli
1786 3791 1943 3840 extra
1957 3803 2118 3842 mun-

519 3877 654 3931 dum
676 3880 856 3940 erant,
874 3876 930 3930 in
953 3879 1225 3946 quantum
1250 3874 1402 3929 illius
1423 3874 1663 3929 caelestis
1684 3875 1845 3946 regni
1875 3876 1981 3931 iste
2010 3877 2116 3931 Do-

520 3965 728 4029 minus,
762 3970 820 4019 et
843 3963 926 4018 illi
955 3964 1059 4018 filii
1090 3969 1268 4019 erant.
1295 3964 1404 4019 Sed
1437 3981 1605 4036 quam
1634 3964 1881 4019 infelices
1905 3981 2005 4020 nos
2026 3983 2116 4021 su-

519 4069 670 4119 mus,
691 4052 788 4122 qui
807 4052 1125 4107 Christiano
1146 4069 1443 4108 censemur
1462 4054 1707 4119 nomine,
1729 4070 1856 4109 cum
1884 4054 1978 4109 ille
2016 4072 2116 4126 pro

524 4138 688 4193 nobis
734 4155 957 4193 crucem
1008 4140 1297 4205 sustinuit,
1347 4146 1405 4195 et
1439 4141 1653 4196 tributa
1696 4142 1956 4209 reddidit,
2014 4160 2116 4197 nos

523 4243 655 4282 vero
676 4244 778 4299 pro
808 4228 960 4281 illius
980 4244 1173 4283 amore
1195 4233 1322 4282 vota
1353 4244 1455 4283 nec
1481 4229 1694 4283 tributa
1721 4231 2025 4298 reddimus,
2059 4238 2116 4287 et

2194 3168 2260 3217 ut
2282 3162 2379 3217 det
2401 3179 2527 3216 eam
2557 3179 2658 3233 pro
2681 3179 2741 3216 se
2765 3168 2822 3215 et
2850 3178 2950 3233 pro
2981 3162 3265 3233 discipulo
3299 3177 3415 3223 suo,
3452 3159 3523 3212 ita
3564 3159 3617 3208 ut
3648 3151 3717 3204 de-

2194 3257 2539 3306 monstraret
2560 3268 2620 3306 se
2647 3250 2957 3305 debitorem
2986 3267 3098 3305 non
3129 3267 3259 3305 esse
3287 3249 3438 3320 regni
3464 3242 3656 3303 terreni.
3679 3242 3715 3291 εἰ

2195 3347 2387 3396 tamen
2401 3340 2648 3395 reddidit
2667 3340 2940 3406 debitum,
2960 3340 3057 3411 qui
3075 3355 3191 3393 non
3208 3338 3447 3410 suscepit
3458 3342 3515 3391 ut
3528 3331 3717 3389 deberels

2195 3447 2380 3502 neque
2400 3429 2697 3500 acquisivit
2714 3435 2778 3483 ut
2792 3428 3123 3500 possideret,
3139 3431 3276 3499 quia
3294 3428 3466 3483 noluit
3483 3417 3719 3493 aliquando

2194 3524 2261 3573 ut
2302 3519 2489 3589 imago
2535 3518 2769 3572 Caesaris
2815 3517 2963 3589 apud
3012 3518 3322 3588 imaginem
3362 3510 3623 3571 invisibilis
3650 3503 3721 3560 Dei

2197 3612 2517 3665 versaretur
2543 3606 2603 3660 in
2634 3605 2811 3662 nobis.
2848 3606 3022 3660 Porro
3053 3608 3365 3685 secundum
3408 3601 3636 3675 mysticos
3658 3595 3719 3647 in-

2198 3698 2472 3761 tellectus,
2490 3696 2711 3750 videtur
2729 3695 2836 3749 iste
2864 3695 3029 3766 piscis
3060 3712 3185 3751 esse
3213 3697 3443 3769 primus,
3467 3693 3552 3764 qui
3575 3692 3721 3759 raptus

2199 3794 2315 3852 est;
2345 3790 2403 3840 et
2422 3786 2481 3840 in
2502 3784 2777 3856 profundo
2796 3785 2968 3839 maris
3008 3785 3358 3851 versabatur,
3385 3786 3439 3838 in
3458 3780 3598 3838 salsis
3612 3788 3722 3830 ama-

2196 3875 2386 3945 risque
2413 3873 2731 3945 gurgitibus
2753 3874 2968 3940 mundi,
3000 3874 3093 3928 ille
3113 3876 3213 3945 qui
3235 3870 3613 3947 primogenitus
3631 3877 3721 3918 sur-

2196 3963 2339 4018 rexit
2367 3980 2401 4017 a
2429 3962 2684 4017 mortuis.
2720 3962 2789 4017 Et
2817 3968 2993 4016 stater
3039 3963 3136 4034 qui
3166 3964 3227 4018 in
3260 3981 3357 4019 ore
3385 3965 3500 4032 ejus
3524 3960 3724 4012 inventus

2197 4058 2301 4119 est,
2320 4052 2572 4107 soliditas
2601 4057 2689 4106 est
2724 4052 2853 4105 ﬁdei
2874 4069 2998 4123 quae
3014 4052 3072 4105 in
3092 4053 3441 4108 confessione
3457 4056 3551 4113 est,
3577 4049 3631 4099 ut
3649 4052 3721 4112 pro

2197 4144 2362 4197 Petro
2389 4147 2447 4196 et
2476 4158 2576 4213 pro
2605 4141 2845 4196 Domino
2884 4142 3173 4207 reddatur,
3226 4142 3287 4196 id
3316 4148 3402 4195 est
3430 4155 3522 4211 pro
3549 4130 3723 4190 Christo

2198 4236 2254 4285 et
2274 4230 2545 4297 Ecclesia;
2594 4230 2728 4299 quia
2758 4246 2859 4300 per
2886 4231 3114 4285 Petrum
3147 4231 3394 4285 Ecclesia
3419 4226 3720 4295 designatur;

524 4317 686 4390 quasi
716 4316 815 4371 ﬁlii
846 4317 993 4388 regis
1023 4332 1057 4371 a
1084 4315 1738 4387 vectigalibusimmunes
1767 4335 1980 4385 sumus,
2005 4322 2297 4420 nisiDpro
2330 4319 2531 4391 quibus
2561 4319 2685 4373 duae
2714 4320 3005 4374 solvuntur
3027 4320 3356 4391 didragmae,
3374 4323 3596 4390 quatuor
3614 4305 3725 4364 scili-

523 4406 583 4462 in
610 4411 883 4479 quantum
913 4404 1460 4477 imaginemCmseu'is
1480 4406 1898 4475 reassumimus,
1921 4415 2113 4464 utter-

523 4513 663 4551 rena
690 4496 1167 4567 concupiscamus.
1187 4493 1451 4565 Alioquin
1464 4493 1510 4549 si
1539 4499 1701 4549 extra
1727 4500 1938 4551 terram
1970 4514 2115 4552 esse-

525 4601 672 4650 mus,
692 4585 853 4640 liberi
874 4586 1070 4657 utique
1090 4600 1366 4651 essemus;
1400 4583 1447 4638 si
1471 4599 1573 4639 nos
1597 4583 1871 4657 IEgyptus
1902 4586 1962 4639 in
1993 4603 2113 4641 ser-

525 4674 760 4729 vitutem
787 4690 900 4729 non
937 4675 1298 4745 opprimeret,
1345 4678 1574 4746 propter
1610 4690 1749 4746 quos
1796 4674 2115 4730 liberandos

526 4762 704 4818 Filius
728 4763 831 4818 Dei
857 4762 1095 4817 formam
1121 4763 1263 4817 servi
1307 4763 1569 4835 suscepit,
1613 4763 1867 4834 quamvis
1895 4765 2114 4819 nullum

528 4868 671 4925 opus
685 4852 899 4908 luteum
911 4851 1103 4907 fecerit
1123 4853 1206 4907 vel
1226 4852 1441 4919 servile,
1476 4853 1570 4907 sed
1597 4854 1953 4907 solummodo
1984 4854 2115 4924 quia

525 4940 729 4996 habuit
753 4941 990 4995 formam
1012 4942 1176 5007 servi,
1198 4940 1472 4996 tributum
1494 4946 1551 4996 et
1568 4957 1796 4996 censum
1817 4941 1971 4996 dedit
2000 4957 2112 4996 non

428 5048 435 5059 '
529 5031 704 5086 alium
728 5030 799 5085 ab
827 5046 911 5095 eo,
942 5029 1088 5100 quod
1119 5030 1276 5085 dedit
1301 5030 1587 5103 discipulis
1630 5033 1771 5102 ejus.
1802 5031 1926 5102 Ipse
1967 5030 2113 5084 cnim

529 5126 707 5176 stater
729 5118 1060 5184 sufﬁciebat,
1094 5125 1151 5173 et
1175 5134 1351 5174 unum
1374 5120 1674 5187 numisma,
1697 5120 1845 5192 quod
1873 5118 2115 5175 dabatur

525 5226 628 5280 pro
656 5211 789 5264 Jesu
811 5213 869 5263 et
896 5223 997 5279 pro
1018 5206 1289 5278 discipulo
1318 5209 1459 5278 ejus.
1486 5210 1611 5263 Non
1638 5209 1785 5280 quod
1801 5225 1929 5264 eum
1952 5208 2115 5263 debe-

524 5302 613 5351 ret
638 5298 818 5364 Jesus,
851 5297 952 5352 sed
982 5312 1052 5351 ne
1080 5296 1483 5351 scandalizaret
1530 5314 1644 5361 eos,
1692 5314 1762 5352 ne
1803 5299 1945 5353 forte
1983 5304 2114 5352 ante

521 5390 746 5456 tempus
774 5385 1114 5458 praefinitum
1141 5401 1270 5439 eum
1301 5385 1633 5453 occiderent,
1665 5392 1723 5441 et
1768 5387 1927 5442 nobis
1953 5388 2115 5440 daret

522 5474 841 5548 exemplum
870 5480 1142 5547 quantum
1161 5491 1227 5530 ex
1239 5473 1398 5530 nobis
1424 5481 1527 5543 est,
1546 5481 1607 5531 ut
1630 5476 1847 5531 nullum
1876 5476 2113 5530 scanda-

526 5562 781 5622 litemus.

2196 4414 2285 4463 cet
2334 4408 2633 4479 Evangelia
2660 4425 2785 4479 quae
2824 4408 2893 4462 de
2931 4425 3027 4462 ore
3051 4409 3263 4464 Christi
3299 4407 3596 4465 manarunt.
3636 4409 3726 4466 ‘1“a

2196 4502 2329 4552 sunt
2349 4503 2591 4568 quatuor
2617 4486 2881 4566 dragmaa.
2909 4497 2979 4550 Et
2996 4496 3122 4550 ideo
3152 4513 3268 4551 non
3298 4498 3356 4551 in
3385 4500 3564 4550 ventre
3585 4484 3725 4560 piscis.

2195 4587 2294 4641 sed
2322 4586 2380 4640 in
2410 4600 2505 4641 ore
2534 4590 2712 4639 stater
2739 4592 3011 4651 servatur,
3026 4586 3083 4639 in
3105 4602 3217 4656 quo
3237 4587 3441 4641 diffusa
3470 4588 3548 4637 est
3569 4574 3725 4649 gratia;

2198 4676 2329 4747 quia
2355 4676 2459 4730 etsi
2486 4677 2642 4730 corde
2666 4676 2912 4729 creditur
2931 4676 3007 4728 ad
3015 4679 3329 4743 justitiam,
3353 4692 3443 4730 ore
3462 4677 3623 4727 autem
3641 4677 3732 4719 οοη·

2195 4766 2354 4832 fessio
2379 4768 2441 4831 ﬁt
2467 4767 2542 4818 ad
2569 4767 2806 4819 salutem
2833 4765 3008 4831 (Rom.
3046 4780 3098 4830 κ,
3136 4764 3245 4831 10.).
3270 4765 3426 4818 Alias
3445 4768 3632 4817 autem.
3652 4748 3731 4806 nisi

2197 4852 2449 4908 subesset
2476 4852 2841 4924 praesentibus
2871 4852 3036 4906 rebus
3056 4851 3294 4907 interior
3316 4854 3461 4907 ratio
3479 4846 3735 4914 intelligar

2197 4942 2273 5007 di,
2298 4947 2501 4997 natura
2529 4943 2698 5014 piscis
2713 4959 2825 4997 non
2849 4948 2972 4996 erat
2990 4943 3125 4996 utin
3145 4943 3336 4997 littore
3357 4942 3523 4996 maris
3549 4932 3735 4991 fortuitu

2196 5031 2559 5102 reperiretur,
2574 5032 2632 5085 in
2654 5047 2750 5085 ore
2780 5032 2965 5101 potius
2994 5037 3261 5087 staterem
3280 5034 3497 5085 teneret
3521 5039 3663 5098 quam
3676 5020 3737 5073 in-

2196 5127 2285 5176 tra
2314 5121 2525 5176 viscera
2554 5137 2683 5175 mox
2712 5122 2995 5184 conderet,
3046 5128 3102 5176 et
3155 5121 3461 5191 deglutiret
3502 5113 3633 5187 quod
3665 5121 3737 5162 ore

2196 5209 2579 5265 absorbuerat.
2612 5212 2689 5264 Ex
2719 5209 2921 5280 quibus
2948 5210 3208 5264 omnibus
3238 5209 3455 5281 liquido
3483 5200 3736 5272 colligitur,

2194 5300 2254 5353 in
2284 5300 2371 5353 his
2399 5299 2706 5353 efﬁciendis
2734 5298 2901 5353 rebus
2932 5300 3073 5353 nihil
3119 5317 3184 5353 ex
3212 5310 3417 5353 eventu
3446 5289 3736 5379 provenisse,

2196 5389 2293 5442 sed
2319 5388 2585 5442 divinitus
2637 5388 2777 5442 scita
2803 5395 2860 5442 et
2886 5394 3216 5459 praeparata,
3246 5393 3314 5442 ut
3344 5388 3509 5441 fidem
3532 5398 3613 5436 res
3637 5377 3739 5430 facti

2195 5477 2461 5531 solidaret
2477 5481 2656 5542 Q24
2692 5478 2750 5531 in
2781 5478 3070 5545 miraculo,
3085 5484 3143 5533 et
3157 5478 3424 5532 docerent
3443 5470 3645 5544 singula
3660 5464 3741 5517 vir-

2194 5570 2383 5622 tutum
2411 5566 2765 5624 documenta.
2784 5567 2870 5623 Ita
2886 5572 2953 5623 ut
2980 5583 3084 5623 nec
3102 5566 3267 5640 piscis
3295 5565 3509 5639 primus
3528 5563 3695 5632 captus
3715 5566 3739 5603 ⁸
