3888 6172
245 230 336 289 601

929 236 1309 292 EXPOSI’I‘IO
1347 237 1425 293 IN
1463 234 1835 292 ΜΑἹἼἮΛΕΙῙ

1943 263 2008 276 -
2040 233 2181 290 LIB.
2223 233 2374 301 VIII,
2419 233 2576 290 CAP.
2618 233 2818 290 XVIII.

3407 232 3515 291 602

241 359 423 422 Petro,
459 377 628 430 quem
687 365 1010 431 sequuntur
1037 367 1094 416 et
1117 362 1232 421 alii.
1263 367 1422 416 vacet
1452 379 1486 415 a
1517 362 1786 432 mysterio
1815 360 2042 426 ;Acati,
2076 359 2385 430 inspirante
2409 359 2547 425 Deo,
2581 364 2645 414 ut
2679 362 3083 414 convertantur
3107 359 3178 414 ad
3199 359 3511 415 doctrinam

240 465 337 502 nec
366 456 545 503 stater
561 451 616 503 in
630 467 727 504 ore
752 453 875 520 ejus
897 457 1171 520 repertus,
1205 451 1325 505 sine
1345 468 1549 521 magno
1566 451 1833 504 doctrinm

239 538 528 592 miraculo.
557 539 702 602 Quia
722 540 921 593 Petrus
943 540 1184 609 piscator
1203 541 1496 594 hominum
1516 542 1633 610 jam
1656 540 1834 592 factus

238 628 374 688 erat,
407 641 440 676 a
459 623 699 677 Domino
730 624 975 678 mittitur
999 630 1062 678 ut
1075 625 1318 695 primum
1344 626 1721 696 capiat,quem
1743 624 1835 676 de-

239 728 391 765 mum
412 719 727 783 sequantur
742 714 948 783 plures.
976 713 1086 768 Sed
1100 716 1290 769 nullus
1306 731 1502 768 eorum
1519 714 1723 783 dignus
1749 718 1835 766 est

238 817 268 854 a
298 802 489 865 Petro,
520 803 684 870 jussu
720 803 946 868 Christi,
981 819 1016 856 a
1047 804 1308 858 fluctibus
1336 803 1571 866 extrahi,
1607 803 1715 856 nisi
1739 802 1835 873 qui

238 891 338 944 hoc
386 891 671 944 numisma
713 908 912 945 census
948 893 1008 946 in
1059 909 1155 946 ore
1183 893 1396 947 tulerit.
1433 893 1589 945 Unde
1638 891 1832 945 beatus

237 977 484 1031 Hilarius
532 980 770 1032 eximius
801 981 1013 1044 doctor,
1059 983 1204 1035 hunc
1235 982 1462 1052 piscem.
1490 981 1587 1050 qui
1619 981 1832 1050 primus

235 1083 333 1136 pro
348 1067 575 1120 Christo
588 1085 620 1121 a
637 1069 800 1122 Petro
815 1070 1052 1139 capitur.
1072 1071 1208 1124 dicit
1229 1087 1347 1124 esse
1359 1071 1604 1140 primum
1621 1075 1832 1139 marty-

235 1173 352 1210 rem
366 1157 840 1227 Stephanum,qui
861 1159 1076 1228 primus
1092 1177 1191 1230 pro
1215 1160 1438 1213 Christo
1455 1159 1726 1229 martyrio
1747 1164 1833 1211 est

233 1243 476 1308 oblatus,
496 1245 554 1299 in
580 1248 742 1316 cujus
763 1263 858 1300 ore
879 1254 1056 1302 stater
1075 1255 1159 1301 est.
1180 1266 1324 1302 verae
1352 1247 1711 1302 confessionis
1741 1248 1832 1300 in-

235 1341 452 1396 ventus,
507 1340 566 1387 et
603 1336 790 1405 imago
837 1337 1046 1390 Christi
1096 1354 1363 1408 expressa
1405 1339 1464 1391 in
1509 1337 1820 1408 superﬁcie,

233 1428 403 1491 atque
427 1423 873 1494 insculptaintus
902 1430 958 1477 et
979 1424 1246 1488 foris.Qui
1270 1425 1485 1494 primus
1513 1430 1576 1477 ut
1596 1440 1830 1478 corona-

230 1517 388 1564 retur
415 1513 712 1582 martyrio,
745 1513 997 1566 ascendit
1020 1514 1091 1566 ad
1123 1515 1352 1567 hamum
1389 1513 1540 1568 Petri
1574 1514 1828 1567 rationa-

230 1599 422 1662 bilem,
437 1607 495 1653 et
513 1602 950 1670 comprehensus
980 1607 1149 1671 atque
1169 1603 1685 1672 salvatus,primum
1707 1603 1828 1656 red-

230 1689 476 1745 didit.ne
506 1690 653 1743 ultra
681 1690 911 1744 haberet
933 1691 990 1744 in
1018 1708 1118 1745 suo
1143 1709 1238 1744 ore
1269 1698 1538 1745 staterem
1568 1691 1830 1761 imaginis
1850 1675 1894 1732 Β

231 1778 445 1830 terreni
472 1779 740 1848 regis,sed
768 1797 867 1850 pro
893 1797 958 1833 eo
983 1780 1217 1833 haberet
1245 1781 1538 1849 didragma
1568 1788 1831 1834 sanctua-

229 1866 384 1929 rii,id
417 1872 505 1920 est
545 1867 850 1936 imaginem
879 1869 996 1934 Dei;
1041 1870 1173 1938 quia
1207 1873 1424 1937 eloquia
1467 1872 1692 1923 Domini
1722 1873 1832 1923 elo-

231 1960 365 2024 quia
396 1961 550 2009 casta
577 1957 751 2025 (Psal.
769 1974 840 2018 x1,
863 1955 913 2022 7)
938 1958 995 2010 in
1020 1974 1086 2012 eo
1115 1963 1294 2012 erant.
1323 1959 1466 2012 Hinc
1499 1957 1834 2012 mirabiliter

231 2044 368 2097 satis
399 2049 583 2098 stater
639 2061 802 2109 unus,
837 2045 892 2098 id
923 2052 1010 2100 est
1037 2047 1148 2100 duo
1186 2047 1422 2116 dragma
1447 2047 1504 2099 in
1535 2063 1631 2100 ore
1668 2046 1834 2116 piscis

228 2132 887 2203 inveniuntur,quoniam
918 2141 1039 2189 erat
1067 2137 1188 2204 jam
1218 2136 1274 2189 in
1305 2152 1473 2190 censu
1511 2136 1835 2190 salvationis

231 2221 518 2282 humanae;
555 2228 618 2275 ut
645 2229 704 2275 et
726 2240 925 2278 census
953 2225 1186 2278 Caesaris
1209 2225 1453 2294 primum
1480 2225 1831 2289 redderetur,

229 2310 439 2364 deinde
486 2327 684 2365 census
724 2313 1029 2366 sanctuarii
1065 2313 1166 2366 Dei
1208 2315 1489 2367 numisma
1532 2314 1680 2383 quod
1712 2320 1835 2367 erat

228 2399 599 2454 sanctuch
631 2417 739 2470 quo
766 2401 970 2456 dicitur
984 2405 1145 2471 juxta
1175 2403 1563 2476 Septuaginta,
1584 2403 1834 2473 Accipies

228 2488 483 2557 quinque
512 2488 677 2542 siclos
704 2491 1010 2544 secundum
1049 2491 1344 2561 didragma
1381 2497 1654 2557 sanctum,
1687 2491 1830 2561 quod

228 2582 285 2629 et
309 2593 414 2646 pro
431 2577 692 2632 omnibus
705 2579 832 2632 ﬁliis
851 2581 1021 2634 Israel
1039 2581 1280 2634 dabatur
1289 2583 1454 2650 juxta
1465 2586 1628 2651 caput
1647 2581 1835 2634 unius-

227 2665 530 2736 cujusque.
562 2667 669 2721 Sed
692 2668 825 2737 quia
847 2685 954 2722 non
983 2670 1112 2723 licet
1145 2670 1274 2723 ﬁliis
1299 2670 1460 2739 regni
1482 2671 1724 2724 caelestis
1753 2670 1834 2722 si-

232 2755 354 2807 mul
389 2757 599 2808 habere
628 2757 949 2824 didragmas
989 2759 1292 2812 sanctuarii
1331 2775 1458 2812 cum
1495 2758 1835 2812 didrachmis

229 2843 410 2912 hujus
434 2845 653 2906 mundi,
689 2847 932 2909 metallo,
967 2854 1023 2900 et
1051 2848 1315 2918 pondere,
1373 2865 1436 2901 ac
1465 2848 1834 2901 charactismo

223 2932 644 3001 coinquinatas,
669 2933 874 2989 debent
903 2937 1148 3006 primum
1175 2937 1593 3006 reddere,juxta
1613 2935 1833 2989 Domini

227 3026 600 3091 praeceptum,
620 3023 844 3088 Caesari,
865 3024 959 3094 qui
988 3033 1072 3078 est
1088 3025 1343 3096 princeps
1369 3026 1536 3095 hujus
1559 3026 1836 3090 mundi,et
1853 3020 1897 3047 υ

227 3109 637 3166 abrenuntiare
651 3114 1081 3175 saeculo,deinde
1095 3115 1207 3168 Deo
1221 3115 1454 3168 reddere
1475 3115 1834 3185 didragmum

228 3205 492 3253 sanctum
525 3202 673 3271 quod
699 3208 784 3256 est
829 3203 887 3256 in
910 3204 1052 3273 lege,
1098 3211 1161 3257 ut
1180 3222 1242 3256 ex
1265 3204 1384 3273 ipso
1423 3205 1717 3274 didrang
1748 3206 1835 3258 lex

226 3291 585 3360 compleatur
613 3300 670 3344 et
699 3293 1078 3361 Evangelium.
1111 3294 1317 3347 Idcirco
1340 3294 1450 3347 illis
1476 3295 1790 3348 dicentibus
1815 3313 1826 3346 :

226 3378 506 3448 Magister
526 3387 710 3434 vester
726 3397 838 3435 non
859 3382 1022 3436 solvit
1045 3383 1630 3453 didragma,prtecepit
1651 3385 1836 3437 Salva-

225 3473 322 3522 tor
333 3468 460 3522 dari
471 3475 739 3524 staterem
758 3471 852 3540 qui
878 3471 1136 3526 inventus
1153 3479 1238 3526 est
1259 3473 1316 3525 in
1335 3489 1431 3525 ore
1449 3473 1702 3543 piscis,in
1725 3489 1835 3543 quo

226 3562 402 3610 erant
425 3557 540 3612 duo
557 3559 910 3629 didragmata
928 3579 940 3624 ;
960 3561 1039 3614 ita
1067 3568 1130 3614 ut
1159 3579 1332 3616 unum
1354 3563 1647 3632 didragma
1667 3563 1839 3616 solva-

229 3652 333 3700 tur
363 3663 467 3717 pro
501 3647 660 3701 nobis
680 3649 872 3703 relicto
895 3651 1281 3715 mundo,aliud
1302 3669 1430 3705 vero
1456 3651 1704 3705 solvatur
1726 3652 1839 3704 Deo

229 3736 474 3801 caelesti,
511 3736 756 3806 imagine
783 3739 841 3792 in
861 3738 1020 3793 nobis
1049 3741 1326 3794 reinduta.
1361 3741 1628 3810 Alioquin
1655 3741 1842 3794 nullus

233 3824 384 3878 liber
406 3832 493 3878 est
535 3843 568 3878 a
597 3826 828 3893 tributo,
853 3829 1118 3898 quoniam
1149 3831 1244 3899 qui
1275 3830 1443 3884 servit
1473 3834 1838 3901 peccato,ser-

235 3930 344 3966 vus
375 3919 452 3967 est
481 3920 690 3983 peccati
713 3920 890 3980 (Joan.
917 3932 1026 3982 xxx,
1057 3917 1148 3985 '23)
1174 3939 1186 3976 :
1220 3919 1316 3990 qui
1345 3924 1534 3972 autem
1561 3919 1619 3972 in
1661 3917 1842 3972 verbis

237 4003 376 4057 Iesu
411 4012 662 4070 manent,
692 4005 851 4060 liberi
882 4013 1013 4061 sunt
1040 4007 1300 4062 libertate
1325 4025 1434 4079 qua
1463 4008 1718 4062 Christus
1747 4024 1843 4061 eos

235 4093 280 4152 li
289 4092 526 4148 beravit.
536 4094 605 4148 Et
616 4095 710 4164 qui
723 4095 1465 4161 liberisuntﬂgacharitas
1479 4104 1659 4151 vestra
1671 4113 1842 4167 quam

236 4188 424 4242 libere
455 4186 514 4239 in
544 4185 805 4238 omnibus
835 4185 1132 4240 advocatus
1163 4192 1356 4240 noster
1393 4187 1709 4240 libertatem
1743 4204 1843 4241 no-

1918 449 2142 512 Christi,
2169 456 2226 502 et
2241 454 2529 512 sanentur,
2559 449 2823 518 quoniam
2853 449 2984 502 talis
3014 448 3286 502 exsolutio
3313 465 3512 503 census

1918 539 2147 592 libertas
2168 539 2225 592 in
2244 538 2468 592 Christo
2489 543 2591 591 est.
2620 538 2689 591 Et
2714 538 2836 591 ideo
2858 537 3099 592 caelestis
3122 547 3312 591 orator
3333 541 3516 590 osten-

1917 627 2000 680 dit
2031 644 2131 697 pro
2159 627 2295 688 suis,
2325 626 2458 696 quia
2487 643 2681 680 omnes
2727 625 2886 680 liberi
2913 632 3065 689 sunt,
3096 631 3317 681 tantum
3349 641 3420 680 ne
3444 624 3515 678 li-

1918 716 2194 769 bertatem
2225 716 2430 769 Christi
2461 720 2685 769 vertant
2714 714 2771 770 in
2808 715 3153 771 scandalum.

1991 806 2141 871 (CAP.
2170 805 2392 870 XVIII.)
2414 807 2478 857 In
2502 807 2605 858 illa
2619 805 2756 857 hora
2777 809 3114 857 accesserunt
3129 805 3204 858 ad
3221 805 3408 856 Jesum
3426 803 3509 857 di-

1915 897 2114 961 scipuli
2136 897 2249 961 ejus
2274 895 2506 946 dicentes
2531 911 2542 945 :
2573 895 2722 959 Quis,
2743 898 2922 960 putas,
2943 896 3126 959 major
3154 897 3228 944 est
3251 895 3313 945 in
3344 907 3510 958 regno

1916 986 2182 1036 caelorum
2201 988 2224 1033 ?
2257 982 2382 1035 Non
2403 981 2522 1034 sine
2552 997 2721 1034 causa
2743 981 2995 1035 additum
3024 980 3192 1042 est,in
3222 979 3319 1032 illa
3348 979 3507 1042 hora,

1917 1072 2000 1124 vel
2030 1071 2087 1124 in
2119 1071 2216 1124 illa
2236 1071 2325 1123 die
2340 1071 2501 1139 juxta
2519 1069 2811 1123 veritatem
2833 1071 3106 1124 codicum.
3135 1069 3202 1123 Et
3226 1068 3349 1122 ideo
3364 1083 3513 1138 quie-

1916 1160 2150 1214 rendum
2183 1159 2418 1223 aestimo,
2453 1158 2586 1228 quid
2614 1174 2836 1212 necesse
2861 1159 3032 1212 fuerit
3069 1159 3350 1221 Matthzeo,
3381 1172 3510 1211 cum

1914 1253 2073 1303 tanta
2099 1248 2387 1318 diligentia
2434 1247 2640 1301 addere
2670 1248 2814 1300 hanc
2843 1247 3356 1318 adjectionem,qua
3385 1247 3466 1300 ait
3491 1265 3503 1300 :

1915 1342 1982 1394 In
2003 1342 2103 1393 illa
2125 1340 2261 1392 hora
2281 1342 2618 1391 accesserunt
2641 1338 2903 1404 discipuli
2926 1338 3000 1389 ad
3023 1338 3229 1399 Jesum,
3253 1337 3510 1401 dicentes,

1917 1429 2063 1494 Quis,
2085 1433 2268 1496 putas,
2286 1430 2469 1494 major
2483 1428 2636 1478 estin
2651 1440 2816 1491 regno
2829 1428 3089 1478 caelorum
3105 1430 3128 1476 Ρ
3141 1425 3512 1494 Nequaquam

1913 1517 2086 1586 igitur
2130 1515 2369 1570 dixerim
2408 1515 2529 1568 sine
2578 1529 2748 1568 causa
2794 1514 2898 1566 hoc
2943 1512 3157 1566 fecisse.
3214 1513 3322 1566 Sed
3362 1513 3512 1582 quod

1912 1623 2058 1676 saepe
2088 1605 2297 1664 monui.
2334 1605 2436 1658 hoc
2456 1609 2542 1658 est
2562 1603 2710 1673 quod
2740 1602 3012 1656 dictiones
3044 1602 3394 1671 singularum
3418 1617 3509 1656 re-

1915 1713 2061 1756 rum,
2110 1701 2166 1748 et
2199 1711 2380 1748 causae
2411 1694 2587 1764 plenae
2635 1698 2768 1747 sunt
2793 1691 3067 1746 sensibus.
3101 1691 3260 1746 Unde
3290 1691 3514 1746 Marcus

1916 1786 1997 1838 ait
2027 1785 2173 1856 quod
2193 1800 2319 1838 cum
2344 1783 2624 1836 venissent
2645 1782 3061 1852 Capharnaum,
3086 1786 3136 1834 et
3147 1785 3318 1834 essent
3339 1782 3508 1843 domi,

1917 1874 2290 1940 interrogabat
2321 1889 2402 1926 eos
2421 1874 2556 1940 quid
2573 1874 2636 1925 in
2657 1874 2749 1923 via
2775 1871 3098 1924 tractabatis
3118 1875 3141 1921 ?
3157 1871 3224 1922 At
3255 1871 3346 1922 illi
3371 1873 3513 1923 lace-

1918 1965 2066 2016 banl.
2103 1963 2385 2030 Siquidem
2423 1963 2571 2014 inter
2621 1976 2674 2013 se
2703 1961 2768 2012 in
2795 1961 2886 2012 tia
2915 1959 3355 2025 disputaverunt,
3386 1957 3512 2023 quis

1917 2058 2048 2107 esset
2072 2055 2302 2105 illorum
2348 2053 2529 2117 major
2559 2050 2750 2114 (Marc.
2789 2061 2864 2100 Ix.
2898 2044 2984 2111 33,
3021 2044 3125 2112 34).
3161 2045 3336 2098 Lucas
3378 2059 3510 2098 vero

1917 2146 2129 2205 narrat,
2162 2139 2308 2210 quod
2329 2137 2623 2192 intraverit
2635 2135 2900 2206 cogitatio
2929 2134 2987 2187 in
3015 2150 3128 2198 eos,
3161 2133 3286 2203 quis
3314 2148 3510 2186 eorum

1918 2231 2102 2300 major
2148 2233 2312 2283 esset.
2359 2228 2435 2281 Ex
2484 2225 2685 2297 quibus
2736 2224 3102 2296 perdocemur
3156 2222 3338 2286 dictis,
3373 2222 3510 2292 quia

1916 2318 2280 2388 Evangelistae
2306 2317 2364 2370 in
2393 2316 2547 2370 nullo
2579 2315 2728 2368 inter
2755 2330 2815 2367 se
2843 2311 3308 2368 dissentiunt.sed
3332 2325 3511 2366 unum

1916 2409 2193 2478 explicant
2209 2423 2457 2469 sensum,
2475 2410 2539 2458 ut
2565 2403 2878 2471 intelligere
2908 2401 3186 2472 possimus
3210 2399 3358 2470 quod
3381 2415 3514 2470 apo-

1915 2497 2044 2552 stoli
2059 2497 2240 2550 adhuc
2261 2495 2408 2548 inter
2420 2511 2478 2547 se
2508 2492 2718 2546 invidia
2741 2490 3126 2544 movebantur.
3152 2490 3304 2552 Quos
3323 2487 3514 2542 Domi-

1916 2602 2022 2640 nus
2061 2585 2248 2638 volens
2277 2601 2311 2637 a
2338 2583 2510 2636 livore
2529 2597 2729 2635 sanare
2745 2579 2987 2643 invidiae,
3005 2578 3255 2632 insinuat
3275 2594 3336 2630 se
3346 2578 3512 2646 juxta

1916 2676 2162 2728 Marcum
2187 2679 2244 2727 et
2262 2670 2704 2739 Lucam.ubique
2723 2675 2786 2723 ut
2807 2669 2984 2722 Deum
3005 2683 3126 2721 esse
3147 2671 3500 2736 praesentem,

1917 2779 2082 2834 quem
2112 2762 2268 2816 nulla
2285 2760 2468 2814 cordis
2488 2764 2704 2814 secreta
2736 2758 2931 2811 latent.
2973 2755 3187 2810 Idcirco
3220 2771 3316 2808 eos
3340 2754 3512 2809 inter-

1916 2856 2078 2922 rogat
2106 2852 2163 2904 in
2186 2851 2272 2903 via
2311 2849 2444 2920 quid
2479 2853 2666 2914 τω
2692 2846 3060 2900 tractassem?
3084 2844 3193 2899 Sed
3216 2843 3514 2897 Mattheus

1920 2942 2106 2995 volens
2153 2940 2446 2994 ostendere
2492 2938 2639 2992 unde
2669 2937 2786 2990 haec
2814 2933 3154 3005 conquaestio
3186 2938 3311 2987 orta
3339 2936 3507 2998 esset,

1918 3030 1998 3084 ait
2022 3053 2034 3084 :
2059 3033 2124 3084 In
2154 3031 2256 3082 illa
2284 3030 2421 3082 hora
2448 3032 2794 3081 accesserunt
2825 3026 3088 3092 discipuli
3125 3024 3198 3077 ad
3222 3024 3430 3081 Jesum.
3453 3019 3513 3075 id

1915 3132 2000 3174 est
2021 3119 2244 3190 quando
2267 3135 2366 3189 pro
2388 3119 2552 3171 Petro
2573 3122 2630 3169 et
2664 3132 2764 3186 pro
2795 3113 3032 3168 Domino
3053 3112 3204 3165 idem
3232 3109 3512 3165 tributum

1916 3208 2199 3262 redditum
2219 3207 2423 3260 vident.
2450 3203 2721 3259 Arbitrati
2752 3209 2888 3258 sunt
2904 3202 3053 3256 enim
3074 3217 3174 3272 per
3200 3200 3306 3254 hoc
3334 3198 3512 3254 maxi-

1915 3315 2070 3352 mum
2097 3315 2130 3352 a
2158 3296 2393 3351 Domino
2440 3295 2710 3348 honorem
2751 3294 2915 3346 Petro
2948 3307 3069 3345 esse
3101 3289 3387 3352 collatum,
3442 3290 3509 3341 ut

1916 3395 2032 3444 tam
2064 3404 2129 3441 ex
2184 3387 2287 3440 hac
2347 3383 2638 3438 occasione
2688 3398 2858 3452 quam
2909 3387 2966 3435 et
3006 3397 3118 3451 prie
3147 3377 3362 3432 caeteris
3393 3375 3512 3432 suis

1919 3494 2088 3548 quam
2117 3491 2262 3546 saepe
2292 3471 2594 3545 privilegiis
2615 3472 2765 3525 inter
2785 3469 3385 3540 sedijudicarent,eum
3413 3481 3515 3522 ce-

1920 3566 2056 3621 teris
2102 3563 2391 3634 discipulis
2421 3561 2478 3614 in
2526 3576 2700 3630 regno
2730 3561 3018 3623 calorum,
3065 3557 3358 3612 meliorem
3387 3570 3512 3609 esse

1922 3656 2194 3709 futurum.
2230 3652 2388 3706 Unde
2407 3649 2672 3720 suspicati
2709 3653 2861 3728 sunt,
2885 3648 2934 3701 si
2957 3648 3372 3723 interrogarent
3399 3643 3513 3698 Do-

1923 3745 2160 3804 minum,
2209 3741 2357 3812 quod
2387 3746 2444 3793 et
2473 3739 2740 3800 fecerunt,
2771 3737 2901 3790 licet
2921 3737 3040 3806 jam
3071 3733 3326 3797 convicti,
3359 3731 3509 3802 quod

1921 3834 2038 3887 hinc
2066 3832 2214 3886 inter
2231 3847 2290 3884 se
2305 3827 2798 3883 confabularentur
2815 3825 2874 3878 in
2892 3824 3001 3886 via,
3023 3830 3088 3878 ut
3107 3826 3338 3893 possent
3349 3823 3514 3875 caute

1923 3921 2342 3993 deprehendere
2366 3916 2647 3988 responsis
2674 3915 2916 3980 Domini,
2937 3919 3131 3968 utrum
3152 3912 3355 3965 Petrus
3374 3922 3516 3980 pra-

1925 4013 2123 4065 cellere
2168 4009 2396 4064 deberet
2416 4006 2596 4077 gradu
2636 4003 2883 4068 honoris,
2936 4019 3009 4056 an
3034 4007 3092 4057 et
3119 4002 3384 4064 Joannes,
3415 3997 3514 4067 qui

1928 4100 2105 4170 magis
2125 4116 2159 4152 a
2183 4098 2420 4153 Domino
2449 4094 2766 4153 amabatur.
2784 4092 3060 4164 eosequari
3090 4091 3140 4145 ei
3174 4093 3379 4160 posset,
3413 4101 3515 4142 seu

1927 4189 2163 4244 Jacobus
2207 4204 2335 4242 cum
2381 4185 2517 4257 ipsis
2559 4181 3112 4252 connumerari,quia
3142 4185 3200 4234 et
3229 4179 3349 4249 ipse
3377 4191 3510 4230 cum

237 4285 424 4332 stram
452 4275 738 4340 defendat,
780 4279 837 4328 et
869 4274 1147 4328 immunes
1176 4275 1310 4329 velit
1337 4293 1437 4330 nos
1457 4293 1578 4330 esse
1599 4277 1669 4329 ab
1691 4278 1843 4331 omni
1860 4307 1907 4370 Β
1927 4280 2134 4334 eisdem
2165 4278 2224 4331 in
2246 4283 2436 4331 monte
2465 4280 2788 4344 assumptus
2807 4273 3008 4327 fuerat.
3035 4271 3147 4325 Hoc
3165 4283 3300 4338 ergo
3324 4266 3515 4320 volens

234 4384 416 4422 censu
444 4365 550 4420 sub
581 4366 684 4418 hoc
713 4365 965 4434 exemplo
995 4371 1058 4418 ut
1084 4365 1223 4418 nihil
1251 4365 1402 4418 aliud
1423 4366 1726 4419 admodum
1742 4367 1841 4421 de-
1860 4353 1903 4370 ”
1925 4367 2218 4423 ostendere
2266 4366 2580 4426 Matthzeus,
2625 4361 2774 4432 quod
2803 4361 2913 4415 ista
2951 4361 3099 4414 inter
3147 4374 3209 4411 se
3259 4353 3518 4425 discipuli

238 4457 502 4519 beamus,
537 4454 644 4508 nisi
674 4460 738 4507 ut
762 4453 996 4507 invicem
1026 4454 1362 4524 diligamus:
1411 4455 1674 4524 quoniam
1731 4458 1844 4510 haec

235 4546 468 4600 dilectio
488 4561 690 4598 census
717 4549 803 4596 est
831 4543 931 4596 Dei
952 4549 1008 4597 et
1037 4544 1292 4614 proximi.
1318 4545 1476 4598 Unde
1497 4545 1752 4600 Christus
1773 4563 1842 4600 ne

235 4635 575 4688 scandalum
597 4633 665 4686 de
692 4648 750 4685 se
777 4631 1023 4702 praebeat
1052 4631 1258 4701 impiis,
1293 4633 1362 4685 ad
1387 4632 1840 4688 informationem

233 4723 513 4777 doctrinm
535 4727 737 4775 nostra:
759 4727 988 4793 praestat
1025 4727 1081 4775 et
1101 4721 1264 4775 solvit
1283 4723 1577 4780 tributum.
1599 4723 1841 4778 Sollicite

235 4812 471 4881 quidem
494 4811 743 4880 agitipse
763 4827 890 4864 cum
927 4811 1001 4863 sit
1029 4810 1188 4874 liber,
1227 4817 1283 4864 et
1301 4812 1486 4875 sui,ne
1507 4813 1844 4867 scandaliza-

239 4908 336 4954 ret
362 4918 460 4954 eos
491 4901 589 4970 qui
612 4900 907 4969 didragma
938 4900 1187 4970 exigunt,
1224 4901 1308 4955 vel
1338 4918 1498 4971 rcges
1527 4908 1710 4966 terrae,
1744 4919 1842 4956 seu

237 4991 390 5043 filios
421 5005 642 5043 eorum.
691 4990 871 5058 Rogat
913 4988 982 5042 ob
1013 4990 1116 5042 hoc
1144 4989 1311 5042 Petro
1339 4997 1460 5043 arte
1493 5007 1596 5044 sua
1625 4991 1845 5061 perqui-

233 5096 368 5133 rere
397 5079 682 5150 quomodo
731 5078 970 5148 pretium
1019 5079 1265 5132 exsolvat
1299 5079 1513 5144 tributi,
1565 5086 1628 5132 ut
1671 5079 1874 5133 libera-

236 5169 320 5222 sit
347 5167 673 5238 praedicatio
688 5167 990 5236 Evangelii,
1017 5174 1073 5220 et
1091 5167 1190 5220 dat
1209 5169 1528 5238 exemplum
1559 5168 1839 5234 omnibus,

235 5262 311 5310 ut
337 5257 473 5321 dixi,
503 5256 758 5326 quamvis
795 5255 908 5309 sint
950 5256 1149 5326 iniqui,
1177 5264 1234 5309 et
1267 5257 1440 5321 avari,
1483 5258 1579 5327 qui
1611 5257 1844 5326 exigunt

235 5345 559 5416 vectigalia,
599 5361 669 5398 ne
697 5345 1134 5400 scandalizemus
1165 5345 1549 5415 hujuscemodi
1588 5346 1842 5401 homines

235 5451 349 5507 pro
390 5434 766 5506 peculiaribus
803 5434 988 5500 rebus,
1033 5452 1103 5489 ne
1151 5435 1294 5488 forte
1327 5435 1567 5505 amplius
1613 5442 1845 5506 peccent

237 5525 612 5581 scandalizati
628 5544 645 5592 ;
670 5529 771 5580 aut
791 5525 839 5580 si
859 5525 1000 5580 forte
1033 5525 1323 5597 contingat
1341 5525 1846 5597 beneﬁcus,provo-

1923 4463 2074 4512 retro
2094 4456 2445 4516 molirentur,
2470 4469 2597 4507 cum
2615 4451 2845 4505 dixisset
2871 4452 3032 4505 Jesus
3061 4449 3130 4502 de
3158 4451 3367 4502 statere
3405 4460 3514 4498 nu-

1926 4545 2200 4599 mismatis
2230 4545 2417 4608 Petro,
2443 4544 2603 4596 llunc
2628 4541 2906 4612 accipiens
2928 4538 3096 4593 redde
3117 4553 3217 4608 pro
3238 4551 3329 4589 me
3352 4538 3409 4589 et
3434 4537 3512 4598 te,

1924 4638 1988 4689 In
2020 4637 2122 4689 illa
2147 4635 2302 4697 hora,
2327 4631 2530 4702 inquit.
2554 4631 2640 4684 vel
2655 4631 2713 4684 in
2737 4630 2835 4684 illa
2855 4629 2965 4692 die,
2989 4631 3327 4683 accesserunt
3355 4625 3517 4679 disci-

1919 4729 2044 4795 puli
2057 4727 2131 4778 ad
2149 4727 2334 4778 Jesu-m
2349 4723 2598 4775 dicentes:
2609 4720 2758 4786 Quis,
2773 4725 2953 4787 putas,
2978 4721 3160 4786 major
3175 4719 3249 4770 est
3271 4718 3336 4768 in
3349 4729 3520 4780 regno

1925 4818 2181 4869 calorum
2203 4818 2226 4864 ?
2249 4809 2524 4865 Fortassis
2549 4825 2681 4879 ergo
2709 4809 2834 4861 ideo
2863 4806 3070 4861 iterum
3101 4822 3196 4860 eos
3221 4801 3519 4858 revocabat

1924 4903 2130 4974 opinio,
2184 4907 2412 4972 propter
2459 4898 2605 4969 quod
2659 4898 2877 4952 dixerat
2903 4897 3065 4950 Jesus
3094 4896 3208 4962 iam
3247 4908 3419 4963 supra
3446 4889 3519 4945 ad

1924 4993 2173 5056 Petrum,
2211 4989 2357 5060 quod
2379 4988 2502 5041 aliis
2535 5004 2646 5041 non
2663 4986 2880 5041 dixerat
2896 4983 3220 5056 discipulis:
3271 4983 3404 5035 Vade
3427 4995 3518 5033 re-

1927 5087 2122 5143 tromc,
2147 5081 2395 5136 Salaria:
2435 5079 2762 5131 scandalum
2795 5094 2845 5130 cs
2877 5077 3037 5138 mihi,
3072 5076 3206 5142 quia
3239 5088 3348 5125 non
3361 5072 3512 5139 sapis

1925 5188 1985 5224 ca
2011 5187 2128 5239 quae
2163 5171 2424 5232 Dcisunt,
2443 5168 2532 5220 sed
2552 5183 2670 5235 qua
2693 5168 2984 5220 hominum
3014 5163 3228 5223 lMatth.
3260 5173 3370 5224 xvr,
3396 5158 3506 5228 23),

1927 5274 1999 5314 ne
2049 5258 2192 5310 forte
2241 5255 2311 5310 ob
2340 5256 2513 5312 talem
2543 5271 2788 5321 causam,
2822 5254 2904 5308 vel
2938 5249 3345 5323 hujuscemodi,
3396 5261 3514 5305 non

1924 5351 2072 5400 esset
2098 5346 2281 5415 major
2308 5345 2524 5406 Petrus,
2553 5343 2826 5397 sedunus
2881 5357 2947 5396 ex
2976 5341 3194 5396 duobus
3220 5338 3508 5402 fratribus.

1925 5437 2021 5508 qui
2051 5451 2179 5489 cum
2210 5451 2276 5488 eo
2295 5450 2408 5488 uno
2437 5432 2496 5487 in
2527 5432 2721 5487 multis
2751 5431 3057 5487 utebantur
3087 5429 3379 5503 privilegio
3415 5427 3514 5480 ho-

1925 5525 2101 5582 noris.
2149 5525 2265 5580 Nec
2303 5523 2477 5595 igitur
2503 5521 2840 5594 ignorabant
2865 5522 2950 5578 ds
2964 5522 3179 5578 Joanne
3198 5516 3512 5575 Dominum
