3888 6172
433 243 541 304 603

1191 246 1248 303 S.
1291 246 1667 303 PASGHASII
1706 244 2066 301 RADBERTI
2103 245 2407 303 ABBATIS
2446 247 2946 306 CORBEIENSIS.

3522 253 3602 316 604

427 369 549 439 jam
567 371 720 424 retro
740 369 963 438 dixisse,
982 373 1136 428 Inter
1153 375 1625 426 natosmutierum
1648 387 1758 424 non
1779 373 2028 425 surrexit
2047 373 2089 431 Α
2109 377 2295 426 turam
2314 372 2484 428 fuisse
2511 390 2624 428 suae
2637 375 2837 430 aetatis.
2871 375 3033 440 Quod
3053 380 3233 432 autem
3257 393 3372 432 eum
3397 378 3446 434 in
3462 381 3603 437 medio

435 460 619 525 major
644 461 858 513 Joanne
887 463 1129 529 Baptista
1161 460 1382 528 (Matth.
1406 475 1481 520 χι,
1513 459 1616 527 li).
1645 460 1849 514 Etideo
1871 459 1928 513 in
1961 476 2025 513 eo

433 562 627 616 regno,
657 548 789 619 quia
818 549 979 603 multi
1009 549 1199 620 magni
1226 554 1410 611 erunt,
1429 549 1826 620 quaeruntquis
1843 550 2024 619 major

431 635 582 690 inter
611 653 845 707 magnos
875 654 995 692 esse
1021 637 1262 692 debeat?
1304 637 1437 701 Quae
1470 638 1735 692 nimirum
1769 638 2023 708 quaestio,

433 724 568 795 quia
614 725 672 778 in
729 726 817 780 via
848 743 942 780 eos
974 727 1115 780 forte
1143 727 1439 780 decoxerat
1469 743 1533 780 ac
1557 727 1602 781 si
1637 729 1864 781 ﬂamma
1895 728 2014 792 zeli,

435 812 839 868 convincuntur
872 815 990 883 jam
1024 814 1081 867 in
1110 814 1276 868 domo
1308 815 1534 886 recepti,
1566 816 1773 869 talibus
1803 834 1864 869 se
1893 816 2029 870 invi-

435 919 556 957 cem
585 901 843 973 alloquiis
869 903 938 956 ad
966 902 1235 957 invidiam
1274 891 1663 960 commovisse.
1702 905 1857 958 Tunc
1888 905 2027 959 fece-

436 997 588 1053 runt,
615 992 779 1060 juxta
808 991 1148 1056 Matthteum,
1178 993 1325 1063 quod
1354 993 1598 1062 primum
1619 993 1798 1047 lacere
1825 993 2029 1048 debue-

434 1085 582 1134 rant.
605 1081 972 1134 Accesserant
993 1081 1112 1150 jam
1141 1080 1291 1133 domi
1321 1097 1448 1135 cum
1479 1089 1667 1136 essent
1686 1087 1743 1136 et
1769 1083 2024 1149 convicti,

435 1169 595 1242 quasi
623 1169 880 1241 discipuli
899 1171 970 1224 ad
989 1171 1721 1242 Magistrumproponentes
1741 1174 2027 1245 praefatam

435 1258 932 1329 interrogationem
975 1259 1099 1330 quis
1128 1277 1321 1314 eorum
1365 1267 1513 1315 esset
1543 1263 1742 1332 major.
1777 1264 2027 1328 Quorum

434 1348 749 1402 imitatores
774 1353 831 1401 et
857 1364 961 1402 nos
987 1348 1214 1402 omnino
1254 1366 1376 1403 esse
1405 1349 1690 1405 debemus.
1717 1352 1763 1407 si
1798 1355 2022 1424 quando

436 1441 647 1512 aliquid
679 1441 826 1494 inter
862 1457 984 1505 nos,
1032 1441 1191 1511 quasi
1219 1441 1451 1496 dubium
1481 1445 1744 1508 evenerit,
1782 1462 1881 1516 pro
1913 1464 2023 1517 quo

437 1529 663 1601 aliquod
689 1529 822 1583 oriri
853 1535 1039 1600 posset
1062 1531 1385 1601 scrupulum
1407 1532 1475 1586 ad
1507 1532 1877 1588 invicem.Sed
1903 1536 2027 1606 pius

436 1618 720 1690 inspector
758 1617 1193 1688 benignissimus
1238 1621 1398 1674 Jesus
1437 1620 1630 1676 videns
1663 1623 2027 1692 cogitationes

2109 475 2303 514 eorum
2321 461 2855 532 proponit,insinuat
2866 465 3014 535 quod
3040 465 3149 518 haec
3169 466 3327 520 virtus
3342 467 3604 535 nulliqzs

2108 550 2367 620 proprius
2399 557 2501 615 est,
2527 568 2636 605 non
2661 553 2844 617 Petro,
2880 569 2990 607 non
3015 555 3230 617 Joanni,
3261 571 3406 625 quam
3425 557 3604 622 ceteris,

2111 638 2204 691 sed
2237 638 2494 692 omnibus
2515 640 2609 711 qui
2639 657 2764 695 eam
2795 643 3066 712 elegerint
3086 643 3234 714 sequi
3249 645 3516 698 communis
3530 651 3607 700 est.

2111 727 2234 780 Non
2264 733 2326 782 ut
2351 734 2569 782 aetatem
2602 729 2845 784 habeant
2873 731 3162 802 puerilem,
3200 731 3290 786 sed
3308 731 3612 788 humilitatem

2111 821 2278 886 atque
2305 817 2702 883 innocentiam,
2728 835 2897 889 quam
2935 819 3011 874 illi
3046 837 3145 890 per
3171 826 3373 874 aetatem
3398 836 3612 876 annorum

2111 905 2417 976 possident,
2448 907 2541 961 isti
2555 924 2655 978 per
2682 907 3038 974 industriam,
3071 913 3129 962 et
3156 909 3400 962 virtutem
3427 908 3617 964 habeant

2110 995 2369 1064 puritatis
2422 997 2789 1067 Nequaquam
2821 997 3000 1067 igitur
3028 1013 3222 1068 parum
3260 1004 3340 1054 est
3359 997 3540 1052 virtutis
3560 1005 3623 1051 ta-

2112 1083 2249 1137 lium
2278 1084 2535 1138 imitatio.
2561 1085 2705 1149 Quia
2729 1086 2780 1140 si
2809 1086 2935 1157 quis
2962 1087 3045 1140 vir
3070 1086 3390 1141 constitutus
3411 1102 3466 1140 eo
3489 1102 3623 1156 usque

2113 1173 2532 1228 mortillcaverit
2560 1175 2744 1228 viriles
2768 1175 3240 1246 concupiscentias
3259 1192 3378 1230 suas
3394 1175 3446 1228 in
3469 1174 3623 1245 spiritu

2111 1266 2168 1314 et
2196 1263 2511 1332 corporales
2531 1269 2710 1329 actus,
2726 1269 2790 1318 ut
2808 1281 3030 1334 semper
3049 1270 3283 1318 mortem
3303 1265 3328 1318 J
3334 1280 3422 1318 esu
3443 1263 3624 1317 circum-

2109 1349 2254 1404 ferat
2291 1350 2350 1404 in
2397 1369 2628 1422 corpore
2663 1369 2783 1417 suo,
2835 1353 2916 1406 ita
2970 1360 3037 1407 ut
3079 1370 3218 1424 puer
3265 1353 3354 1424 qui
3394 1350 3628 1406 muliebria

2110 1439 2356 1493 nondum
2381 1441 2636 1506 tentavit,
2673 1457 2774 1494 nec
2800 1441 2973 1495 sensit
3007 1447 3193 1496 motus
3214 1442 3406 1506 viriles,
3435 1440 3630 1494 istetalis

2110 1544 2408 1583 conversus
2434 1529 2614 1583 factus
2643 1535 2729 1583 est
2758 1529 2904 1584 sicut
2927 1547 3086 1601 puer,
3117 1532 3274 1601 cujus
3302 1529 3511 1584 necdum
3534 1533 3632 1581 sunt

2111 1616 2255 1670 oculi
2285 1617 2507 1687 aperti;
2551 1633 2690 1688 quos
2730 1619 2876 1672 male
2903 1625 3129 1689 apertos
3175 1618 3231 1673 in
3273 1618 3455 1679 Adam,
3495 1616 3634 1670 adhuc

440 1723 633 1762 eorum
679 1712 735 1760 et
763 1723 958 1760 causas
991 1707 1134 1761 tanti
1163 1709 1366 1762 erroris
1413 1715 1590 1776 τῆς
1626 1710 2021 1781 intelligentes,
2047 1710 2088 1772 Β
2113 1703 2280 1758 hOdic
2312 1706 2433 1775 jam
2495 1713 2722 1778 propter
2784 1723 3010 1778 poenam
3072 1707 3300 1779 peccati,
3347 1705 3488 1760 valde
3525 1703 3635 1757 dole-

438 1795 616 1851 voluit
639 1795 942 1850 clementer
971 1796 1309 1852 desiderium
1337 1798 1529 1868 gloriae
1565 1816 1600 1852 a
1644 1800 1904 1855 cordibus
1935 1818 2028 1855 eo-

439 1901 568 1940 rum
624 1901 908 1939 removere
960 1886 1452 1958 contentionesque
1504 1905 1723 1955 sanare,
1775 1890 2028 1945 antidoto

2114 1808 2258 1847 mus.

2186 1883 2254 1936 Et
2281 1881 2406 1936 ideo
2433 1883 2628 1948 talem,
2656 1888 2720 1938 ut
2746 1884 2932 1950 credo,
2970 1884 3029 1938 in
3069 1885 3253 1940 medio
3285 1899 3464 1938 eorum
3487 1880 3640 1935 statuit

438 1974 793 2040 humilitatis,
827 1975 906 2028 ita
947 1981 1010 2029 ut
1040 1975 1323 2047 sapienter
1356 1982 1554 2030 cuncta
1583 1994 1775 2032 eorum
1807 1985 2031 2034 curaret
2112 1971 2493 2041 parvolumdn
2505 1973 2667 2042 cujus
2688 1973 3008 2027 innocentia
3038 1978 3097 2028 et
3115 1972 3460 2044 simpliCitatc
3483 1969 3638 2034 οοτάίεν

436 2065 692 2120 vulnera.

507 2155 788 2209 Advocans
803 2169 983 2207 unum
994 2157 1295 2222 parvulum
1317 2158 1513 2208 statuit
1531 2173 1656 2209 eum
1679 2160 1742 2211 in
1765 2161 1936 2212 medio
1953 2176 2031 2213 eo-

436 2241 752 2296 rum.Multi
795 2241 1021 2311 quidem
1051 2241 1118 2294 de
1153 2241 1255 2295 hoc
1281 2251 1745 2313 pueroquaarunt,
1765 2251 2029 2301 utrumne

2112 2060 2270 2114 illum
2295 2061 2475 2114 Adam
2507 2062 2600 2132 qui
2626 2063 2810 2117 fuerat
2837 2069 2969 2116 ante
2991 2070 3300 2133 peccatum,
3335 2066 3556 2115 sanctum
3581 2074 3642 2112 re-

2111 2157 2495 2220 praesentaret.
2514 2151 2657 2205 forte
2677 2153 2734 2205 in
2763 2152 2945 2223 seipso
2970 2153 3087 2222 jam
3121 2153 3644 2217 renatum;nonutto-

2111 2245 2232 2293 tum
2281 2239 2634 2310 insipientia},
2669 2241 2816 2312 quod
2850 2248 2974 2295 erat
2993 2241 3140 2295 infra
3172 2257 3361 2304 annos,
3392 2239 3479 2294 sed
3504 2242 3644 2291 totum

437 2328 768 2400 simpliciter
795 2329 1179 2399 accipiendum
1206 2331 1280 2384 sit
1320 2331 1465 2401 quod
1501 2335 1763 2387 statuerit
1797 2336 2030 2405 quemli-
2113 2329 2442 2382 innocentia:
2485 2335 2541 2383 et
2569 2329 2830 2400 puritatis
2862 2335 3254 2402 sequerentur,
3287 2328 3426 2400 quod
3473 2330 3576 2380 erat
3604 2325 3647 2377 in

434 2416 533 2473 bet
555 2433 728 2472 unum
752 2419 820 2471 de
843 2419 1104 2489 parvulis,
1127 2435 1196 2473 an
1225 2419 1366 2474 forte
1383 2421 1628 2492 seipsum
1651 2422 1731 2477 eis
1748 2427 2036 2496 proposuit
2117 2422 2318 2472 natura
2351 2418 2510 2488 pueri
2539 2417 2750 2490 absque
2771 2419 2923 2473 vitio.
2956 2420 3030 2474 Ut
3063 2425 3279 2490 quanta
3297 2417 3518 2488 amplius
3535 2415 3648 2486 ipso-

391 2543 400 2552 .
438 2507 510 2561 ad
536 2508 874 2578 exemplum,
907 2508 991 2561 vel
1019 2515 1168 2562 certe
1198 2509 1491 2575 Joannem,
1524 2511 1618 2581 qui
1644 2529 1837 2566 eorum
1868 2520 2032 2569 aetate
2117 2522 2242 2559 rum
2283 2505 2519 2576 quisque
2548 2507 3029 2578 apprOpinquaret
3051 2524 3197 2563 verm
3232 2504 3537 2561 innocentiae
3558 2517 3652 2574 pro-

431 2597 627 2668 junior
645 2596 961 2653 videbatur.
1005 2597 1147 2661 Quia
1177 2598 1510 2668 quibusdam
1543 2601 1611 2654 de
1645 2601 1894 2671 quolibet
1908 2620 2033 2673 par—
2115 2594 2366 2660 fectibUS.
2400 2595 2666 2649 recedens
2696 2595 2766 2650 ab
2795 2597 3117 2666 hujusmodi
3167 2613 3289 2668 quae
3331 2600 3509 2668 postea
3538 2591 3652 2646 acci-

435 2686 564 2741 vulo
622 2685 932 2757 incongrua
977 2686 1199 2740 videtur
1238 2689 1634 2760 propositionis
1663 2693 2024 2761 comparatio,
2114 2683 2274 2746 dunt.
2306 2690 2364 2737 et
2390 2685 2787 2740 accrescuntin
2818 2685 2978 2740 nobis
3007 2685 3378 2758 passioniblls.
3406 2687 3545 2737 tanto
3568 2695 3655 2733 ω’

437 2775 573 2830 dum
621 2780 679 2829 et
705 2776 937 2847 parvulo
971 2777 1126 2830 nulla
1153 2776 1336 2831 adhuc
1374 2777 1430 2830 in
1468 2777 1674 2832 talibus
1703 2780 1866 2832 annis
1895 2797 2029 2851 pru-
2115 2771 2261 2840 plius
2289 2772 2504 2826 caeteris
2533 2773 2978 2843 continentibus,
3000 2778 3057 2828 et
3084 2774 3154 2827 ad
3187 2773 3484 2845 perfectum
3501 2783 3656 2824 ascen-

435 2864 628 2919 dentia
655 2864 804 2934 viget
835 2881 946 2935 qua
986 2865 1162 2918 virtus
1207 2871 1488 2935 operetur,
1540 2883 1721 2937 neque
1751 2867 1828 2920 sic
1858 2869 2028 2922 alieni
2113 2859 2246 2915 dere
2269 2877 2380 2915 non
2416 2861 2750 2926 Valentibus,
2801 2865 2984 2934 major
3005 2862 3286 2918 habeatur
3312 2863 3369 2916 in
3397 2875 3550 2931 regno
3570 2873 3656 2910 coa-

438 2958 572 3008 sunt
599 2969 633 3005 a
670 2952 838 3016 vitiis,
884 2969 954 3005 ne
1003 2952 1078 3005 sit
1108 2953 1164 3004 in
1207 2952 1286 3005 eis
1329 2953 1497 3006 insita
1538 2954 1622 3007 lex
1653 2957 1888 3024 peccati,
1921 2950 2318 3046 quaclorum-
2361 2951 2542 3014 Quam
2569 2968 2704 3006 sane
2738 2953 2990 3022 regulam
3025 2952 3412 3024 unusquisque
3438 2949 3491 3003 in
3516 2964 3566 3002 se
3596 2962 3659 2998 1‘8-

439 3042 756 3096 irascantur
781 3045 838 3093 et
865 3045 1200 3093 moveantur
1220 3057 1397 3112 usque
1422 3043 1493 3094 ad
1520 3044 1703 3097 ﬂetus.
1724 3045 1838 3098 Nec
1851 3051 2031 3100 atten-
2056 3035 2096 3046 ”’
2113 3045 2436 3110 compenset
2486 3045 2543 3094 et
2589 3041 2774 3095 videat
2821 3042 2878 3095 in
2929 3041 3017 3095 his
3045 3042 3233 3096 adhuc
3260 3041 3317 3095 in
3366 3040 3479 3110 ipsa
3502 3035 3659 3091 eadem

439 3128 582 3182 dunt
627 3127 684 3181 hi
713 3128 854 3181 tales
883 3128 1296 3198 simplicitatem
1333 3130 1503 3183 divini
1533 3132 1739 3202 eloquii
1785 3139 1840 3187 et
1873 3135 2030 3204 puri-
2113 3135 2276 3182 aetate
2297 3146 2622 3200 puerorum,
2649 3146 2815 3200 quam
2839 3131 2960 3184 sani
2981 3131 3098 3184 sint
3127 3131 3186 3184 in
3220 3128 3471 3184 omnibus
3495 3124 3662 3180 anima:

437 3221 614 3270 tatem
644 3215 816 3282 verbi,
865 3218 1174 3286 praesertim
1223 3233 1346 3272 cum
1377 3220 1558 3273 omnis
1585 3223 1930 3291 comparatio
1961 3225 2031 3279 ad
2113 3218 2466 3288 passionibus
2499 3224 2556 3272 et
2588 3219 2948 3288 languoribus
2977 3219 3158 3290 pueri,
3178 3235 3322 3298 quas
3336 3222 3514 3289 postea
3536 3213 3663 3268 inﬁr-

439 3305 580 3360 illud
627 3304 918 3360 referenda
945 3312 1047 3371 est,
1084 3306 1153 3360 ad
1185 3308 1330 3377 quod
1362 3324 1559 3362 sensus
1588 3309 1854 3380 dirigitur
1878 3329 2023 3366 com-
2116 3307 2340 3361 mitates
2367 3307 2426 3361 in
2456 3307 2832 3378 nosmetipsos
2864 3308 3268 3362 contraximus
3305 3307 3388 3362 Αά
3415 3320 3540 3377 quas
3568 3300 3662 3373 P’i‘

438 3393 712 3466 parantis,
737 3400 795 3448 et
821 3411 931 3448 non
965 3395 1035 3449 ad
1069 3396 1259 3448 omnia
1288 3413 1411 3467 quae
1435 3396 1509 3450 illi
1539 3399 1798 3454 accidunt
1821 3401 1910 3455 cui
1940 3418 2030 3456 res
2113 3412 2266 3448 mum
2299 3413 2602 3467 puerorum
2635 3413 2799 3450 nemo
2831 3397 3266 3467 incurrit.quam
3296 3395 3516 3466 incipiat
3538 3389 3666 3445 abso-

439 3483 630 3554 aliqua
658 3489 1036 3554 comparatur,
1096 3490 1160 3538 ut
1189 3490 1323 3554 puta
1351 3485 1420 3538 de
1449 3487 1802 3558 serpentibus
1833 3496 1890 3544 et
1942 3507 2030 3544 co-
2111 3484 2290 3538 lutum
2324 3486 2530 3556 lingua:
2549 3486 2797 3557 proferre
2815 3502 3154 3549 sermonem,
3184 3502 3356 3556 quem
3385 3477 3668 3556 priusnulla

438 3572 649 3640 lumba,
678 3573 824 3643 quod
836 3575 955 3643 jam
976 3579 1127 3627 retro
1155 3573 1365 3628 dictum
1384 3582 1500 3628 est:
1536 3577 1709 3630 Estote
1729 3581 2028 3646 prudentes
2115 3574 2562 3644 concupiscentia
2588 3574 2772 3628 carnis
2797 3575 2999 3644 tangit,
3031 3591 3142 3628 non
3166 3574 3275 3640 ira,
3317 3589 3425 3628 non
3453 3566 3664 3628 tristitia»

437 3665 577 3716 sicut
604 3668 892 3732 serpentes,
916 3667 964 3715 et
983 3665 1256 3731 simplices
1276 3666 1418 3717 sicut
1456 3668 1714 3720 columba
1737 3668 1946 3730 (Matth.
1973 3685 2029 3734 x,
2116 3679 2226 3716 non
2257 3663 2468 3729 odium,
2499 3681 2611 3717 non
2639 3663 2869 3726 invidia,
2892 3666 2994 3718 nec
3009 3663 3126 3717 ulla
3143 3668 3474 3718 ceterarum
3495 3655 3668 3731 passio-

441 3750 546 3821 15),
580 3768 708 3806 cum
758 3751 937 3806 multa
965 3752 1081 3806 sint
1116 3752 1172 3805 in
1217 3752 1303 3806 his
1334 3769 1456 3824 quae
1486 3755 1733 3808 cavenda
1780 3762 1940 3810 sunt:
1976 3764 2033 3811 et
2115 3768 2251 3805 num
2271 3752 2522 3823 prurigo.
2543 3753 2606 3806 In
2635 3759 2860 3808 tantum
2883 3752 3052 3807 etiam
3073 3752 3212 3806 utin
3245 3756 3424 3806 morte
3440 3748 3597 3822 patris
3619 3759 3669 3797 ac

437 3844 628 3896 tamen
641 3846 726 3895 est
744 3841 801 3895 in
822 3847 1082 3912 serpente
1109 3847 1269 3896 tanta
1298 3842 1748 3915 prudentia,quze
1773 3845 2029 3899 sufficere
2116 3840 2314 3894 matris
2345 3841 2428 3893 vel
2457 3841 2695 3912 alicujus
2719 3842 2904 3907 amici,
2941 3842 3114 3905 ludat,
3149 3847 3206 3895 et
3233 3841 3295 3895 in
3321 3840 3435 3894 suis
3462 3836 3668 3891 delecta-

437 3931 694 4000 possitad
713 3931 1049 4001 exemplum,
1070 3936 1128 3984 et
1145 3931 1199 3984 in
1218 3930 1476 3986 columba
1493 3938 1654 3986 tanta
1672 3933 2023 4004 simplicitas,
2115 3934 2209 3982 tur
2235 3929 2552 4000 crepundiis
2581 3930 2888 4001 simplicius
2919 3947 3086 4002 quam
3129 3930 3282 3984 ullus
3315 3931 3462 3984 inter
3487 3924 3672 3998 epulas.

437 4024 503 4073 ut
527 4021 650 4090 ejus
674 4020 914 4073 imitatio
943 4036 1100 4090 aeque
1126 4020 1449 4074 sufficiatad
1469 4023 1890 4076 salutem.ltaet
1924 4023 2028 4077 hoc
2110 4017 2301 4072 Nescit
2343 4017 2491 4071 enim
2542 4020 2823 4086 extollere,
2870 4020 3047 4074 nescit
3084 4019 3202 4074 alta
3230 4019 3530 4090 requirere,
3565 4009 3672 4064 vilia

438 4108 558 4162 loco
613 4108 900 4177 eleganter
940 4109 1262 4162 innocentia
1318 4111 1532 4180 parvuli
1575 4111 1911 4181 pr0ponitur
1956 4111 2026 4165 ad
2109 4124 2222 4162 non
2256 4107 2480 4176 refugit,
2514 4108 2758 4179 pretiosa
2786 4114 2843 4162 et
2874 4126 2996 4179 quae
3045 4108 3325 4180 superbiae
3368 4111 3512 4169 sunt,
3544 4099 3674 4156 nulla

439 4195 774 4264 exemplum.
800 4201 865 4249 ut
877 4202 1096 4250 revocet
1117 4199 1401 4266 apostolos
1428 4216 1462 4251 a
1486 4215 1628 4252 vana
1649 4200 1829 4269 gloria
1860 4206 1917 4254 et
1941 4201 2022 4254 in-
2111 4197 2366 4267 requirit,
2401 4197 2471 4251 ad
2496 4197 2747 4251 omnium
2761 4203 3020 4268 aspectus
3041 4198 3275 4268 gaudet,
3301 4212 3491 4252 omnes
3516 4197 3574 4246 ut
3597 4205 3673 4260 pa-

438 4281 588 4336 vidia
609 4283 680 4337 ad
700 4283 1080 4337 humilitatem
1122 4290 1179 4337 et
1209 4290 1592 4355 contemptum
1619 4288 1822 4342 saeculi.
1865 4288 2025 4352 Quod
2045 4293 2299 4396 l)rentes
2328 4287 2528 4357 diligit.
2545 4286 2688 4350 Quid
2703 4287 2904 4358 plura?
2934 4286 3115 4340 Etiam
3145 4304 3251 4341 nec
3267 4287 3449 4358 ipsam
3466 4285 3673 4338 mortem

438 4372 609 4428 etiam
635 4373 755 4444 ipse
785 4388 968 4426 sermo
985 4372 1349 4442 Evangelicus
1364 4374 1540 4443 magis
1561 4391 1760 4428 sonare
1787 4376 2022 4443 videtur,
2046 4371 2288 4430 "timet.
2335 4375 2494 4440 Quod
2533 4375 2580 4429 si
2610 4376 2836 4430 voluero
2867 4381 3098 4430 cunctas
3153 4376 3511 4430 dinumerare
3536 4371 3674 4424 inno-

438 4478 608 4534 quam
637 4462 810 4517 ullam
841 4461 1012 4515 aliam
1043 4477 1339 4532 personam
1372 4461 1745 4526 introducere,
1779 4466 1840 4518 Et
1858 4466 2026 4518 advo-
2110 4463 2302 4518 centia:
2322 4465 2445 4533 ejus
2469 4464 2720 4528 virtutes,
2747 4465 2976 4534 longum
2997 4464 3125 4529 erit,
3141 4480 3281 4535 quas
3302 4464 3472 4518 etiam
3501 4464 3674 4514 natura

435 4568 587 4611 cans,
618 4551 820 4623 inquit,
847 4553 1190 4605 Jesusunum
1219 4552 1540 4620 parvulum,
1560 4556 1752 4606 statuit
1767 4557 1828 4606 in
1848 4556 2026 4608 medio
2107 4553 2340 4608 virtutes
2370 4553 2622 4624 quamvis
2650 4553 2865 4620 vitiata,
2895 4553 2952 4606 in
2973 4543 3281 4623 propagine
3306 4567 3496 4607 secum
3519 4559 3677 4602 serva-

433 4657 644 4698 eorum.
694 4639 801 4694 Ubi
849 4657 959 4694 non
998 4657 1057 4694 se
1087 4656 1268 4710 neque
1307 4640 1578 4694 Joannem
1618 4647 1716 4695 aut
1746 4641 2020 4712 Spiritum

431 4734 708 4796 sanctum,
749 4729 899 4799 quod
943 4729 1038 4782 alii
1079 4729 1290 4795 volunt,
1323 4730 1619 4784 advocasse
1671 4730 1890 4794 dicitur,
1923 4732 2020 4786 sed

431 4835 608 4875 unum
632 4835 662 4872 e
687 4817 950 4890 parvulis,
984 4820 1143 4888 cujus
1171 4819 1492 4874 innocentia
1533 4823 1700 4891 atque
1731 4820 2021 4875 humilitas

431 4908 725 4973 naturalis,
751 4923 852 4962 nec
870 4908 1144 4974 affectata,
1164 4909 1551 4979 magisterium
1585 4926 1705 4964 esse
1726 4915 1913 4982 posset
1941 4927 2025 4964 sa-

428 4997 580 5053 lutis.
621 4995 779 5052 Unde
806 4995 1062 5067 sequitur
1083 5014 1094 5049 :

498 5089 672 5142 Amen
702 5087 822 5140 dico
847 5087 1010 5151 vobis,
1042 5088 1156 5140 nisi
1183 5090 1430 5140 conversi
1455 5089 1699 5154 fueritis,
1733 5093 1780 5142 et
1811 5089 2022 5155 efﬁcia-

429 5178 576 5230 mini
584 5178 727 5230 sicut
743 5175 1111 5245 parvuli,n0n
1122 5176 1409 5229 intrabitis
1424 5179 1486 5230 in
1498 5193 1730 5245 regnum
1744 5179 2020 5232 caelorum.

429 5265 500 5320 Et
526 5265 854 5331 notandum,
872 5263 1124 5336 quamvis
1153 5281 1328 5318 unum
1350 5267 1704 5336 proposuerit
1728 5266 1785 5320 in
1815 5265 2018 5330 medio,

428 5368 542 5409 non
563 5351 644 5406 ait
668 5352 813 5407 sicut
844 5353 1109 5425 parvulus
1129 5352 1254 5419 iste,
1281 5353 1377 5408 sed
1399 5353 1544 5408 sicut
1563 5356 1868 5424 parvuli,ut
1895 5371 2018 5408 om-

428 5441 586 5497 nium
618 5457 810 5496 eorum
842 5442 1132 5497 humilitas
1161 5447 1218 5496 et
1241 5442 1560 5497 innocentia
1588 5443 2015 5514 comprobetur;

428 5545 501 5590 ne
514 5530 773 5589 videatur
792 5532 850 5588 in
865 5532 982 5601 illo,
999 5547 1166 5606 quem
1193 5537 1487 5601 statuerat,
1517 5531 1728 5605 aliquid
1755 5534 1908 5590 ultra
1926 5549 2020 5588 na-

2108 4641 2186 4695 vit
2209 4647 2267 4696 et
2295 4642 2546 4696 retinuit.
2578 4641 2736 4695 Unde
2772 4648 2899 4712 post
2927 4647 3248 4712 perceptam
3273 4641 3535 4710 gratiam,
3567 4649 3678 4705 apo-

2103 4731 2232 4784 stoli
2263 4731 2330 4784 ad
2365 4747 2486 4784 eam
2521 4747 2691 4801 quam
2735 4731 2876 4785 bene
2901 4731 3266 4785 remittantur
3294 4728 3674 4799 integritatem.

2105 4836 2174 4874 ne
2202 4819 2460 4890 deinceps
2486 4819 2616 4874 ullis
2646 4826 2988 4891 occupentur
3011 4819 3244 4890 laqueis,
3265 4825 3325 4872 et
3343 4816 3678 4889 implicentur

2106 4909 2684 4978 concupiscentiarum
2704 4909 3005 4963 erroribus.
3037 4909 3196 4973 Quod
3211 4908 3259 4962 si
3288 4905 3583 4978 perfectior
3604 4903 3678 4954 est

2105 4997 2132 5051 J
2138 5013 2234 5052 esu
2266 4997 2475 5052 Christi
2505 4997 2704 5063 forma,
2739 5003 2796 5052 et
2814 4999 2936 5068 ejus
2963 4997 3200 5068 exempli
3220 4995 3485 5059 imitatio,
3508 4999 3678 5046 tamen

2105 5086 2214 5142 ista
2241 5092 2328 5141 est
2355 5087 2490 5141 satis
2520 5086 2776 5141 absoluta
2804 5092 2861 5140 et
2889 5086 3145 5157 perfecta;
3174 5086 3297 5140 vitae
3320 5075 3679 5156 propositio,si

2108 5175 2367 5229 observet
2391 5173 2634 5245 gratiam
2666 5174 2901 5245 quisque
2939 5190 3108 5245 quam
3138 5173 3370 5243 accepit,
3403 5171 3484 5225 ita
3509 5173 3572 5222 ut
3591 5177 3679 5219 nec

2104 5265 2229 5332 sibi,
2268 5281 2370 5319 nec
2399 5263 2561 5318 alteri
2590 5268 2807 5328 noceat,
2841 5263 2975 5317 dum
3037 5269 3228 5317 tamen
3253 5265 3518 5332 cperetur
3540 5253 3682 5327 quid-

2107 5355 2238 5424 quid
2267 5359 2458 5424 postea
2483 5352 2588 5406 sibi
2617 5353 2794 5407 virtus
2824 5352 3027 5406 collata
3056 5367 3155 5423 per
3181 5350 3468 5406 Christum
3498 5345 3677 5406 dictat;

2103 5443 2234 5513 quia
2259 5443 2362 5498 etsi
2392 5459 2493 5497 nec
2523 5440 2734 5512 aliquid
2775 5457 3044 5511 magnum
3070 5457 3267 5513 sapere
3300 5438 3455 5493 cadit
3481 5436 3537 5491 in
3563 5446 3683 5506 pue-

2110 5549 2257 5601 rum,
2293 5532 2450 5588 nulla
2475 5535 2663 5586 tamen
2680 5530 2952 5601 jactantia
2983 5530 3208 5602 generis
3232 5528 3314 5586 vel
3344 5525 3678 5587 divitiarum,
