3888 6172
169 294 261 353 605

823 293 1203 350 EXPOSITIO
1243 295 1321 349 IN
1359 293 1811 350 MA'I'I‘HIEUM.
1851 325 1914 335 —
1955 293 2091 350 LIB.
2132 293 2282 360 VIII,
2327 293 2485 349 CAP.
2531 295 2731 350 XVIII.

3305 292 3411 355 606

164 421 239 477 vel
263 420 489 476 aliarum
520 435 706 474 rerum
725 436 846 490 quae
865 419 1392 482 aestimanturbona,
1426 419 1478 472 ei
1498 419 1732 473 delecta-
1754 421 1801 480 Α
1821 424 2082 490 poterant
2111 418 2304 490 procul
2331 417 2500 472 dubio
2529 434 2624 472 eos
2651 435 2790 490 quos
2815 419 2886 474 ad
2916 421 3085 476 ﬁdem
3117 422 3407 492 vocabant,

164 517 244 566 tur
269 511 322 564 in
351 509 558 570 animo,
587 515 644 562 et
671 509 797 563 ideo
827 510 1116 580 sequitur:

225 601 532 666 Quicunque
557 599 941 652 humiliaveril
964 615 1009 652 se
1029 601 1169 651 sicut
1196 601 1468 666 parvulus
1497 601 1614 662 iste,
1648 599 1737 652 hic

161 695 224 744 est
249 691 422 756 major
450 693 515 742 in
538 705 703 754 regno
732 692 1006 742 caelorum.
1043 689 1105 742 El
1137 690 1450 756 quicunque
1476 692 1734 756 receperit

162 795 318 832 unum
344 781 648 845 parvulum
680 781 844 830 talem
866 780 929 830 in
949 780 1170 830 nomine
1199 793 1330 839 meo,
1375 793 1458 829 me
1478 780 1728 846 suscipit.

161 867 410 930 Quoniam
445 866 560 920 haec
589 865 777 919 omnia
808 865 878 918 ad
923 866 1208 919 Christum
1247 865 1538 918 referenda
1581 873 1728 932 sunt,

157 955 339 1009 idcirco
369 955 426 1008 in
460 956 570 1007 fine
590 954 882 1019 conclusit,
909 954 1228 1024 quicunque
1253 953 1526 1024 receperit
1555 971 1730 1007 unum

155 1044 427 1115 parvulum
441 1044 610 1096 talem
627 1044 683 1096 in
697 1043 922 1097 nomine
944 1059 1066 1096 meo
1083 1060 1171 1096 me
1184 1043 1520 1113 suscipit.Ac
1533 1043 1732 1098 sidice-

156 1139 245 1190 ret.
269 1149 352 1185 me
372 1133 624 1203 suscipit,
656 1132 789 1202 quia
815 1132 872 1185 in
884 1131 1219 1202 talibusipse
1240 1149 1386 1197 sum,
1407 1133 1503 1202 qui
1520 1133 1732 1202 seipsos

154 1221 221 1274 ita
253 1221 538 1291 dejiciunt,
569 1226 630 1274 ut
650 1228 878 1291 propter
907 1237 995 1274 me
1017 1222 1085 1273 ad
1117 1227 1331 1274 tantam
1351 1221 1727 1275 innocentiam

153 1310 314 1363 redire
341 1311 518 1363 velint
542 1328 554 1376 ;
580 1317 641 1363 ut
661 1309 1044 1363 habitudinem
1060 1326 1229 1379 quam
1252 1309 1460 1363 habent
1490 1310 1646 1380 pueri
1664 1328 1727 1364 ex

152 1406 311 1464 etate,
342 1399 453 1469 ipsi
499 1415 599 1469 per
627 1399 902 1452 rationem
933 1404 990 1452 et
1017 1399 1185 1452 ﬁdem
1217 1399 1275 1452 in
1318 1415 1377 1452 se
1398 1399 1721 1470 suscipiant.

152 1489 308 1553 Quam
337 1487 616 1541 altissime
644 1487 1048 1541 consideranda
1077 1493 1211 1541 sunt
1229 1487 1344 1541 haec
1370 1488 1429 1540 in
1451 1490 1660 1558 pueris,
1685 1493 1732 1548 si

151 1577 257 1647 quis
273 1577 340 1630 ad
359 1593 430 1629 ea
451 1577 569 1629 vult
599 1575 780 1629 redire
797 1577 916 1645 jam
933 1592 1248 1630 conversus.
1297 1577 1575 1640 Quoniam
1621 1581 1726 1636 nisi

150 1664 564 1734 diligentissime
578 1669 829 1718 scrutata
842 1664 1012 1718 fuerit
1024 1681 1217 1718 eorum
1238 1667 1595 1736 qualitas,vix
1617 1670 1726 1724 suf-

149 1753 247 1806 ﬁcit
264 1753 376 1806 ulla
397 1753 704 1806 enarrandi
728 1751 982 1806 facultas.
1006 1752 1232 1805 Transit
1243 1753 1520 1823 siquidem
1542 1757 1725 1825 ﬁgura

1817 524 1916 561 suo
1947 507 2208 561 seandalo
2241 507 2491 577 perdere,
2525 507 2656 560 dum
2689 507 2941 562 viderent
2961 525 3074 566 eos.
3106 511 3288 565 adhuc
3320 512 3409 567 in-

1817 598 1963 651 firmi
1997 597 2123 659 ﬁde,
2156 597 2305 650 inter
2333 612 2392 648 se
2421 595 2490 648 de
2521 596 2730 649 honore
2758 614 3029 668 pugnare.
3073 599 3143 653 Et
3170 599 3295 654 ideo
3320 599 3408 655 be-

1815 685 2018 756 nignus
2048 685 2315 755 magister
2343 691 2564 738 revocat
2587 701 2682 739 eos
2711 685 2781 738 ad
2800 687 3177 742 humilitatem
3207 695 3264 743 et
3281 689 3412 743 sim-

1817 775 2122 845 plicitatem
2151 775 2328 844 pueri,
2362 775 2457 844 qui
2490 775 2669 828 nescit
2693 775 2761 828 de
2810 776 3114 830 honoribus
3162 777 3408 848 litigare.

1813 865 1897 918 Ad
1931 865 2088 933 cujus
2119 863 2361 933 profecto
2392 864 2704 934 exemplum
2736 863 2842 916 nisi
2873 870 3230 920 convertatur
3259 867 3407 938 quis,

1815 953 1946 1006 huic
1971 952 2195 1023 quidem
2222 952 2562 1022 impossibile
2575 958 2660 1006 est
2677 957 2895 1007 intrare
2917 957 2979 1007 in
3003 970 3237 1022 regnum
3255 961 3409 1010 caelo-

1815 1058 1964 1094 rum.
1999 1041 2140 1094 Hinc
2166 1057 2386 1111 quoque
2407 1047 2561 1110 patet
2580 1058 2794 1101 sensus.
2829 1042 2964 1111 quia
2992 1042 3154 1096 multi
3183 1059 3408 1097 conver-

1813 1137 2012 1184 tuntur
2041 1137 2106 1184 ut
2137 1132 2274 1183 fiant
2303 1131 2774 1200 quemadmodum
2807 1147 2962 1202 puer,
3004 1137 3061 1185 et
3095 1131 3410 1204 suscipiunt

1810 1220 2060 1273 habitum
2092 1219 2458 1289 discipulatus
2487 1219 2712 1284 Christi,
2760 1220 2856 1273 sed
2906 1237 3017 1274 non
3071 1238 3266 1276 omnes
3309 1223 3406 1293 qui

1811 1315 2230 1368 convertuntur,
2249 1308 2367 1376 jam
2392 1308 2720 1377 perveniunt
2749 1324 2815 1361 eo
2848 1324 3042 1379 usque,
3067 1314 3131 1363 ut
3151 1311 3289 1364 ﬁant
3327 1310 3406 1364 si-

1813 1398 1974 1451 miles
2002 1397 2207 1450 talibus
2235 1395 2442 1466 pueris.
2495 1396 2560 1448 Et
2590 1395 2977 1466 unusquisque
3017 1413 3212 1450 eorum
3247 1404 3405 1453 tanto

1815 1487 2001 1540 minus
2018 1484 2184 1538 habet
2212 1484 2280 1537 de
2303 1482 2672 1537 similitudine
2701 1500 3027 1554 puerorum,
3061 1491 3270 1554 quanto
3292 1486 3409 1540 lon-

1811 1592 1880 1644 ge
1908 1579 1993 1627 est
2021 1573 2089 1626 ab
2117 1571 2447 1626 habitudine
2477 1571 2696 1642 puerili,
2727 1588 2863 1643 erga
2895 1572 3180 1644 passiones
3208 1590 3407 1628 carna-

1811 1664 1909 1727 les,
1937 1668 2123 1728 130
2141 1679 2274 1732 erga
2306 1662 2536 1715 timores
2563 1666 2620 1714 et
2647 1677 2781 1732 erga
2809 1660 3220 1716 oblectamenta
3242 1663 3407 1718 vitio-

1809 1769 1952 1806 rum.
1979 1752 2043 1805 In
2064 1750 2216 1804 omni
2232 1767 2366 1820 ergo
2386 1751 2734 1804 credentium
2756 1750 3118 1806 multitudine
3133 1757 3266 1806 sunt
3283 1752 3409 1823 qui-

147 1840 204 1894 de
233 1841 354 1894 imis
381 1841 456 1894 ad
485 1857 728 1906 summa,
757 1857 886 1894 cum
904 1841 1016 1894 ait:
1036 1843 1356 1910 Quicunque
1375 1848 1725 1911 receperilla-
1743 1814 1939 1894 Bdam
1970 1840 2129 1912 quasi
2161 1857 2341 1910 nuper
2363 1840 2633 1904 conversi,
2667 1845 2732 1894 ut
2767 1841 2906 1893 fiant
2935 1840 3094 1910 quasi
3125 1841 3302 1911 pueri,
3351 1847 3410 1896 et

149 1932 239 1982 lem
257 1933 313 1983 in
335 1933 565 1983 nomine
587 1946 721 1995 meo,
748 1932 1083 1998 mesuscipil.
1107 1931 1232 1983 Non
1249 1931 1393 2000 quod
1408 1932 1549 1985 tales
1569 1935 1729 2003 pueri

147 2017 366 2089 hospitio
389 2017 738 2088 suscipiendi
763 2018 894 2084 sint,
927 2018 1021 2088 qui
1053 2018 1310 2072 nesciunt
1339 2019 1521 2074 adhuc
1567 2022 1729 2092 quid-

150 2123 296 2177 quam
317 2124 598 2178 quaerere,
631 2123 952 2178 quanquam
1003 2124 1069 2160 ex
1115 2107 1417 2162 benefactis
1462 2127 1585 2179 quae
1632 2127 1730 2181 pro

149 2196 344 2250 Christo
371 2197 436 2249 in
467 2196 604 2266 ipsis
643 2197 804 2260 fiunt,
839 2196 977 2250 nihil
1008 2197 1294 2266 depereat.
1322 2198 1428 2252 Sed
1443 2199 1537 2269 qui
1560 2201 1729 2253 talem

146 2285 436 2356 susceperit
465 2301 567 2356 pro
588 2285 815 2338 nomine
855 2285 1082 2344 Christi.
1117 2292 1215 2339 aut
1242 2303 1342 2356 pro
1373 2288 1600 2342 nomine
1643 2289 1728 2341 di-

145 2373 333 2444 scipuli,
366 2374 600 2444 qualem
630 2373 747 2427 vult
766 2373 889 2444 pius
923 2373 1193 2444 magister
1223 2375 1346 2428 fieri
1377 2392 1525 2440 etim,
1559 2393 1726 2446 quem

144 2463 203 2515 ad
220 2470 433 2516 tantam
462 2463 671 2517 invitat
687 2462 978 2534 pervenire
995 2463 1394 2521 innocentiam.
1420 2471 1484 2518 ut
1498 2471 1727 2535 propter

144 2550 296 2605 Deum
338 2551 490 2605 nihil
538 2551 736 2605 timide
789 2551 1048 2622 refugiat,
1100 2552 1237 2606 nihil
1285 2553 1532 2616 honoris,
1582 2553 1722 2607 deli-

144 2640 350 2706 ciarum,
387 2640 536 2694 nihil
561 2641 887 2710 voluptuose
925 2641 1212 2711 requirat;
1247 2641 1378 2711 quia
1407 2641 1584 2695 forma
1614 2642 1723 2696 vir-

144 2729 259 2782 tutis
285 2735 388 2793 est,
427 2729 567 2783 dum
604 2733 790 2794 ηε)
815 2746 954 2800 puer
981 2730 1255 2784 sibi‘nihil
1285 2727 1726 2796 vindicat,nihil-

144 2833 237 2887 que
263 2817 524 2888 requirit.

201 2907 259 2959 El
281 2911 378 2975 qui
398 2908 874 2960 scandalizaverit
895 2922 1095 2972 unum,
1111 2906 1311 2977 inquit,
1336 2909 1398 2960 de
1413 2911 1637 2976 pusillis
1658 2911 1727 2960 is-

1811 1930 2060 1983 nondum
2092 1935 2283 1982 tamen
2305 1933 2439 1982 sunt
2462 1928 2610 1993 facti,
2646 1928 2896 1998 quamvis
2931 1928 3223 1982 videantur
3271 1945 3406 1984 con-

1813 2018 1975 2073 versi.
2010 2017 2205 2071 Pusilli
2236 2016 2512 2071 habentur
2539 2017 2596 2070 in
2627 2016 2848 2070 Christo
2887 2022 2945 2070 et
2974 2017 3209 2087 parvuli,
3251 2034 3406 2072 rece-

1812 2114 1999 2179 ptores
2029 2106 2294 2171 scandali,
2331 2106 2461 2176 quia
2488 2111 2723 2177 possunt
2750 2105 3134 2171 scandalizari,
3177 2111 3235 2160 et
3280 2106 3406 2162 ideo

1814 2196 2046 2267 parvuli.
2066 2195 2329 2266 Alioquin
2347 2195 2453 2248 nisi
2484 2194 2669 2265 pusilli
2697 2200 2753 2248 et
2782 2195 2996 2265 parvuli
3026 2201 3231 2260 essent,
3252 2212 3407 2250 scan-

1811 2287 2001 2340 dalum
2033 2302 2142 2339 non
2167 2285 2498 2354 reciperent.
2533 2284 2747 2348 Quibus
2777 2285 3008 2338 omnino
3041 2284 3289 2338 scandali
3319 2301 3408 2339 oe-

1811 2375 2092 2428 casionem
2123 2391 2232 2427 non
2265 2372 2532 2427 debemus
2563 2372 2828 2444 praebere,
2882 2374 3146 2444 quoniam
3194 2379 3251 2427 et
3297 2374 3406 2444 ipsi

1801 2466 1921 2535 jam
1951 2468 2084 2517 sunt
2112 2464 2170 2517 in
2191 2463 2439 2519 Christo.
2491 2463 2572 2516 De
2608 2461 2811 2532 quibus
2839 2461 2897 2515 in
2929 2463 3151 2516 Psalmo
3179 2462 3404 2529 dicitur,

1807 2554 2084 2606 Benediril
2102 2553 2356 2604 munibus
2377 2555 2474 2618 qui
2495 2552 2690 2604 timent
2709 2549 3030 2616 Dominum,
3044 2553 3268 2618 pusillis
3281 2567 3407 2604 cum

1809 2643 2115 2708 majoribus
2159 2643 2318 2696 (Psal.
2351 2654 2501 2704 cxm,
2540 2638 2640 2708 13).
2674 2640 2753 2692 De
2785 2639 2986 2710 quibus
3015 2639 3408 2710 pusillis,quia

1803 2731 1922 2799 jam
1950 2729 2224 2782 benedicti
2258 2734 2388 2782 sunt
2417 2745 2450 2781 a
2475 2727 2733 2792 Domino,
2771 2733 2827 2781 et
2865 2727 3047 2781 renati
3073 2728 3131 2780 in
3160 2727 3400 2793 Christo,

1807 2818 1944 2871 dicit
1969 2835 1978 2869 :
2008 2819 2114 2884 Qui
2129 2819 2595 2871 scandalizaverit
2617 2833 2798 2870 unum
2817 2818 2878 2870 de
2903 2819 3128 2884 pusillis
3142 2818 3280 2881 istis,
3308 2821 3408 2885 qui

1809 2911 1973 2960 inme
2003 2907 2253 2969 credunt,
2278 2907 2550 2974 δωρεαίιεὶ
2581 2910 2644 2958 ut
2662 2906 3031 2974 suspendalur
3059 2906 3409 2959 molaasina—

145 2998 201 3048 (is
227 2999 318 3064 qui
343 2997 662 3050 credunt-in
685 2997 1012 3063 mc,e:rpcdil
1038 2999 1089 3048 ei
1115 3001 1174 3048 ut
1195 2998 1727 3064 suspendalunmola
1747 2973 1790 3032 C‘
1811 2999 1901 3048 ria
1931 2998 1993 3048 in
2023 2998 2157 3048 collo
2185 2997 2318 3062 ejus,
2345 3010 2444 3047 seu
2475 2999 2697 3048 caetera.
2738 2994 3002 3048 Testatur
3033 2993 3410 3064 Hieronymus

148 3087 383 3138 asinaria
420 3088 484 3137 in
511 3088 647 3138 collo
676 3088 811 3152 ejus,
847 3090 895 3137 et
925 3086 1274 3151 dimergalur
1305 3088 1364 3138 in
1381 3087 1728 3153 profundum

150 3176 322 3226 maris.
346 3173 536 3228 Multa
559 3179 694 3226 sunt
722 3173 945 3243 quidem
976 3173 1033 3225 in
1073 3173 1160 3226 his
1189 3172 1440 3227 versibus
1465 3191 1587 3244 quae
1625 3174 1730 3228 sibi

145 3261 514 3331 dogmatizant
546 3261 792 3332 plurimi,
825 3278 926 3314 nos
955 3277 1084 3314 vero
1115 3261 1258 3315 sicut
1301 3268 1357 3316 et
1389 3263 1447 3315 in
1498 3263 1729 3333 reliquis

143 3349 280 3413 locis,
311 3352 493 3405 solam
521 3356 579 3404 et
622 3349 933 3420 simplicem
981 3349 1411 3420 intelligentiam
1453 3351 1729 3405 sermonis

143 3441 483 3510 requirentes
513 3439 584 3493 ob
625 3438 912 3492 brevitatis
941 3439 1334 3509 compendium
1362 3456 1554 3494 eorum
1603 3441 1729 3510 plu-

145 3527 270 3582 rima
301 3527 816 3600 praetermittimus,
868 3544 989 3597 quae
1029 3527 1244 3581 utiliter
1293 3527 1401 3581 dici
1447 3533 1725 3599 poterant.

143 3616 535 3672 Verumtamen
563 3616 929 3686 quaerendum
963 3628 1066 3680 est,
1100 3616 1376 3685 quomodo
1420 3615 1606 3686 pusilli
1643 3615 1730 3668 di-

145 3714 326 3761 cantur
337 3707 607 3778 apostoli.
628 3712 726 3759 aut
740 3706 940 3775 reliqui
961 3706 1362 3776 discipulorum
1383 3705 1609 3770 Christi,
1635 3705 1731 3776 qui

143 3793 200 3845 ad
227 3793 365 3847 hanc
395 3792 802 3864 perfectionem
832 3791 1020 3844 venire
1049 3791 1350 3860 potuerint.
1379 3791 1448 3843 ad
1471 3806 1640 3860 quam
1661 3789 1731 3843 si-

143 3887 222 3934 cut
247 3882 313 3935 ad
343 3882 735 3954 spectaculum
755 3880 1047 3944 virtutum,
1081 3886 1198 3932 tam
1221 3880 1620 3950 circumspecte
1642 3879 1728 3932 in-

139 3968 371 4025 vitantur
398 3987 436 4023 a
463 3969 724 4024 Domino.
757 3968 1028 4022 Novimus
1060 3985 1212 4038 ergo,
1253 3968 1386 4039 quia
1413 3968 1482 4021 de
1506 3967 1592 4021 his
1608 3984 1731 4038 par-

141 4059 264 4112 vulis
288 4077 406 4114 non
435 4059 572 4113 dicit
601 4058 698 4129 qui
726 4057 910 4111 adhuc
939 4057 1199 4112 nesciunt
1226 4056 1608 4122 scandalizari,
1631 4056 1728 4110 sed

139 4146 196 4200 de
219 4148 299 4202 his
337 4149 440 4219 qui
493 4164 690 4201 eorum
725 4147 1100 4200 innocentiam
1143 4151 1446 4217 potuerunt
1498 4144 1725 4198 imitari.

140 4235 241 4290 Etsi
269 4237 645 4308 semetipsum
675 4236 884 4290 eisdem
929 4236 1202 4306 praeponit
1246 4239 1330 4303 (ut
1364 4234 1591 4304 quidam
1634 4250 1730 4286 vo-

1811 3085 1914 3138 hoc
1941 3085 2081 3148 loco,
2110 3083 2259 3152 quod
2289 3083 2596 3136 secundum
2619 3083 2787 3136 ritum
2822 3082 3116 3153 provinciae
3146 3083 3412 3153 loquatur

1813 3173 2089 3234 Christus,
2118 3172 2372 3242 quamvis
2402 3172 2496 3225 alii
2527 3172 2782 3226 doctores
2827 3171 2992 3225 aliter
3029 3172 3134 3225 hoc
3174 3171 3409 3242 dogma-

1813 3263 2003 3325 tizent,
2041 3261 2188 3331 quod
2211 3261 2320 3314 ista
2341 3260 2510 3314 fuerit
2537 3261 2881 3314 consuetudo
2901 3259 3052 3331 apud
3074 3265 3287 3314 veteres
3309 3260 3410 3314 Ju-

1811 3352 1960 3405 daeos
1990 3365 2093 3420 pro
2123 3349 2432 3419 majoribus
2455 3349 2802 3413 criminibus,
2836 3355 2899 3403 ut
2920 3350 3024 3403 hac
3050 3366 3180 3403 reus
3209 3350 3412 3420 plecte-

1813 3445 1969 3493 retur
1992 3455 2174 3510 poena,
2206 3437 2418 3508 judicio
2447 3439 2852 3492 condemnatus
2879 3456 2891 3504 ;
2934 3438 3108 3508 ligato
3131 3438 3409 3509 siquidem

1812 3545 1944 3582 saxo
1975 3528 2043 3580 ad
2075 3527 2277 3581 collum
2310 3527 2450 3595 ejus.
2483 3527 2672 3597 sicque
2701 3527 2758 3580 in
2780 3526 3120 3597 profundum
3138 3527 3413 3598 dimerge-

1813 3616 1978 3670 batur
2005 3617 2275 3686 cujusque
2296 3614 2501 3686 abyssi.
2539 3615 2699 3679 Quod
2721 3632 2914 3669 saxum
2943 3615 3234 3680 Dominus,
3250 3617 3413 3686 juxta

1814 3705 2133 3759 Matthaeum
2155 3710 2212 3757 et
2233 3704 2501 3768 Marcum,
2529 3704 2734 3756 molam
2758 3703 3058 3757 asinariam
3085 3709 3256 3768 vocat,
3282 3704 3413 3758 licet

1817 3795 1991 3849 Lucas
2019 3792 2409 3847 tantummodo
2429 3808 2554 3845 eam
2575 3791 2816 3862 lapidem
2842 3793 3105 3862 appellet.
3129 3791 3281 3844 Nulli
3312 3792 3412 3846 du-

1813 3881 1968 3936 bium
2004 3881 2150 3953 quod
2173 3881 2332 3934 molae
2361 3880 2618 3934 asinariae
2648 3881 2795 3951 apud
2815 3880 3036 3934 Judaeos
3077 3879 3306 3945 fuerint,
3339 3880 3413 3934 si-

1813 3978 1909 4025 cut
1940 3978 1997 4024 et
2024 3971 2169 4042 apud
2191 3970 2461 4042 plurimas
2480 3975 2695 4040 gentes.
2721 3969 2930 4024 Idcirco
2948 3968 3202 4039 quamvis
3223 3968 3410 4040 lapide

1813 4061 2186 4132 qualicunque
2217 4060 2556 4130 plecteretur
2594 4059 2872 4113 dimersus
2909 4063 3099 4112 tamen
3130 4058 3262 4128 quia
3289 4063 3413 4114 tan-

1812 4156 1905 4202 tus
1935 4154 2058 4202 erat
2087 4148 2229 4218 lapis
2261 4148 2372 4211 ille,
2429 4153 2494 4202 ut
2548 4147 2725 4212 aiunt,
2784 4157 2996 4219 quanta
3039 4154 3125 4202 est
3166 4149 3414 4204 asinaria

1813 4239 1980 4302 mola,
2009 4239 2138 4308 jure
2166 4237 2436 4292 Dominus
2464 4237 2719 4290 eamdem
2749 4253 2970 4308 poenam
3015 4237 3222 4292 talibus
3264 4255 3413 4294 com-

138 4323 271 4396 lunt)
294 4327 623 4398 parvulum,
658 4326 896 4396 amplior
923 4324 1185 4396 perfectio
1227 4324 1283 4378 in
1330 4323 1539 4377 eisdem
1582 4339 1728 4376 com-
1747 4328 1793 4385 D
1814 4328 2046 4381 mendat
2075 4327 2254 4381 verbis
2279 4346 2291 4393 ;
2325 4333 2387 4381 ut
2418 4333 2475 4381 et
2503 4327 2615 4381 reis
2639 4327 2934 4381 denuntiet
2958 4327 3090 4397 quid
3116 4327 3310 4382 utilius
3339 4329 3415 4384 sit

139 4418 429 4471 mendatur
451 4415 689 4487 pusillis,
716 4420 773 4468 et
802 4416 847 4470 si
866 4413 1284 4486 pusillidicendi
1299 4419 1431 4467 sunt
1459 4413 1554 4483 qui
1575 4413 1733 4467 Chri-

137 4510 272 4559 stum
303 4506 526 4560 fuerint
553 4505 780 4558 imitati.
806 4504 963 4567 Quod
995 4504 1040 4557 si
1071 4503 1212 4556 tales
1233 4502 1420 4572 magni
1437 4507 1570 4556 sunt
1599 4518 1732 4571 qua-

137 4593 207 4647 les
234 4597 353 4649 vult
384 4611 484 4648 eos
518 4594 660 4658 fieri,
679 4599 736 4647 et
760 4593 828 4647 ad
845 4593 1160 4662 exemplum
1187 4608 1486 4662 puerorum
1503 4591 1731 4645 festinat

139 4697 221 4736 eos
247 4682 568 4746 infonuari,
598 4688 656 4736 et
677 4683 865 4752 magni
888 4681 1220 4736 vocanturin
1237 4697 1408 4750 regno
1438 4681 1726 4746 caelorum,

136 4771 184 4824 hi
211 4774 352 4828 tales
387 4773 673 4844 quomodo
701 4778 936 4842 possunt
974 4769 1338 4824 scandalizari
1363 4770 1386 4822 Τ
1416 4770 1727 4840 praesertim

137 4875 248 4914 cum
261 4863 540 4932 scriptum
563 4860 776 4924 sit,Paa;
791 4863 971 4913 multa
990 4861 1348 4926 diligentibus
1365 4863 1531 4926 legem
1551 4864 1726 4924 luam,

135 4955 305 5003 etnon
337 4955 416 5003 est
441 4951 561 5003 illis
588 4950 916 5002 scandalum
940 4949 1107 5017 (Psal.
1147 4961 1337 5013 cxvm,
1382 4946 1490 5014 16).
1545 4946 1731 5010 Quan-

140 5051 298 5106 quam
325 5054 460 5091 cum
492 5037 612 5090 haec
641 5035 942 5102 sententia,
977 5035 1080 5090 etsi
1107 5035 1385 5106 generalis
1418 5051 1540 5089 esse
1553 5035 1733 5088 videa-

134 5130 237 5190 tur,
270 5127 549 5180 adversus
579 5142 774 5180 omnes
805 5126 902 5196 qui
947 5125 1192 5196 aliquem
1240 5124 1737 5178 scandalizaverint

135 5211 194 5264 de
223 5213 312 5268 his
325 5215 501 5284 quiin
525 5214 812 5268 Christum
838 5215 1090 5279 credunt,
1116 5213 1356 5267 maxime
1369 5219 1557 5267 tamen
1574 5214 1737 5282 juxta

133 5304 594 5375 consequentiam
624 5304 897 5358 sermonis
927 5303 1097 5358 etiam
1127 5309 1322 5356 contra
1348 5303 1629 5374 apostolos
1645 5301 1732 5356 di-

134 5395 277 5446 ctum
308 5393 557 5464 intelligi
580 5397 782 5463 potest,
811 5392 907 5463 qui
943 5393 1343 5462 interrogando
1388 5391 1512 5462 quis
1555 5392 1735 5460 major

135 5487 282 5535 esset
308 5481 374 5536 in
399 5497 572 5553 regno
601 5482 887 5547 caelorum,
919 5481 1251 5536 videbantur
1275 5482 1343 5535 de
1355 5480 1628 5550 dignitate
1648 5480 1735 5535 in-

133 5573 212 5625 ter
249 5587 312 5626 se
345 5573 706 5628 contendere.
736 5572 854 5628 Etsi
882 5573 940 5629 in
969 5573 1074 5630 hoc
1119 5573 1253 5628 vitio
1300 5571 1732 5646 permanissent,

1814 4417 1892 4472 eis
1919 4417 1989 4470 ad
2024 4417 2300 4470 medelam
2332 4417 2484 4482 mali,
2519 4421 2577 4470 et
2608 4433 2673 4470 ex
2704 4415 2824 4486 ipso
2855 4433 2960 4470 usu
2991 4417 3154 4470 molae
3182 4434 3410 4472 sensum

1814 4507 2216 4560 evidentiorem
2247 4505 2603 4560 commendat
2632 4505 2895 4560 doctrinae
2925 4521 3039 4559 suae
3069 4505 3284 4559 cunctis
3330 4507 3413 4560 le-

1810 4595 2088 4666 gentibus.
2123 4597 2335 4650 Tamen
2366 4595 2649 4649 interdum
2693 4594 2764 4648 ad
2789 4595 3035 4648 litteram
3083 4593 3162 4648 sic
3205 4594 3412 4650 intelli-

1809 4686 2056 4754 gendum
2089 4691 2192 4744 est.
2225 4685 2372 4754 quod
2419 4684 2618 4737 melius
2648 4684 2722 4738 sit
2764 4683 2834 4748 ei,
2887 4683 3176 4754 multoque
3219 4684 3416 4740 utilius

1813 4775 1908 4844 qui
1946 4790 2121 4827 unum
2145 4790 2339 4827 eorum
2392 4773 2854 4827 scandalizaverit
2907 4773 3415 4844 impraesentiarum

1811 4861 2034 4915 brevem
2065 4861 2312 4933 recipere
2339 4878 2559 4932 poenam
2581 4862 2683 4915 etsi
2711 4877 2959 4932 gravem,
2992 4877 3160 4932 quam
3191 4862 3415 4917 aeternis

1813 4950 2022 5004 servari
2052 4950 2406 5014 cruciatibus,
2434 4950 2566 5020 quia
2588 4966 2700 5004 non
2721 4949 2940 5020 judicat
2965 4950 3114 5004 Deus
3142 4949 3228 5004 bis
3255 4950 3314 5005 in
3335 4950 3416 5004 id-

1818 5041 2020 5110 ipsum.
2057 5040 2164 5093 Sed
2197 5039 2329 5110 quia
2357 5040 2540 5094 solent
2569 5039 2733 5093 multi
2763 5045 3085 5094 nostrorum
3112 5039 3220 5094 ista
3259 5045 3414 5093 exte-

1819 5145 1996 5182 nuare
2023 5128 2300 5194 sensibus,
2334 5133 2392 5182 et
2431 5144 2786 5200 nequaquam
2813 5129 2935 5182 fieri
2953 5128 3174 5194 debere,
3203 5145 3330 5183 cum
3357 5133 3416 5184 et

1818 5234 1970 5271 mors
1999 5224 2115 5271 tam
2136 5216 2321 5287 gravis
2346 5217 2465 5270 sola
2491 5218 2744 5288 perﬁciat
2769 5217 2837 5272 ad
2870 5233 3111 5288 pcenam,
3147 5222 3203 5271 et
3227 5216 3415 5272 nescio

1819 5307 2100 5377 quomodo
2128 5306 2183 5359 id
2212 5306 2349 5360 utile
2379 5305 2556 5377 possit
2581 5313 2859 5378 expetere,
2887 5307 3033 5378 quod
3053 5305 3316 5362 ultimum
3331 5313 3418 5364 est

1817 5395 2068 5449 omnium
2095 5396 2371 5450 malorum
2404 5396 2474 5450 ad
2502 5413 2748 5467 pmnam.
2777 5397 3130 5467 Quapropter
3173 5397 3305 5470 quid
3353 5413 3421 5453 ex

1820 5484 1923 5539 hoc
1951 5485 2305 5540 sentiendum
2328 5485 2418 5551 sit,
2444 5487 2806 5558 quaerendum
2826 5491 2930 5553 est,
2956 5487 3269 5557 praesertim
3291 5502 3418 5540 cum

1821 5591 1922 5631 nec
1947 5575 2220 5632 Dominus
2249 5576 2306 5631 id
2333 5575 2582 5647 jubendo
2597 5581 2942 5648 percenseat,
2957 5575 3056 5631 sed
3074 5575 3210 5646 quid
3225 5573 3419 5632 utilius
