3888 6172
510 289 618 349 607

1275 291 1333 346 S.
1375 291 1751 348 PASCHASII
1790 289 2151 347 RADBERTI
2187 289 2496 347 ABBATIS
2535 290 3028 347 OORBEIENSIS.

3596 302 3672 359 608

515 415 590 470 sit
624 414 926 485 unicuique
953 414 1221 470 insinuat.
1255 414 1658 468 Verumtamen
1697 420 1785 468 tot
1822 420 2105 485 tantaeque
2123 414 2173 473 A
2190 412 2522 483 praestitum,
2554 413 2713 484 quasi
2735 413 2944 468 Christi
2960 415 3247 484 apostolos,
3268 419 3356 486 qui
3374 420 3674 493 pusillusgrex

515 521 607 558 res
634 521 744 558 non
779 509 946 568 πη
984 504 1158 558 otiose
1187 503 1347 556 dictae
1375 504 1680 560 creduntur
1703 520 1735 557 a
1759 505 2016 568 Domino,
2047 511 2111 559 ut

519 594 667 647 mola
697 609 808 647 non
838 593 1260 663 qualiscunque.
1283 592 1378 645 sed
1401 593 1643 646 asinaria
1662 594 2110 663 suspendaturin

518 683 659 736 collo
679 683 819 751 ejus,
843 687 899 735 et
919 682 1296 750 demergatur,
1327 697 1439 734 non
1463 680 1668 735 alicubi
1697 697 1866 752 quam
1899 683 1956 736 in
1989 701 2111 754 pro-

517 771 691 826 fundo
720 771 913 825 maris.
939 770 1098 834 Quod
1128 769 1173 823 si
1206 786 1316 824 non
1345 777 1492 824 esset
1518 771 1620 824 hoc
1647 788 1917 840 magnum
1967 774 2108 828 deli-

518 867 690 925 ctum,
706 875 1059 930 nequaquam
1073 865 1187 912 tam
1201 861 1858 916 atrociterdamnaretur.
1874 862 2104 926 Deinde,

518 967 644 1005 cum
674 954 731 1002 et
758 948 1099 1002 consuetudo
1129 949 1541 1004 scandalizandi
1578 969 1676 1021 pro
1723 952 1906 1022 parvis
1943 953 2109 1006 mini-

518 1038 736 1108 misque
765 1035 930 1090 rebus
960 1038 1344 1108 perpenditur.
1379 1039 1595 1092 videtur
1621 1039 1963 1110 impossibile
1989 1058 2110 1095 esse

517 1127 603 1180 vel
641 1126 850 1180 servari
881 1126 1102 1191 debere,
1135 1144 1247 1181 non
1275 1127 1396 1180 dico
1421 1129 1489 1180 ad
1521 1129 1789 1184 litteram.
1826 1147 1949 1200 quae
1977 1131 2110 1184 hor-

516 1220 733 1276 tantur,
761 1214 859 1268 sed
882 1215 1049 1269 etiam
1082 1231 1184 1269 nec
1212 1215 1334 1286 ipsa
1350 1217 1613 1271 scandala
1626 1234 1821 1272 eorum
1839 1219 1931 1288 qui
1955 1235 2111 1273 scan-

518 1303 850 1369 dalizentur,
883 1304 1193 1358 attendere.
1227 1305 1579 1376 Quapropter
1615 1307 1760 1360 sicut
1795 1307 2111 1362 differentia

519 1398 606 1447 est
633 1409 829 1446 eorum
862 1393 957 1463 qui
986 1393 1454 1460 scandalizantur,
1499 1395 1577 1449 ita
1606 1401 1664 1450 et
1690 1402 1919 1467 propter
1963 1397 2111 1467 quod

520 1481 988 1546 scandalizantur,
1049 1482 1134 1535 vel
1189 1482 1246 1535 in
1303 1489 1576 1553 quantum
1642 1486 2108 1540 scandalizentur.

522 1570 795 1633 Quoniam
827 1585 940 1623 non
971 1586 1164 1624 omnes
1193 1573 1596 1628 commotiones
1639 1574 1814 1628 animi
1851 1575 2114 1629 scandala

524 1674 646 1713 esse
675 1659 979 1713 admodum
1005 1659 1190 1714 dicere
1228 1660 1514 1726 debemus,
1550 1663 1678 1717 licet
1723 1664 2111 1718 scandalorum

2190 508 2323 557 sunt
2353 503 2548 567 vocati,
2588 503 3103 570 scandalizaverint,
3153 505 3464 562 tolerabilius
3501 511 3677 580 alligata

2189 593 2330 645 collo
2365 593 2513 646 mola
2558 592 2805 645 asinaria
2844 592 3279 662 dimergerentur
3320 595 3372 648 in
3413 598 3675 666 profundum

2190 681 2382 745 maris,
2415 681 2472 735 id
2502 687 2588 735 est
2603 681 2854 751 gentium
2882 681 3150 752 vertigine
3162 683 3431 754 depressae,
3449 686 3488 739 si
3509 687 3678 756 profun-

2190 772 2422 826 dissima
2441 771 2758 840 ignorantia
2786 770 2974 824 saeculi
2999 771 3359 835 traherentur,
3380 776 3568 828 omnino
3583 776 3680 846 quia

2191 861 2303 915 illis
2333 861 2509 914 levius
2539 859 2733 914 fuisset
2752 861 2996 913 nescisse
3021 861 3314 926 Christum,
3339 879 3483 932 quam
3507 864 3682 934 pmphe-

2191 956 2374 1004 tatum
2404 966 2516 1003 non
2546 949 2846 1019 recepisse.
2889 949 3092 1002 Utilius
3127 949 3340 1020 quidem
3379 952 3442 1004 ad
3473 953 3680 1006 medelam

2193 1039 2404 1111 peccati
2435 1045 2520 1093 est
2547 1037 2760 1092 homini
2811 1037 2907 1108 qui
2951 1038 3274 1107 gravissimo
3319 1039 3527 1092 trahitur
3562 1057 3685 1094 onere

2193 1134 2572 1201 peccatorum,
2597 1133 2662 1180 ut
2688 1127 3198 1196 sicdimergaturin
3213 1127 3516 1198 profundum
3542 1129 3683 1192 maris,

2193 1236 2303 1290 quo
2334 1219 2501 1272 draco
2530 1217 2769 1271 habetur
2795 1233 2962 1286 quem
2991 1216 3246 1270 formavit
3273 1217 3411 1270 Deus
3434 1217 3494 1270 ad
3512 1216 3688 1271 illuden-

2193 1308 2327 1363 dum
2357 1307 2428 1374 ei,
2459 1311 2518 1361 et
2545 1305 2813 1376 puniatur
2839 1321 3042 1375 corpus
3074 1306 3220 1376 quod
3249 1311 3451 1359 tantum
3486 1312 3688 1376 aggravet

2192 1398 2471 1460 animam;
2507 1397 2639 1466 quia
2668 1400 2862 1465 postea
2879 1400 3034 1448 extra
3071 1395 3285 1448 dolores
3318 1394 3431 1458 erit,
3453 1395 3533 1464 qui
3557 1399 3693 1464 pertu-

2196 1487 2324 1542 lerit
2353 1485 2514 1558 quasi
2542 1485 2600 1538 in
2628 1484 2903 1555 profundo
2926 1483 3101 1537 maris
3129 1484 3345 1553 longam
3371 1482 3692 1553 paenitudinem

2197 1577 2266 1630 ad
2289 1575 2578 1630 interitum
2607 1573 2812 1637 carnis,
2837 1577 3053 1625 tractus
3069 1573 3216 1626 mola
3238 1571 3464 1626 asinaria
3479 1571 3692 1624 deorsum.

2196 1666 2406 1720 Verum
2439 1670 2496 1717 et
2521 1663 2795 1716 molarum
2834 1661 3162 1715 differentiae
3216 1677 3278 1714 ex
3331 1661 3425 1714 hoc
3474 1659 3572 1714 loco
3605 1660 3695 1728 jure

520 1747 636 1801 sint.
661 1746 834 1818 spina».
860 1766 873 1815 ;
903 1749 1036 1819 quia
1066 1749 1172 1803 etsi
1200 1759 1580 1806 commovetur
1617 1752 1838 1807 animus
1867 1754 1936 1807 ad
1968 1754 2111 1808 iram
2138 1771 2180 1829 Β
2201 1759 2547 1826 quaeruntur,
2579 1751 2712 1822 quia
2739 1757 2872 1804 sunt
2899 1757 2954 1804 et
2983 1751 3259 1811 humanae,
3284 1755 3407 1803 sunt
3433 1754 3483 1802 et
3505 1747 3696 1802 asinaria

520 1837 606 1890 vel
633 1837 944 1904 tristitiam,
977 1855 1090 1892 non
1111 1845 1300 1894 tamen
1330 1841 1595 1896 dividitur
1623 1859 1658 1895 a
1683 1859 1951 1913 compage
1980 1844 2112 1897 cha-

521 1925 706 1980 ritatis
736 1927 823 1979 vcl
851 1927 1068 1982 unitate
1093 1929 1365 1999 corporis.
1407 1930 1759 2001 Quapropter
1787 1949 1887 2002 pro
1907 1932 2114 1986 talibus

521 2018 578 2068 et
608 2013 996 2084 hujuscemodi
1024 2017 1319 2082 scandalis,
1367 2035 1489 2089 qua:
1518 2018 1667 2073 inter
1696 2020 1895 2074 fratres
1942 2021 2114 2074 etiam

518 2103 978 2173 germanissimos
1026 2105 1277 2160 accidere
1333 2107 1532 2175 solent,
1581 2110 1833 2178 quamvis
1888 2110 2116 2164 vitanda

520 2192 636 2247 sint
662 2198 719 2246 et
741 2192 1001 2257 dolenda,
1053 2194 1100 2247 si
1149 2195 1474 2261 acciderint,
1536 2213 1822 2268 nunquam
1877 2199 2114 2252 dixerim

523 2282 671 2351 quod
695 2283 824 2336 talis
843 2287 1112 2353 tantaque
1131 2300 1293 2353 poena
1307 2286 1416 2340 reis
1438 2303 1537 2356 pro
1557 2303 1794 2357 quorum
1807 2294 2113 2343 evenerunt

523 2371 686 2440 culpa
713 2370 1032 2424 adhibenda
1055 2372 1146 2435 sit,
1177 2391 1498 2445 quanquam
1524 2375 1600 2428 sit
1627 2393 1726 2446 pro
1751 2377 1837 2429 his
1863 2377 1920 2430 in
1951 2379 2118 2432 alter-

523 2462 714 2511 utrum
741 2459 1238 2529 ingemiscendum.
1260 2463 1534 2526 Quoniam
1551 2464 1758 2518 etsiille
1773 2483 1903 2520 reus
1921 2473 2006 2520 est
2021 2467 2116 2537 qui

525 2546 732 2612 intulit,
766 2564 868 2602 nec
896 2549 987 2603 ille
1018 2555 1206 2604 tamen
1242 2552 1598 2623 inculpabilis
1627 2561 1730 2619 est,
1767 2555 1862 2625 qui
1891 2555 1950 2608 in
1999 2563 2115 2610 tam

524 2651 695 2707 parva
724 2653 785 2691 re
813 2639 1248 2698 scandalizatur.
1287 2641 1446 2704 Quod
1477 2642 1523 2695 si
1554 2659 1663 2696 non
1686 2645 1931 2713 potuerit
1950 2661 2115 2698 scan-

523 2725 753 2780 dalizari
784 2727 842 2781 in
882 2744 941 2782 re
970 2745 1141 2799 parva
1177 2746 1277 2784 seu
1304 2746 1509 2800 magna
1532 2731 1724 2795 frater,
1760 2733 1890 2803 quia
1934 2735 2115 2803 perfe-

522 2820 645 2869 ctus
675 2821 779 2881 est,
813 2822 872 2870 et
890 2817 1086 2872 dilexit
1105 2819 1343 2872 multum
1368 2819 1547 2889 legem
1570 2820 1695 2882 Dei,
1715 2823 1970 2892 nunquid
1990 2823 2114 2876 ideo

522 2904 617 2959 ille
641 2905 784 2959 alter
807 2905 1076 2960 immunis
1107 2913 1194 2960 est
1221 2925 1255 2960 a
1287 2907 1488 2979 culpa?
1510 2909 1772 2979 Alioquin
1799 2911 1845 2962 si
1861 2910 2110 2976 itaesset,

522 2993 842 3048 Alexander
872 2995 1104 3048 aerarius
1133 2995 1227 3066 qui
1258 2997 1432 3050 Paulo
1453 2998 1629 3051 multa
1649 2999 1796 3051 mala
1823 2999 2111 3068 irrogavit,

2195 1853 2364 1915 atque
2385 1845 2792 1913 jumentorum.
2822 1841 3085 1894 Humana
3104 1838 3372 1909 siquidem
3393 1837 3521 1890 mola
3531 1836 3607 1889 illa
3622 1839 3694 1899 est,

2195 1937 2264 1990 de
2285 1951 2397 2005 qua
2433 1931 2638 1985 dicitur
2657 1936 2716 1983 et
2741 1934 2910 1982 erunt
2929 1929 3055 1982 dure
3083 1928 3350 1982 molentes
3376 1926 3441 1980 ad
3461 1941 3599 1980 unam
3615 1939 3696 1976 mo-

2195 2027 2330 2089 lam,
2360 2023 2804 2076 Unaassumetur
2818 2023 2866 2070 et
2893 2034 3010 2070 una
3026 2020 3369 2086 relinquetur
3395 2015 3576 2080 (Matth.
3594 2025 3695 2073 xxiv,

2197 2112 2304 2178 41).
2338 2109 2599 2165 Asinaria
2626 2113 2815 2162 autem
2845 2106 2953 2159 ista
3001 2113 3105 2170 est,
3141 2122 3262 2176 quae
3288 2103 3561 2174 imponitur
3583 2116 3697 2154 scan-

2195 2199 2457 2256 dalizanti
2485 2213 2658 2251 unum
2693 2197 2762 2250 de
2787 2195 3001 2266 pusillis
3027 2195 3083 2249 in
3101 2195 3382 2249 Christum
3404 2187 3697 2250 credentibus,

2195 2290 2647 2357 ut-demergatur
2675 2286 2733 2339 in
2754 2285 3090 2356 profundum
3125 2283 3292 2337 maris
3316 2302 3328 2349 ;
3359 2280 3585 2352 quoniam
3602 2278 3702 2331 sicut

2200 2380 2378 2433 multa
2405 2375 2720 2431 differentia
2748 2381 2841 2428 est
2869 2379 3246 2444 peccatorum,
3278 2373 3356 2426 ita
3384 2378 3437 2425 et
3460 2381 3701 2440 poenarum.

2200 2468 2358 2523 Unde
2379 2482 2489 2520 non
2512 2463 2974 2518 irrationabiliter
2987 2462 3095 2516 dici
3131 2468 3327 2533 potest,
3357 2465 3418 2514 ut
3434 2457 3703 2524 dixi,corpus

2197 2555 2588 2626 gravissimum
2621 2552 2863 2606 hominis
2887 2552 3044 2618 mali,
3070 2552 3223 2606 mola
3242 2549 3617 2618 asinariaquam
3632 2541 3704 2596 sibi

2198 2644 2442 2714 alligavit
2475 2660 2538 2696 ac
2567 2642 2614 2695 si
2629 2643 2748 2696 loro
2769 2641 3004 2712 peccati,
3031 2657 3147 2710 qua
3165 2656 3380 2711 semper
3399 2637 3528 2692 mola
3540 2646 3706 2706 pressus

2196 2735 2458 2788 trahatur
2485 2733 2766 2785 deorsum.
2793 2731 3098 2800 Propterea
3128 2745 3349 2784 necesse
3377 2731 3455 2781 est
3487 2724 3593 2778 talis
3614 2719 3708 2773 mit-

2197 2828 2348 2876 tatur
2376 2827 2533 2875 extra
2555 2818 2878 2883 Ecclesiam,
2913 2823 2968 2871 et
2989 2818 3280 2888 redigatur
3293 2817 3359 2870 ad
3381 2811 3708 2886 paenitentiam.

2199 2911 2305 2964 Sed
2322 2926 2485 2964 nemo
2508 2910 2652 2962 hanc
2670 2909 2875 2961 molam
2892 2923 3082 2961 secum
3097 2907 3211 2961 nisi
3225 2922 3394 2960 caecus
3404 2902 3571 2957 trahit.
3598 2895 3710 2952 Unde

2198 3005 2255 3052 et
2285 3000 2518 3053 Samson
2548 2997 2641 3050 ille
2670 2996 3026 3060 fortissimus,
3060 3012 3178 3050 non
3214 2995 3364 3066 prius
3388 2993 3451 3047 ad
3477 2989 3646 3044 molam
3667 2988 3712 3037 ut

522 3081 742 3136 alienus
768 3099 802 3135 a
833 3088 993 3138 reatu
1025 3091 1192 3140 esset.
1241 3085 1348 3138 Sed
1380 3085 1513 3156 quia
1541 3103 1653 3140 non
1703 3092 1789 3140 est
1843 3088 1940 3153 ita,
1993 3088 2178 3148 ideoC.
2198 3089 2388 3150 molat,
2423 3087 2683 3150 mittitur,
2719 3103 2887 3156 quam
2917 3086 2968 3139 ei
2999 3085 3148 3139 oculi
3179 3090 3455 3139 eruantur.
3477 3080 3580 3143 Qua
3601 3072 3712 3129 caci-

522 3169 731 3223 Paulus
761 3170 860 3236 ait,
889 3172 1087 3226 reddet
1107 3173 1189 3225 illi
1221 3173 1522 3238 Dominus;
1561 3175 1665 3239 cui,
1697 3176 1753 3230 ni
1782 3177 1963 3242 fallor,
2000 3193 2114 3230 me-

521 3257 630 3313 lius
655 3268 803 3313 esset
827 3259 876 3313 si
906 3261 976 3314 ad
1005 3261 1208 3316 collum
1239 3263 1362 3332 ejus
1389 3263 1504 3316 haec
1547 3265 1696 3318 mola
1737 3265 1980 3320 asinaria
2024 3283 2115 3320 su-

521 3363 725 3417 spensa
753 3347 969 3414 fuisset,
995 3354 1052 3403 et
1071 3350 1348 3405 dimersus
1379 3358 1530 3406 esset
1556 3353 1614 3406 in
1635 3354 1972 3424 profundum
1999 3372 2113 3409 ma-

521 3435 598 3490 ris
623 3453 724 3507 pro
755 3438 965 3492 scelere
990 3455 1111 3504 suo,
1154 3456 1322 3510 quam
1350 3441 1409 3494 in
1446 3441 1651 3496 talibus
1685 3450 2109 3514 perseverasset.

522 3524 682 3588 Quod
707 3541 906 3582 cavens
918 3529 1220 3599 Apostolus
1245 3546 1313 3583 ne
1344 3530 1442 3584 ulli
1456 3531 1524 3585 de
1540 3548 1600 3585 se
1629 3533 1953 3586 scandalum
1979 3551 2115 3604 prai-

517 3613 694 3681 beret,
724 3617 939 3670 Bonum
966 3623 1041 3671 est
1069 3619 1231 3683 mihi,
1260 3619 1462 3690 inquit,
1490 3636 1714 3675 carnem
1745 3639 1857 3676 non
1879 3625 2116 3676 mandu-

521 3719 647 3759 care
672 3710 723 3758 et
753 3708 951 3759 vinum
976 3723 1088 3761 non
1105 3709 1283 3761 bibere
1302 3711 1364 3761 in
1397 3714 1685 3775 aternum,
1715 3727 1884 3779 quam
1908 3717 1970 3764 ut
1998 3713 2116 3778 fra-

521 3798 664 3848 trem
691 3810 876 3848 meum
891 3799 1336 3852 scandalizarem
1349 3801 1649 3864 (Rom.x1v,
1680 3799 1773 3865 21)
1799 3819 1811 3865 ;
1849 3800 2116 3871 quoniam

518 3883 732 3938 malum
765 3889 852 3938 est
881 3885 1115 3952 homini,
1148 3885 1243 3957 qui
1264 3904 1365 3957 per
1392 3888 1786 3942 offendiculum
1815 3889 2119 3943 manducat

518 3978 619 4027 aut
647 3971 806 4027 bibit.
840 3974 1112 4030 Similiter
1137 3977 1275 4030 etin
1307 3977 1523 4031 caeteris
1548 3977 1784 4042 actibus,
1826 3976 1885 4031 in
1915 3978 2118 4048 quibus

519 4062 781 4116 scandala
802 4070 1146 4132 generantur
1175 4070 1275 4118 aut
1292 4067 1638 4121 nutriuntur.
1667 4067 1734 4120 Et
1761 4067 1888 4120 ideo
1917 4083 2118 4120 caven-

519 4149 656 4204 dum
677 4165 748 4204 ne
774 4151 874 4204 ulli
899 4152 1246 4220 praebeamus
1275 4155 1642 4222 occasionem,
1674 4156 1807 4226 quia
1834 4157 2118 4210 seandalo-

519 4253 648 4291 rum
678 4239 858 4292 multa
888 4247 1020 4294 sunt
1045 4257 1273 4311 genera,
1301 4243 1399 4296 sed
1430 4245 1601 4306 nulla,
1635 4250 1700 4297 ut
1727 4246 1962 4312 aestimo,
1993 4261 2119 4316 gra-

519 4326 675 4381 viora
702 4327 863 4392 flunt,
896 4345 1064 4398 quam
1109 4331 1166 4383 in
1214 4330 1524 4385 resistendo
1573 4332 1909 4399 doctoribus,
1967 4340 2118 4389 certe

520 4423 619 4470 aut
638 4415 747 4487 ipsi
772 4417 1028 4471 doctores
1048 4418 1094 4471 si
1121 4419 1375 4488 exemplo
1402 4435 1502 4473 suo
1524 4420 1810 4475 auditores
1829 4439 1962 4476 suos
1973 4424 2118 4477 male

521 4513 902 4577 corrumpant.
936 4507 1034 4561 Est
1062 4513 1253 4560 tamen
1280 4507 1340 4560 in
1383 4507 1470 4562 his
1517 4514 1574 4562 et
1614 4509 1758 4563 alius
1804 4527 2000 4565 sensus
2050 4513 2119 4566 de

521 4595 946 4662 molaasinaria,
962 4612 1065 4650 nec
1077 4596 1497 4666 prmtereundus
1542 4598 1746 4652 Dicunt
1758 4599 1907 4653 enim
1935 4605 2118 4666 ’θεῖτε

523 4685 673 4755 quod
701 4685 863 4739 molae
891 4702 1030 4756 opus
1057 4684 1214 4739 labor
1255 4685 1328 4739 sit
1379 4687 1667 4749 caecitatis,
1716 4689 1965 4760 nihilque
1998 4695 2115 4743 tam

521 4787 728 4827 caecum
751 4789 920 4843 quam
949 4773 1208 4839 stultitia,
1243 4774 1492 4846 nihilque
1539 4781 1654 4829 tam
1702 4794 1888 4846 grave,
1946 4795 2114 4848 quam

523 4861 778 4915 avaritia.
809 4863 966 4917 Unde
986 4864 1244 4934 congruit
1255 4865 1532 4935 cupiditas
1555 4883 1653 4919 seu
1671 4866 1906 4920 avaritia
1926 4883 2114 4922 rerum

519 4951 938 5021 temporalium,
983 4953 1115 5023 quia
1143 4953 1406 5024 colligata
1435 4960 1520 5008 est
1547 4954 1605 5008 in
1636 4955 1802 5008 corde
1842 4957 2003 5009 stulti
2051 4973 2116 5010 ac

520 5039 668 5105 caeci,
692 5047 756 5094 ut
784 5041 1044 5096 eumdem
1065 5043 1299 5096 stultum
1321 5059 1448 5097 cum
1472 5043 1718 5114 pondere
1745 5060 1846 5098 suo
1875 5045 2118 5100 deducat

522 5129 594 5184 ad
619 5129 931 5185 interitum.
947 5131 1148 5185 Dicunt
1170 5132 1321 5186 enim
1351 5133 1498 5202 quod
1514 5135 1674 5188 mole
1688 5134 2117 5204 clausisjumen-

519 5223 708 5274 torum
734 5221 910 5274 oculis
939 5221 1252 5290 agunturin
1263 5238 1486 5292 gyrum.
1512 5223 1580 5276 Et
1593 5222 1696 5276 sub
1708 5223 1878 5278 asina
1889 5224 2116 5294 quidem

519 5309 748 5363 nomine
767 5309 1091 5380 frequenter
1111 5311 1398 5380 gentilitas
1417 5311 1767 5380 designatur.
1791 5313 1906 5366 Nec
1921 5313 2117 5367 imme-

520 5395 651 5462 tito,
685 5398 818 5468 quia
839 5405 1036 5468 gentes
1066 5399 1199 5469 quid
1214 5406 1388 5470 agant
1413 5400 1688 5465 nesciunt,
1709 5407 1765 5454 et
1785 5401 1841 5455 in
1868 5402 2117 5457 vitaasuae

521 5501 692 5557 opere
717 5487 956 5544 detentae
985 5487 1303 5559 ignOrantia
1328 5489 1455 5544 caici
1499 5489 1704 5544 laboris
1736 5491 2112 5546 continentur.

523 5574 736 5634 Judais
761 5593 892 5634 vero
923 5578 1066 5653 legis
1089 5578 1326 5636 scientia
1351 5578 1566 5636 credita
1591 5584 1694 5646 est,
1741 5584 1798 5636 et
1843 5580 1953 5636 iter
1993 5580 2119 5637 vita

2193 3182 2310 3231 tate
2332 3177 2650 3248 quicunque
2677 3191 2974 3246 percussus
3005 3175 3250 3228 fueritin
3269 3171 3486 3228 circuitu
3513 3184 3567 3221 ac
3591 3163 3715 3258 si‘iui-

2193 3268 2319 3338 pius
2342 3266 2555 3336 jugiter
2583 3264 2852 3322 ambulat.
2885 3264 3036 3318 curis
3056 3264 3252 3318 saeculi
3273 3269 3330 3316 et
3375 3257 3602 3315 oneribus
3620 3253 3714 3306 faci-

2197 3372 2398 3410 norum
2427 3371 2657 3409 suorum
2685 3370 2863 3424 usque
2893 3353 2960 3406 ad
2987 3353 3101 3406 ima
3129 3351 3332 3407 inferni
3371 3348 3506 3404 male
3549 3345 3716 3414 depres-

2196 3463 2313 3500 sus.

2272 3539 2458 3600 038
2497 3535 2572 3587 νδ
2596 3533 2822 3596 munda,
2851 3529 3054 3602 inquit,
3083 3546 3118 3583 a
3151 3531 3438 3584 scandatis.
3468 3527 3644 3580 Necesse
3665 3520 3717 3570 est

2198 3629 2258 3678 ut
2288 3626 2514 3678 veniant
2553 3622 2817 3676 scandala
2855 3623 3239 3674 Verumtamen
3255 3636 3327 3673 v.2
3345 3617 3541 3671 homini
3558 3613 3718 3675 illam

2197 3730 2357 3782 quem
2393 3713 2724 3765 scandalum
2753 3713 2920 3763 venit.
2951 3708 3131 3763 Multa
3156 3708 3422 3763 Dominus
3446 3709 3498 3758 et
3521 3700 3716 3756 Salvator

2197 3807 2388 3855 noster
2415 3801 2484 3854 de
2512 3799 2791 3853 scandalis
2815 3798 3104 3868 disputat;
3150 3797 3284 3868 quia
3311 3803 3367 3850 et
3402 3789 3720 3848 scandalorum

2202 3891 2382 3944 multa
2409 3895 2542 3943 sunt
2566 3904 2793 3958 genera.
2823 3887 3126 3956 multaeque
3157 3885 3465 3940 occasiones
3506 3894 3591 3951 per
3621 3887 3723 3967 quat

2203 3978 2463 4033 scandala
2493 3977 2755 4031 oriuntur
2782 3981 2840 4030 et
2863 3976 3113 4030 veniunt.
3147 3976 3533 4029 Verumtamen
3544 3961 3722 4054 nonnisi

2205 4067 2300 4138 qui
2329 4066 2388 4120 in
2418 4066 2626 4120 mundo
2645 4070 2704 4118 et
2731 4065 2799 4118 de
2831 4065 3038 4118 mundo
3075 4070 3228 4130 sunt,
3253 4076 3490 4133 unquam
3514 4049 3724 4144 scande“:

2198 4160 2412 4210 zantur.
2441 4155 2509 4209 Et
2531 4155 2656 4208 ideo
2686 4153 2784 4219 ait,
2826 4155 2902 4206 Va:
2931 4155 3192 4207 mundoa
3212 4153 3496 4210 scandatis,
3529 4144 3637 4217 quia
3654 4152 3724 4235 qut

2199 4248 2268 4301 de
2295 4246 2504 4301 mundo
2525 4251 2678 4304 sunt.
2703 4244 2893 4298 omnia
2920 4245 3186 4298 scandala
3206 4244 3287 4298 eis
3303 4243 3531 4297 afferunt
3553 4251 3631 4296 val,
3655 4242 3725 4299 qm

2200 4343 2390 4391 autem
2419 4341 2573 4390 extra
2592 4335 2862 4388 mundum
2885 4340 3034 4398 sunt,
3069 4331 3457 4403 arbitrorquia
3475 4330 3582 4398 jam
3605 4333 3722 4376 scan-

2201 4425 2430 4480 dalizari
2449 4440 2563 4478 non
2581 4429 2832 4495 possunt.
2867 4423 3076 4478 Idcirco
3100 4439 3231 4477 cum
3272 4421 3423 4485 dicit,
3473 4419 3540 4471 Va
3570 4407 3728 4502 "multa

2199 4533 2235 4569 a
2266 4515 2563 4578 scandatis,
2593 4494 2707 4566 non
2721 4513 2886 4566 credo
2903 4512 3053 4582 quod
3076 4512 3145 4566 de
3162 4509 3451 4566 elementis
3476 4505 3606 4560 dicat

2200 4620 2262 4658 ac
2281 4609 2465 4668 terrae,
2499 4603 2596 4656 sed
2625 4601 2931 4656 secundum
2976 4601 3393 4671 Scripturarum
3441 4584 3728 4650 consuetudi-

2199 4709 2327 4747 nem
2348 4699 2604 4746 terrenos
2613 4707 2864 4762 quosque
2883 4707 2949 4744 ac
2963 4689 3218 4744 carnales
3231 4688 3480 4743 homines
3498 4675 3725 4762 designat.

2199 4781 2294 4852 qui
2314 4781 2558 4835 radicem
2600 4760 2788 4833 cordis
2837 4780 2895 4832 in
2924 4795 3117 4832 amore
3155 4777 3351 4832 mundi
3392 4775 3642 4829 ﬁxerunt;
3679 4760 3731 4812 de

2198 4885 2307 4940 quo
2337 4869 2548 4924 mundo
2586 4869 2717 4923 alibi
2750 4868 2974 4932 dicitur,
3005 4867 3152 4938 quod
3183 4867 3424 4921 Mundus
3452 4865 3512 4916 in
3537 4856 3732 4919 πιαιίσηο

2191 4962 2402 5027 positus
2422 4963 2497 5012 est
2527 4960 2709 5024 (Joan.
2743 4974 2796 5022 v,
2829 4954 2941 5024 19).
2998 4957 3063 5010 In
3091 4971 3202 5026 quo
3231 4953 3455 5016 mundo,
3497 4948 3613 5003 Erat
3655 4944 3732 5036 tit-'5

2196 5063 2326 5101 vera
2352 5064 2470 5116 quas
2499 5049 2797 5100 illuminat
2824 5061 3041 5099 omnem
3082 5046 3362 5099 hominem
3397 5038 3662 5094 venientem
3687 5039 3730 5078 in

2199 5137 2350 5189 hunc
2379 5137 2678 5188 mundum.
2708 5135 2776 5188 In
2805 5135 3014 5187 mundo
3042 5137 3180 5199 erat,
3206 5131 3409 5202 inquit.
3455 5131 3499 5181 εί
3536 5116 3731 5210 “unde

2193 5239 2296 5294 per
2321 5241 2445 5278 eum
2487 5226 2666 5291 factus
2694 5227 2786 5286 est,
2829 5228 2878 5276 et
2934 5224 3176 5276 mundus
3229 5237 3352 5274 eun:
3394 5232 3500 5271 non
3535 5203 3730 5276 cogitarit

2203 5315 2381 5382 (Joan.
2414 5329 2452 5376 ι,
2484 5314 2562 5380 9).
2591 5313 2658 5366 Et
2685 5311 2817 5382 quia
2844 5327 2972 5365 eum
2997 5327 3109 5365 non
3139 5308 3412 5380 cognovit,
3442 5304 3556 5358 ideo
3575 5299 3625 5351 in
3644 5305 3734 5382 ma-

2199 5381 2352 5474 ligno
2373 5401 2604 5456 relictus
2624 5381 2725 5464 est,
2759 5417 2869 5471 quo
2899 5400 3227 5471 priusquam
3259 5396 3483 5456 veniret,
3524 5400 3636 5441 vera
3661 5381 3733 5474 Ιιξι

2201 5465 2274 5547 iri
2296 5493 2444 5546 hunc
2476 5465 2976 5562 mundumpositus
3006 5465 3145 5544 erat.
3178 5487 3282 5542 Cui
3309 5485 3544 5558 profecto
3566 5465 3733 5567 ωιξηάο

2201 5581 2463 5638 imminet
2483 5597 2562 5636 vas
2585 5597 2622 5636 a
2648 5578 2947 5649 scandalis,
2978 5579 3112 5652 quia
3139 5577 3196 5634 in
3223 5592 3291 5632 eo
3319 5579 3375 5630 et
3404 5581 3555 5626 exeo
3579 5567 3733 5617 onun'
