  <div class='ocr_page' id='page_1' title='image "/cluster/home/n/w/nwhite01/storage/ocr_20150623/120/hvd.32044054759824/310.png"; bbox 0 0 3888 6172; ppageno 0'>
   <div class='ocr_carea' id='block_1_1' title="bbox 151 249 3416 319">
    <p class='ocr_par' dir='ltr' id='par_1_1' title="bbox 151 249 3416 319">
     <span class='ocr_line' id='line_1_1' title="bbox 151 249 3416 319; baseline -0.001 -13"><span class='ocrx_word' id='word_1_1' title='bbox 151 255 245 308; x_wconf 70' lang='lat'><strong>609</strong></span> <span class='ocrx_word' id='word_1_2' title='bbox 823 249 1198 304; x_wconf 81' lang='lat' dir='ltr'><strong>EXPOSITIO</strong></span> <span class='ocrx_word' id='word_1_3' title='bbox 1239 251 1314 304; x_wconf 85' lang='lat' dir='ltr'><strong>IN</strong></span> <span class='ocrx_word' id='word_1_4' title='bbox 1353 249 1803 306; x_wconf 75' lang='lat' dir='ltr'><strong>MA&#39;I&#39;I‘HIEUM.</strong></span> <span class='ocrx_word' id='word_1_5' title='bbox 1845 278 1914 292; x_wconf 95' lang='lat'><strong>—</strong></span> <span class='ocrx_word' id='word_1_6' title='bbox 1951 250 2085 305; x_wconf 87' lang='lat' dir='ltr'><strong>LIB.</strong></span> <span class='ocrx_word' id='word_1_7' title='bbox 2130 249 2277 317; x_wconf 88' lang='lat' dir='ltr'><strong>VIII,</strong></span> <span class='ocrx_word' id='word_1_8' title='bbox 2319 250 2476 304; x_wconf 84' lang='lat' dir='ltr'><strong>CAP.</strong></span> <span class='ocrx_word' id='word_1_9' title='bbox 2520 250 2718 304; x_wconf 81' lang='lat' dir='ltr'><strong>XVIII.</strong></span> <span class='ocrx_word' id='word_1_10' title='bbox 3308 259 3416 319; x_wconf 77' lang='grc'><strong>610</strong></span> 
     </span>
    </p>
   </div>
   <div class='ocr_carea' id='block_1_2' title="bbox 147 374 3415 454">
    <p class='ocr_par' dir='ltr' id='par_1_2' title="bbox 147 374 3415 454">
     <span class='ocr_line' id='line_1_2' title="bbox 147 374 3415 454; baseline 0.002 -21"><span class='ocrx_word' id='word_1_11' title='bbox 147 386 234 434; x_wconf 85' lang='lat' dir='ltr'><strong>tur</strong></span> <span class='ocrx_word' id='word_1_12' title='bbox 271 377 540 432; x_wconf 82' lang='lat' dir='ltr'><strong>scandala</strong></span> <span class='ocrx_word' id='word_1_13' title='bbox 569 381 630 430; x_wconf 89' lang='lat' dir='ltr'><strong>et</strong></span> <span class='ocrx_word' id='word_1_14' title='bbox 669 374 999 429; x_wconf 87' lang='lat' dir='ltr'><strong>nutriuntur</strong></span> <span class='ocrx_word' id='word_1_15' title='bbox 1023 374 1079 427; x_wconf 89' lang='lat' dir='ltr'><strong>in</strong></span> <span class='ocrx_word' id='word_1_16' title='bbox 1109 375 1368 428; x_wconf 86' lang='lat' dir='ltr'><strong>universo</strong></span> <span class='ocrx_word' id='word_1_17' title='bbox 1403 375 1535 429; x_wconf 86' lang='lat' dir='ltr'><strong>orbe</strong></span> <span class='ocrx_word' id='word_1_18' title='bbox 1564 375 1805 434; x_wconf 79' lang='lat' dir='ltr'><strong>terra-A</strong></span> <span class='ocrx_word' id='word_1_19' title='bbox 1822 375 1904 427; x_wconf 88' lang='lat' dir='ltr'><strong>eis</strong></span> <span class='ocrx_word' id='word_1_20' title='bbox 1935 374 2174 428; x_wconf 80' lang='lat' dir='ltr'><strong>infertur</strong></span> <span class='ocrx_word' id='word_1_21' title='bbox 2205 391 2387 445; x_wconf 84' lang='lat' dir='ltr'><strong>poena,</strong></span> <span class='ocrx_word' id='word_1_22' title='bbox 2406 392 2596 429; x_wconf 89' lang='lat' dir='ltr'><strong>verum</strong></span> <span class='ocrx_word' id='word_1_23' title='bbox 2615 376 2746 446; x_wconf 86' lang='lat' dir='ltr'><strong>quia</strong></span> <span class='ocrx_word' id='word_1_24' title='bbox 2776 377 2912 431; x_wconf 86' lang='lat' dir='ltr'><strong>nihil</strong></span> <span class='ocrx_word' id='word_1_25' title='bbox 2938 379 3122 434; x_wconf 90' lang='lat' dir='ltr'><strong>minor</strong></span> <span class='ocrx_word' id='word_1_26' title='bbox 3149 390 3415 454; x_wconf 84' lang='lat' dir='ltr'><strong>sequetur</strong></span> 
     </span>
    </p>
   </div>
   <div class='ocr_carea' id='block_1_3' title="bbox 147 463 3415 536">
    <p class='ocr_par' dir='ltr' id='par_1_3' title="bbox 147 463 3415 536">
     <span class='ocr_line' id='line_1_3' title="bbox 147 463 3415 536; baseline 0.003 -15"><span class='ocrx_word' id='word_1_27' title='bbox 147 483 282 521; x_wconf 87' lang='lat' dir='ltr'><strong>rum.</strong></span> <span class='ocrx_word' id='word_1_28' title='bbox 316 466 402 520; x_wconf 89' lang='lat' dir='ltr'><strong>De</strong></span> <span class='ocrx_word' id='word_1_29' title='bbox 433 482 542 536; x_wconf 93' lang='lat' dir='ltr'><strong>quo</strong></span> <span class='ocrx_word' id='word_1_30' title='bbox 571 465 754 518; x_wconf 89' lang='lat' dir='ltr'><strong>fateor</strong></span> <span class='ocrx_word' id='word_1_31' title='bbox 781 463 990 517; x_wconf 90' lang='lat' dir='ltr'><strong>mundo</strong></span> <span class='ocrx_word' id='word_1_32' title='bbox 1023 480 1134 516; x_wconf 91' lang='lat' dir='ltr'><strong>non</strong></span> <span class='ocrx_word' id='word_1_33' title='bbox 1156 471 1317 518; x_wconf 85' lang='lat' dir='ltr'><strong>erant</strong></span> <span class='ocrx_word' id='word_1_34' title='bbox 1342 466 1459 534; x_wconf 89' lang='lat' dir='ltr'><strong>jam</strong></span> <span class='ocrx_word' id='word_1_35' title='bbox 1481 465 1738 536; x_wconf 87' lang='lat' dir='ltr'><strong>discipuli</strong></span> <span class='ocrx_word' id='word_1_36' title='bbox 1819 464 2063 517; x_wconf 83' lang='lat' dir='ltr'><strong>vindicta</strong></span> <span class='ocrx_word' id='word_1_37' title='bbox 2097 480 2263 534; x_wconf 75' lang='lat' dir='ltr'><strong>quam</strong></span> <span class='ocrx_word' id='word_1_38' title='bbox 2297 480 2418 534; x_wconf 83' lang='lat' dir='ltr'><strong>quae</strong></span> <span class='ocrx_word' id='word_1_39' title='bbox 2448 465 2825 520; x_wconf 81' lang='lat' dir='ltr'><strong>comminatur</strong></span> <span class='ocrx_word' id='word_1_40' title='bbox 2851 485 2886 520; x_wconf 88' lang='lat' dir='ltr'><strong>a</strong></span> <span class='ocrx_word' id='word_1_41' title='bbox 2927 469 3182 524; x_wconf 91' lang='lat' dir='ltr'><strong>Domino.</strong></span> <span class='ocrx_word' id='word_1_42' title='bbox 3218 473 3326 528; x_wconf 88' lang='lat' dir='ltr'><strong>Sed</strong></span> <span class='ocrx_word' id='word_1_43' title='bbox 3357 480 3415 529; x_wconf 91' lang='lat' dir='ltr'><strong>et</strong></span> 
     </span>
    </p>
   </div>
   <div class='ocr_carea' id='block_1_4' title="bbox 148 552 3414 626">
    <p class='ocr_par' dir='ltr' id='par_1_4' title="bbox 148 552 3414 626">
     <span class='ocr_line' id='line_1_4' title="bbox 148 552 3414 626; baseline 0.002 -15"><span class='ocrx_word' id='word_1_44' title='bbox 148 555 366 619; x_wconf 81' lang='lat' dir='ltr'><strong>Christi,</strong></span> <span class='ocrx_word' id='word_1_45' title='bbox 401 554 546 608; x_wconf 87' lang='lat' dir='ltr'><strong>sicut</strong></span> <span class='ocrx_word' id='word_1_46' title='bbox 575 570 680 608; x_wconf 91' lang='lat' dir='ltr'><strong>nec</strong></span> <span class='ocrx_word' id='word_1_47' title='bbox 724 553 985 622; x_wconf 77' lang='lat' dir='ltr'><strong>Magister</strong></span> <span class='ocrx_word' id='word_1_48' title='bbox 1025 570 1218 607; x_wconf 88' lang='lat' dir='ltr'><strong>eorum</strong></span> <span class='ocrx_word' id='word_1_49' title='bbox 1258 553 1327 606; x_wconf 88' lang='lat' dir='ltr'><strong>de</strong></span> <span class='ocrx_word' id='word_1_50' title='bbox 1375 554 1477 607; x_wconf 92' lang='lat' dir='ltr'><strong>hoc</strong></span> <span class='ocrx_word' id='word_1_51' title='bbox 1527 555 1736 608; x_wconf 90' lang='lat' dir='ltr'><strong>mundo</strong></span> <span class='ocrx_word' id='word_1_52' title='bbox 1820 552 1915 622; x_wconf 87' lang='lat' dir='ltr'><strong>qui</strong></span> <span class='ocrx_word' id='word_1_53' title='bbox 1951 558 2199 623; x_wconf 78' lang='lat' dir='ltr'><strong>praesunt</strong></span> <span class='ocrx_word' id='word_1_54' title='bbox 2256 553 2399 606; x_wconf 87' lang='lat' dir='ltr'><strong>hanc</strong></span> <span class='ocrx_word' id='word_1_55' title='bbox 2445 569 2639 606; x_wconf 84' lang='lat' dir='ltr'><strong>cavere</strong></span> <span class='ocrx_word' id='word_1_56' title='bbox 2673 554 2879 610; x_wconf 90' lang='lat' dir='ltr'><strong>debent</strong></span> <span class='ocrx_word' id='word_1_57' title='bbox 2923 560 3281 626; x_wconf 89' lang='lat' dir='ltr'><strong>sententiam,</strong></span> <span class='ocrx_word' id='word_1_58' title='bbox 3341 579 3414 618; x_wconf 87' lang='lat' dir='ltr'><strong>ne</strong></span> 
     </span>
    </p>
   </div>
   <div class='ocr_carea' id='block_1_5' title="bbox 147 640 3415 721">
    <p class='ocr_par' dir='ltr' id='par_1_5' title="bbox 147 640 3415 721">
     <span class='ocr_line' id='line_1_5' title="bbox 147 640 3415 721; baseline 0.002 -23"><span class='ocrx_word' id='word_1_59' title='bbox 147 651 274 699; x_wconf 86' lang='lat' dir='ltr'><strong>erat.</strong></span> <span class='ocrx_word' id='word_1_60' title='bbox 301 645 372 698; x_wconf 82' lang='lat' dir='ltr'><strong>Et</strong></span> <span class='ocrx_word' id='word_1_61' title='bbox 409 643 536 697; x_wconf 90' lang='lat' dir='ltr'><strong>ideo</strong></span> <span class='ocrx_word' id='word_1_62' title='bbox 560 642 771 697; x_wconf 80' lang='lat' dir='ltr'><strong>nemini</strong></span> <span class='ocrx_word' id='word_1_63' title='bbox 807 658 1002 695; x_wconf 88' lang='lat' dir='ltr'><strong>eorum</strong></span> <span class='ocrx_word' id='word_1_64' title='bbox 1041 659 1120 696; x_wconf 67' lang='lat' dir='ltr'><strong>va:</strong></span> <span class='ocrx_word' id='word_1_65' title='bbox 1145 660 1180 695; x_wconf 89' lang='lat' dir='ltr'><strong>a</strong></span> <span class='ocrx_word' id='word_1_66' title='bbox 1208 643 1484 696; x_wconf 90' lang='lat' dir='ltr'><strong>scandalis</strong></span> <span class='ocrx_word' id='word_1_67' title='bbox 1514 649 1654 706; x_wconf 86' lang='lat' dir='ltr'><strong>erat,</strong></span> <span class='ocrx_word' id='word_1_68' title='bbox 1677 643 1735 695; x_wconf 91' lang='lat' dir='ltr'><strong>in</strong></span> <span class='ocrx_word' id='word_1_69' title='bbox 1819 640 1960 694; x_wconf 87' lang='lat' dir='ltr'><strong>forte</strong></span> <span class='ocrx_word' id='word_1_70' title='bbox 1989 642 2104 695; x_wconf 88' lang='lat' dir='ltr'><strong>suis</strong></span> <span class='ocrx_word' id='word_1_71' title='bbox 2132 641 2348 695; x_wconf 84' lang='lat' dir='ltr'><strong>actibus</strong></span> <span class='ocrx_word' id='word_1_72' title='bbox 2385 642 2762 696; x_wconf 79' lang='lat' dir='ltr'><strong>scandalizent</strong></span> <span class='ocrx_word' id='word_1_73' title='bbox 2799 645 2903 698; x_wconf 89' lang='lat' dir='ltr'><strong>sibi</strong></span> <span class='ocrx_word' id='word_1_74' title='bbox 2950 647 3248 716; x_wconf 71' lang='lat' dir='ltr'><strong>subjectos,</strong></span> <span class='ocrx_word' id='word_1_75' title='bbox 3280 651 3415 721; x_wconf 90' lang='lat' dir='ltr'><strong>quia</strong></span> 
     </span>
    </p>
   </div>
   <div class='ocr_carea' id='block_1_6' title="bbox 147 729 3413 807">
    <p class='ocr_par' dir='ltr' id='par_1_6' title="bbox 147 729 3413 807">
     <span class='ocr_line' id='line_1_6' title="bbox 147 729 3413 807; baseline 0.002 -19"><span class='ocrx_word' id='word_1_76' title='bbox 147 738 412 806; x_wconf 86' lang='lat' dir='ltr'><strong>quantum</strong></span> <span class='ocrx_word' id='word_1_77' title='bbox 439 731 824 802; x_wconf 87' lang='lat' dir='ltr'><strong>unusquisque</strong></span> <span class='ocrx_word' id='word_1_78' title='bbox 839 748 1032 785; x_wconf 81' lang='lat' dir='ltr'><strong>eorum</strong></span> <span class='ocrx_word' id='word_1_79' title='bbox 1041 732 1158 801; x_wconf 88' lang='lat' dir='ltr'><strong>jam</strong></span> <span class='ocrx_word' id='word_1_80' title='bbox 1182 737 1368 785; x_wconf 85' lang='lat' dir='ltr'><strong>mente</strong></span> <span class='ocrx_word' id='word_1_81' title='bbox 1388 737 1549 785; x_wconf 84' lang='lat' dir='ltr'><strong>extra</strong></span> <span class='ocrx_word' id='word_1_82' title='bbox 1579 747 1738 786; x_wconf 89' lang='lat' dir='ltr'><strong>mun-</strong></span> <span class='ocrx_word' id='word_1_83' title='bbox 1817 729 1888 782; x_wconf 89' lang='lat' dir='ltr'><strong>ab</strong></span> <span class='ocrx_word' id='word_1_84' title='bbox 1914 730 1995 783; x_wconf 86' lang='lat' dir='ltr'><strong>eis</strong></span> <span class='ocrx_word' id='word_1_85' title='bbox 2020 731 2136 784; x_wconf 66' lang='lat' dir='ltr'><strong>haec</strong></span> <span class='ocrx_word' id='word_1_86' title='bbox 2163 731 2353 784; x_wconf 89' lang='lat' dir='ltr'><strong>omnia</strong></span> <span class='ocrx_word' id='word_1_87' title='bbox 2381 731 2624 786; x_wconf 84' lang='lat' dir='ltr'><strong>atrocius</strong></span> <span class='ocrx_word' id='word_1_88' title='bbox 2666 733 2966 802; x_wconf 85' lang='lat' dir='ltr'><strong>exiguntur</strong></span> <span class='ocrx_word' id='word_1_89' title='bbox 3002 753 3032 790; x_wconf 90' lang='lat' dir='ltr'><strong>a</strong></span> <span class='ocrx_word' id='word_1_90' title='bbox 3069 738 3270 807; x_wconf 85' lang='lat' dir='ltr'><strong>quibus</strong></span> <span class='ocrx_word' id='word_1_91' title='bbox 3299 756 3413 796; x_wconf 90' lang='lat' dir='ltr'><strong>non</strong></span> 
     </span>
    </p>
   </div>
   <div class='ocr_carea' id='block_1_7' title="bbox 147 818 3417 891">
    <p class='ocr_par' dir='ltr' id='par_1_7' title="bbox 147 818 3417 891">
     <span class='ocr_line' id='line_1_7' title="bbox 147 818 3417 891; baseline 0.002 -15"><span class='ocrx_word' id='word_1_92' title='bbox 147 823 269 876; x_wconf 86' lang='lat' dir='ltr'><strong>dum</strong></span> <span class='ocrx_word' id='word_1_93' title='bbox 301 828 452 877; x_wconf 88' lang='lat' dir='ltr'><strong>erat.</strong></span> <span class='ocrx_word' id='word_1_94' title='bbox 499 821 567 874; x_wconf 85' lang='lat' dir='ltr'><strong>Et</strong></span> <span class='ocrx_word' id='word_1_95' title='bbox 593 821 721 874; x_wconf 92' lang='lat' dir='ltr'><strong>ideo</strong></span> <span class='ocrx_word' id='word_1_96' title='bbox 751 821 878 891; x_wconf 90' lang='lat' dir='ltr'><strong>pius</strong></span> <span class='ocrx_word' id='word_1_97' title='bbox 929 821 1190 890; x_wconf 80' lang='lat' dir='ltr'><strong>Magister</strong></span> <span class='ocrx_word' id='word_1_98' title='bbox 1229 821 1310 874; x_wconf 89' lang='lat' dir='ltr'><strong>ait</strong></span> <span class='ocrx_word' id='word_1_99' title='bbox 1347 821 1417 874; x_wconf 86' lang='lat' dir='ltr'><strong>ad</strong></span> <span class='ocrx_word' id='word_1_100' title='bbox 1464 821 1688 874; x_wconf 87' lang='lat' dir='ltr'><strong>Patrem</strong></span> <span class='ocrx_word' id='word_1_101' title='bbox 1719 838 1730 872; x_wconf 91' lang='lat'><strong>:</strong></span> <span class='ocrx_word' id='word_1_102' title='bbox 1817 818 1940 872; x_wconf 89' lang='lat' dir='ltr'><strong>dico</strong></span> <span class='ocrx_word' id='word_1_103' title='bbox 1963 819 2224 872; x_wconf 88' lang='lat' dir='ltr'><strong>scandala</strong></span> <span class='ocrx_word' id='word_1_104' title='bbox 2251 825 2493 884; x_wconf 89' lang='lat' dir='ltr'><strong>tantum,</strong></span> <span class='ocrx_word' id='word_1_105' title='bbox 2527 820 2572 874; x_wconf 94' lang='lat' dir='ltr'><strong>si</strong></span> <span class='ocrx_word' id='word_1_106' title='bbox 2604 821 2914 888; x_wconf 83' lang='lat' dir='ltr'><strong>intulerint,</strong></span> <span class='ocrx_word' id='word_1_107' title='bbox 2946 841 3140 879; x_wconf 90' lang='lat' dir='ltr'><strong>verum</strong></span> <span class='ocrx_word' id='word_1_108' title='bbox 3190 829 3297 884; x_wconf 91' lang='lat' dir='ltr'><strong>nisi</strong></span> <span class='ocrx_word' id='word_1_109' title='bbox 3333 830 3417 884; x_wconf 89' lang='lat' dir='ltr'><strong>lu-</strong></span> 
     </span>
    </p>
   </div>
   <div class='ocr_carea' id='block_1_8' title="bbox 147 909 3416 986">
    <p class='ocr_par' dir='ltr' id='par_1_8' title="bbox 147 909 3416 986">
     <span class='ocr_line' id='line_1_8' title="bbox 147 909 3416 986; baseline 0.003 -22"><span class='ocrx_word' id='word_1_110' title='bbox 147 914 316 976; x_wconf 81' lang='lat' dir='ltr'><strong>Pater,</strong></span> <span class='ocrx_word' id='word_1_111' title='bbox 354 912 710 977; x_wconf 78' lang='lat' dir='ltr'><strong>mani/‘cstavz&#39;</strong></span> <span class='ocrx_word' id='word_1_112' title='bbox 729 926 927 963; x_wconf 78' lang='lat' dir='ltr'><strong>nomen</strong></span> <span class='ocrx_word' id='word_1_113' title='bbox 958 914 1114 962; x_wconf 80' lang='lat' dir='ltr'><strong>tuum</strong></span> <span class='ocrx_word' id='word_1_114' title='bbox 1136 911 1470 974; x_wconf 79' lang='lat' dir='ltr'><strong>hominibus,</strong></span> <span class='ocrx_word' id='word_1_115' title='bbox 1503 926 1633 979; x_wconf 86' lang='lat' dir='ltr'><strong>quos</strong></span> <span class='ocrx_word' id='word_1_116' title='bbox 1651 912 1737 963; x_wconf 76' lang='grc' dir='ltr'><strong>ἀει·</strong></span> <span class='ocrx_word' id='word_1_117' title='bbox 1817 923 1914 960; x_wconf 88' lang='lat' dir='ltr'><strong>cra</strong></span> <span class='ocrx_word' id='word_1_118' title='bbox 1936 909 2347 978; x_wconf 86' lang='lat' dir='ltr'><strong>reportaverint</strong></span> <span class='ocrx_word' id='word_1_119' title='bbox 2371 909 2733 978; x_wconf 82' lang='lat' dir='ltr'><strong>talentorum,</strong></span> <span class='ocrx_word' id='word_1_120' title='bbox 2766 928 2958 982; x_wconf 79' lang='lat' dir='ltr'><strong>poenas</strong></span> <span class='ocrx_word' id='word_1_121' title='bbox 2996 913 3153 970; x_wconf 91' lang='lat' dir='ltr'><strong>luent</strong></span> <span class='ocrx_word' id='word_1_122' title='bbox 3183 933 3282 986; x_wconf 90' lang='lat' dir='ltr'><strong>pro</strong></span> <span class='ocrx_word' id='word_1_123' title='bbox 3307 918 3416 974; x_wconf 87' lang='lat' dir='ltr'><strong>sibi</strong></span> 
     </span>
    </p>
   </div>
   <div class='ocr_carea' id='block_1_9' title="bbox 145 997 3414 1070">
    <p class='ocr_par' dir='ltr' id='par_1_9' title="bbox 145 997 3414 1070">
     <span class='ocr_line' id='line_1_9' title="bbox 145 997 3414 1070; baseline 0.002 -16"><span class='ocrx_word' id='word_1_124' title='bbox 145 1003 266 1055; x_wconf 77' lang='lat' dir='ltr'><strong>di&#39;sti</strong></span> <span class='ocrx_word' id='word_1_125' title='bbox 284 1002 435 1053; x_wconf 72' lang='lat' dir='ltr'><strong>mihi</strong></span> <span class='ocrx_word' id='word_1_126' title='bbox 455 1001 519 1052; x_wconf 81' lang='lat' dir='ltr'><strong>de</strong></span> <span class='ocrx_word' id='word_1_127' title='bbox 539 1000 752 1052; x_wconf 89' lang='lat' dir='ltr'><strong>mundo</strong></span> <span class='ocrx_word' id='word_1_128' title='bbox 785 1001 960 1060; x_wconf 78' lang='lat' dir='ltr'><strong>(Joan.</strong></span> <span class='ocrx_word' id='word_1_129' title='bbox 999 1013 1106 1056; x_wconf 69' lang='lat' dir='ltr'><strong>xu.</strong></span> <span class='ocrx_word' id='word_1_130' title='bbox 1132 998 1216 1066; x_wconf 83' lang='lat'><strong>6);</strong></span> <span class='ocrx_word' id='word_1_131' title='bbox 1263 1005 1320 1053; x_wconf 90' lang='lat' dir='ltr'><strong>et</strong></span> <span class='ocrx_word' id='word_1_132' title='bbox 1358 1005 1484 1070; x_wconf 90' lang='lat' dir='ltr'><strong>post</strong></span> <span class='ocrx_word' id='word_1_133' title='bbox 1511 1016 1690 1070; x_wconf 90' lang='lat' dir='ltr'><strong>pauca</strong></span> <span class='ocrx_word' id='word_1_134' title='bbox 1722 1018 1733 1052; x_wconf 94' lang='lat'>:</span> <span class='ocrx_word' id='word_1_135' title='bbox 1821 997 2149 1051; x_wconf 89' lang='lat' dir='ltr'><strong>commissis.</strong></span> <span class='ocrx_word' id='word_1_136' title='bbox 2188 997 2363 1050; x_wconf 87' lang='lat' dir='ltr'><strong>Porro</strong></span> <span class='ocrx_word' id='word_1_137' title='bbox 2392 998 2538 1068; x_wconf 93' lang='lat' dir='ltr'><strong>quod</strong></span> <span class='ocrx_word' id='word_1_138' title='bbox 2568 999 2666 1064; x_wconf 86' lang='lat' dir='ltr'><strong>ait,</strong></span> <span class='ocrx_word' id='word_1_139' title='bbox 2716 1001 2928 1055; x_wconf 80' lang='lat' dir='ltr'><strong>Necesse</strong></span> <span class='ocrx_word' id='word_1_140' title='bbox 2964 1008 3038 1056; x_wconf 82' lang='lat' dir='ltr'><strong>est</strong></span> <span class='ocrx_word' id='word_1_141' title='bbox 3077 1010 3140 1056; x_wconf 84' lang='lat' dir='ltr'><strong>ut</strong></span> <span class='ocrx_word' id='word_1_142' title='bbox 3186 1010 3414 1063; x_wconf 78' lang='lat' dir='ltr'><strong>veniant</strong></span> 
     </span>
    </p>
   </div>
   <div class='ocr_carea' id='block_1_10' title="bbox 145 1087 3416 1166">
    <p class='ocr_par' dir='ltr' id='par_1_10' title="bbox 145 1087 3416 1166">
     <span class='ocr_line' id='line_1_10' title="bbox 145 1087 3416 1166; baseline 0.002 -24"><span class='ocrx_word' id='word_1_143' title='bbox 145 1090 258 1156; x_wconf 80' lang='lat' dir='ltr'><strong>Ego,</strong></span> <span class='ocrx_word' id='word_1_144' title='bbox 301 1088 510 1160; x_wconf 88' lang='lat' dir='ltr'><strong>inquit,</strong></span> <span class='ocrx_word' id='word_1_145' title='bbox 535 1104 640 1156; x_wconf 87' lang='lat' dir='ltr'><strong>pro</strong></span> <span class='ocrx_word' id='word_1_146' title='bbox 671 1091 748 1141; x_wconf 82' lang='lat' dir='ltr'><strong>eis</strong></span> <span class='ocrx_word' id='word_1_147' title='bbox 776 1105 922 1155; x_wconf 82' lang='lat' dir='ltr'><strong>rogo,</strong></span> <span class='ocrx_word' id='word_1_148' title='bbox 956 1105 1066 1141; x_wconf 90' lang='lat' dir='ltr'><strong>non</strong></span> <span class='ocrx_word' id='word_1_149' title='bbox 1102 1104 1205 1156; x_wconf 77' lang='lat' dir='ltr'><strong>pro</strong></span> <span class='ocrx_word' id='word_1_150' title='bbox 1234 1091 1442 1142; x_wconf 86' lang='lat' dir='ltr'><strong>mundo</strong></span> <span class='ocrx_word' id='word_1_151' title='bbox 1473 1105 1618 1156; x_wconf 83' lang='lat' dir='ltr'><strong>rogo,</strong></span> <span class='ocrx_word' id='word_1_152' title='bbox 1650 1091 1740 1143; x_wconf 79' lang='lat' dir='ltr'><strong>sed</strong></span> <span class='ocrx_word' id='word_1_153' title='bbox 1822 1089 2104 1152; x_wconf 83' lang='lat' dir='ltr'><strong>scandala,</strong></span> <span class='ocrx_word' id='word_1_154' title='bbox 2137 1087 2356 1140; x_wconf 89' lang='lat' dir='ltr'><strong>videtur</strong></span> <span class='ocrx_word' id='word_1_155' title='bbox 2393 1103 2488 1141; x_wconf 88' lang='lat' dir='ltr'><strong>eos</strong></span> <span class='ocrx_word' id='word_1_156' title='bbox 2524 1087 2804 1142; x_wconf 89' lang='lat' dir='ltr'><strong>immunes</strong></span> <span class='ocrx_word' id='word_1_157' title='bbox 2839 1091 3019 1145; x_wconf 80' lang='lat' dir='ltr'><strong>facere</strong></span> <span class='ocrx_word' id='word_1_158' title='bbox 3047 1109 3076 1145; x_wconf 88' lang='lat' dir='ltr'><strong>a</strong></span> <span class='ocrx_word' id='word_1_159' title='bbox 3108 1094 3287 1164; x_wconf 86' lang='lat' dir='ltr'><strong>culpa,</strong></span> <span class='ocrx_word' id='word_1_160' title='bbox 3319 1096 3416 1166; x_wconf 89' lang='lat' dir='ltr'><strong>qui</strong></span> 
     </span>
    </p>
   </div>
   <div class='ocr_carea' id='block_1_11' title="bbox 140 1176 3416 1252">
    <p class='ocr_par' dir='ltr' id='par_1_11' title="bbox 140 1176 3416 1252">
     <span class='ocr_line' id='line_1_11' title="bbox 140 1176 3416 1252; baseline 0.003 -21"><span class='ocrx_word' id='word_1_161' title='bbox 140 1194 230 1247; x_wconf 86' lang='lat' dir='ltr'><strong>pro</strong></span> <span class='ocrx_word' id='word_1_162' title='bbox 255 1181 337 1231; x_wconf 71' lang='lat' dir='ltr'><strong>eis</strong></span> <span class='ocrx_word' id='word_1_163' title='bbox 364 1195 501 1246; x_wconf 83' lang='lat' dir='ltr'><strong>quos</strong></span> <span class='ocrx_word' id='word_1_164' title='bbox 527 1179 726 1232; x_wconf 76' lang='lat' dir='ltr'><strong>dedisti</strong></span> <span class='ocrx_word' id='word_1_165' title='bbox 763 1179 905 1231; x_wconf 78' lang='lat' dir='ltr'><strong>mihi</strong></span> <span class='ocrx_word' id='word_1_166' title='bbox 935 1179 1112 1242; x_wconf 86' lang='lat' dir='ltr'><strong>(Joan.</strong></span> <span class='ocrx_word' id='word_1_167' title='bbox 1147 1195 1269 1242; x_wconf 81' lang='lat' dir='ltr'><strong>xvii,</strong></span> <span class='ocrx_word' id='word_1_168' title='bbox 1305 1179 1381 1247; x_wconf 90' lang='lat'><strong>9).</strong></span> <span class='ocrx_word' id='word_1_169' title='bbox 1415 1179 1520 1233; x_wconf 91' lang='lat' dir='ltr'><strong>Ubi</strong></span> <span class='ocrx_word' id='word_1_170' title='bbox 1564 1180 1742 1234; x_wconf 88' lang='lat' dir='ltr'><strong>mani-</strong></span> <span class='ocrx_word' id='word_1_171' title='bbox 1822 1177 1949 1230; x_wconf 88' lang='lat' dir='ltr'><strong>aliis</strong></span> <span class='ocrx_word' id='word_1_172' title='bbox 1969 1176 2266 1231; x_wconf 88' lang='lat' dir='ltr'><strong>intulerint</strong></span> <span class='ocrx_word' id='word_1_173' title='bbox 2293 1177 2575 1241; x_wconf 89' lang='lat' dir='ltr'><strong>scandala,</strong></span> <span class='ocrx_word' id='word_1_174' title='bbox 2607 1177 2741 1246; x_wconf 86' lang='lat' dir='ltr'><strong>quia</strong></span> <span class='ocrx_word' id='word_1_175' title='bbox 2767 1179 2981 1235; x_wconf 88' lang='lat' dir='ltr'><strong>faciunt</strong></span> <span class='ocrx_word' id='word_1_176' title='bbox 3009 1185 3154 1252; x_wconf 92' lang='lat' dir='ltr'><strong>quod</strong></span> <span class='ocrx_word' id='word_1_177' title='bbox 3189 1201 3416 1240; x_wconf 87' lang='lat' dir='ltr'><strong>necesse</strong></span> 
     </span>
    </p>
   </div>
   <div class='ocr_carea' id='block_1_12' title="bbox 142 1266 3417 1337">
    <p class='ocr_par' dir='ltr' id='par_1_12' title="bbox 142 1266 3417 1337">
     <span class='ocr_line' id='line_1_12' title="bbox 142 1266 3417 1337; baseline 0.003 -17"><span class='ocrx_word' id='word_1_178' title='bbox 142 1267 266 1321; x_wconf 72' lang='lat' dir='ltr'><strong>festa</strong></span> <span class='ocrx_word' id='word_1_179' title='bbox 306 1267 578 1331; x_wconf 84' lang='lat' dir='ltr'><strong>ostendit,</strong></span> <span class='ocrx_word' id='word_1_180' title='bbox 612 1267 758 1337; x_wconf 90' lang='lat' dir='ltr'><strong>quod</strong></span> <span class='ocrx_word' id='word_1_181' title='bbox 801 1267 962 1336; x_wconf 80' lang='lat' dir='ltr'><strong>juxta</strong></span> <span class='ocrx_word' id='word_1_182' title='bbox 1018 1267 1566 1336; x_wconf 79' lang='lat' dir='ltr'><strong>praedestinationem</strong></span> <span class='ocrx_word' id='word_1_183' title='bbox 1615 1269 1736 1335; x_wconf 88' lang='lat' dir='ltr'><strong>Dei,</strong></span> <span class='ocrx_word' id='word_1_184' title='bbox 1823 1271 1926 1330; x_wconf 88' lang='lat' dir='ltr'><strong>est,</strong></span> <span class='ocrx_word' id='word_1_185' title='bbox 1955 1267 2116 1336; x_wconf 81' lang='lat' dir='ltr'><strong>juxta</strong></span> <span class='ocrx_word' id='word_1_186' title='bbox 2137 1281 2324 1320; x_wconf 89' lang='lat' dir='ltr'><strong>vocem</strong></span> <span class='ocrx_word' id='word_1_187' title='bbox 2356 1266 2434 1336; x_wconf 91' lang='lat' dir='ltr'><strong>pii</strong></span> <span class='ocrx_word' id='word_1_188' title='bbox 2470 1267 2746 1336; x_wconf 81' lang='lat' dir='ltr'><strong>Magistri,</strong></span> <span class='ocrx_word' id='word_1_189' title='bbox 2771 1275 2836 1323; x_wconf 92' lang='lat' dir='ltr'><strong>ut</strong></span> <span class='ocrx_word' id='word_1_190' title='bbox 2863 1271 3020 1324; x_wconf 87' lang='lat' dir='ltr'><strong>ﬁant.</strong></span> <span class='ocrx_word' id='word_1_191' title='bbox 3057 1273 3164 1327; x_wconf 90' lang='lat' dir='ltr'><strong>Sed</strong></span> <span class='ocrx_word' id='word_1_192' title='bbox 3193 1290 3305 1330; x_wconf 90' lang='lat' dir='ltr'><strong>non</strong></span> <span class='ocrx_word' id='word_1_193' title='bbox 3335 1277 3417 1331; x_wconf 83' lang='lat' dir='ltr'><strong>ita</strong></span> 
     </span>
    </p>
   </div>
   <div class='ocr_carea' id='block_1_13' title="bbox 138 1337 3415 1432">
    <p class='ocr_par' dir='ltr' id='par_1_13' title="bbox 138 1337 3415 1432">
     <span class='ocr_line' id='line_1_13' title="bbox 138 1337 3415 1432; baseline 0.003 -23"><span class='ocrx_word' id='word_1_194' title='bbox 138 1357 241 1424; x_wconf 85' lang='lat' dir='ltr'><strong>jam</strong></span> <span class='ocrx_word' id='word_1_195' title='bbox 280 1356 378 1410; x_wconf 86' lang='lat' dir='ltr'><strong>isti</strong></span> <span class='ocrx_word' id='word_1_196' title='bbox 427 1355 498 1410; x_wconf 89' lang='lat' dir='ltr'><strong>de</strong></span> <span class='ocrx_word' id='word_1_197' title='bbox 548 1356 758 1410; x_wconf 89' lang='lat' dir='ltr'><strong>mundo</strong></span> <span class='ocrx_word' id='word_1_198' title='bbox 787 1371 898 1409; x_wconf 89' lang='lat' dir='ltr'><strong>non</strong></span> <span class='ocrx_word' id='word_1_199' title='bbox 928 1361 1125 1423; x_wconf 87' lang='lat' dir='ltr'><strong>erant;</strong></span> <span class='ocrx_word' id='word_1_200' title='bbox 1168 1362 1224 1410; x_wconf 90' lang='lat' dir='ltr'><strong>et</strong></span> <span class='ocrx_word' id='word_1_201' title='bbox 1250 1356 1376 1410; x_wconf 90' lang='lat' dir='ltr'><strong>ideo</strong></span> <span class='ocrx_word' id='word_1_202' title='bbox 1404 1374 1512 1428; x_wconf 88' lang='lat' dir='ltr'><strong>pax</strong></span> <span class='ocrx_word' id='word_1_203' title='bbox 1557 1359 1738 1412; x_wconf 82' lang='lat' dir='ltr'><strong>multa</strong></span> <span class='ocrx_word' id='word_1_204' title='bbox 1821 1354 2266 1424; x_wconf 89' lang='lat' dir='ltr'><strong>intelligendum,</strong></span> <span class='ocrx_word' id='word_1_205' title='bbox 2297 1355 2401 1408; x_wconf 88' lang='lat' dir='ltr'><strong>etsi</strong></span> <span class='ocrx_word' id='word_1_206' title='bbox 2445 1337 2625 1409; x_wconf 63' lang='lat' dir='ltr'><strong>Luc&#39;as</strong></span> <span class='ocrx_word' id='word_1_207' title='bbox 2673 1357 2856 1411; x_wconf 88' lang='lat' dir='ltr'><strong>adhuc</strong></span> <span class='ocrx_word' id='word_1_208' title='bbox 2891 1363 3076 1426; x_wconf 59' lang='grc' dir='ltr'><strong>’τθῦ</strong></span> <span class='ocrx_word' id='word_1_209' title='bbox 3103 1365 3415 1432; x_wconf 84' lang='lat' dir='ltr'><strong>expressius</strong></span> 
     </span>
    </p>
   </div>
   <div class='ocr_carea' id='block_1_14' title="bbox 137 1443 3413 1515">
    <p class='ocr_par' dir='ltr' id='par_1_14' title="bbox 137 1443 3413 1515">
     <span class='ocr_line' id='line_1_14' title="bbox 137 1443 3413 1515; baseline 0.003 -18"><span class='ocrx_word' id='word_1_210' title='bbox 137 1444 234 1497; x_wconf 85' lang='lat' dir='ltr'><strong>illis</strong></span> <span class='ocrx_word' id='word_1_211' title='bbox 263 1451 396 1497; x_wconf 84' lang='lat' dir='ltr'><strong>erat.</strong></span> <span class='ocrx_word' id='word_1_212' title='bbox 419 1443 608 1514; x_wconf 85' lang='lat' dir='ltr'><strong>potius</strong></span> <span class='ocrx_word' id='word_1_213' title='bbox 629 1460 797 1514; x_wconf 88' lang='lat' dir='ltr'><strong>quam</strong></span> <span class='ocrx_word' id='word_1_214' title='bbox 829 1459 924 1509; x_wconf 65' lang='lat' dir='ltr'><strong>v22,</strong></span> <span class='ocrx_word' id='word_1_215' title='bbox 951 1444 1086 1514; x_wconf 89' lang='lat' dir='ltr'><strong>quia</strong></span> <span class='ocrx_word' id='word_1_216' title='bbox 1109 1444 1289 1514; x_wconf 81' lang='lat' dir='ltr'><strong>legem</strong></span> <span class='ocrx_word' id='word_1_217' title='bbox 1336 1445 1436 1498; x_wconf 88' lang='lat' dir='ltr'><strong>Dei</strong></span> <span class='ocrx_word' id='word_1_218' title='bbox 1466 1461 1532 1498; x_wconf 85' lang='lat' dir='ltr'><strong>ex</strong></span> <span class='ocrx_word' id='word_1_219' title='bbox 1569 1445 1734 1499; x_wconf 92' lang='lat' dir='ltr'><strong>corde</strong></span> <span class='ocrx_word' id='word_1_220' title='bbox 1816 1443 1983 1508; x_wconf 86' lang='lat' dir='ltr'><strong>dicat,</strong></span> <span class='ocrx_word' id='word_1_221' title='bbox 2015 1445 2350 1511; x_wconf 71' lang='lat' dir='ltr'><strong>Imposst&#39;bile</strong></span> <span class='ocrx_word' id='word_1_222' title='bbox 2377 1449 2450 1496; x_wconf 85' lang='lat' dir='ltr'><strong>est</strong></span> <span class='ocrx_word' id='word_1_223' title='bbox 2472 1450 2532 1497; x_wconf 88' lang='lat' dir='ltr'><strong>ut</strong></span> <span class='ocrx_word' id='word_1_224' title='bbox 2563 1461 2674 1498; x_wconf 86' lang='lat' dir='ltr'><strong>non</strong></span> <span class='ocrx_word' id='word_1_225' title='bbox 2723 1450 2951 1500; x_wconf 67' lang='lat' dir='ltr'><strong>veniant</strong></span> <span class='ocrx_word' id='word_1_226' title='bbox 2977 1452 3238 1504; x_wconf 84' lang='lat' dir='ltr'><strong>scandala</strong></span> <span class='ocrx_word' id='word_1_227' title='bbox 3269 1454 3413 1515; x_wconf 84' lang='lat' dir='ltr'><strong>(Luc.</strong></span> 
     </span>
    </p>
   </div>
   <div class='ocr_carea' id='block_1_15' title="bbox 134 1531 3419 1604">
    <p class='ocr_par' dir='ltr' id='par_1_15' title="bbox 134 1531 3419 1604">
     <span class='ocr_line' id='line_1_15' title="bbox 134 1531 3419 1604; baseline 0.002 -19"><span class='ocrx_word' id='word_1_228' title='bbox 134 1534 239 1602; x_wconf 79' lang='lat' dir='ltr'><strong>jam</strong></span> <span class='ocrx_word' id='word_1_229' title='bbox 261 1531 602 1602; x_wconf 77' lang='lat' dir='ltr'><strong>diligebant.</strong></span> <span class='ocrx_word' id='word_1_230' title='bbox 637 1532 922 1602; x_wconf 89' lang='lat' dir='ltr'><strong>Siquidem</strong></span> <span class='ocrx_word' id='word_1_231' title='bbox 945 1539 1003 1586; x_wconf 88' lang='lat' dir='ltr'><strong>et</strong></span> <span class='ocrx_word' id='word_1_232' title='bbox 1017 1533 1224 1586; x_wconf 90' lang='lat' dir='ltr'><strong>Christi</strong></span> <span class='ocrx_word' id='word_1_233' title='bbox 1247 1533 1519 1604; x_wconf 86' lang='lat' dir='ltr'><strong>discipulo</strong></span> <span class='ocrx_word' id='word_1_234' title='bbox 1542 1551 1734 1604; x_wconf 88' lang='lat' dir='ltr'><strong>quam-</strong></span> <span class='ocrx_word' id='word_1_235' title='bbox 1816 1544 1953 1594; x_wconf 85' lang='lat' dir='ltr'><strong>xvn,</strong></span> <span class='ocrx_word' id='word_1_236' title='bbox 1985 1531 2039 1597; x_wconf 73' lang='grc'><strong>4)</strong></span> <span class='ocrx_word' id='word_1_237' title='bbox 2068 1548 2079 1582; x_wconf 89' lang='lat'><strong>:</strong></span> <span class='ocrx_word' id='word_1_238' title='bbox 2104 1531 2249 1600; x_wconf 91' lang='lat' dir='ltr'><strong>quod</strong></span> <span class='ocrx_word' id='word_1_239' title='bbox 2264 1534 2311 1584; x_wconf 94' lang='lat' dir='ltr'><strong>si</strong></span> <span class='ocrx_word' id='word_1_240' title='bbox 2332 1531 2671 1602; x_wconf 89' lang='lat' dir='ltr'><strong>impossibile</strong></span> <span class='ocrx_word' id='word_1_241' title='bbox 2703 1539 2805 1597; x_wconf 89' lang='lat' dir='ltr'><strong>est,</strong></span> <span class='ocrx_word' id='word_1_242' title='bbox 2824 1540 2890 1588; x_wconf 88' lang='lat' dir='ltr'><strong>ut</strong></span> <span class='ocrx_word' id='word_1_243' title='bbox 2911 1551 3021 1588; x_wconf 92' lang='lat' dir='ltr'><strong>non</strong></span> <span class='ocrx_word' id='word_1_244' title='bbox 3051 1537 3297 1602; x_wconf 85' lang='lat' dir='ltr'><strong>veniant,</strong></span> <span class='ocrx_word' id='word_1_245' title='bbox 3333 1545 3419 1594; x_wconf 89' lang='lat' dir='ltr'><strong>est</strong></span> 
     </span>
    </p>
   </div>
   <div class='ocr_carea' id='block_1_16' title="bbox 140 1620 3416 1694">
    <p class='ocr_par' dir='ltr' id='par_1_16' title="bbox 140 1620 3416 1694">
     <span class='ocr_line' id='line_1_16' title="bbox 140 1620 3416 1694; baseline 0.002 -20"><span class='ocrx_word' id='word_1_246' title='bbox 140 1621 208 1674; x_wconf 91' lang='lat' dir='ltr'><strong>vis</strong></span> <span class='ocrx_word' id='word_1_247' title='bbox 241 1622 302 1674; x_wconf 84' lang='lat' dir='ltr'><strong>in</strong></span> <span class='ocrx_word' id='word_1_248' title='bbox 329 1621 544 1675; x_wconf 89' lang='lat' dir='ltr'><strong>mundo</strong></span> <span class='ocrx_word' id='word_1_249' title='bbox 581 1622 829 1692; x_wconf 89' lang='lat' dir='ltr'><strong>undique</strong></span> <span class='ocrx_word' id='word_1_250' title='bbox 859 1621 1122 1675; x_wconf 86' lang='lat' dir='ltr'><strong>scandala</strong></span> <span class='ocrx_word' id='word_1_251' title='bbox 1149 1622 1397 1675; x_wconf 81' lang='lat' dir='ltr'><strong>ferveant</strong></span> <span class='ocrx_word' id='word_1_252' title='bbox 1425 1628 1480 1676; x_wconf 92' lang='lat' dir='ltr'><strong>et</strong></span> <span class='ocrx_word' id='word_1_253' title='bbox 1510 1622 1769 1694; x_wconf 22' lang='lat' dir='ltr'><strong>crebre-7</strong></span> <span class='ocrx_word' id='word_1_254' title='bbox 1817 1635 2042 1673; x_wconf 88' lang='lat' dir='ltr'><strong>necesse</strong></span> <span class='ocrx_word' id='word_1_255' title='bbox 2075 1624 2138 1672; x_wconf 92' lang='lat' dir='ltr'><strong>ut</strong></span> <span class='ocrx_word' id='word_1_256' title='bbox 2165 1620 2420 1687; x_wconf 83' lang='lat' dir='ltr'><strong>veniant;</strong></span> <span class='ocrx_word' id='word_1_257' title='bbox 2477 1622 2839 1691; x_wconf 64' lang='lat' dir='ltr'><strong>quaerendum</strong></span> <span class='ocrx_word' id='word_1_258' title='bbox 2882 1625 3161 1694; x_wconf 86' lang='lat' dir='ltr'><strong>quomodo</strong></span> <span class='ocrx_word' id='word_1_259' title='bbox 3205 1627 3416 1682; x_wconf 90' lang='lat' dir='ltr'><strong>intelli-</strong></span> 
     </span>
    </p>
   </div>
   <div class='ocr_carea' id='block_1_17' title="bbox 137 1693 3418 1782">
    <p class='ocr_par' dir='ltr' id='par_1_17' title="bbox 137 1693 3418 1782">
     <span class='ocr_line' id='line_1_17' title="bbox 137 1693 3418 1782; baseline 0.002 -19"><span class='ocrx_word' id='word_1_260' title='bbox 137 1715 298 1773; x_wconf 79' lang='lat' dir='ltr'><strong>scant,</strong></span> <span class='ocrx_word' id='word_1_261' title='bbox 337 1710 560 1764; x_wconf 92' lang='lat' dir='ltr'><strong>nullum</strong></span> <span class='ocrx_word' id='word_1_262' title='bbox 611 1709 873 1762; x_wconf 89' lang='lat' dir='ltr'><strong>imminet</strong></span> <span class='ocrx_word' id='word_1_263' title='bbox 903 1726 1000 1773; x_wconf 67' lang='lat' dir='ltr'><strong>vae,</strong></span> <span class='ocrx_word' id='word_1_264' title='bbox 1035 1726 1099 1762; x_wconf 89' lang='lat' dir='ltr'><strong>eo</strong></span> <span class='ocrx_word' id='word_1_265' title='bbox 1152 1710 1300 1779; x_wconf 91' lang='lat' dir='ltr'><strong>quod</strong></span> <span class='ocrx_word' id='word_1_266' title='bbox 1351 1726 1462 1762; x_wconf 91' lang='lat' dir='ltr'><strong>non</strong></span> <span class='ocrx_word' id='word_1_267' title='bbox 1500 1693 1797 1780; x_wconf 79' lang='lat' dir='ltr'><strong>tangantB</strong></span> <span class='ocrx_word' id='word_1_268' title='bbox 1817 1708 2062 1778; x_wconf 90' lang='lat' dir='ltr'><strong>gendum</strong></span> <span class='ocrx_word' id='word_1_269' title='bbox 2103 1709 2194 1770; x_wconf 83' lang='lat' dir='ltr'><strong>sit,</strong></span> <span class='ocrx_word' id='word_1_270' title='bbox 2239 1710 2371 1779; x_wconf 91' lang='lat' dir='ltr'><strong>quia</strong></span> <span class='ocrx_word' id='word_1_271' title='bbox 2419 1710 2693 1764; x_wconf 88' lang='lat' dir='ltr'><strong>inﬁrmari</strong></span> <span class='ocrx_word' id='word_1_272' title='bbox 2735 1729 2847 1766; x_wconf 91' lang='lat' dir='ltr'><strong>non</strong></span> <span class='ocrx_word' id='word_1_273' title='bbox 2899 1719 3084 1782; x_wconf 89' lang='lat' dir='ltr'><strong>potest</strong></span> <span class='ocrx_word' id='word_1_274' title='bbox 3137 1717 3418 1772; x_wconf 87' lang='lat' dir='ltr'><strong>sententia</strong></span> 
     </span>
    </p>
   </div>
   <div class='ocr_carea' id='block_1_18' title="bbox 138 1797 3412 1872">
    <p class='ocr_par' dir='ltr' id='par_1_18' title="bbox 138 1797 3412 1872">
     <span class='ocr_line' id='line_1_18' title="bbox 138 1797 3412 1872; baseline 0.002 -20"><span class='ocrx_word' id='word_1_275' title='bbox 138 1798 396 1852; x_wconf 79' lang='lat' dir='ltr'><strong>scandala</strong></span> <span class='ocrx_word' id='word_1_276' title='bbox 427 1815 556 1852; x_wconf 91' lang='lat' dir='ltr'><strong>eum</strong></span> <span class='ocrx_word' id='word_1_277' title='bbox 587 1799 633 1852; x_wconf 90' lang='lat' dir='ltr'><strong>si</strong></span> <span class='ocrx_word' id='word_1_278' title='bbox 659 1814 771 1851; x_wconf 93' lang='lat' dir='ltr'><strong>non</strong></span> <span class='ocrx_word' id='word_1_279' title='bbox 816 1797 987 1851; x_wconf 87' lang='lat' dir='ltr'><strong>fuerit</strong></span> <span class='ocrx_word' id='word_1_280' title='bbox 1025 1798 1094 1851; x_wconf 92' lang='lat' dir='ltr'><strong>de</strong></span> <span class='ocrx_word' id='word_1_281' title='bbox 1141 1798 1245 1852; x_wconf 91' lang='lat' dir='ltr'><strong>hoc</strong></span> <span class='ocrx_word' id='word_1_282' title='bbox 1299 1799 1509 1852; x_wconf 88' lang='lat' dir='ltr'><strong>mundo</strong></span> <span class='ocrx_word' id='word_1_283' title='bbox 1539 1799 1596 1852; x_wconf 92' lang='lat' dir='ltr'><strong>in</strong></span> <span class='ocrx_word' id='word_1_284' title='bbox 1626 1815 1736 1869; x_wconf 91' lang='lat' dir='ltr'><strong>quo</strong></span> <span class='ocrx_word' id='word_1_285' title='bbox 1819 1797 2140 1852; x_wconf 88' lang='lat' dir='ltr'><strong>Salvatoris.</strong></span> <span class='ocrx_word' id='word_1_286' title='bbox 2175 1798 2291 1851; x_wconf 92' lang='lat' dir='ltr'><strong>Nec</strong></span> <span class='ocrx_word' id='word_1_287' title='bbox 2319 1815 2378 1852; x_wconf 91' lang='lat' dir='ltr'><strong>se</strong></span> <span class='ocrx_word' id='word_1_288' title='bbox 2399 1799 2737 1870; x_wconf 88' lang='lat' dir='ltr'><strong>impugnant</strong></span> <span class='ocrx_word' id='word_1_289' title='bbox 2763 1801 2926 1854; x_wconf 90' lang='lat' dir='ltr'><strong>verba</strong></span> <span class='ocrx_word' id='word_1_290' title='bbox 2949 1801 3124 1872; x_wconf 89' lang='lat' dir='ltr'><strong>ipsius</strong></span> <span class='ocrx_word' id='word_1_291' title='bbox 3143 1820 3272 1858; x_wconf 89' lang='lat' dir='ltr'><strong>cum</strong></span> <span class='ocrx_word' id='word_1_292' title='bbox 3298 1806 3412 1860; x_wconf 89' lang='lat' dir='ltr'><strong>ait:</strong></span> 
     </span>
    </p>
   </div>
   <div class='ocr_carea' id='block_1_19' title="bbox 136 1886 3419 1958">
    <p class='ocr_par' dir='ltr' id='par_1_19' title="bbox 136 1886 3419 1958">
     <span class='ocr_line' id='line_1_19' title="bbox 136 1886 3419 1958; baseline 0.002 -18"><span class='ocrx_word' id='word_1_293' title='bbox 136 1904 206 1941; x_wconf 64' lang='lat' dir='ltr'><strong>va:</strong></span> <span class='ocrx_word' id='word_1_294' title='bbox 240 1887 530 1952; x_wconf 84' lang='lat' dir='ltr'><strong>abundat;</strong></span> <span class='ocrx_word' id='word_1_295' title='bbox 584 1887 718 1957; x_wconf 89' lang='lat' dir='ltr'><strong>quia</strong></span> <span class='ocrx_word' id='word_1_296' title='bbox 747 1886 955 1956; x_wconf 87' lang='lat' dir='ltr'><strong>ubique</strong></span> <span class='ocrx_word' id='word_1_297' title='bbox 995 1887 1054 1939; x_wconf 92' lang='lat' dir='ltr'><strong>in</strong></span> <span class='ocrx_word' id='word_1_298' title='bbox 1085 1903 1150 1939; x_wconf 90' lang='lat' dir='ltr'><strong>eo</strong></span> <span class='ocrx_word' id='word_1_299' title='bbox 1178 1887 1545 1940; x_wconf 87' lang='lat' dir='ltr'><strong>exardescunt</strong></span> <span class='ocrx_word' id='word_1_300' title='bbox 1574 1904 1738 1941; x_wconf 89' lang='lat' dir='ltr'><strong>scan-</strong></span> <span class='ocrx_word' id='word_1_301' title='bbox 1818 1888 1961 1953; x_wconf 76' lang='lat' dir='ltr'><strong>Quia</strong></span> <span class='ocrx_word' id='word_1_302' title='bbox 1988 1889 2452 1940; x_wconf 78' lang='lat' dir='ltr'><strong>scandah&#39;zavcri&#39;t</strong></span> <span class='ocrx_word' id='word_1_303' title='bbox 2483 1905 2662 1941; x_wconf 80' lang='lat' dir='ltr'><strong>unum</strong></span> <span class='ocrx_word' id='word_1_304' title='bbox 2693 1906 2758 1942; x_wconf 71' lang='lat' dir='ltr'><strong>ea;</strong></span> <span class='ocrx_word' id='word_1_305' title='bbox 2785 1892 2925 1953; x_wconf 68' lang='lat' dir='ltr'><strong>istis,</strong></span> <span class='ocrx_word' id='word_1_306' title='bbox 2950 1894 3163 1958; x_wconf 56' lang='lat' dir='ltr'><strong>expedit</strong></span> <span class='ocrx_word' id='word_1_307' title='bbox 3181 1897 3234 1946; x_wconf 79' lang='lat' dir='ltr'><strong>ei</strong></span> <span class='ocrx_word' id='word_1_308' title='bbox 3253 1900 3419 1949; x_wconf 86' lang='lat' dir='ltr'><strong>utsu-</strong></span> 
     </span>
    </p>
   </div>
   <div class='ocr_carea' id='block_1_20' title="bbox 137 1975 1734 2046">
    <p class='ocr_par' dir='ltr' id='par_1_20' title="bbox 137 1975 1734 2046">
     <span class='ocr_line' id='line_1_20' title="bbox 137 1975 1734 2046; baseline 0.001 -18"><span class='ocrx_word' id='word_1_309' title='bbox 137 1976 266 2029; x_wconf 89' lang='lat' dir='ltr'><strong>dala.</strong></span> <span class='ocrx_word' id='word_1_310' title='bbox 302 1976 468 2039; x_wconf 90' lang='lat' dir='ltr'><strong>Quod</strong></span> <span class='ocrx_word' id='word_1_311' title='bbox 487 1977 534 2029; x_wconf 93' lang='lat' dir='ltr'><strong>si</strong></span> <span class='ocrx_word' id='word_1_312' title='bbox 558 1975 794 2046; x_wconf 91' lang='lat' dir='ltr'><strong>quilibet</strong></span> <span class='ocrx_word' id='word_1_313' title='bbox 821 1976 1088 2045; x_wconf 87' lang='lat' dir='ltr'><strong>parvulus</strong></span> <span class='ocrx_word' id='word_1_314' title='bbox 1112 1976 1205 2046; x_wconf 90' lang='lat' dir='ltr'><strong>qui</strong></span> <span class='ocrx_word' id='word_1_315' title='bbox 1221 1977 1342 2045; x_wconf 88' lang='lat' dir='ltr'><strong>jam</strong></span> <span class='ocrx_word' id='word_1_316' title='bbox 1363 1976 1583 2030; x_wconf 89' lang='lat' dir='ltr'><strong>videtur</strong></span> <span class='ocrx_word' id='word_1_317' title='bbox 1613 1993 1734 2030; x_wconf 87' lang='lat' dir='ltr'><strong>esse</strong></span> 
     </span>
    </p>
   </div>
   <div class='ocr_carea' id='block_1_21' title="bbox 139 2065 1730 2136">
    <p class='ocr_par' dir='ltr' id='par_1_21' title="bbox 139 2065 1730 2136">
     <span class='ocr_line' id='line_1_21' title="bbox 139 2065 1730 2136; baseline -0.001 -17"><span class='ocrx_word' id='word_1_318' title='bbox 139 2065 341 2119; x_wconf 84' lang='lat' dir='ltr'><strong>Christi</strong></span> <span class='ocrx_word' id='word_1_319' title='bbox 361 2065 690 2136; x_wconf 89' lang='lat' dir='ltr'><strong>discipulus,</strong></span> <span class='ocrx_word' id='word_1_320' title='bbox 725 2065 990 2118; x_wconf 88' lang='lat' dir='ltr'><strong>scandala</strong></span> <span class='ocrx_word' id='word_1_321' title='bbox 1019 2065 1216 2118; x_wconf 88' lang='lat' dir='ltr'><strong>mundi</strong></span> <span class='ocrx_word' id='word_1_322' title='bbox 1248 2065 1306 2118; x_wconf 91' lang='lat' dir='ltr'><strong>in</strong></span> <span class='ocrx_word' id='word_1_323' title='bbox 1347 2082 1406 2119; x_wconf 91' lang='lat' dir='ltr'><strong>se</strong></span> <span class='ocrx_word' id='word_1_324' title='bbox 1439 2065 1730 2136; x_wconf 88' lang='lat' dir='ltr'><strong>receperit,</strong></span> 
     </span>
    </p>
   </div>
   <div class='ocr_carea' id='block_1_22' title="bbox 137 2153 1732 2225">
    <p class='ocr_par' dir='ltr' id='par_1_22' title="bbox 137 2153 1732 2225">
     <span class='ocr_line' id='line_1_22' title="bbox 137 2153 1732 2225; baseline 0 -17"><span class='ocrx_word' id='word_1_325' title='bbox 137 2160 224 2208; x_wconf 82' lang='lat' dir='ltr'><strong>aut</strong></span> <span class='ocrx_word' id='word_1_326' title='bbox 258 2160 500 2225; x_wconf 87' lang='lat' dir='ltr'><strong>propter</strong></span> <span class='ocrx_word' id='word_1_327' title='bbox 526 2153 962 2208; x_wconf 89' lang='lat' dir='ltr'><strong>inconstantiam</strong></span> <span class='ocrx_word' id='word_1_328' title='bbox 993 2154 1122 2207; x_wconf 91' lang='lat' dir='ltr'><strong>ﬁdei</strong></span> <span class='ocrx_word' id='word_1_329' title='bbox 1152 2171 1283 2217; x_wconf 85' lang='lat' dir='ltr'><strong>suae,</strong></span> <span class='ocrx_word' id='word_1_330' title='bbox 1326 2161 1425 2208; x_wconf 89' lang='lat' dir='ltr'><strong>aut</strong></span> <span class='ocrx_word' id='word_1_331' title='bbox 1457 2155 1589 2225; x_wconf 87' lang='lat' dir='ltr'><strong>quia</strong></span> <span class='ocrx_word' id='word_1_332' title='bbox 1622 2171 1732 2208; x_wconf 92' lang='lat' dir='ltr'><strong>non</strong></span> 
     </span>
    </p>
   </div>
   <div class='ocr_carea' id='block_1_23' title="bbox 138 2243 1734 2313">
    <p class='ocr_par' dir='ltr' id='par_1_23' title="bbox 138 2243 1734 2313">
     <span class='ocr_line' id='line_1_23' title="bbox 138 2243 1734 2313; baseline 0.001 -17"><span class='ocrx_word' id='word_1_333' title='bbox 138 2259 198 2296; x_wconf 78' lang='lat' dir='ltr'><strong>ex</strong></span> <span class='ocrx_word' id='word_1_334' title='bbox 226 2249 351 2297; x_wconf 85' lang='lat' dir='ltr'><strong>toto</strong></span> <span class='ocrx_word' id='word_1_335' title='bbox 388 2243 559 2296; x_wconf 91' lang='lat' dir='ltr'><strong>corde</strong></span> <span class='ocrx_word' id='word_1_336' title='bbox 595 2243 852 2307; x_wconf 88' lang='lat' dir='ltr'><strong>credidit,</strong></span> <span class='ocrx_word' id='word_1_337' title='bbox 901 2244 986 2296; x_wconf 86' lang='lat' dir='ltr'><strong>vel</strong></span> <span class='ocrx_word' id='word_1_338' title='bbox 1032 2243 1164 2313; x_wconf 91' lang='lat' dir='ltr'><strong>quia</strong></span> <span class='ocrx_word' id='word_1_339' title='bbox 1211 2260 1322 2297; x_wconf 92' lang='lat' dir='ltr'><strong>non</strong></span> <span class='ocrx_word' id='word_1_340' title='bbox 1365 2260 1430 2296; x_wconf 88' lang='lat' dir='ltr'><strong>ex</strong></span> <span class='ocrx_word' id='word_1_341' title='bbox 1462 2250 1579 2297; x_wconf 89' lang='lat' dir='ltr'><strong>toto</strong></span> <span class='ocrx_word' id='word_1_342' title='bbox 1621 2245 1734 2298; x_wconf 87' lang='lat' dir='ltr'><strong>Deo</strong></span> 
     </span>
    </p>
   </div>
   <div class='ocr_carea' id='block_1_24' title="bbox 137 2331 1736 2402">
    <p class='ocr_par' dir='ltr' id='par_1_24' title="bbox 137 2331 1736 2402">
     <span class='ocr_line' id='line_1_24' title="bbox 137 2331 1736 2402; baseline 0.001 -17"><span class='ocrx_word' id='word_1_343' title='bbox 137 2331 360 2386; x_wconf 85' lang='lat' dir='ltr'><strong>obedire</strong></span> <span class='ocrx_word' id='word_1_344' title='bbox 404 2333 712 2397; x_wconf 84' lang='lat' dir='ltr'><strong>consensit,</strong></span> <span class='ocrx_word' id='word_1_345' title='bbox 763 2337 918 2386; x_wconf 84' lang='lat' dir='ltr'><strong>tanta</strong></span> <span class='ocrx_word' id='word_1_346' title='bbox 971 2332 1250 2402; x_wconf 90' lang='lat' dir='ltr'><strong>siquidem</strong></span> <span class='ocrx_word' id='word_1_347' title='bbox 1298 2350 1426 2387; x_wconf 91' lang='lat' dir='ltr'><strong>eum</strong></span> <span class='ocrx_word' id='word_1_348' title='bbox 1474 2335 1736 2387; x_wconf 89' lang='lat' dir='ltr'><strong>scandala</strong></span> 
     </span>
    </p>
   </div>
   <div class='ocr_carea' id='block_1_25' title="bbox 139 2421 1738 2492">
    <p class='ocr_par' dir='ltr' id='par_1_25' title="bbox 139 2421 1738 2492">
     <span class='ocr_line' id='line_1_25' title="bbox 139 2421 1738 2492; baseline 0.002 -18"><span class='ocrx_word' id='word_1_349' title='bbox 139 2421 360 2475; x_wconf 83' lang='lat' dir='ltr'><strong>omnino</strong></span> <span class='ocrx_word' id='word_1_350' title='bbox 388 2421 888 2492; x_wconf 89' lang='lat' dir='ltr'><strong>comprehendent,</strong></span> <span class='ocrx_word' id='word_1_351' title='bbox 904 2421 1131 2492; x_wconf 87' lang='lat' dir='ltr'><strong>quantis</strong></span> <span class='ocrx_word' id='word_1_352' title='bbox 1152 2421 1322 2476; x_wconf 84' lang='lat' dir='ltr'><strong>fuerit</strong></span> <span class='ocrx_word' id='word_1_353' title='bbox 1343 2422 1508 2477; x_wconf 91' lang='lat' dir='ltr'><strong>rebus</strong></span> <span class='ocrx_word' id='word_1_354' title='bbox 1529 2423 1738 2492; x_wconf 85' lang='lat' dir='ltr'><strong>obliga-</strong></span> 
     </span>
    </p>
   </div>
   <div class='ocr_carea' id='block_1_26' title="bbox 138 2510 1738 2582">
    <p class='ocr_par' dir='ltr' id='par_1_26' title="bbox 138 2510 1738 2582">
     <span class='ocr_line' id='line_1_26' title="bbox 138 2510 1738 2582; baseline 0.001 -18"><span class='ocrx_word' id='word_1_355' title='bbox 138 2513 221 2564; x_wconf 81' lang='lat' dir='ltr'><strong>tus</strong></span> <span class='ocrx_word' id='word_1_356' title='bbox 262 2515 455 2576; x_wconf 62' lang='lat'><strong>184</strong></span> <span class='ocrx_word' id='word_1_357' title='bbox 494 2511 556 2564; x_wconf 92' lang='lat' dir='ltr'><strong>in</strong></span> <span class='ocrx_word' id='word_1_358' title='bbox 585 2511 815 2566; x_wconf 89' lang='lat' dir='ltr'><strong>mundo.</strong></span> <span class='ocrx_word' id='word_1_359' title='bbox 847 2510 916 2564; x_wconf 89' lang='lat' dir='ltr'><strong>Et</strong></span> <span class='ocrx_word' id='word_1_360' title='bbox 950 2510 1262 2564; x_wconf 89' lang='lat' dir='ltr'><strong>notandum</strong></span> <span class='ocrx_word' id='word_1_361' title='bbox 1290 2512 1435 2580; x_wconf 90' lang='lat' dir='ltr'><strong>quod</strong></span> <span class='ocrx_word' id='word_1_362' title='bbox 1467 2511 1563 2576; x_wconf 91' lang='lat' dir='ltr'><strong>ait,</strong></span> <span class='ocrx_word' id='word_1_363' title='bbox 1607 2511 1738 2582; x_wconf 87' lang='lat' dir='ltr'><strong>quia</strong></span> 
     </span>
    </p>
   </div>
   <div class='ocr_carea' id='block_1_27' title="bbox 139 2599 1734 2666">
    <p class='ocr_par' dir='ltr' id='par_1_27' title="bbox 139 2599 1734 2666">
     <span class='ocr_line' id='line_1_27' title="bbox 139 2599 1734 2666; baseline 0.003 -15"><span class='ocrx_word' id='word_1_364' title='bbox 139 2614 333 2652; x_wconf 75' lang='lat' dir='ltr'><strong>necesse</strong></span> <span class='ocrx_word' id='word_1_365' title='bbox 371 2604 544 2652; x_wconf 76' lang='lat' dir='ltr'><strong>estut</strong></span> <span class='ocrx_word' id='word_1_366' title='bbox 589 2602 816 2653; x_wconf 76' lang='lat' dir='ltr'><strong>veniant</strong></span> <span class='ocrx_word' id='word_1_367' title='bbox 852 2601 1132 2653; x_wconf 84' lang='lat' dir='ltr'><strong>scandala.</strong></span> <span class='ocrx_word' id='word_1_368' title='bbox 1185 2599 1344 2663; x_wconf 90' lang='lat' dir='ltr'><strong>Quod</strong></span> <span class='ocrx_word' id='word_1_369' title='bbox 1391 2599 1437 2653; x_wconf 92' lang='lat' dir='ltr'><strong>si</strong></span> <span class='ocrx_word' id='word_1_370' title='bbox 1485 2600 1734 2666; x_wconf 89' lang='lat' dir='ltr'><strong>veniunt,</strong></span> 
     </span>
    </p>
   </div>
   <div class='ocr_carea' id='block_1_28' title="bbox 138 2687 1738 2760">
    <p class='ocr_par' dir='ltr' id='par_1_28' title="bbox 138 2687 1738 2760">
     <span class='ocr_line' id='line_1_28' title="bbox 138 2687 1738 2760; baseline 0.002 -20"><span class='ocrx_word' id='word_1_371' title='bbox 138 2687 499 2757; x_wconf 62' lang='lat' dir='ltr'><strong>querendum</strong></span> <span class='ocrx_word' id='word_1_372' title='bbox 531 2688 681 2742; x_wconf 90' lang='lat' dir='ltr'><strong>unde</strong></span> <span class='ocrx_word' id='word_1_373' title='bbox 718 2687 951 2742; x_wconf 88' lang='lat' dir='ltr'><strong>veniunt</strong></span> <span class='ocrx_word' id='word_1_374' title='bbox 991 2692 1048 2742; x_wconf 91' lang='lat' dir='ltr'><strong>et</strong></span> <span class='ocrx_word' id='word_1_375' title='bbox 1088 2705 1189 2758; x_wconf 91' lang='lat' dir='ltr'><strong>per</strong></span> <span class='ocrx_word' id='word_1_376' title='bbox 1217 2705 1358 2759; x_wconf 85' lang='lat' dir='ltr'><strong>quos</strong></span> <span class='ocrx_word' id='word_1_377' title='bbox 1408 2695 1466 2743; x_wconf 88' lang='lat' dir='ltr'><strong>et</strong></span> <span class='ocrx_word' id='word_1_378' title='bbox 1501 2689 1570 2742; x_wconf 92' lang='lat' dir='ltr'><strong>ad</strong></span> <span class='ocrx_word' id='word_1_379' title='bbox 1601 2707 1738 2760; x_wconf 90' lang='lat' dir='ltr'><strong>quos</strong></span> 
     </span>
    </p>
   </div>
   <div class='ocr_carea' id='block_1_29' title="bbox 137 2776 1738 2847">
    <p class='ocr_par' dir='ltr' id='par_1_29' title="bbox 137 2776 1738 2847">
     <span class='ocr_line' id='line_1_29' title="bbox 137 2776 1738 2847; baseline 0.004 -22"><span class='ocrx_word' id='word_1_380' title='bbox 137 2778 380 2830; x_wconf 82' lang='lat' dir='ltr'><strong>veniunt.</strong></span> <span class='ocrx_word' id='word_1_381' title='bbox 417 2776 566 2840; x_wconf 87' lang='lat' dir='ltr'><strong>Quia</strong></span> <span class='ocrx_word' id='word_1_382' title='bbox 593 2777 841 2842; x_wconf 88' lang='lat' dir='ltr'><strong>omnino,</strong></span> <span class='ocrx_word' id='word_1_383' title='bbox 875 2777 1128 2847; x_wconf 86' lang='lat' dir='ltr'><strong>quamvis</strong></span> <span class='ocrx_word' id='word_1_384' title='bbox 1165 2793 1390 2831; x_wconf 90' lang='lat' dir='ltr'><strong>necesse</strong></span> <span class='ocrx_word' id='word_1_385' title='bbox 1419 2778 1493 2831; x_wconf 89' lang='lat' dir='ltr'><strong>sit</strong></span> <span class='ocrx_word' id='word_1_386' title='bbox 1535 2784 1599 2832; x_wconf 90' lang='lat' dir='ltr'><strong>ut</strong></span> <span class='ocrx_word' id='word_1_387' title='bbox 1645 2796 1738 2832; x_wconf 89' lang='lat' dir='ltr'><strong>ve-</strong></span> 
     </span>
    </p>
   </div>
   <div class='ocr_carea' id='block_1_30' title="bbox 139 2865 1741 2938">
    <p class='ocr_par' dir='ltr' id='par_1_30' title="bbox 139 2865 1741 2938">
     <span class='ocr_line' id='line_1_30' title="bbox 139 2865 1741 2938; baseline 0.002 -20"><span class='ocrx_word' id='word_1_388' title='bbox 139 2865 308 2930; x_wconf 89' lang='lat' dir='ltr'><strong>niant,</strong></span> <span class='ocrx_word' id='word_1_389' title='bbox 337 2882 635 2936; x_wconf 89' lang='lat' dir='ltr'><strong>nunquam</strong></span> <span class='ocrx_word' id='word_1_390' title='bbox 670 2866 781 2919; x_wconf 86' lang='lat' dir='ltr'><strong>nisi</strong></span> <span class='ocrx_word' id='word_1_391' title='bbox 820 2883 855 2920; x_wconf 89' lang='lat' dir='ltr'><strong>a</strong></span> <span class='ocrx_word' id='word_1_392' title='bbox 873 2867 1020 2919; x_wconf 89' lang='lat' dir='ltr'><strong>malo</strong></span> <span class='ocrx_word' id='word_1_393' title='bbox 1043 2871 1100 2920; x_wconf 91' lang='lat' dir='ltr'><strong>et</strong></span> <span class='ocrx_word' id='word_1_394' title='bbox 1117 2883 1217 2937; x_wconf 92' lang='lat' dir='ltr'><strong>per</strong></span> <span class='ocrx_word' id='word_1_395' title='bbox 1237 2867 1416 2920; x_wconf 90' lang='lat' dir='ltr'><strong>malos</strong></span> <span class='ocrx_word' id='word_1_396' title='bbox 1443 2866 1511 2921; x_wconf 91' lang='lat' dir='ltr'><strong>ad</strong></span> <span class='ocrx_word' id='word_1_397' title='bbox 1539 2867 1741 2938; x_wconf 86' lang='lat' dir='ltr'><strong>imper-</strong></span> 
     </span>
    </p>
   </div>
   <div class='ocr_carea' id='block_1_31' title="bbox 138 2952 1736 3026">
    <p class='ocr_par' dir='ltr' id='par_1_31' title="bbox 138 2952 1736 3026">
     <span class='ocr_line' id='line_1_31' title="bbox 138 2952 1736 3026; baseline 0.002 -21"><span class='ocrx_word' id='word_1_398' title='bbox 138 2952 297 3008; x_wconf 80' lang='lat' dir='ltr'><strong>fectos</strong></span> <span class='ocrx_word' id='word_1_399' title='bbox 335 2954 589 3019; x_wconf 85' lang='lat' dir='ltr'><strong>veniunt,</strong></span> <span class='ocrx_word' id='word_1_400' title='bbox 633 2971 872 3025; x_wconf 90' lang='lat' dir='ltr'><strong>quorum</strong></span> <span class='ocrx_word' id='word_1_401' title='bbox 921 2955 1222 3008; x_wconf 86' lang='lat' dir='ltr'><strong>instinctor</strong></span> <span class='ocrx_word' id='word_1_402' title='bbox 1275 2961 1331 3009; x_wconf 90' lang='lat' dir='ltr'><strong>et</strong></span> <span class='ocrx_word' id='word_1_403' title='bbox 1378 2962 1736 3026; x_wconf 85' lang='lat' dir='ltr'><strong>propagator,</strong></span> 
     </span>
    </p>
   </div>
   <div class='ocr_carea' id='block_1_32' title="bbox 1815 1977 3416 2048">
    <p class='ocr_par' dir='ltr' id='par_1_32' title="bbox 1815 1977 3416 2048">
     <span class='ocr_line' id='line_1_32' title="bbox 1815 1977 3416 2048; baseline 0.007 -21"><span class='ocrx_word' id='word_1_404' title='bbox 1815 1977 2118 2044; x_wconf 77' lang='lat' dir='ltr'><strong>spendatur</strong></span> <span class='ocrx_word' id='word_1_405' title='bbox 2144 1980 2288 2030; x_wconf 83' lang='lat' dir='ltr'><strong>mola</strong></span> <span class='ocrx_word' id='word_1_406' title='bbox 2314 1979 2593 2041; x_wconf 83' lang='lat' dir='ltr'><strong>asinaria,</strong></span> <span class='ocrx_word' id='word_1_407' title='bbox 2620 1983 2724 2030; x_wconf 88' lang='lat' dir='ltr'><strong>etc.</strong></span> <span class='ocrx_word' id='word_1_408' title='bbox 2759 1978 2918 2032; x_wconf 92' lang='lat' dir='ltr'><strong>Unde</strong></span> <span class='ocrx_word' id='word_1_409' title='bbox 2943 1981 3307 2048; x_wconf 69' lang='lat' dir='ltr'><strong>quaerendum</strong></span> <span class='ocrx_word' id='word_1_410' title='bbox 3329 1989 3416 2038; x_wconf 86' lang='lat' dir='ltr'><strong>est</strong></span> 
     </span>
    </p>
   </div>
   <div class='ocr_carea' id='block_1_33' title="bbox 1817 2063 3415 2140">
    <p class='ocr_par' dir='ltr' id='par_1_33' title="bbox 1817 2063 3415 2140">
     <span class='ocr_line' id='line_1_33' title="bbox 1817 2063 3415 2140; baseline 0.006 -25"><span class='ocrx_word' id='word_1_411' title='bbox 1817 2063 1965 2134; x_wconf 89' lang='lat' dir='ltr'><strong>quod</strong></span> <span class='ocrx_word' id='word_1_412' title='bbox 1991 2063 2088 2127; x_wconf 89' lang='lat' dir='ltr'><strong>ait,</strong></span> <span class='ocrx_word' id='word_1_413' title='bbox 2111 2063 2244 2134; x_wconf 88' lang='lat' dir='ltr'><strong>quia</strong></span> <span class='ocrx_word' id='word_1_414' title='bbox 2262 2065 2500 2118; x_wconf 88' lang='lat' dir='ltr'><strong>Necesse</strong></span> <span class='ocrx_word' id='word_1_415' title='bbox 2530 2069 2616 2118; x_wconf 88' lang='lat' dir='ltr'><strong>est</strong></span> <span class='ocrx_word' id='word_1_416' title='bbox 2645 2071 2709 2118; x_wconf 91' lang='lat' dir='ltr'><strong>ut</strong></span> <span class='ocrx_word' id='word_1_417' title='bbox 2737 2065 2963 2119; x_wconf 83' lang='lat' dir='ltr'><strong>veniant</strong></span> <span class='ocrx_word' id='word_1_418' title='bbox 2989 2068 3270 2134; x_wconf 87' lang='lat' dir='ltr'><strong>scandala,</strong></span> <span class='ocrx_word' id='word_1_419' title='bbox 3292 2085 3415 2140; x_wconf 66' lang='lat' dir='ltr'><strong>quae</strong></span> 
     </span>
    </p>
   </div>
   <div class='ocr_carea' id='block_1_34' title="bbox 1817 2152 3415 2226">
    <p class='ocr_par' dir='ltr' id='par_1_34' title="bbox 1817 2152 3415 2226">
     <span class='ocr_line' id='line_1_34' title="bbox 1817 2152 3415 2226; baseline 0.004 -20"><span class='ocrx_word' id='word_1_420' title='bbox 1817 2152 2119 2207; x_wconf 86' lang='lat' dir='ltr'><strong>necessitas</strong></span> <span class='ocrx_word' id='word_1_421' title='bbox 2147 2153 2264 2206; x_wconf 83' lang='lat' dir='ltr'><strong>sit?</strong></span> <span class='ocrx_word' id='word_1_422' title='bbox 2311 2154 2436 2206; x_wconf 87' lang='lat' dir='ltr'><strong>Non</strong></span> <span class='ocrx_word' id='word_1_423' title='bbox 2460 2153 2626 2207; x_wconf 88' lang='lat' dir='ltr'><strong>credo</strong></span> <span class='ocrx_word' id='word_1_424' title='bbox 2666 2153 2874 2208; x_wconf 90' lang='lat' dir='ltr'><strong>dictum</strong></span> <span class='ocrx_word' id='word_1_425' title='bbox 2907 2156 3054 2226; x_wconf 92' lang='lat' dir='ltr'><strong>quod</strong></span> <span class='ocrx_word' id='word_1_426' title='bbox 3083 2156 3164 2210; x_wconf 89' lang='lat' dir='ltr'><strong>ita</strong></span> <span class='ocrx_word' id='word_1_427' title='bbox 3193 2174 3415 2213; x_wconf 89' lang='lat' dir='ltr'><strong>necesse</strong></span> 
     </span>
    </p>
   </div>
   <div class='ocr_carea' id='block_1_35' title="bbox 1816 2240 3416 2312">
    <p class='ocr_par' dir='ltr' id='par_1_35' title="bbox 1816 2240 3416 2312">
     <span class='ocr_line' id='line_1_35' title="bbox 1816 2240 3416 2312; baseline 0.004 -19"><span class='ocrx_word' id='word_1_428' title='bbox 1816 2240 1908 2306; x_wconf 90' lang='lat' dir='ltr'><strong>sit,</strong></span> <span class='ocrx_word' id='word_1_429' title='bbox 1939 2247 2004 2294; x_wconf 90' lang='lat' dir='ltr'><strong>ut</strong></span> <span class='ocrx_word' id='word_1_430' title='bbox 2030 2241 2288 2310; x_wconf 89' lang='lat' dir='ltr'><strong>expediat</strong></span> <span class='ocrx_word' id='word_1_431' title='bbox 2311 2241 2362 2294; x_wconf 90' lang='lat' dir='ltr'><strong>ei</strong></span> <span class='ocrx_word' id='word_1_432' title='bbox 2393 2241 2488 2312; x_wconf 89' lang='lat' dir='ltr'><strong>qui</strong></span> <span class='ocrx_word' id='word_1_433' title='bbox 2514 2241 2683 2296; x_wconf 78' lang='lat' dir='ltr'><strong>infert</strong></span> <span class='ocrx_word' id='word_1_434' title='bbox 2709 2243 2990 2308; x_wconf 89' lang='lat' dir='ltr'><strong>scandala,</strong></span> <span class='ocrx_word' id='word_1_435' title='bbox 3023 2245 3108 2297; x_wconf 88' lang='lat' dir='ltr'><strong>vel</strong></span> <span class='ocrx_word' id='word_1_436' title='bbox 3135 2245 3305 2299; x_wconf 90' lang='lat' dir='ltr'><strong>etiam</strong></span> <span class='ocrx_word' id='word_1_437' title='bbox 3334 2246 3416 2300; x_wconf 89' lang='lat' dir='ltr'><strong>illi</strong></span> 
     </span>
    </p>
   </div>
   <div class='ocr_carea' id='block_1_36' title="bbox 1819 2328 3416 2403">
    <p class='ocr_par' dir='ltr' id='par_1_36' title="bbox 1819 2328 3416 2403">
     <span class='ocr_line' id='line_1_36' title="bbox 1819 2328 3416 2403; baseline 0.004 -22"><span class='ocrx_word' id='word_1_438' title='bbox 1819 2328 1912 2398; x_wconf 90' lang='lat' dir='ltr'><strong>qui</strong></span> <span class='ocrx_word' id='word_1_439' title='bbox 1959 2329 2400 2392; x_wconf 88' lang='lat' dir='ltr'><strong>scandalizatur,</strong></span> <span class='ocrx_word' id='word_1_440' title='bbox 2455 2331 2549 2384; x_wconf 90' lang='lat' dir='ltr'><strong>sed</strong></span> <span class='ocrx_word' id='word_1_441' title='bbox 2594 2331 2690 2396; x_wconf 82' lang='lat' dir='ltr'><strong>ita,</strong></span> <span class='ocrx_word' id='word_1_442' title='bbox 2750 2337 2813 2385; x_wconf 88' lang='lat' dir='ltr'><strong>ut</strong></span> <span class='ocrx_word' id='word_1_443' title='bbox 2859 2333 3036 2386; x_wconf 87' lang='lat' dir='ltr'><strong>Lucas</strong></span> <span class='ocrx_word' id='word_1_444' title='bbox 3091 2332 3416 2403; x_wconf 88' lang='lat' dir='ltr'><strong>diligentius</strong></span> 
     </span>
    </p>
   </div>
   <div class='ocr_carea' id='block_1_37' title="bbox 1819 2417 3418 2489">
    <p class='ocr_par' dir='ltr' id='par_1_37' title="bbox 1819 2417 3418 2489">
     <span class='ocr_line' id='line_1_37' title="bbox 1819 2417 3418 2489; baseline 0.004 -19"><span class='ocrx_word' id='word_1_445' title='bbox 1819 2417 2111 2487; x_wconf 87' lang='lat' dir='ltr'><strong>expressit,</strong></span> <span class='ocrx_word' id='word_1_446' title='bbox 2145 2418 2278 2488; x_wconf 86' lang='lat' dir='ltr'><strong>quia</strong></span> <span class='ocrx_word' id='word_1_447' title='bbox 2306 2419 2647 2489; x_wconf 78' lang='lat' dir='ltr'><strong>impossibile</strong></span> <span class='ocrx_word' id='word_1_448' title='bbox 2676 2425 2763 2473; x_wconf 81' lang='lat' dir='ltr'><strong>est.</strong></span> <span class='ocrx_word' id='word_1_449' title='bbox 2789 2426 2853 2473; x_wconf 91' lang='lat' dir='ltr'><strong>ut</strong></span> <span class='ocrx_word' id='word_1_450' title='bbox 2878 2437 2988 2474; x_wconf 92' lang='lat' dir='ltr'><strong>non</strong></span> <span class='ocrx_word' id='word_1_451' title='bbox 3011 2421 3238 2476; x_wconf 89' lang='lat' dir='ltr'><strong>veniant</strong></span> <span class='ocrx_word' id='word_1_452' title='bbox 3255 2439 3418 2478; x_wconf 88' lang='lat' dir='ltr'><strong>scan-</strong></span> 
     </span>
    </p>
   </div>
   <div class='ocr_carea' id='block_1_38' title="bbox 1819 2505 3421 2578">
    <p class='ocr_par' dir='ltr' id='par_1_38' title="bbox 1819 2505 3421 2578">
     <span class='ocr_line' id='line_1_38' title="bbox 1819 2505 3421 2578; baseline 0.006 -20"><span class='ocrx_word' id='word_1_453' title='bbox 1819 2505 1966 2560; x_wconf 89' lang='lat' dir='ltr'><strong>dala.</strong></span> <span class='ocrx_word' id='word_1_454' title='bbox 2013 2507 2101 2560; x_wconf 93' lang='lat' dir='ltr'><strong>Sic</strong></span> <span class='ocrx_word' id='word_1_455' title='bbox 2130 2507 2337 2578; x_wconf 89' lang='lat' dir='ltr'><strong>quippe</strong></span> <span class='ocrx_word' id='word_1_456' title='bbox 2376 2509 2554 2561; x_wconf 89' lang='lat' dir='ltr'><strong>multa</strong></span> <span class='ocrx_word' id='word_1_457' title='bbox 2591 2508 2855 2562; x_wconf 91' lang='lat' dir='ltr'><strong>dicuntur</strong></span> <span class='ocrx_word' id='word_1_458' title='bbox 2882 2511 3217 2567; x_wconf 86' lang='lat' dir='ltr'><strong>necessaria.</strong></span> <span class='ocrx_word' id='word_1_459' title='bbox 3264 2512 3421 2568; x_wconf 89' lang='lat' dir='ltr'><strong>Sicut</strong></span> 
     </span>
    </p>
   </div>
   <div class='ocr_carea' id='block_1_39' title="bbox 1819 2595 3420 2667">
    <p class='ocr_par' dir='ltr' id='par_1_39' title="bbox 1819 2595 3420 2667">
     <span class='ocr_line' id='line_1_39' title="bbox 1819 2595 3420 2667; baseline 0.006 -20"><span class='ocrx_word' id='word_1_460' title='bbox 1819 2595 2007 2656; x_wconf 85' lang='lat' dir='ltr'><strong>homo,</strong></span> <span class='ocrx_word' id='word_1_461' title='bbox 2042 2595 2137 2665; x_wconf 89' lang='lat' dir='ltr'><strong>qui</strong></span> <span class='ocrx_word' id='word_1_462' title='bbox 2167 2596 2421 2649; x_wconf 88' lang='lat' dir='ltr'><strong>mortalis</strong></span> <span class='ocrx_word' id='word_1_463' title='bbox 2451 2603 2553 2661; x_wconf 90' lang='lat' dir='ltr'><strong>est,</strong></span> <span class='ocrx_word' id='word_1_464' title='bbox 2587 2613 2813 2651; x_wconf 82' lang='lat' dir='ltr'><strong>necesse</strong></span> <span class='ocrx_word' id='word_1_465' title='bbox 2838 2603 2923 2652; x_wconf 89' lang='lat' dir='ltr'><strong>est</strong></span> <span class='ocrx_word' id='word_1_466' title='bbox 2953 2604 3016 2653; x_wconf 90' lang='lat' dir='ltr'><strong>ut</strong></span> <span class='ocrx_word' id='word_1_467' title='bbox 3046 2600 3338 2667; x_wconf 89' lang='lat' dir='ltr'><strong>moriatur,</strong></span> <span class='ocrx_word' id='word_1_468' title='bbox 3363 2607 3420 2656; x_wconf 91' lang='lat' dir='ltr'><strong>et</strong></span> 
     </span>
    </p>
   </div>
   <div class='ocr_carea' id='block_1_40' title="bbox 1821 2683 3418 2758">
    <p class='ocr_par' dir='ltr' id='par_1_40' title="bbox 1821 2683 3418 2758">
     <span class='ocr_line' id='line_1_40' title="bbox 1821 2683 3418 2758; baseline 0.004 -22"><span class='ocrx_word' id='word_1_469' title='bbox 1821 2683 1966 2737; x_wconf 90' lang='lat' dir='ltr'><strong>sicut</strong></span> <span class='ocrx_word' id='word_1_470' title='bbox 1994 2684 2088 2754; x_wconf 90' lang='lat' dir='ltr'><strong>qui</strong></span> <span class='ocrx_word' id='word_1_471' title='bbox 2116 2683 2368 2739; x_wconf 87' lang='lat' dir='ltr'><strong>ambulat</strong></span> <span class='ocrx_word' id='word_1_472' title='bbox 2412 2701 2636 2739; x_wconf 90' lang='lat' dir='ltr'><strong>necesse</strong></span> <span class='ocrx_word' id='word_1_473' title='bbox 2677 2691 2761 2739; x_wconf 90' lang='lat' dir='ltr'><strong>est</strong></span> <span class='ocrx_word' id='word_1_474' title='bbox 2801 2691 2864 2739; x_wconf 93' lang='lat' dir='ltr'><strong>ut</strong></span> <span class='ocrx_word' id='word_1_475' title='bbox 2897 2703 2957 2740; x_wconf 90' lang='lat' dir='ltr'><strong>se</strong></span> <span class='ocrx_word' id='word_1_476' title='bbox 2995 2694 3232 2752; x_wconf 84' lang='lat' dir='ltr'><strong>moveat,</strong></span> <span class='ocrx_word' id='word_1_477' title='bbox 3277 2705 3418 2758; x_wconf 88' lang='lat' dir='ltr'><strong>quo-</strong></span> 
     </span>
    </p>
   </div>
   <div class='ocr_carea' id='block_1_41' title="bbox 1823 2773 3418 2844">
    <p class='ocr_par' dir='ltr' id='par_1_41' title="bbox 1823 2773 3418 2844">
     <span class='ocr_line' id='line_1_41' title="bbox 1823 2773 3418 2844; baseline 0.003 -19"><span class='ocrx_word' id='word_1_478' title='bbox 1823 2773 1972 2826; x_wconf 80' lang='lat' dir='ltr'><strong>niam</strong></span> <span class='ocrx_word' id='word_1_479' title='bbox 1989 2773 2153 2826; x_wconf 86' lang='lat' dir='ltr'><strong>aliter</strong></span> <span class='ocrx_word' id='word_1_480' title='bbox 2174 2789 2294 2826; x_wconf 89' lang='lat' dir='ltr'><strong>esse</strong></span> <span class='ocrx_word' id='word_1_481' title='bbox 2316 2790 2425 2826; x_wconf 88' lang='lat' dir='ltr'><strong>non</strong></span> <span class='ocrx_word' id='word_1_482' title='bbox 2448 2779 2648 2844; x_wconf 89' lang='lat' dir='ltr'><strong>potest.</strong></span> <span class='ocrx_word' id='word_1_483' title='bbox 2676 2775 2743 2828; x_wconf 88' lang='lat' dir='ltr'><strong>Et</strong></span> <span class='ocrx_word' id='word_1_484' title='bbox 2758 2775 2884 2828; x_wconf 90' lang='lat' dir='ltr'><strong>ideo</strong></span> <span class='ocrx_word' id='word_1_485' title='bbox 2905 2775 3020 2829; x_wconf 70' lang='lat' dir='ltr'><strong>haec</strong></span> <span class='ocrx_word' id='word_1_486' title='bbox 3032 2777 3334 2830; x_wconf 91' lang='lat' dir='ltr'><strong>necessitas</strong></span> <span class='ocrx_word' id='word_1_487' title='bbox 3347 2778 3418 2831; x_wconf 91' lang='lat' dir='ltr'><strong>ad</strong></span> 
     </span>
    </p>
   </div>
   <div class='ocr_carea' id='block_1_42' title="bbox 1823 2861 3421 2932">
    <p class='ocr_par' dir='ltr' id='par_1_42' title="bbox 1823 2861 3421 2932">
     <span class='ocr_line' id='line_1_42' title="bbox 1823 2861 3421 2932; baseline 0.003 -17"><span class='ocrx_word' id='word_1_488' title='bbox 1823 2861 2097 2915; x_wconf 92' lang='lat' dir='ltr'><strong>mundum</strong></span> <span class='ocrx_word' id='word_1_489' title='bbox 2120 2861 2414 2916; x_wconf 84' lang='lat' dir='ltr'><strong>referenda</strong></span> <span class='ocrx_word' id='word_1_490' title='bbox 2441 2870 2544 2928; x_wconf 89' lang='lat' dir='ltr'><strong>est,</strong></span> <span class='ocrx_word' id='word_1_491' title='bbox 2577 2864 2667 2918; x_wconf 91' lang='lat' dir='ltr'><strong>cui</strong></span> <span class='ocrx_word' id='word_1_492' title='bbox 2715 2881 2796 2917; x_wconf 67' lang='lat' dir='ltr'><strong>va:</strong></span> <span class='ocrx_word' id='word_1_493' title='bbox 2843 2870 2930 2918; x_wconf 90' lang='lat' dir='ltr'><strong>est</strong></span> <span class='ocrx_word' id='word_1_494' title='bbox 2959 2881 2992 2917; x_wconf 91' lang='lat' dir='ltr'><strong>a</strong></span> <span class='ocrx_word' id='word_1_495' title='bbox 3033 2865 3329 2932; x_wconf 81' lang='lat' dir='ltr'><strong>scandalis,</strong></span> <span class='ocrx_word' id='word_1_496' title='bbox 3363 2873 3421 2920; x_wconf 91' lang='lat' dir='ltr'><strong>et</strong></span> 
     </span>
    </p>
   </div>
   <div class='ocr_carea' id='block_1_43' title="bbox 1823 2951 3417 3024">
    <p class='ocr_par' dir='ltr' id='par_1_43' title="bbox 1823 2951 3417 3024">
     <span class='ocr_line' id='line_1_43' title="bbox 1823 2951 3417 3024; baseline 0.003 -20"><span class='ocrx_word' id='word_1_497' title='bbox 1823 2967 1935 3004; x_wconf 92' lang='lat' dir='ltr'><strong>non</strong></span> <span class='ocrx_word' id='word_1_498' title='bbox 1959 2951 2029 3004; x_wconf 89' lang='lat' dir='ltr'><strong>ad</strong></span> <span class='ocrx_word' id='word_1_499' title='bbox 2071 2967 2200 3004; x_wconf 87' lang='lat' dir='ltr'><strong>eum</strong></span> <span class='ocrx_word' id='word_1_500' title='bbox 2232 2952 2504 3005; x_wconf 91' lang='lat' dir='ltr'><strong>mundum</strong></span> <span class='ocrx_word' id='word_1_501' title='bbox 2539 2952 2634 3022; x_wconf 91' lang='lat' dir='ltr'><strong>qui</strong></span> <span class='ocrx_word' id='word_1_502' title='bbox 2680 2953 3002 3024; x_wconf 87' lang='lat' dir='ltr'><strong>redemptus</strong></span> <span class='ocrx_word' id='word_1_503' title='bbox 3047 2960 3132 3007; x_wconf 89' lang='lat' dir='ltr'><strong>est</strong></span> <span class='ocrx_word' id='word_1_504' title='bbox 3171 2971 3204 3007; x_wconf 89' lang='lat' dir='ltr'><strong>a</strong></span> <span class='ocrx_word' id='word_1_505' title='bbox 3250 2955 3417 3020; x_wconf 89' lang='lat' dir='ltr'><strong>malo,</strong></span> 
     </span>
    </p>
   </div>
   <div class='ocr_carea' id='block_1_44' title="bbox 138 3039 3422 3114">
    <p class='ocr_par' dir='ltr' id='par_1_44' title="bbox 138 3039 3422 3114">
     <span class='ocr_line' id='line_1_44' title="bbox 138 3039 3422 3114; baseline 0.001 -18"><span class='ocrx_word' id='word_1_506' title='bbox 138 3059 227 3112; x_wconf 82' lang='lat' dir='ltr'><strong>per</strong></span> <span class='ocrx_word' id='word_1_507' title='bbox 266 3043 536 3098; x_wconf 87' lang='lat' dir='ltr'><strong>homines</strong></span> <span class='ocrx_word' id='word_1_508' title='bbox 580 3043 759 3097; x_wconf 88' lang='lat' dir='ltr'><strong>malos</strong></span> <span class='ocrx_word' id='word_1_509' title='bbox 784 3044 854 3097; x_wconf 88' lang='lat' dir='ltr'><strong>ad</strong></span> <span class='ocrx_word' id='word_1_510' title='bbox 885 3060 1026 3114; x_wconf 90' lang='lat' dir='ltr'><strong>quos</strong></span> <span class='ocrx_word' id='word_1_511' title='bbox 1057 3044 1287 3108; x_wconf 87' lang='lat' dir='ltr'><strong>accedit,</strong></span> <span class='ocrx_word' id='word_1_512' title='bbox 1331 3061 1396 3098; x_wconf 91' lang='lat' dir='ltr'><strong>ac</strong></span> <span class='ocrx_word' id='word_1_513' title='bbox 1434 3045 1480 3098; x_wconf 90' lang='lat' dir='ltr'><strong>si</strong></span> <span class='ocrx_word' id='word_1_514' title='bbox 1511 3045 1582 3098; x_wconf 90' lang='lat' dir='ltr'><strong>ad</strong></span> <span class='ocrx_word' id='word_1_515' title='bbox 1611 3062 1741 3099; x_wconf 82' lang='lat' dir='ltr'><strong>vasa</strong></span> <span class='ocrx_word' id='word_1_516' title='bbox 1762 3039 1955 3112; x_wconf 75' lang='lat' dir='ltr'><strong>Clicet</strong></span> <span class='ocrx_word' id='word_1_517' title='bbox 1975 3046 2170 3094; x_wconf 86' lang='lat' dir='ltr'><strong>contra</strong></span> <span class='ocrx_word' id='word_1_518' title='bbox 2203 3057 2331 3094; x_wconf 91' lang='lat' dir='ltr'><strong>eum</strong></span> <span class='ocrx_word' id='word_1_519' title='bbox 2361 3041 2624 3095; x_wconf 89' lang='lat' dir='ltr'><strong>scandala</strong></span> <span class='ocrx_word' id='word_1_520' title='bbox 2649 3047 2886 3106; x_wconf 85' lang='lat' dir='ltr'><strong>moveat,</strong></span> <span class='ocrx_word' id='word_1_521' title='bbox 2923 3041 3226 3112; x_wconf 86' lang='lat' dir='ltr'><strong>instigatus</strong></span> <span class='ocrx_word' id='word_1_522' title='bbox 3254 3043 3302 3097; x_wconf 88' lang='lat' dir='ltr'><strong>is</strong></span> <span class='ocrx_word' id='word_1_523' title='bbox 3332 3043 3422 3100; x_wconf 87' lang='lat' dir='ltr'><strong>cui</strong></span> 
     </span>
    </p>
   </div>
   <div class='ocr_carea' id='block_1_45' title="bbox 137 3131 1740 3204">
    <p class='ocr_par' dir='ltr' id='par_1_45' title="bbox 137 3131 1740 3204">
     <span class='ocr_line' id='line_1_45' title="bbox 137 3131 1740 3204; baseline 0.003 -21"><span class='ocrx_word' id='word_1_524' title='bbox 137 3147 250 3196; x_wconf 85' lang='lat' dir='ltr'><strong>sua,</strong></span> <span class='ocrx_word' id='word_1_525' title='bbox 277 3149 396 3186; x_wconf 89' lang='lat' dir='ltr'><strong>non</strong></span> <span class='ocrx_word' id='word_1_526' title='bbox 423 3132 536 3186; x_wconf 89' lang='lat' dir='ltr'><strong>nisi</strong></span> <span class='ocrx_word' id='word_1_527' title='bbox 565 3131 821 3187; x_wconf 86' lang='lat' dir='ltr'><strong>diabolus</strong></span> <span class='ocrx_word' id='word_1_528' title='bbox 837 3133 1189 3202; x_wconf 88' lang='lat' dir='ltr'><strong>intelligitur,</strong></span> <span class='ocrx_word' id='word_1_529' title='bbox 1210 3133 1304 3204; x_wconf 88' lang='lat' dir='ltr'><strong>qui</strong></span> <span class='ocrx_word' id='word_1_530' title='bbox 1325 3135 1740 3204; x_wconf 90' lang='lat' dir='ltr'><strong>principaturin</strong></span> 
     </span>
    </p>
   </div>
   <div class='ocr_carea' id='block_1_46' title="bbox 135 3219 1742 3292">
    <p class='ocr_par' dir='ltr' id='par_1_46' title="bbox 135 3219 1742 3292">
     <span class='ocr_line' id='line_1_46' title="bbox 135 3219 1742 3292; baseline 0.002 -19"><span class='ocrx_word' id='word_1_531' title='bbox 135 3219 274 3274; x_wconf 84' lang='lat' dir='ltr'><strong>ﬁlios</strong></span> <span class='ocrx_word' id='word_1_532' title='bbox 302 3221 656 3286; x_wconf 70' lang='lat' dir='ltr'><strong>difﬁdentiae,</strong></span> <span class='ocrx_word' id='word_1_533' title='bbox 690 3227 748 3275; x_wconf 90' lang='lat' dir='ltr'><strong>et</strong></span> <span class='ocrx_word' id='word_1_534' title='bbox 792 3237 894 3292; x_wconf 91' lang='lat' dir='ltr'><strong>per</strong></span> <span class='ocrx_word' id='word_1_535' title='bbox 932 3238 1026 3275; x_wconf 92' lang='lat' dir='ltr'><strong>eos</strong></span> <span class='ocrx_word' id='word_1_536' title='bbox 1059 3228 1277 3275; x_wconf 90' lang='lat' dir='ltr'><strong>exercet</strong></span> <span class='ocrx_word' id='word_1_537' title='bbox 1316 3240 1446 3276; x_wconf 90' lang='lat' dir='ltr'><strong>suas</strong></span> <span class='ocrx_word' id='word_1_538' title='bbox 1475 3230 1644 3282; x_wconf 89' lang='lat' dir='ltr'><strong>artes.</strong></span> <span class='ocrx_word' id='word_1_539' title='bbox 1679 3229 1742 3278; x_wconf 92' lang='lat' dir='ltr'><strong>ut</strong></span> 
     </span>
    </p>
   </div>
   <div class='ocr_carea' id='block_1_47' title="bbox 137 3309 1741 3382">
    <p class='ocr_par' dir='ltr' id='par_1_47' title="bbox 137 3309 1741 3382">
     <span class='ocr_line' id='line_1_47' title="bbox 137 3309 1741 3382; baseline 0.003 -21"><span class='ocrx_word' id='word_1_540' title='bbox 137 3309 285 3362; x_wconf 87' lang='lat' dir='ltr'><strong>ultra</strong></span> <span class='ocrx_word' id='word_1_541' title='bbox 305 3310 556 3364; x_wconf 82' lang='lat' dir='ltr'><strong>latenter</strong></span> <span class='ocrx_word' id='word_1_542' title='bbox 582 3327 784 3365; x_wconf 88' lang='lat' dir='ltr'><strong>nocere</strong></span> <span class='ocrx_word' id='word_1_543' title='bbox 813 3311 1007 3381; x_wconf 89' lang='lat' dir='ltr'><strong>possit.</strong></span> <span class='ocrx_word' id='word_1_544' title='bbox 1043 3311 1346 3382; x_wconf 87' lang='lat' dir='ltr'><strong>Propterea</strong></span> <span class='ocrx_word' id='word_1_545' title='bbox 1372 3312 1549 3365; x_wconf 90' lang='lat' dir='ltr'><strong>multo</strong></span> <span class='ocrx_word' id='word_1_546' title='bbox 1581 3314 1741 3382; x_wconf 89' lang='lat' dir='ltr'><strong>pejus</strong></span> 
     </span>
    </p>
   </div>
   <div class='ocr_carea' id='block_1_48' title="bbox 139 3389 1744 3470">
    <p class='ocr_par' dir='ltr' id='par_1_48' title="bbox 139 3389 1744 3470">
     <span class='ocr_line' id='line_1_48' title="bbox 139 3389 1744 3470; baseline 0.001 -18"><span class='ocrx_word' id='word_1_547' title='bbox 139 3403 222 3452; x_wconf 81' lang='lat' dir='ltr'><strong>est</strong></span> <span class='ocrx_word' id='word_1_548' title='bbox 246 3398 329 3452; x_wconf 83' lang='lat' dir='ltr'><strong>illi</strong></span> <span class='ocrx_word' id='word_1_549' title='bbox 359 3399 462 3469; x_wconf 89' lang='lat' dir='ltr'><strong>qui</strong></span> <span class='ocrx_word' id='word_1_550' title='bbox 489 3389 846 3464; x_wconf 78' lang='lat' dir='ltr'><strong>scandalizat,</strong></span> <span class='ocrx_word' id='word_1_551' title='bbox 881 3415 1049 3470; x_wconf 88' lang='lat' dir='ltr'><strong>quam</strong></span> <span class='ocrx_word' id='word_1_552' title='bbox 1080 3399 1175 3470; x_wconf 90' lang='lat' dir='ltr'><strong>qui</strong></span> <span class='ocrx_word' id='word_1_553' title='bbox 1215 3400 1640 3454; x_wconf 87' lang='lat' dir='ltr'><strong>scandalizatur.</strong></span> <span class='ocrx_word' id='word_1_554' title='bbox 1677 3401 1744 3454; x_wconf 90' lang='lat' dir='ltr'><strong>Et</strong></span> 
     </span>
    </p>
   </div>
   <div class='ocr_carea' id='block_1_49' title="bbox 139 3485 1742 3554">
    <p class='ocr_par' dir='ltr' id='par_1_49' title="bbox 139 3485 1742 3554">
     <span class='ocr_line' id='line_1_49' title="bbox 139 3485 1742 3554; baseline 0.002 -15"><span class='ocrx_word' id='word_1_555' title='bbox 139 3485 266 3554; x_wconf 83' lang='lat' dir='ltr'><strong>quia</strong></span> <span class='ocrx_word' id='word_1_556' title='bbox 290 3504 528 3542; x_wconf 88' lang='lat' dir='ltr'><strong>necesse</strong></span> <span class='ocrx_word' id='word_1_557' title='bbox 557 3494 644 3542; x_wconf 90' lang='lat' dir='ltr'><strong>est</strong></span> <span class='ocrx_word' id='word_1_558' title='bbox 688 3494 752 3541; x_wconf 90' lang='lat' dir='ltr'><strong>ut</strong></span> <span class='ocrx_word' id='word_1_559' title='bbox 795 3488 1023 3542; x_wconf 86' lang='lat' dir='ltr'><strong>veniant</strong></span> <span class='ocrx_word' id='word_1_560' title='bbox 1069 3489 1351 3552; x_wconf 87' lang='lat' dir='ltr'><strong>scandala,</strong></span> <span class='ocrx_word' id='word_1_561' title='bbox 1396 3488 1742 3543; x_wconf 88' lang='lat' dir='ltr'><strong>tolerabilius</strong></span> 
     </span>
    </p>
   </div>
   <div class='ocr_carea' id='block_1_50' title="bbox 141 3576 1742 3647">
    <p class='ocr_par' dir='ltr' id='par_1_50' title="bbox 141 3576 1742 3647">
     <span class='ocr_line' id='line_1_50' title="bbox 141 3576 1742 3647; baseline 0.002 -19"><span class='ocrx_word' id='word_1_562' title='bbox 141 3580 236 3640; x_wconf 85' lang='lat' dir='ltr'><strong>est,</strong></span> <span class='ocrx_word' id='word_1_563' title='bbox 275 3582 340 3630; x_wconf 90' lang='lat' dir='ltr'><strong>ut</strong></span> <span class='ocrx_word' id='word_1_564' title='bbox 371 3592 478 3647; x_wconf 89' lang='lat' dir='ltr'><strong>per</strong></span> <span class='ocrx_word' id='word_1_565' title='bbox 505 3593 602 3630; x_wconf 88' lang='lat' dir='ltr'><strong>eos</strong></span> <span class='ocrx_word' id='word_1_566' title='bbox 629 3576 874 3642; x_wconf 87' lang='lat' dir='ltr'><strong>veniant,</strong></span> <span class='ocrx_word' id='word_1_567' title='bbox 908 3577 1004 3647; x_wconf 91' lang='lat' dir='ltr'><strong>qui</strong></span> <span class='ocrx_word' id='word_1_568' title='bbox 1039 3577 1206 3631; x_wconf 90' lang='lat' dir='ltr'><strong>alieni</strong></span> <span class='ocrx_word' id='word_1_569' title='bbox 1248 3583 1380 3630; x_wconf 89' lang='lat' dir='ltr'><strong>sunt</strong></span> <span class='ocrx_word' id='word_1_570' title='bbox 1423 3593 1458 3629; x_wconf 91' lang='lat' dir='ltr'><strong>a</strong></span> <span class='ocrx_word' id='word_1_571' title='bbox 1497 3578 1595 3631; x_wconf 91' lang='lat' dir='ltr'><strong>Dei</strong></span> <span class='ocrx_word' id='word_1_572' title='bbox 1622 3578 1742 3631; x_wconf 90' lang='lat' dir='ltr'><strong>cul-</strong></span> 
     </span>
    </p>
   </div>
   <div class='ocr_carea' id='block_1_51' title="bbox 138 3656 1741 3736">
    <p class='ocr_par' dir='ltr' id='par_1_51' title="bbox 138 3656 1741 3736">
     <span class='ocr_line' id='line_1_51' title="bbox 138 3656 1741 3736; baseline 0.002 -19"><span class='ocrx_word' id='word_1_573' title='bbox 138 3668 278 3730; x_wconf 84' lang='lat' dir='ltr'><strong>tura,</strong></span> <span class='ocrx_word' id='word_1_574' title='bbox 298 3683 477 3736; x_wconf 88' lang='lat' dir='ltr'><strong>quam</strong></span> <span class='ocrx_word' id='word_1_575' title='bbox 503 3682 604 3735; x_wconf 85' lang='lat' dir='ltr'><strong>per</strong></span> <span class='ocrx_word' id='word_1_576' title='bbox 630 3682 724 3719; x_wconf 91' lang='lat' dir='ltr'><strong>eos</strong></span> <span class='ocrx_word' id='word_1_577' title='bbox 750 3666 846 3735; x_wconf 90' lang='lat' dir='ltr'><strong>qui</strong></span> <span class='ocrx_word' id='word_1_578' title='bbox 873 3665 1130 3720; x_wconf 88' lang='lat' dir='ltr'><strong>videntur</strong></span> <span class='ocrx_word' id='word_1_579' title='bbox 1158 3656 1348 3719; x_wconf 88' lang='lat' dir='ltr'><strong>ﬁdeles</strong></span> <span class='ocrx_word' id='word_1_580' title='bbox 1367 3682 1506 3720; x_wconf 89' lang='lat' dir='ltr'><strong>esse.</strong></span> <span class='ocrx_word' id='word_1_581' title='bbox 1527 3666 1741 3730; x_wconf 87' lang='lat' dir='ltr'><strong>Quibus</strong></span> 
     </span>
    </p>
   </div>
   <div class='ocr_carea' id='block_1_52' title="bbox 142 3753 1741 3826">
    <p class='ocr_par' dir='ltr' id='par_1_52' title="bbox 142 3753 1741 3826">
     <span class='ocr_line' id='line_1_52' title="bbox 142 3753 1741 3826; baseline 0.003 -20"><span class='ocrx_word' id='word_1_582' title='bbox 142 3759 194 3806; x_wconf 87' lang='lat' dir='ltr'><strong>et</strong></span> <span class='ocrx_word' id='word_1_583' title='bbox 239 3758 432 3826; x_wconf 88' lang='lat' dir='ltr'><strong>majus</strong></span> <span class='ocrx_word' id='word_1_584' title='bbox 479 3753 756 3808; x_wconf 86' lang='lat' dir='ltr'><strong>incumbit</strong></span> <span class='ocrx_word' id='word_1_585' title='bbox 797 3771 874 3808; x_wconf 75' lang='lat' dir='ltr'><strong>vae</strong></span> <span class='ocrx_word' id='word_1_586' title='bbox 920 3771 1021 3826; x_wconf 89' lang='lat' dir='ltr'><strong>per</strong></span> <span class='ocrx_word' id='word_1_587' title='bbox 1066 3771 1206 3825; x_wconf 91' lang='lat' dir='ltr'><strong>quos</strong></span> <span class='ocrx_word' id='word_1_588' title='bbox 1245 3755 1537 3825; x_wconf 89' lang='lat' dir='ltr'><strong>contingit,</strong></span> <span class='ocrx_word' id='word_1_589' title='bbox 1572 3773 1741 3826; x_wconf 89' lang='lat' dir='ltr'><strong>quam</strong></span> 
     </span>
    </p>
   </div>
   <div class='ocr_carea' id='block_1_53' title="bbox 139 3843 1747 3913">
    <p class='ocr_par' dir='ltr' id='par_1_53' title="bbox 139 3843 1747 3913">
     <span class='ocr_line' id='line_1_53' title="bbox 139 3843 1747 3913; baseline 0.001 -16"><span class='ocrx_word' id='word_1_590' title='bbox 139 3845 381 3913; x_wconf 78' lang='lat' dir='ltr'><strong>parvulis</strong></span> <span class='ocrx_word' id='word_1_591' title='bbox 413 3848 474 3897; x_wconf 88' lang='lat' dir='ltr'><strong>et</strong></span> <span class='ocrx_word' id='word_1_592' title='bbox 503 3843 713 3896; x_wconf 89' lang='lat' dir='ltr'><strong>mundo</strong></span> <span class='ocrx_word' id='word_1_593' title='bbox 729 3843 818 3897; x_wconf 91' lang='lat' dir='ltr'><strong>cui</strong></span> <span class='ocrx_word' id='word_1_594' title='bbox 837 3844 1129 3913; x_wconf 86' lang='lat' dir='ltr'><strong>contingit.</strong></span> <span class='ocrx_word' id='word_1_595' title='bbox 1145 3843 1289 3907; x_wconf 87' lang='lat' dir='ltr'><strong>Quia</strong></span> <span class='ocrx_word' id='word_1_596' title='bbox 1309 3844 1599 3898; x_wconf 89' lang='lat' dir='ltr'><strong>remissius</strong></span> <span class='ocrx_word' id='word_1_597' title='bbox 1624 3850 1747 3899; x_wconf 89' lang='lat' dir='ltr'><strong>erat</strong></span> 
     </span>
    </p>
   </div>
   <div class='ocr_carea' id='block_1_54' title="bbox 140 3931 1745 4004">
    <p class='ocr_par' dir='ltr' id='par_1_54' title="bbox 140 3931 1745 4004">
     <span class='ocr_line' id='line_1_54' title="bbox 140 3931 1745 4004; baseline 0.001 -18"><span class='ocrx_word' id='word_1_598' title='bbox 140 3931 278 4002; x_wconf 84' lang='lat' dir='ltr'><strong>Tyro</strong></span> <span class='ocrx_word' id='word_1_599' title='bbox 317 3939 379 3986; x_wconf 87' lang='lat' dir='ltr'><strong>et</strong></span> <span class='ocrx_word' id='word_1_600' title='bbox 410 3932 610 3986; x_wconf 88' lang='lat' dir='ltr'><strong>Sidoni</strong></span> <span class='ocrx_word' id='word_1_601' title='bbox 639 3949 809 4003; x_wconf 90' lang='lat' dir='ltr'><strong>quam</strong></span> <span class='ocrx_word' id='word_1_602' title='bbox 829 3933 938 3987; x_wconf 91' lang='lat' dir='ltr'><strong>illis</strong></span> <span class='ocrx_word' id='word_1_603' title='bbox 966 3933 1282 3987; x_wconf 86' lang='lat' dir='ltr'><strong>civitatibus</strong></span> <span class='ocrx_word' id='word_1_604' title='bbox 1305 3950 1444 4004; x_wconf 89' lang='lat' dir='ltr'><strong>quas</strong></span> <span class='ocrx_word' id='word_1_605' title='bbox 1473 3934 1745 3989; x_wconf 87' lang='lat' dir='ltr'><strong>Dominus</strong></span> 
     </span>
    </p>
   </div>
   <div class='ocr_carea' id='block_1_55' title="bbox 139 4021 1740 4093">
    <p class='ocr_par' dir='ltr' id='par_1_55' title="bbox 139 4021 1740 4093">
     <span class='ocr_line' id='line_1_55' title="bbox 139 4021 1740 4093; baseline 0.002 -21"><span class='ocrx_word' id='word_1_606' title='bbox 139 4021 249 4074; x_wconf 86' lang='lat' dir='ltr'><strong>suis</strong></span> <span class='ocrx_word' id='word_1_607' title='bbox 278 4021 594 4075; x_wconf 85' lang='lat' dir='ltr'><strong>virtutibus</strong></span> <span class='ocrx_word' id='word_1_608' title='bbox 632 4037 745 4075; x_wconf 92' lang='lat' dir='ltr'><strong>non</strong></span> <span class='ocrx_word' id='word_1_609' title='bbox 773 4022 957 4092; x_wconf 88' lang='lat' dir='ltr'><strong>potuit</strong></span> <span class='ocrx_word' id='word_1_610' title='bbox 982 4022 1260 4093; x_wconf 84' lang='lat' dir='ltr'><strong>corrigere</strong></span> <span class='ocrx_word' id='word_1_611' title='bbox 1301 4029 1358 4076; x_wconf 93' lang='lat' dir='ltr'><strong>et</strong></span> <span class='ocrx_word' id='word_1_612' title='bbox 1398 4029 1740 4078; x_wconf 87' lang='lat' dir='ltr'><strong>convertere.</strong></span> 
     </span>
    </p>
   </div>
   <div class='ocr_carea' id='block_1_56' title="bbox 140 4107 1742 4182">
    <p class='ocr_par' dir='ltr' id='par_1_56' title="bbox 140 4107 1742 4182">
     <span class='ocr_line' id='line_1_56' title="bbox 140 4107 1742 4182; baseline 0.004 -22"><span class='ocrx_word' id='word_1_613' title='bbox 140 4107 550 4165; x_wconf 75' lang='lat' dir='ltr'><strong>Verumtamen</strong></span> <span class='ocrx_word' id='word_1_614' title='bbox 579 4110 683 4164; x_wconf 87' lang='lat' dir='ltr'><strong>etsi</strong></span> <span class='ocrx_word' id='word_1_615' title='bbox 712 4111 798 4164; x_wconf 88' lang='lat' dir='ltr'><strong>his</strong></span> <span class='ocrx_word' id='word_1_616' title='bbox 825 4127 905 4164; x_wconf 68' lang='lat' dir='ltr'><strong>vae</strong></span> <span class='ocrx_word' id='word_1_617' title='bbox 943 4117 1044 4177; x_wconf 89' lang='lat' dir='ltr'><strong>est,</strong></span> <span class='ocrx_word' id='word_1_618' title='bbox 1090 4112 1185 4182; x_wconf 88' lang='lat' dir='ltr'><strong>qui</strong></span> <span class='ocrx_word' id='word_1_619' title='bbox 1233 4112 1302 4165; x_wconf 92' lang='lat' dir='ltr'><strong>de</strong></span> <span class='ocrx_word' id='word_1_620' title='bbox 1344 4113 1553 4166; x_wconf 92' lang='lat' dir='ltr'><strong>mundo</strong></span> <span class='ocrx_word' id='word_1_621' title='bbox 1591 4118 1648 4167; x_wconf 91' lang='lat' dir='ltr'><strong>et</strong></span> <span class='ocrx_word' id='word_1_622' title='bbox 1683 4114 1742 4167; x_wconf 90' lang='lat' dir='ltr'><strong>in</strong></span> 
     </span>
    </p>
   </div>
   <div class='ocr_carea' id='block_1_57' title="bbox 140 4199 1744 4265">
    <p class='ocr_par' dir='ltr' id='par_1_57' title="bbox 140 4199 1744 4265">
     <span class='ocr_line' id='line_1_57' title="bbox 140 4199 1744 4265; baseline 0.002 -13"><span class='ocrx_word' id='word_1_623' title='bbox 140 4200 348 4253; x_wconf 89' lang='lat' dir='ltr'><strong>mundo</strong></span> <span class='ocrx_word' id='word_1_624' title='bbox 373 4199 649 4253; x_wconf 87' lang='lat' dir='ltr'><strong>scandala</strong></span> <span class='ocrx_word' id='word_1_625' title='bbox 672 4200 954 4254; x_wconf 85' lang='lat' dir='ltr'><strong>seminant</strong></span> <span class='ocrx_word' id='word_1_626' title='bbox 983 4207 1041 4254; x_wconf 90' lang='lat' dir='ltr'><strong>et</strong></span> <span class='ocrx_word' id='word_1_627' title='bbox 1067 4201 1342 4265; x_wconf 89' lang='lat' dir='ltr'><strong>nutriunt,</strong></span> <span class='ocrx_word' id='word_1_628' title='bbox 1393 4218 1494 4255; x_wconf 91' lang='lat' dir='ltr'><strong>nec</strong></span> <span class='ocrx_word' id='word_1_629' title='bbox 1535 4202 1744 4257; x_wconf 88' lang='lat' dir='ltr'><strong>immu-</strong></span> 
     </span>
    </p>
   </div>
   <div class='ocr_carea' id='block_1_58' title="bbox 1822 3129 3422 3200">
    <p class='ocr_par' dir='ltr' id='par_1_58' title="bbox 1822 3129 3422 3200">
     <span class='ocr_line' id='line_1_58' title="bbox 1822 3129 3422 3200; baseline 0.003 -18"><span class='ocrx_word' id='word_1_630' title='bbox 1822 3145 1900 3183; x_wconf 74' lang='lat' dir='ltr'><strong>vae</strong></span> <span class='ocrx_word' id='word_1_631' title='bbox 1931 3137 2017 3183; x_wconf 90' lang='lat' dir='ltr'><strong>est</strong></span> <span class='ocrx_word' id='word_1_632' title='bbox 2041 3145 2072 3182; x_wconf 92' lang='lat' dir='ltr'><strong>a</strong></span> <span class='ocrx_word' id='word_1_633' title='bbox 2105 3130 2406 3193; x_wconf 86' lang='lat' dir='ltr'><strong>scandalis,</strong></span> <span class='ocrx_word' id='word_1_634' title='bbox 2431 3129 2632 3200; x_wconf 91' lang='lat' dir='ltr'><strong>quibus</strong></span> <span class='ocrx_word' id='word_1_635' title='bbox 2662 3131 2813 3183; x_wconf 88' lang='lat' dir='ltr'><strong>nulla</strong></span> <span class='ocrx_word' id='word_1_636' title='bbox 2843 3131 3148 3186; x_wconf 86' lang='lat' dir='ltr'><strong>necessitas</strong></span> <span class='ocrx_word' id='word_1_637' title='bbox 3170 3137 3256 3186; x_wconf 86' lang='lat' dir='ltr'><strong>est</strong></span> <span class='ocrx_word' id='word_1_638' title='bbox 3274 3132 3333 3186; x_wconf 88' lang='lat' dir='ltr'><strong>in</strong></span> <span class='ocrx_word' id='word_1_639' title='bbox 3355 3149 3422 3188; x_wconf 88' lang='lat' dir='ltr'><strong>eo</strong></span> 
     </span>
    </p>
   </div>
   <div class='ocr_carea' id='block_1_59' title="bbox 1824 3218 3426 3292">
    <p class='ocr_par' dir='ltr' id='par_1_59' title="bbox 1824 3218 3426 3292">
     <span class='ocr_line' id='line_1_59' title="bbox 1824 3218 3426 3292; baseline 0.004 -21"><span class='ocrx_word' id='word_1_640' title='bbox 1824 3218 2052 3283; x_wconf 90' lang='lat' dir='ltr'><strong>mundo,</strong></span> <span class='ocrx_word' id='word_1_641' title='bbox 2101 3225 2165 3272; x_wconf 91' lang='lat' dir='ltr'><strong>ut</strong></span> <span class='ocrx_word' id='word_1_642' title='bbox 2204 3219 2446 3285; x_wconf 88' lang='lat' dir='ltr'><strong>veniant,</strong></span> <span class='ocrx_word' id='word_1_643' title='bbox 2483 3219 2580 3272; x_wconf 90' lang='lat' dir='ltr'><strong>sed</strong></span> <span class='ocrx_word' id='word_1_644' title='bbox 2619 3236 2823 3290; x_wconf 89' lang='lat' dir='ltr'><strong>magna</strong></span> <span class='ocrx_word' id='word_1_645' title='bbox 2863 3219 3095 3274; x_wconf 89' lang='lat' dir='ltr'><strong>libertas</strong></span> <span class='ocrx_word' id='word_1_646' title='bbox 3133 3238 3200 3275; x_wconf 84' lang='lat' dir='ltr'><strong>ex</strong></span> <span class='ocrx_word' id='word_1_647' title='bbox 3240 3223 3426 3292; x_wconf 85' lang='lat' dir='ltr'><strong>gratia</strong></span> 
     </span>
    </p>
   </div>
   <div class='ocr_carea' id='block_1_60' title="bbox 1824 3307 3424 3377">
    <p class='ocr_par' dir='ltr' id='par_1_60' title="bbox 1824 3307 3424 3377">
     <span class='ocr_line' id='line_1_60' title="bbox 1824 3307 3424 3377; baseline 0.004 -17"><span class='ocrx_word' id='word_1_648' title='bbox 1824 3307 1925 3360; x_wconf 90' lang='lat' dir='ltr'><strong>Dei</strong></span> <span class='ocrx_word' id='word_1_649' title='bbox 1964 3313 2028 3360; x_wconf 92' lang='lat' dir='ltr'><strong>ut</strong></span> <span class='ocrx_word' id='word_1_650' title='bbox 2054 3308 2290 3377; x_wconf 89' lang='lat' dir='ltr'><strong>repellat</strong></span> <span class='ocrx_word' id='word_1_651' title='bbox 2315 3315 2374 3362; x_wconf 92' lang='lat' dir='ltr'><strong>et</strong></span> <span class='ocrx_word' id='word_1_652' title='bbox 2395 3309 2597 3362; x_wconf 88' lang='lat' dir='ltr'><strong>vincat.</strong></span> <span class='ocrx_word' id='word_1_653' title='bbox 2633 3309 2909 3362; x_wconf 68' lang='lat' dir='ltr'><strong>Caiterum</strong></span> <span class='ocrx_word' id='word_1_654' title='bbox 2939 3309 2996 3362; x_wconf 93' lang='lat' dir='ltr'><strong>in</strong></span> <span class='ocrx_word' id='word_1_655' title='bbox 3027 3310 3123 3363; x_wconf 92' lang='lat' dir='ltr'><strong>illo</strong></span> <span class='ocrx_word' id='word_1_656' title='bbox 3154 3316 3211 3364; x_wconf 91' lang='lat' dir='ltr'><strong>et</strong></span> <span class='ocrx_word' id='word_1_657' title='bbox 3237 3310 3308 3364; x_wconf 90' lang='lat' dir='ltr'><strong>ab</strong></span> <span class='ocrx_word' id='word_1_658' title='bbox 3327 3311 3424 3367; x_wconf 90' lang='lat' dir='ltr'><strong>illo</strong></span> 
     </span>
    </p>
   </div>
   <div class='ocr_carea' id='block_1_61' title="bbox 1826 3396 3427 3468">
    <p class='ocr_par' dir='ltr' id='par_1_61' title="bbox 1826 3396 3427 3468">
     <span class='ocr_line' id='line_1_61' title="bbox 1826 3396 3427 3468; baseline 0.004 -20"><span class='ocrx_word' id='word_1_659' title='bbox 1826 3396 2035 3449; x_wconf 91' lang='lat' dir='ltr'><strong>mundo</strong></span> <span class='ocrx_word' id='word_1_660' title='bbox 2073 3412 2202 3449; x_wconf 91' lang='lat' dir='ltr'><strong>cum</strong></span> <span class='ocrx_word' id='word_1_661' title='bbox 2233 3397 2455 3450; x_wconf 89' lang='lat' dir='ltr'><strong>nonnisi</strong></span> <span class='ocrx_word' id='word_1_662' title='bbox 2497 3414 2573 3451; x_wconf 65' lang='lat' dir='ltr'><strong>va:</strong></span> <span class='ocrx_word' id='word_1_663' title='bbox 2604 3414 2725 3451; x_wconf 88' lang='lat' dir='ltr'><strong>esse</strong></span> <span class='ocrx_word' id='word_1_664' title='bbox 2753 3402 2954 3468; x_wconf 89' lang='lat' dir='ltr'><strong>potest,</strong></span> <span class='ocrx_word' id='word_1_665' title='bbox 2993 3414 3222 3453; x_wconf 89' lang='lat' dir='ltr'><strong>necesse</strong></span> <span class='ocrx_word' id='word_1_666' title='bbox 3247 3405 3334 3454; x_wconf 86' lang='lat' dir='ltr'><strong>est</strong></span> <span class='ocrx_word' id='word_1_667' title='bbox 3361 3406 3427 3455; x_wconf 90' lang='lat' dir='ltr'><strong>ut</strong></span> 
     </span>
    </p>
   </div>
   <div class='ocr_carea' id='block_1_62' title="bbox 1825 3484 3425 3556">
    <p class='ocr_par' dir='ltr' id='par_1_62' title="bbox 1825 3484 3425 3556">
     <span class='ocr_line' id='line_1_62' title="bbox 1825 3484 3425 3556; baseline 0.004 -20"><span class='ocrx_word' id='word_1_668' title='bbox 1825 3484 2053 3537; x_wconf 87' lang='lat' dir='ltr'><strong>veniant</strong></span> <span class='ocrx_word' id='word_1_669' title='bbox 2080 3485 2360 3547; x_wconf 88' lang='lat' dir='ltr'><strong>scandala,</strong></span> <span class='ocrx_word' id='word_1_670' title='bbox 2396 3485 2528 3555; x_wconf 88' lang='lat' dir='ltr'><strong>quia</strong></span> <span class='ocrx_word' id='word_1_671' title='bbox 2556 3484 2625 3538; x_wconf 91' lang='lat' dir='ltr'><strong>ab</strong></span> <span class='ocrx_word' id='word_1_672' title='bbox 2660 3485 2763 3550; x_wconf 88' lang='lat' dir='ltr'><strong>his,</strong></span> <span class='ocrx_word' id='word_1_673' title='bbox 2822 3486 2917 3556; x_wconf 90' lang='lat' dir='ltr'><strong>qui</strong></span> <span class='ocrx_word' id='word_1_674' title='bbox 2966 3487 3026 3540; x_wconf 93' lang='lat' dir='ltr'><strong>in</strong></span> <span class='ocrx_word' id='word_1_675' title='bbox 3071 3504 3137 3541; x_wconf 89' lang='lat' dir='ltr'><strong>eo</strong></span> <span class='ocrx_word' id='word_1_676' title='bbox 3181 3489 3425 3542; x_wconf 83' lang='lat' dir='ltr'><strong>ﬁxerunt</strong></span> 
     </span>
    </p>
   </div>
   <div class='ocr_carea' id='block_1_63' title="bbox 1823 3573 3422 3646">
    <p class='ocr_par' dir='ltr' id='par_1_63' title="bbox 1823 3573 3422 3646">
     <span class='ocr_line' id='line_1_63' title="bbox 1823 3573 3422 3646; baseline 0.003 -20"><span class='ocrx_word' id='word_1_677' title='bbox 1823 3573 2010 3632; x_wconf 87' lang='lat' dir='ltr'><strong>corda,</strong></span> <span class='ocrx_word' id='word_1_678' title='bbox 2052 3573 2201 3626; x_wconf 91' lang='lat' dir='ltr'><strong>aliud</strong></span> <span class='ocrx_word' id='word_1_679' title='bbox 2237 3573 2422 3626; x_wconf 87' lang='lat' dir='ltr'><strong>venire</strong></span> <span class='ocrx_word' id='word_1_680' title='bbox 2465 3589 2576 3626; x_wconf 91' lang='lat' dir='ltr'><strong>non</strong></span> <span class='ocrx_word' id='word_1_681' title='bbox 2624 3578 2823 3643; x_wconf 87' lang='lat' dir='ltr'><strong>potest,</strong></span> <span class='ocrx_word' id='word_1_682' title='bbox 2866 3576 3036 3629; x_wconf 89' lang='lat' dir='ltr'><strong>etiam</strong></span> <span class='ocrx_word' id='word_1_683' title='bbox 3085 3575 3190 3629; x_wconf 90' lang='lat' dir='ltr'><strong>etsi</strong></span> <span class='ocrx_word' id='word_1_684' title='bbox 3227 3592 3422 3646; x_wconf 86' lang='lat' dir='ltr'><strong>pacem</strong></span> 
     </span>
    </p>
   </div>
   <div class='ocr_carea' id='block_1_64' title="bbox 1823 3661 3418 3734">
    <p class='ocr_par' dir='ltr' id='par_1_64' title="bbox 1823 3661 3418 3734">
     <span class='ocr_line' id='line_1_64' title="bbox 1823 3661 3418 3734; baseline 0.003 -20"><span class='ocrx_word' id='word_1_685' title='bbox 1823 3662 2210 3732; x_wconf 88' lang='lat' dir='ltr'><strong>polliceantur,</strong></span> <span class='ocrx_word' id='word_1_686' title='bbox 2233 3661 2289 3714; x_wconf 93' lang='lat' dir='ltr'><strong>in</strong></span> <span class='ocrx_word' id='word_1_687' title='bbox 2303 3667 2574 3731; x_wconf 89' lang='lat' dir='ltr'><strong>quantum</strong></span> <span class='ocrx_word' id='word_1_688' title='bbox 2596 3662 2654 3714; x_wconf 89' lang='lat' dir='ltr'><strong>in</strong></span> <span class='ocrx_word' id='word_1_689' title='bbox 2675 3662 2754 3714; x_wconf 88' lang='lat' dir='ltr'><strong>eis</strong></span> <span class='ocrx_word' id='word_1_690' title='bbox 2777 3662 3124 3734; x_wconf 88' lang='lat' dir='ltr'><strong>principatur</strong></span> <span class='ocrx_word' id='word_1_691' title='bbox 3140 3664 3418 3730; x_wconf 84' lang='lat' dir='ltr'><strong>inimicus,</strong></span> 
     </span>
    </p>
   </div>
   <div class='ocr_carea' id='block_1_65' title="bbox 1823 3750 3420 3822">
    <p class='ocr_par' dir='ltr' id='par_1_65' title="bbox 1823 3750 3420 3822">
     <span class='ocr_line' id='line_1_65' title="bbox 1823 3750 3420 3822; baseline 0.001 -18"><span class='ocrx_word' id='word_1_692' title='bbox 1823 3766 1857 3804; x_wconf 90' lang='lat' dir='ltr'><strong>a</strong></span> <span class='ocrx_word' id='word_1_693' title='bbox 1886 3767 1996 3821; x_wconf 91' lang='lat' dir='ltr'><strong>quo</strong></span> <span class='ocrx_word' id='word_1_694' title='bbox 2024 3750 2176 3804; x_wconf 91' lang='lat' dir='ltr'><strong>aliud</strong></span> <span class='ocrx_word' id='word_1_695' title='bbox 2225 3750 2364 3803; x_wconf 90' lang='lat' dir='ltr'><strong>nihil</strong></span> <span class='ocrx_word' id='word_1_696' title='bbox 2413 3767 2582 3820; x_wconf 90' lang='lat' dir='ltr'><strong>quam</strong></span> <span class='ocrx_word' id='word_1_697' title='bbox 2628 3750 2890 3803; x_wconf 90' lang='lat' dir='ltr'><strong>scandala</strong></span> <span class='ocrx_word' id='word_1_698' title='bbox 2935 3751 3125 3804; x_wconf 89' lang='lat' dir='ltr'><strong>venire</strong></span> <span class='ocrx_word' id='word_1_699' title='bbox 3165 3758 3420 3822; x_wconf 86' lang='lat' dir='ltr'><strong>possunt.</strong></span> 
     </span>
    </p>
   </div>
   <div class='ocr_carea' id='block_1_66' title="bbox 1829 3838 3418 3910">
    <p class='ocr_par' dir='ltr' id='par_1_66' title="bbox 1829 3838 3418 3910">
     <span class='ocr_line' id='line_1_66' title="bbox 1829 3838 3418 3910; baseline 0.001 -17"><span class='ocrx_word' id='word_1_700' title='bbox 1829 3839 1986 3904; x_wconf 88' lang='lat' dir='ltr'><strong>Quod</strong></span> <span class='ocrx_word' id='word_1_701' title='bbox 2015 3840 2060 3893; x_wconf 90' lang='lat' dir='ltr'><strong>si</strong></span> <span class='ocrx_word' id='word_1_702' title='bbox 2084 3841 2198 3894; x_wconf 77' lang='lat' dir='ltr'><strong>haec</strong></span> <span class='ocrx_word' id='word_1_703' title='bbox 2223 3838 2526 3893; x_wconf 89' lang='lat' dir='ltr'><strong>necessitas</strong></span> <span class='ocrx_word' id='word_1_704' title='bbox 2564 3839 2894 3909; x_wconf 87' lang='lat' dir='ltr'><strong>simpliciter</strong></span> <span class='ocrx_word' id='word_1_705' title='bbox 2920 3839 3286 3910; x_wconf 86' lang='lat' dir='ltr'><strong>intelligenda</strong></span> <span class='ocrx_word' id='word_1_706' title='bbox 3315 3846 3418 3908; x_wconf 86' lang='lat' dir='ltr'><strong>est,</strong></span> 
     </span>
    </p>
   </div>
   <div class='ocr_carea' id='block_1_67' title="bbox 1829 3928 3424 3999">
    <p class='ocr_par' dir='ltr' id='par_1_67' title="bbox 1829 3928 3424 3999">
     <span class='ocr_line' id='line_1_67' title="bbox 1829 3928 3424 3999; baseline 0.001 -17"><span class='ocrx_word' id='word_1_707' title='bbox 1829 3945 1940 3999; x_wconf 89' lang='lat' dir='ltr'><strong>qua</strong></span> <span class='ocrx_word' id='word_1_708' title='bbox 1959 3929 2183 3994; x_wconf 90' lang='lat' dir='ltr'><strong>dicitur,</strong></span> <span class='ocrx_word' id='word_1_709' title='bbox 2204 3928 2336 3998; x_wconf 89' lang='lat' dir='ltr'><strong>quia</strong></span> <span class='ocrx_word' id='word_1_710' title='bbox 2351 3943 2576 3981; x_wconf 89' lang='lat' dir='ltr'><strong>necesse</strong></span> <span class='ocrx_word' id='word_1_711' title='bbox 2598 3933 2685 3982; x_wconf 88' lang='lat' dir='ltr'><strong>est</strong></span> <span class='ocrx_word' id='word_1_712' title='bbox 2699 3933 2763 3981; x_wconf 91' lang='lat' dir='ltr'><strong>ut</strong></span> <span class='ocrx_word' id='word_1_713' title='bbox 2793 3930 3021 3982; x_wconf 86' lang='lat' dir='ltr'><strong>veniant</strong></span> <span class='ocrx_word' id='word_1_714' title='bbox 3040 3929 3324 3995; x_wconf 89' lang='lat' dir='ltr'><strong>scandala,</strong></span> <span class='ocrx_word' id='word_1_715' title='bbox 3354 3929 3424 3984; x_wconf 90' lang='lat' dir='ltr'><strong>de</strong></span> 
     </span>
    </p>
   </div>
   <div class='ocr_carea' id='block_1_68' title="bbox 1828 4021 3420 4096">
    <p class='ocr_par' dir='ltr' id='par_1_68' title="bbox 1828 4021 3420 4096">
     <span class='ocr_line' id='line_1_68' title="bbox 1828 4021 3420 4096; baseline -0.001 -18"><span class='ocrx_word' id='word_1_716' title='bbox 1828 4024 2087 4096; x_wconf 88' lang='lat' dir='ltr'><strong>passione</strong></span> <span class='ocrx_word' id='word_1_717' title='bbox 2120 4023 2328 4078; x_wconf 89' lang='lat' dir='ltr'><strong>Christi</strong></span> <span class='ocrx_word' id='word_1_718' title='bbox 2373 4021 2552 4092; x_wconf 88' lang='lat' dir='ltr'><strong>magis</strong></span> <span class='ocrx_word' id='word_1_719' title='bbox 2596 4021 2807 4076; x_wconf 89' lang='lat' dir='ltr'><strong>dictum</strong></span> <span class='ocrx_word' id='word_1_720' title='bbox 2849 4021 3276 4091; x_wconf 87' lang='lat' dir='ltr'><strong>intelligendum</strong></span> <span class='ocrx_word' id='word_1_721' title='bbox 3316 4028 3420 4090; x_wconf 90' lang='lat' dir='ltr'><strong>est,</strong></span> 
     </span>
    </p>
   </div>
   <div class='ocr_carea' id='block_1_69' title="bbox 1827 4110 3427 4184">
    <p class='ocr_par' dir='ltr' id='par_1_69' title="bbox 1827 4110 3427 4184">
     <span class='ocr_line' id='line_1_69' title="bbox 1827 4110 3427 4184; baseline -0.001 -17"><span class='ocrx_word' id='word_1_722' title='bbox 1827 4113 1958 4184; x_wconf 90' lang='lat' dir='ltr'><strong>quia</strong></span> <span class='ocrx_word' id='word_1_723' title='bbox 1985 4112 2273 4166; x_wconf 88' lang='lat' dir='ltr'><strong>humilitas</strong></span> <span class='ocrx_word' id='word_1_724' title='bbox 2303 4110 2510 4165; x_wconf 90' lang='lat' dir='ltr'><strong>Christi</strong></span> <span class='ocrx_word' id='word_1_725' title='bbox 2539 4115 2595 4164; x_wconf 92' lang='lat' dir='ltr'><strong>et</strong></span> <span class='ocrx_word' id='word_1_726' title='bbox 2619 4110 2822 4181; x_wconf 89' lang='lat' dir='ltr'><strong>passio,</strong></span> <span class='ocrx_word' id='word_1_727' title='bbox 2839 4111 3049 4164; x_wconf 90' lang='lat' dir='ltr'><strong>mundo</strong></span> <span class='ocrx_word' id='word_1_728' title='bbox 3067 4127 3100 4164; x_wconf 88' lang='lat' dir='ltr'><strong>a</strong></span> <span class='ocrx_word' id='word_1_729' title='bbox 3130 4127 3240 4181; x_wconf 90' lang='lat' dir='ltr'><strong>quo</strong></span> <span class='ocrx_word' id='word_1_730' title='bbox 3268 4127 3427 4166; x_wconf 82' lang='lat' dir='ltr'><strong>scan-</strong></span> 
     </span>
    </p>
   </div>
   <div class='ocr_carea' id='block_1_70' title="bbox 1827 4199 3425 4270">
    <p class='ocr_par' dir='ltr' id='par_1_70' title="bbox 1827 4199 3425 4270">
     <span class='ocr_line' id='line_1_70' title="bbox 1827 4199 3425 4270; baseline 0.001 -15"><span class='ocrx_word' id='word_1_731' title='bbox 1827 4202 1955 4256; x_wconf 91' lang='lat' dir='ltr'><strong>dala</strong></span> <span class='ocrx_word' id='word_1_732' title='bbox 1983 4201 2230 4266; x_wconf 90' lang='lat' dir='ltr'><strong>veniunt,</strong></span> <span class='ocrx_word' id='word_1_733' title='bbox 2259 4201 2454 4270; x_wconf 90' lang='lat' dir='ltr'><strong>utique</strong></span> <span class='ocrx_word' id='word_1_734' title='bbox 2483 4199 2806 4253; x_wconf 89' lang='lat' dir='ltr'><strong>scandalum</strong></span> <span class='ocrx_word' id='word_1_735' title='bbox 2838 4205 2922 4253; x_wconf 85' lang='lat' dir='ltr'><strong>est</strong></span> <span class='ocrx_word' id='word_1_736' title='bbox 2960 4200 3019 4254; x_wconf 90' lang='lat' dir='ltr'><strong>in</strong></span> <span class='ocrx_word' id='word_1_737' title='bbox 3051 4200 3156 4254; x_wconf 89' lang='lat' dir='ltr'><strong>hoc</strong></span> <span class='ocrx_word' id='word_1_738' title='bbox 3186 4199 3425 4256; x_wconf 87' lang='lat' dir='ltr'><strong>maxime</strong></span> 
     </span>
    </p>
   </div>
   <div class='ocr_carea' id='block_1_71' title="bbox 142 4289 3428 4362">
    <p class='ocr_par' dir='ltr' id='par_1_71' title="bbox 142 4289 3428 4362">
     <span class='ocr_line' id='line_1_71' title="bbox 142 4289 3428 4362; baseline 0.001 -21"><span class='ocrx_word' id='word_1_739' title='bbox 142 4303 234 4341; x_wconf 87' lang='lat' dir='ltr'><strong>nes</strong></span> <span class='ocrx_word' id='word_1_740' title='bbox 261 4296 403 4342; x_wconf 88' lang='lat' dir='ltr'><strong>sunt</strong></span> <span class='ocrx_word' id='word_1_741' title='bbox 431 4305 469 4341; x_wconf 89' lang='lat' dir='ltr'><strong>a</strong></span> <span class='ocrx_word' id='word_1_742' title='bbox 498 4294 656 4342; x_wconf 88' lang='lat' dir='ltr'><strong>reatu</strong></span> <span class='ocrx_word' id='word_1_743' title='bbox 689 4293 744 4342; x_wconf 88' lang='lat' dir='ltr'><strong>et</strong></span> <span class='ocrx_word' id='word_1_744' title='bbox 773 4289 937 4360; x_wconf 87' lang='lat' dir='ltr'><strong>culpa</strong></span> <span class='ocrx_word' id='word_1_745' title='bbox 975 4289 1177 4359; x_wconf 89' lang='lat' dir='ltr'><strong>quibus</strong></span> <span class='ocrx_word' id='word_1_746' title='bbox 1194 4296 1252 4344; x_wconf 90' lang='lat' dir='ltr'><strong>et.</strong></span> <span class='ocrx_word' id='word_1_747' title='bbox 1270 4307 1346 4344; x_wconf 83' lang='lat' dir='ltr'><strong>vae</strong></span> <span class='ocrx_word' id='word_1_748' title='bbox 1367 4291 1589 4356; x_wconf 88' lang='lat' dir='ltr'><strong>dicitur,</strong></span> <span class='ocrx_word' id='word_1_749' title='bbox 1614 4291 1746 4361; x_wconf 89' lang='lat' dir='ltr'><strong>quia</strong></span> <span class='ocrx_word' id='word_1_750' title='bbox 1766 4350 1806 4362; x_wconf 46' lang='grc' dir='ltr'><strong>κ</strong></span> <span class='ocrx_word' id='word_1_751' title='bbox 1829 4291 1961 4362; x_wconf 86' lang='lat' dir='ltr'><strong>quia</strong></span> <span class='ocrx_word' id='word_1_752' title='bbox 1991 4290 2312 4360; x_wconf 83' lang='lat' dir='ltr'><strong>ignorantia</strong></span> <span class='ocrx_word' id='word_1_753' title='bbox 2329 4289 2613 4343; x_wconf 87' lang='lat' dir='ltr'><strong>detinetur</strong></span> <span class='ocrx_word' id='word_1_754' title='bbox 2633 4289 2879 4343; x_wconf 89' lang='lat' dir='ltr'><strong>humana</strong></span> <span class='ocrx_word' id='word_1_755' title='bbox 2909 4306 3152 4360; x_wconf 86' lang='lat' dir='ltr'><strong>pressus,</strong></span> <span class='ocrx_word' id='word_1_756' title='bbox 3181 4305 3283 4344; x_wconf 90' lang='lat' dir='ltr'><strong>nec</strong></span> <span class='ocrx_word' id='word_1_757' title='bbox 3312 4306 3428 4346; x_wconf 88' lang='lat' dir='ltr'><strong>cre-</strong></span> 
     </span>
    </p>
   </div>
   <div class='ocr_carea' id='block_1_72' title="bbox 141 4350 3430 4450">
    <p class='ocr_par' dir='ltr' id='par_1_72' title="bbox 141 4350 3430 4450">
     <span class='ocr_line' id='line_1_72' title="bbox 141 4350 3430 4450; baseline 0.001 -19"><span class='ocrx_word' id='word_1_758' title='bbox 141 4377 496 4432; x_wconf 85' lang='lat' dir='ltr'><strong>miscuerunt</strong></span> <span class='ocrx_word' id='word_1_759' title='bbox 528 4394 589 4430; x_wconf 89' lang='lat' dir='ltr'><strong>se</strong></span> <span class='ocrx_word' id='word_1_760' title='bbox 618 4377 846 4443; x_wconf 89' lang='lat' dir='ltr'><strong>mundo,</strong></span> <span class='ocrx_word' id='word_1_761' title='bbox 867 4350 1107 4432; x_wconf 38' lang='lat' dir='ltr'><strong>.cui‘est</strong></span> <span class='ocrx_word' id='word_1_762' title='bbox 1142 4384 1322 4432; x_wconf 87' lang='lat' dir='ltr'><strong>totum</strong></span> <span class='ocrx_word' id='word_1_763' title='bbox 1350 4396 1430 4433; x_wconf 70' lang='lat' dir='ltr'><strong>vze</strong></span> <span class='ocrx_word' id='word_1_764' title='bbox 1458 4350 1743 4434; x_wconf 73' lang='lat' dir='ltr'><strong>voluntate</strong></span> <span class='ocrx_word' id='word_1_765' title='bbox 1765 4350 1810 4407; x_wconf 71' lang='grc' dir='ltr'>θ</span> <span class='ocrx_word' id='word_1_766' title='bbox 1827 4350 1911 4433; x_wconf 82' lang='lat' dir='ltr'><strong>dit</strong></span> <span class='ocrx_word' id='word_1_767' title='bbox 1939 4350 2044 4433; x_wconf 68' lang='lat' dir='ltr'><strong>nec</strong></span> <span class='ocrx_word' id='word_1_768' title='bbox 2069 4379 2267 4450; x_wconf 89' lang='lat' dir='ltr'><strong>recipit</strong></span> <span class='ocrx_word' id='word_1_769' title='bbox 2287 4379 2434 4449; x_wconf 92' lang='lat' dir='ltr'><strong>quod</strong></span> <span class='ocrx_word' id='word_1_770' title='bbox 2465 4378 2567 4432; x_wconf 91' lang='lat' dir='ltr'><strong>sub</strong></span> <span class='ocrx_word' id='word_1_771' title='bbox 2607 4350 2964 4432; x_wconf 75' lang='lat' dir='ltr'><strong>deformitate</strong></span> <span class='ocrx_word' id='word_1_772' title='bbox 2985 4350 3182 4446; x_wconf 86' lang='lat' dir='ltr'><strong>crucis,</strong></span> <span class='ocrx_word' id='word_1_773' title='bbox 3207 4385 3430 4435; x_wconf 60' lang='lat' dir='ltr'><strong>aeterna:</strong></span> 
     </span>
    </p>
   </div>
   <div class='ocr_carea' id='block_1_73' title="bbox 142 4467 3428 4540">
    <p class='ocr_par' dir='ltr' id='par_1_73' title="bbox 142 4467 3428 4540">
     <span class='ocr_line' id='line_1_73' title="bbox 142 4467 3428 4540; baseline 0.001 -20"><span class='ocrx_word' id='word_1_774' title='bbox 142 4475 366 4538; x_wconf 82' lang='lat' dir='ltr'><strong>recepta</strong></span> <span class='ocrx_word' id='word_1_775' title='bbox 387 4472 456 4520; x_wconf 92' lang='lat' dir='ltr'><strong>ut</strong></span> <span class='ocrx_word' id='word_1_776' title='bbox 471 4467 985 4522; x_wconf 80' lang='lat' dir='ltr'><strong>scandalizarentur</strong></span> <span class='ocrx_word' id='word_1_777' title='bbox 1007 4484 1135 4521; x_wconf 90' lang='lat' dir='ltr'><strong>cum</strong></span> <span class='ocrx_word' id='word_1_778' title='bbox 1154 4468 1379 4521; x_wconf 91' lang='lat' dir='ltr'><strong>mundo.</strong></span> <span class='ocrx_word' id='word_1_779' title='bbox 1399 4468 1611 4523; x_wconf 87' lang='lat' dir='ltr'><strong>Tamen</strong></span> <span class='ocrx_word' id='word_1_780' title='bbox 1633 4468 1743 4522; x_wconf 88' lang='lat' dir='ltr'><strong>illis</strong></span> <span class='ocrx_word' id='word_1_781' title='bbox 1823 4467 2014 4540; x_wconf 66' lang='lat' dir='ltr'><strong>gloriae</strong></span> <span class='ocrx_word' id='word_1_782' title='bbox 2045 4469 2316 4523; x_wconf 91' lang='lat' dir='ltr'><strong>Dominus</strong></span> <span class='ocrx_word' id='word_1_783' title='bbox 2340 4468 2589 4540; x_wconf 89' lang='lat' dir='ltr'><strong>potuerit</strong></span> <span class='ocrx_word' id='word_1_784' title='bbox 2627 4486 2686 4522; x_wconf 89' lang='lat' dir='ltr'><strong>se</strong></span> <span class='ocrx_word' id='word_1_785' title='bbox 2723 4468 3040 4532; x_wconf 88' lang='lat' dir='ltr'><strong>humiliare,</strong></span> <span class='ocrx_word' id='word_1_786' title='bbox 3084 4474 3148 4522; x_wconf 91' lang='lat' dir='ltr'><strong>ut</strong></span> <span class='ocrx_word' id='word_1_787' title='bbox 3185 4469 3337 4538; x_wconf 90' lang='lat' dir='ltr'><strong>ligno</strong></span> <span class='ocrx_word' id='word_1_788' title='bbox 3366 4486 3428 4524; x_wconf 88' lang='lat' dir='ltr'><strong>se</strong></span> 
     </span>
    </p>
   </div>
   <div class='ocr_carea' id='block_1_74' title="bbox 142 4556 1750 4629">
    <p class='ocr_par' dir='ltr' id='par_1_74' title="bbox 142 4556 1750 4629">
     <span class='ocr_line' id='line_1_74' title="bbox 142 4556 1750 4629; baseline 0.002 -20"><span class='ocrx_word' id='word_1_789' title='bbox 142 4557 369 4624; x_wconf 79' lang='lat' dir='ltr'><strong>gravius</strong></span> <span class='ocrx_word' id='word_1_790' title='bbox 403 4573 487 4610; x_wconf 59' lang='lat' dir='ltr'><strong>va</strong></span> <span class='ocrx_word' id='word_1_791' title='bbox 527 4560 706 4610; x_wconf 88' lang='lat' dir='ltr'><strong>restat</strong></span> <span class='ocrx_word' id='word_1_792' title='bbox 750 4572 850 4627; x_wconf 89' lang='lat' dir='ltr'><strong>per</strong></span> <span class='ocrx_word' id='word_1_793' title='bbox 877 4573 1019 4626; x_wconf 89' lang='lat' dir='ltr'><strong>quos</strong></span> <span class='ocrx_word' id='word_1_794' title='bbox 1052 4556 1376 4610; x_wconf 89' lang='lat' dir='ltr'><strong>scandalum</strong></span> <span class='ocrx_word' id='word_1_795' title='bbox 1409 4557 1580 4624; x_wconf 89' lang='lat' dir='ltr'><strong>venit,</strong></span> <span class='ocrx_word' id='word_1_796' title='bbox 1611 4575 1750 4629; x_wconf 88' lang='lat' dir='ltr'><strong>quo-</strong></span> 
     </span>
    </p>
   </div>
   <div class='ocr_carea' id='block_1_75' title="bbox 139 4644 1751 4717">
    <p class='ocr_par' dir='ltr' id='par_1_75' title="bbox 139 4644 1751 4717">
     <span class='ocr_line' id='line_1_75' title="bbox 139 4644 1751 4717; baseline 0.004 -21"><span class='ocrx_word' id='word_1_797' title='bbox 139 4644 290 4699; x_wconf 85' lang='lat' dir='ltr'><strong>niam</strong></span> <span class='ocrx_word' id='word_1_798' title='bbox 323 4645 700 4717; x_wconf 73' lang='lat' dir='ltr'><strong>praebuerunt</strong></span> <span class='ocrx_word' id='word_1_799' title='bbox 724 4660 783 4698; x_wconf 90' lang='lat' dir='ltr'><strong>se</strong></span> <span class='ocrx_word' id='word_1_800' title='bbox 820 4644 1108 4716; x_wconf 90' lang='lat' dir='ltr'><strong>spiritibus</strong></span> <span class='ocrx_word' id='word_1_801' title='bbox 1142 4644 1448 4700; x_wconf 90' lang='lat' dir='ltr'><strong>immundis</strong></span> <span class='ocrx_word' id='word_1_802' title='bbox 1486 4646 1558 4700; x_wconf 87' lang='lat' dir='ltr'><strong>ad</strong></span> <span class='ocrx_word' id='word_1_803' title='bbox 1595 4663 1751 4702; x_wconf 88' lang='lat' dir='ltr'><strong>scan-</strong></span> 
     </span>
    </p>
   </div>
   <div class='ocr_carea' id='block_1_76' title="bbox 140 4731 1751 4801">
    <p class='ocr_par' dir='ltr' id='par_1_76' title="bbox 140 4731 1751 4801">
     <span class='ocr_line' id='line_1_76' title="bbox 140 4731 1751 4801; baseline 0.002 -13"><span class='ocrx_word' id='word_1_804' title='bbox 140 4731 503 4788; x_wconf 79' lang='lat' dir='ltr'><strong>dalizandum</strong></span> <span class='ocrx_word' id='word_1_805' title='bbox 534 4733 791 4787; x_wconf 89' lang='lat' dir='ltr'><strong>homines</strong></span> <span class='ocrx_word' id='word_1_806' title='bbox 835 4733 1088 4788; x_wconf 88' lang='lat' dir='ltr'><strong>inﬁrmos</strong></span> <span class='ocrx_word' id='word_1_807' title='bbox 1130 4740 1190 4788; x_wconf 90' lang='lat' dir='ltr'><strong>et</strong></span> <span class='ocrx_word' id='word_1_808' title='bbox 1231 4735 1562 4801; x_wconf 86' lang='lat' dir='ltr'><strong>mundiales,</strong></span> <span class='ocrx_word' id='word_1_809' title='bbox 1606 4737 1751 4791; x_wconf 82' lang='lat' dir='ltr'><strong>tece-</strong></span> 
     </span>
    </p>
   </div>
   <div class='ocr_carea' id='block_1_77' title="bbox 140 4822 1751 4895">
    <p class='ocr_par' dir='ltr' id='par_1_77' title="bbox 140 4822 1751 4895">
     <span class='ocr_line' id='line_1_77' title="bbox 140 4822 1751 4895; baseline 0.002 -19"><span class='ocrx_word' id='word_1_810' title='bbox 140 4828 391 4894; x_wconf 75' lang='lat' dir='ltr'><strong>runtque</strong></span> <span class='ocrx_word' id='word_1_811' title='bbox 422 4840 486 4876; x_wconf 91' lang='lat' dir='ltr'><strong>se</strong></span> <span class='ocrx_word' id='word_1_812' title='bbox 506 4828 717 4876; x_wconf 74' lang='lat' dir='ltr'><strong>satanas</strong></span> <span class='ocrx_word' id='word_1_813' title='bbox 746 4822 1050 4878; x_wconf 90' lang='lat' dir='ltr'><strong>ministros.</strong></span> <span class='ocrx_word' id='word_1_814' title='bbox 1077 4822 1258 4877; x_wconf 87' lang='lat' dir='ltr'><strong>Etiam</strong></span> <span class='ocrx_word' id='word_1_815' title='bbox 1290 4824 1396 4878; x_wconf 88' lang='lat' dir='ltr'><strong>etsi</strong></span> <span class='ocrx_word' id='word_1_816' title='bbox 1423 4825 1614 4895; x_wconf 89' lang='lat' dir='ltr'><strong>magni</strong></span> <span class='ocrx_word' id='word_1_817' title='bbox 1635 4824 1751 4879; x_wconf 82' lang='lat' dir='ltr'><strong>fue-</strong></span> 
     </span>
    </p>
   </div>
   <div class='ocr_carea' id='block_1_78' title="bbox 139 4910 1753 4983">
    <p class='ocr_par' dir='ltr' id='par_1_78' title="bbox 139 4910 1753 4983">
     <span class='ocr_line' id='line_1_78' title="bbox 139 4910 1753 4983; baseline 0.001 -16"><span class='ocrx_word' id='word_1_818' title='bbox 139 4911 254 4967; x_wconf 80' lang='lat' dir='ltr'><strong>rint</strong></span> <span class='ocrx_word' id='word_1_819' title='bbox 280 4913 346 4967; x_wconf 89' lang='lat' dir='ltr'><strong>in</strong></span> <span class='ocrx_word' id='word_1_820' title='bbox 379 4910 650 4976; x_wconf 83' lang='lat' dir='ltr'><strong>Ecclesia,</strong></span> <span class='ocrx_word' id='word_1_821' title='bbox 683 4928 823 4983; x_wconf 91' lang='lat' dir='ltr'><strong>quos</strong></span> <span class='ocrx_word' id='word_1_822' title='bbox 859 4929 971 4966; x_wconf 92' lang='lat' dir='ltr'><strong>non</strong></span> <span class='ocrx_word' id='word_1_823' title='bbox 1015 4917 1224 4983; x_wconf 84' lang='lat' dir='ltr'><strong>queant</strong></span> <span class='ocrx_word' id='word_1_824' title='bbox 1259 4913 1651 4979; x_wconf 88' lang='lat' dir='ltr'><strong>scandalizare,</strong></span> <span class='ocrx_word' id='word_1_825' title='bbox 1688 4919 1753 4969; x_wconf 90' lang='lat' dir='ltr'><strong>ut</strong></span> 
     </span>
    </p>
   </div>
   <div class='ocr_carea' id='block_1_79' title="bbox 139 5001 1752 5071">
    <p class='ocr_par' dir='ltr' id='par_1_79' title="bbox 139 5001 1752 5071">
     <span class='ocr_line' id='line_1_79' title="bbox 139 5001 1752 5071; baseline 0.001 -16"><span class='ocrx_word' id='word_1_826' title='bbox 139 5016 312 5071; x_wconf 82' lang='lat' dir='ltr'><strong>supra</strong></span> <span class='ocrx_word' id='word_1_827' title='bbox 336 5002 464 5071; x_wconf 87' lang='lat' dir='ltr'><strong>jam</strong></span> <span class='ocrx_word' id='word_1_828' title='bbox 496 5001 740 5055; x_wconf 81' lang='lat' dir='ltr'><strong>diximus</strong></span> <span class='ocrx_word' id='word_1_829' title='bbox 767 5001 836 5055; x_wconf 87' lang='lat' dir='ltr'><strong>de</strong></span> <span class='ocrx_word' id='word_1_830' title='bbox 858 5001 1032 5054; x_wconf 87' lang='lat' dir='ltr'><strong>Paulo</strong></span> <span class='ocrx_word' id='word_1_831' title='bbox 1060 5001 1149 5055; x_wconf 92' lang='lat' dir='ltr'><strong>cui</strong></span> <span class='ocrx_word' id='word_1_832' title='bbox 1179 5002 1495 5056; x_wconf 86' lang='lat' dir='ltr'><strong>Alexander</strong></span> <span class='ocrx_word' id='word_1_833' title='bbox 1521 5003 1752 5057; x_wconf 67' lang='lat' dir='ltr'><strong>aerarius</strong></span> 
     </span>
    </p>
   </div>
   <div class='ocr_carea' id='block_1_80' title="bbox 141 5089 1750 5162">
    <p class='ocr_par' dir='ltr' id='par_1_80' title="bbox 141 5089 1750 5162">
     <span class='ocr_line' id='line_1_80' title="bbox 141 5089 1750 5162; baseline 0.002 -20"><span class='ocrx_word' id='word_1_834' title='bbox 141 5091 322 5144; x_wconf 85' lang='lat' dir='ltr'><strong>multa</strong></span> <span class='ocrx_word' id='word_1_835' title='bbox 357 5090 512 5144; x_wconf 87' lang='lat' dir='ltr'><strong>mala</strong></span> <span class='ocrx_word' id='word_1_836' title='bbox 542 5089 794 5160; x_wconf 87' lang='lat' dir='ltr'><strong>ingessit,</strong></span> <span class='ocrx_word' id='word_1_837' title='bbox 825 5098 890 5144; x_wconf 89' lang='lat' dir='ltr'><strong>ut</strong></span> <span class='ocrx_word' id='word_1_838' title='bbox 909 5090 1232 5144; x_wconf 86' lang='lat' dir='ltr'><strong>scandalum</strong></span> <span class='ocrx_word' id='word_1_839' title='bbox 1264 5093 1425 5145; x_wconf 89' lang='lat' dir='ltr'><strong>ﬁeret</strong></span> <span class='ocrx_word' id='word_1_840' title='bbox 1453 5092 1750 5162; x_wconf 80' lang='lat' dir='ltr'><strong>Evangelia</strong></span> 
     </span>
    </p>
   </div>
   <div class='ocr_carea' id='block_1_81' title="bbox 139 5179 1747 5250">
    <p class='ocr_par' dir='ltr' id='par_1_81' title="bbox 139 5179 1747 5250">
     <span class='ocr_line' id='line_1_81' title="bbox 139 5179 1747 5250; baseline 0.002 -20"><span class='ocrx_word' id='word_1_841' title='bbox 139 5181 282 5248; x_wconf 79' lang='lat' dir='ltr'><strong>ejus,</strong></span> <span class='ocrx_word' id='word_1_842' title='bbox 319 5195 444 5234; x_wconf 89' lang='lat' dir='ltr'><strong>non</strong></span> <span class='ocrx_word' id='word_1_843' title='bbox 472 5179 597 5232; x_wconf 86' lang='lat' dir='ltr'><strong>ideo</strong></span> <span class='ocrx_word' id='word_1_844' title='bbox 628 5184 819 5233; x_wconf 78' lang='lat' dir='ltr'><strong>tamen</strong></span> <span class='ocrx_word' id='word_1_845' title='bbox 849 5179 1114 5233; x_wconf 89' lang='lat' dir='ltr'><strong>immunis</strong></span> <span class='ocrx_word' id='word_1_846' title='bbox 1143 5179 1250 5233; x_wconf 87' lang='lat' dir='ltr'><strong>fuit</strong></span> <span class='ocrx_word' id='word_1_847' title='bbox 1275 5197 1307 5234; x_wconf 90' lang='lat' dir='ltr'><strong>a</strong></span> <span class='ocrx_word' id='word_1_848' title='bbox 1336 5186 1514 5243; x_wconf 88' lang='lat' dir='ltr'><strong>reatu,</strong></span> <span class='ocrx_word' id='word_1_849' title='bbox 1550 5198 1747 5250; x_wconf 89' lang='lat' dir='ltr'><strong>quam-</strong></span> 
     </span>
    </p>
   </div>
   <div class='ocr_carea' id='block_1_82' title="bbox 139 5268 1749 5340">
    <p class='ocr_par' dir='ltr' id='par_1_82' title="bbox 139 5268 1749 5340">
     <span class='ocr_line' id='line_1_82' title="bbox 139 5268 1749 5340; baseline 0.003 -23"><span class='ocrx_word' id='word_1_850' title='bbox 139 5268 218 5320; x_wconf 83' lang='lat' dir='ltr'><strong>vis</strong></span> <span class='ocrx_word' id='word_1_851' title='bbox 246 5269 450 5322; x_wconf 85' lang='lat' dir='ltr'><strong>minus</strong></span> <span class='ocrx_word' id='word_1_852' title='bbox 469 5269 722 5340; x_wconf 89' lang='lat' dir='ltr'><strong>potuerit</strong></span> <span class='ocrx_word' id='word_1_853' title='bbox 749 5269 979 5339; x_wconf 83' lang='lat' dir='ltr'><strong>implere</strong></span> <span class='ocrx_word' id='word_1_854' title='bbox 1000 5285 1122 5339; x_wconf 66' lang='lat' dir='ltr'><strong>quae</strong></span> <span class='ocrx_word' id='word_1_855' title='bbox 1152 5269 1340 5322; x_wconf 85' lang='lat' dir='ltr'><strong>voluit.</strong></span> <span class='ocrx_word' id='word_1_856' title='bbox 1376 5269 1465 5323; x_wconf 93' lang='lat' dir='ltr'><strong>Sic</strong></span> <span class='ocrx_word' id='word_1_857' title='bbox 1494 5275 1550 5323; x_wconf 89' lang='lat' dir='ltr'><strong>et</strong></span> <span class='ocrx_word' id='word_1_858' title='bbox 1574 5270 1749 5323; x_wconf 85' lang='lat' dir='ltr'><strong>omni-</strong></span> 
     </span>
    </p>
   </div>
   <div class='ocr_carea' id='block_1_83' title="bbox 140 5355 1752 5428">
    <p class='ocr_par' dir='ltr' id='par_1_83' title="bbox 140 5355 1752 5428">
     <span class='ocr_line' id='line_1_83' title="bbox 140 5355 1752 5428; baseline 0.001 -18"><span class='ocrx_word' id='word_1_859' title='bbox 140 5355 241 5412; x_wconf 88' lang='lat' dir='ltr'><strong>bus</strong></span> <span class='ocrx_word' id='word_1_860' title='bbox 280 5359 408 5412; x_wconf 90' lang='lat' dir='ltr'><strong>erit</strong></span> <span class='ocrx_word' id='word_1_861' title='bbox 435 5358 532 5428; x_wconf 91' lang='lat' dir='ltr'><strong>qui</strong></span> <span class='ocrx_word' id='word_1_862' title='bbox 573 5358 852 5411; x_wconf 90' lang='lat' dir='ltr'><strong>scandalis</strong></span> <span class='ocrx_word' id='word_1_863' title='bbox 894 5357 1216 5414; x_wconf 84' lang='lat' dir='ltr'><strong>deserviunt.</strong></span> <span class='ocrx_word' id='word_1_864' title='bbox 1252 5365 1310 5412; x_wconf 91' lang='lat' dir='ltr'><strong>et</strong></span> <span class='ocrx_word' id='word_1_865' title='bbox 1347 5375 1533 5412; x_wconf 90' lang='lat' dir='ltr'><strong>servos</strong></span> <span class='ocrx_word' id='word_1_866' title='bbox 1565 5358 1663 5412; x_wconf 89' lang='lat' dir='ltr'><strong>Dei</strong></span> <span class='ocrx_word' id='word_1_867' title='bbox 1696 5358 1752 5411; x_wconf 92' lang='lat' dir='ltr'><strong>in</strong></span> 
     </span>
    </p>
   </div>
   <div class='ocr_carea' id='block_1_84' title="bbox 140 5447 1751 5519">
    <p class='ocr_par' dir='ltr' id='par_1_84' title="bbox 140 5447 1751 5519">
     <span class='ocr_line' id='line_1_84' title="bbox 140 5447 1751 5519; baseline 0.001 -19"><span class='ocrx_word' id='word_1_868' title='bbox 140 5447 332 5519; x_wconf 81' lang='lat' dir='ltr'><strong>aliquo</strong></span> <span class='ocrx_word' id='word_1_869' title='bbox 399 5447 686 5502; x_wconf 85' lang='lat' dir='ltr'><strong>servitutis</strong></span> <span class='ocrx_word' id='word_1_870' title='bbox 737 5447 945 5501; x_wconf 86' lang='lat' dir='ltr'><strong>Christi</strong></span> <span class='ocrx_word' id='word_1_871' title='bbox 995 5448 1176 5502; x_wconf 75' lang='lat' dir='ltr'><strong>ofﬁcio</strong></span> <span class='ocrx_word' id='word_1_872' title='bbox 1232 5447 1607 5503; x_wconf 88' lang='lat' dir='ltr'><strong>scandalizare</strong></span> <span class='ocrx_word' id='word_1_873' title='bbox 1641 5464 1751 5502; x_wconf 90' lang='lat' dir='ltr'><strong>non</strong></span> 
     </span>
    </p>
   </div>
   <div class='ocr_carea' id='block_1_85' title="bbox 139 5536 1755 5611">
    <p class='ocr_par' dir='ltr' id='par_1_85' title="bbox 139 5536 1755 5611">
     <span class='ocr_line' id='line_1_85' title="bbox 139 5536 1755 5611; baseline -0.001 -16"><span class='ocrx_word' id='word_1_874' title='bbox 139 5542 445 5605; x_wconf 72' lang='lat' dir='ltr'><strong>metuunt;</strong></span> <span class='ocrx_word' id='word_1_875' title='bbox 491 5536 774 5609; x_wconf 65' lang='lat' dir='ltr'><strong>quoniam:</strong></span> <span class='ocrx_word' id='word_1_876' title='bbox 789 5536 894 5592; x_wconf 87' lang='lat' dir='ltr'><strong>etsi</strong></span> <span class='ocrx_word' id='word_1_877' title='bbox 922 5552 1033 5594; x_wconf 90' lang='lat' dir='ltr'><strong>non</strong></span> <span class='ocrx_word' id='word_1_878' title='bbox 1079 5537 1584 5611; x_wconf 83' lang='lat' dir='ltr'><strong>impraesentiarum</strong></span> <span class='ocrx_word' id='word_1_879' title='bbox 1624 5537 1755 5594; x_wconf 86' lang='lat' dir='ltr'><strong>talis</strong></span> 
     </span>
    </p>
   </div>
   <div class='ocr_carea' id='block_1_86' title="bbox 1831 4557 3428 4628">
    <p class='ocr_par' dir='ltr' id='par_1_86' title="bbox 1831 4557 3428 4628">
     <span class='ocr_line' id='line_1_86' title="bbox 1831 4557 3428 4628; baseline 0.001 -18"><span class='ocrx_word' id='word_1_880' title='bbox 1831 4557 2068 4612; x_wconf 84' lang='lat' dir='ltr'><strong>voluerit</strong></span> <span class='ocrx_word' id='word_1_881' title='bbox 2087 4558 2374 4628; x_wconf 88' lang='lat' dir='ltr'><strong>suspendi.</strong></span> <span class='ocrx_word' id='word_1_882' title='bbox 2409 4557 2473 4610; x_wconf 91' lang='lat' dir='ltr'><strong>Et</strong></span> <span class='ocrx_word' id='word_1_883' title='bbox 2495 4557 2641 4628; x_wconf 90' lang='lat' dir='ltr'><strong>quod</strong></span> <span class='ocrx_word' id='word_1_884' title='bbox 2666 4558 2874 4611; x_wconf 90' lang='lat' dir='ltr'><strong>mundo</strong></span> <span class='ocrx_word' id='word_1_885' title='bbox 2897 4557 2954 4610; x_wconf 92' lang='lat' dir='ltr'><strong>in</strong></span> <span class='ocrx_word' id='word_1_886' title='bbox 2976 4557 3220 4626; x_wconf 87' lang='lat' dir='ltr'><strong>maligno</strong></span> <span class='ocrx_word' id='word_1_887' title='bbox 3245 4557 3428 4628; x_wconf 84' lang='lat' dir='ltr'><strong>posito</strong></span> 
     </span>
    </p>
   </div>
   <div class='ocr_carea' id='block_1_87' title="bbox 1832 4645 3430 4717">
    <p class='ocr_par' dir='ltr' id='par_1_87' title="bbox 1832 4645 3430 4717">
     <span class='ocr_line' id='line_1_87' title="bbox 1832 4645 3430 4717; baseline 0 -17"><span class='ocrx_word' id='word_1_888' title='bbox 1832 4651 1949 4700; x_wconf 90' lang='lat' dir='ltr'><strong>tam</strong></span> <span class='ocrx_word' id='word_1_889' title='bbox 1988 4646 2381 4717; x_wconf 81' lang='lat' dir='ltr'><strong>periculosum,</strong></span> <span class='ocrx_word' id='word_1_890' title='bbox 2432 4663 2599 4716; x_wconf 89' lang='lat' dir='ltr'><strong>quam</strong></span> <span class='ocrx_word' id='word_1_891' title='bbox 2638 4646 2885 4701; x_wconf 89' lang='lat' dir='ltr'><strong>noluisse</strong></span> <span class='ocrx_word' id='word_1_892' title='bbox 2933 4645 3217 4700; x_wconf 85' lang='lat' dir='ltr'><strong>Christum</strong></span> <span class='ocrx_word' id='word_1_893' title='bbox 3247 4646 3430 4700; x_wconf 89' lang='lat' dir='ltr'><strong>cruci-</strong></span> 
     </span>
    </p>
   </div>
   <div class='ocr_carea' id='block_1_88' title="bbox 1834 4733 3430 4806">
    <p class='ocr_par' dir='ltr' id='par_1_88' title="bbox 1834 4733 3430 4806">
     <span class='ocr_line' id='line_1_88' title="bbox 1834 4733 3430 4806; baseline 0.001 -17"><span class='ocrx_word' id='word_1_894' title='bbox 1834 4737 2005 4790; x_wconf 86' lang='lat' dir='ltr'><strong>ﬁxum</strong></span> <span class='ocrx_word' id='word_1_895' title='bbox 2052 4735 2318 4806; x_wconf 87' lang='lat' dir='ltr'><strong>recipere.</strong></span> <span class='ocrx_word' id='word_1_896' title='bbox 2366 4735 2789 4800; x_wconf 84' lang='lat' dir='ltr'><strong>Verumtamen,</strong></span> <span class='ocrx_word' id='word_1_897' title='bbox 2837 4733 2940 4789; x_wconf 91' lang='lat' dir='ltr'><strong>sub</strong></span> <span class='ocrx_word' id='word_1_898' title='bbox 2981 4735 3148 4790; x_wconf 89' lang='lat' dir='ltr'><strong>unius</strong></span> <span class='ocrx_word' id='word_1_899' title='bbox 3187 4736 3430 4791; x_wconf 88' lang='lat' dir='ltr'><strong>nominis</strong></span> 
     </span>
    </p>
   </div>
   <div class='ocr_carea' id='block_1_89' title="bbox 1833 4823 3428 4896">
    <p class='ocr_par' dir='ltr' id='par_1_89' title="bbox 1833 4823 3428 4896">
     <span class='ocr_line' id='line_1_89' title="bbox 1833 4823 3428 4896; baseline 0.001 -17"><span class='ocrx_word' id='word_1_900' title='bbox 1833 4824 2251 4896; x_wconf 90' lang='lat' dir='ltr'><strong>nuncupatione</strong></span> <span class='ocrx_word' id='word_1_901' title='bbox 2277 4823 2530 4878; x_wconf 89' lang='lat' dir='ltr'><strong>absolute</strong></span> <span class='ocrx_word' id='word_1_902' title='bbox 2546 4823 2840 4877; x_wconf 90' lang='lat' dir='ltr'><strong>Judaicum</strong></span> <span class='ocrx_word' id='word_1_903' title='bbox 2864 4825 3132 4895; x_wconf 90' lang='lat' dir='ltr'><strong>populum</strong></span> <span class='ocrx_word' id='word_1_904' title='bbox 3150 4825 3428 4896; x_wconf 83' lang='lat' dir='ltr'><strong>designat,</strong></span> 
     </span>
    </p>
   </div>
   <div class='ocr_carea' id='block_1_90' title="bbox 1834 4912 3431 4986">
    <p class='ocr_par' dir='ltr' id='par_1_90' title="bbox 1834 4912 3431 4986">
     <span class='ocr_line' id='line_1_90' title="bbox 1834 4912 3431 4986; baseline 0.001 -18"><span class='ocrx_word' id='word_1_905' title='bbox 1834 4931 1936 4986; x_wconf 91' lang='lat' dir='ltr'><strong>per</strong></span> <span class='ocrx_word' id='word_1_906' title='bbox 1967 4931 2134 4985; x_wconf 90' lang='lat' dir='ltr'><strong>quem</strong></span> <span class='ocrx_word' id='word_1_907' title='bbox 2165 4930 2330 4967; x_wconf 91' lang='lat' dir='ltr'><strong>omne</strong></span> <span class='ocrx_word' id='word_1_908' title='bbox 2371 4912 2500 4966; x_wconf 88' lang='lat' dir='ltr'><strong>huic</strong></span> <span class='ocrx_word' id='word_1_909' title='bbox 2540 4913 2751 4966; x_wconf 83' lang='lat' dir='ltr'><strong>mundo</strong></span> <span class='ocrx_word' id='word_1_910' title='bbox 2795 4913 3119 4968; x_wconf 87' lang='lat' dir='ltr'><strong>scandalum</strong></span> <span class='ocrx_word' id='word_1_911' title='bbox 3156 4915 3327 4979; x_wconf 88' lang='lat' dir='ltr'><strong>venit,</strong></span> <span class='ocrx_word' id='word_1_912' title='bbox 3368 4919 3431 4970; x_wconf 89' lang='lat' dir='ltr'><strong>ut</strong></span> 
     </span>
    </p>
   </div>
   <div class='ocr_carea' id='block_1_91' title="bbox 1835 5001 3433 5074">
    <p class='ocr_par' dir='ltr' id='par_1_91' title="bbox 1835 5001 3433 5074">
     <span class='ocr_line' id='line_1_91' title="bbox 1835 5001 3433 5074; baseline 0 -16"><span class='ocrx_word' id='word_1_913' title='bbox 1835 5003 2119 5058; x_wconf 89' lang='lat' dir='ltr'><strong>Christum</strong></span> <span class='ocrx_word' id='word_1_914' title='bbox 2150 5002 2207 5055; x_wconf 89' lang='lat' dir='ltr'><strong>in</strong></span> <span class='ocrx_word' id='word_1_915' title='bbox 2234 5002 2489 5072; x_wconf 89' lang='lat' dir='ltr'><strong>passione</strong></span> <span class='ocrx_word' id='word_1_916' title='bbox 2511 5017 2704 5055; x_wconf 89' lang='lat' dir='ltr'><strong>omnes</strong></span> <span class='ocrx_word' id='word_1_917' title='bbox 2730 5001 3030 5072; x_wconf 88' lang='lat' dir='ltr'><strong>abnegent,</strong></span> <span class='ocrx_word' id='word_1_918' title='bbox 3068 5021 3233 5074; x_wconf 91' lang='lat' dir='ltr'><strong>quem</strong></span> <span class='ocrx_word' id='word_1_919' title='bbox 3259 5004 3346 5058; x_wconf 83' lang='lat' dir='ltr'><strong>lex</strong></span> <span class='ocrx_word' id='word_1_920' title='bbox 3375 5009 3433 5058; x_wconf 81' lang='lat' dir='ltr'><strong>et</strong></span> 
     </span>
    </p>
   </div>
   <div class='ocr_carea' id='block_1_92' title="bbox 1833 5089 3432 5164">
    <p class='ocr_par' dir='ltr' id='par_1_92' title="bbox 1833 5089 3432 5164">
     <span class='ocr_line' id='line_1_92' title="bbox 1833 5089 3432 5164; baseline -0.001 -19"><span class='ocrx_word' id='word_1_921' title='bbox 1833 5092 2116 5164; x_wconf 69' lang='lat' dir='ltr'><strong>prophetae</strong></span> <span class='ocrx_word' id='word_1_922' title='bbox 2165 5107 2386 5161; x_wconf 87' lang='lat' dir='ltr'><strong>semper</strong></span> <span class='ocrx_word' id='word_1_923' title='bbox 2428 5089 2744 5160; x_wconf 88' lang='lat' dir='ltr'><strong>passibilem</strong></span> <span class='ocrx_word' id='word_1_924' title='bbox 2777 5091 3170 5162; x_wconf 65' lang='lat' dir='ltr'><strong>praedicarunt.</strong></span> <span class='ocrx_word' id='word_1_925' title='bbox 3206 5092 3274 5144; x_wconf 84' lang='lat' dir='ltr'><strong>Et</strong></span> <span class='ocrx_word' id='word_1_926' title='bbox 3301 5107 3432 5162; x_wconf 87' lang='lat' dir='ltr'><strong>pro-</strong></span> 
     </span>
    </p>
   </div>
   <div class='ocr_carea' id='block_1_93' title="bbox 1832 5179 3434 5251">
    <p class='ocr_par' dir='ltr' id='par_1_93' title="bbox 1832 5179 3434 5251">
     <span class='ocr_line' id='line_1_93' title="bbox 1832 5179 3434 5251; baseline -0.001 -17"><span class='ocrx_word' id='word_1_927' title='bbox 1832 5187 2023 5251; x_wconf 86' lang='lat' dir='ltr'><strong>pterea</strong></span> <span class='ocrx_word' id='word_1_928' title='bbox 2063 5181 2208 5234; x_wconf 90' lang='lat' dir='ltr'><strong>sicut</strong></span> <span class='ocrx_word' id='word_1_929' title='bbox 2254 5180 2351 5241; x_wconf 89' lang='lat' dir='ltr'><strong>ait,</strong></span> <span class='ocrx_word' id='word_1_930' title='bbox 2403 5195 2625 5233; x_wconf 90' lang='lat' dir='ltr'><strong>necesse</strong></span> <span class='ocrx_word' id='word_1_931' title='bbox 2668 5186 2791 5233; x_wconf 90' lang='lat' dir='ltr'><strong>erat</strong></span> <span class='ocrx_word' id='word_1_932' title='bbox 2828 5181 3017 5234; x_wconf 89' lang='lat' dir='ltr'><strong>venire</strong></span> <span class='ocrx_word' id='word_1_933' title='bbox 3059 5179 3339 5245; x_wconf 87' lang='lat' dir='ltr'><strong>scandala,</strong></span> <span class='ocrx_word' id='word_1_934' title='bbox 3369 5183 3434 5233; x_wconf 92' lang='lat' dir='ltr'><strong>ut</strong></span> 
     </span>
    </p>
   </div>
   <div class='ocr_carea' id='block_1_94' title="bbox 1831 5267 3434 5340">
    <p class='ocr_par' dir='ltr' id='par_1_94' title="bbox 1831 5267 3434 5340">
     <span class='ocr_line' id='line_1_94' title="bbox 1831 5267 3434 5340; baseline 0 -18"><span class='ocrx_word' id='word_1_935' title='bbox 1831 5269 2013 5323; x_wconf 90' lang='lat' dir='ltr'><strong>omnis</strong></span> <span class='ocrx_word' id='word_1_936' title='bbox 2041 5269 2098 5322; x_wconf 91' lang='lat' dir='ltr'><strong>in</strong></span> <span class='ocrx_word' id='word_1_937' title='bbox 2123 5269 2378 5340; x_wconf 89' lang='lat' dir='ltr'><strong>passione</strong></span> <span class='ocrx_word' id='word_1_938' title='bbox 2404 5269 2631 5334; x_wconf 76' lang='lat' dir='ltr'><strong>Christi,</strong></span> <span class='ocrx_word' id='word_1_939' title='bbox 2674 5269 2760 5322; x_wconf 89' lang='lat' dir='ltr'><strong>lex</strong></span> <span class='ocrx_word' id='word_1_940' title='bbox 2791 5273 2848 5322; x_wconf 87' lang='lat' dir='ltr'><strong>et</strong></span> <span class='ocrx_word' id='word_1_941' title='bbox 2871 5268 3163 5340; x_wconf 87' lang='lat' dir='ltr'><strong>prophetia</strong></span> <span class='ocrx_word' id='word_1_942' title='bbox 3198 5267 3312 5322; x_wconf 91' lang='lat' dir='ltr'><strong>suis</strong></span> <span class='ocrx_word' id='word_1_943' title='bbox 3340 5284 3434 5322; x_wconf 85' lang='lat' dir='ltr'><strong>re-</strong></span> 
     </span>
    </p>
   </div>
   <div class='ocr_carea' id='block_1_95' title="bbox 1836 5356 3437 5428">
    <p class='ocr_par' dir='ltr' id='par_1_95' title="bbox 1836 5356 3437 5428">
     <span class='ocr_line' id='line_1_95' title="bbox 1836 5356 3437 5428; baseline 0 -18"><span class='ocrx_word' id='word_1_944' title='bbox 1836 5357 2175 5411; x_wconf 85' lang='lat' dir='ltr'><strong>formaretur</strong></span> <span class='ocrx_word' id='word_1_945' title='bbox 2207 5356 2418 5427; x_wconf 87' lang='lat' dir='ltr'><strong>ﬁguris.</strong></span> <span class='ocrx_word' id='word_1_946' title='bbox 2454 5357 2754 5428; x_wconf 88' lang='lat' dir='ltr'><strong>omniaque</strong></span> <span class='ocrx_word' id='word_1_947' title='bbox 2784 5362 3135 5412; x_wconf 86' lang='lat' dir='ltr'><strong>sacramenta</strong></span> <span class='ocrx_word' id='word_1_948' title='bbox 3165 5357 3437 5427; x_wconf 80' lang='lat' dir='ltr'><strong>Redemp-</strong></span> 
     </span>
    </p>
   </div>
   <div class='ocr_carea' id='block_1_96' title="bbox 1836 5445 3435 5517">
    <p class='ocr_par' dir='ltr' id='par_1_96' title="bbox 1836 5445 3435 5517">
     <span class='ocr_line' id='line_1_96' title="bbox 1836 5445 3435 5517; baseline -0.003 -15"><span class='ocrx_word' id='word_1_949' title='bbox 1836 5446 2004 5502; x_wconf 89' lang='lat' dir='ltr'><strong>tionis</strong></span> <span class='ocrx_word' id='word_1_950' title='bbox 2045 5452 2248 5500; x_wconf 71' lang='lat' dir='ltr'><strong>nostra:</strong></span> <span class='ocrx_word' id='word_1_951' title='bbox 2297 5446 2354 5500; x_wconf 89' lang='lat' dir='ltr'><strong>in</strong></span> <span class='ocrx_word' id='word_1_952' title='bbox 2393 5465 2461 5502; x_wconf 89' lang='lat' dir='ltr'><strong>ea</strong></span> <span class='ocrx_word' id='word_1_953' title='bbox 2503 5447 2822 5501; x_wconf 89' lang='lat' dir='ltr'><strong>humilitate</strong></span> <span class='ocrx_word' id='word_1_954' title='bbox 2863 5447 3304 5517; x_wconf 87' lang='lat' dir='ltr'><strong>complerentur.</strong></span> <span class='ocrx_word' id='word_1_955' title='bbox 3341 5445 3435 5500; x_wconf 85' lang='lat' dir='ltr'><strong>Id-</strong></span> 
     </span>
    </p>
   </div>
   <div class='ocr_carea' id='block_1_97' title="bbox 1836 5535 3436 5608">
    <p class='ocr_par' dir='ltr' id='par_1_97' title="bbox 1836 5535 3436 5608">
     <span class='ocr_line' id='line_1_97' title="bbox 1836 5535 3436 5608; baseline -0.003 -15"><span class='ocrx_word' id='word_1_956' title='bbox 1836 5536 1981 5594; x_wconf 86' lang='lat' dir='ltr'><strong>circo</strong></span> <span class='ocrx_word' id='word_1_957' title='bbox 2013 5535 2117 5592; x_wconf 88' lang='lat' dir='ltr'><strong>etsi</strong></span> <span class='ocrx_word' id='word_1_958' title='bbox 2147 5535 2374 5608; x_wconf 87' lang='lat' dir='ltr'><strong>plurimi</strong></span> <span class='ocrx_word' id='word_1_959' title='bbox 2404 5537 2473 5593; x_wconf 89' lang='lat' dir='ltr'><strong>de</strong></span> <span class='ocrx_word' id='word_1_960' title='bbox 2513 5541 2696 5594; x_wconf 87' lang='lat' dir='ltr'><strong>morte</strong></span> <span class='ocrx_word' id='word_1_961' title='bbox 2743 5535 2953 5592; x_wconf 80' lang='lat' dir='ltr'><strong>Christi</strong></span> <span class='ocrx_word' id='word_1_962' title='bbox 2987 5535 3436 5595; x_wconf 79' lang='lat' dir='ltr'><strong>scandalizantur</strong></span> 
     </span>
    </p>
   </div>
  </div>
