  <div class='ocr_page' id='page_1' title='image "/cluster/home/n/w/nwhite01/storage/ocr_20150623/120/hvd.32044054759824/311.png"; bbox 0 0 3888 6172; ppageno 0'>
   <div class='ocr_carea' id='block_1_1' title="bbox 548 249 642 304">
    <p class='ocr_par' dir='ltr' id='par_1_1' title="bbox 548 249 642 304">
     <span class='ocr_line' id='line_1_1' title="bbox 548 249 642 304; baseline 0.021 -2"><span class='ocrx_word' id='word_1_1' title='bbox 548 249 642 304; x_wconf 83' lang='lat' dir='ltr'>6H</span> 
     </span>
    </p>
   </div>
   <div class='ocr_carea' id='block_1_2' title="bbox 1309 239 3052 302">
    <p class='ocr_par' dir='ltr' id='par_1_2' title="bbox 1309 239 3052 302">
     <span class='ocr_line' id='line_1_2' title="bbox 1309 239 3052 302; baseline -0.001 0"><span class='ocrx_word' id='word_1_2' title='bbox 1309 249 1362 302; x_wconf 76' lang='lat' dir='ltr'>S.</span> <span class='ocrx_word' id='word_1_3' title='bbox 1408 247 1782 302; x_wconf 81' lang='lat' dir='ltr'>PASCHASII</span> <span class='ocrx_word' id='word_1_4' title='bbox 1825 245 2182 301; x_wconf 84' lang='lat' dir='ltr'>RADBERTI</span> <span class='ocrx_word' id='word_1_5' title='bbox 2222 239 2526 300; x_wconf 76' lang='lat' dir='ltr'>ABBATIS</span> <span class='ocrx_word' id='word_1_6' title='bbox 2564 245 3052 301; x_wconf 85' lang='lat' dir='ltr'>CORBEIENSIS.</span> 
     </span>
    </p>
   </div>
   <div class='ocr_carea' id='block_1_3' title="bbox 3623 257 3699 313">
    <p class='ocr_par' dir='ltr' id='par_1_3' title="bbox 3623 257 3699 313">
     <span class='ocr_line' id='line_1_3' title="bbox 3623 257 3699 313; baseline 0.013 -3"><span class='ocrx_word' id='word_1_7' title='bbox 3623 257 3699 313; x_wconf 60' lang='grc' dir='ltr'>δη</span> 
     </span>
    </p>
   </div>
   <div class='ocr_carea' id='block_1_4' title="bbox 551 371 3704 448">
    <p class='ocr_par' dir='ltr' id='par_1_4' title="bbox 551 371 3704 448">
     <span class='ocr_line' id='line_1_4' title="bbox 551 371 3704 448; baseline 0.002 -20"><span class='ocrx_word' id='word_1_8' title='bbox 551 375 738 438; x_wconf 65' lang='grc'>³186</span> <span class='ocrx_word' id='word_1_9' title='bbox 757 387 981 428; x_wconf 87' lang='lat' dir='ltr'>necesse</span> <span class='ocrx_word' id='word_1_10' title='bbox 1001 379 1191 428; x_wconf 89' lang='lat' dir='ltr'>tamen</span> <span class='ocrx_word' id='word_1_11' title='bbox 1213 378 1266 426; x_wconf 90' lang='lat' dir='ltr'>et</span> <span class='ocrx_word' id='word_1_12' title='bbox 1283 371 1758 444; x_wconf 89' lang='lat' dir='ltr'>pernecessarium</span> <span class='ocrx_word' id='word_1_13' title='bbox 1784 376 1922 433; x_wconf 89' lang='lat' dir='ltr'>erat,</span> <span class='ocrx_word' id='word_1_14' title='bbox 1947 387 2059 425; x_wconf 90' lang='lat' dir='ltr'>non</span> <span class='ocrx_word' id='word_1_15' title='bbox 2077 375 2142 425; x_wconf 91' lang='lat' dir='ltr'>ut</span> <span class='ocrx_word' id='word_1_16' title='bbox 2156 372 2205 430; x_wconf 83' lang='lat' dir='ltr'><strong>A</strong></span> <span class='ocrx_word' id='word_1_17' title='bbox 2222 375 2528 425; x_wconf 83' lang='lat' dir='ltr'>retrorsum</span> <span class='ocrx_word' id='word_1_18' title='bbox 2551 387 2661 424; x_wconf 92' lang='lat' dir='ltr'>non</span> <span class='ocrx_word' id='word_1_19' title='bbox 2692 371 2984 426; x_wconf 69' lang='lat' dir='ltr'>adhaerens</span> <span class='ocrx_word' id='word_1_20' title='bbox 3012 373 3176 443; x_wconf 85' lang='lat' dir='ltr'>capiti</span> <span class='ocrx_word' id='word_1_21' title='bbox 3195 391 3306 440; x_wconf 94' lang='lat' dir='ltr'>suo,</span> <span class='ocrx_word' id='word_1_22' title='bbox 3329 393 3486 448; x_wconf 88' lang='lat' dir='ltr'>neque</span> <span class='ocrx_word' id='word_1_23' title='bbox 3502 380 3704 435; x_wconf 74' lang='lat' dir='ltr'>mandata</span> 
     </span>
    </p>
   </div>
   <div class='ocr_carea' id='block_1_5' title="bbox 545 461 2141 532">
    <p class='ocr_par' dir='ltr' id='par_1_5' title="bbox 545 461 2141 532">
     <span class='ocr_line' id='line_1_5' title="bbox 545 461 2141 532; baseline -0.001 -17"><span class='ocrx_word' id='word_1_24' title='bbox 545 462 810 516; x_wconf 86' lang='lat' dir='ltr'>scandala</span> <span class='ocrx_word' id='word_1_25' title='bbox 839 463 1057 521; x_wconf 82' lang='lat' dir='ltr'>ﬁerent.</span> <span class='ocrx_word' id='word_1_26' title='bbox 1088 463 1184 515; x_wconf 92' lang='lat' dir='ltr'>sed</span> <span class='ocrx_word' id='word_1_27' title='bbox 1223 466 1287 515; x_wconf 92' lang='lat' dir='ltr'>ut</span> <span class='ocrx_word' id='word_1_28' title='bbox 1317 461 1499 532; x_wconf 86' lang='lat' dir='ltr'>passio</span> <span class='ocrx_word' id='word_1_29' title='bbox 1527 461 1735 514; x_wconf 81' lang='lat' dir='ltr'>Christi</span> <span class='ocrx_word' id='word_1_30' title='bbox 1767 462 2141 532; x_wconf 87' lang='lat' dir='ltr'>compleretur</span> 
     </span>
    </p>
   </div>
   <div class='ocr_carea' id='block_1_6' title="bbox 543 549 2139 622">
    <p class='ocr_par' dir='ltr' id='par_1_6' title="bbox 543 549 2139 622">
     <span class='ocr_line' id='line_1_6' title="bbox 543 549 2139 622; baseline -0.001 -18"><span class='ocrx_word' id='word_1_31' title='bbox 543 568 646 622; x_wconf 90' lang='lat' dir='ltr'>per</span> <span class='ocrx_word' id='word_1_32' title='bbox 670 568 910 616; x_wconf 90' lang='lat' dir='ltr'>crucem,</span> <span class='ocrx_word' id='word_1_33' title='bbox 928 568 1028 622; x_wconf 91' lang='lat' dir='ltr'>per</span> <span class='ocrx_word' id='word_1_34' title='bbox 1049 567 1217 622; x_wconf 89' lang='lat' dir='ltr'>quam</span> <span class='ocrx_word' id='word_1_35' title='bbox 1238 551 1354 603; x_wconf 70' lang='lat' dir='ltr'>haec</span> <span class='ocrx_word' id='word_1_36' title='bbox 1365 549 1626 603; x_wconf 87' lang='lat' dir='ltr'>scandala</span> <span class='ocrx_word' id='word_1_37' title='bbox 1647 549 1917 602; x_wconf 87' lang='lat' dir='ltr'>venirent.</span> <span class='ocrx_word' id='word_1_38' title='bbox 1942 550 2139 612; x_wconf 79' lang='lat' dir='ltr'>Quaeso</span> 
     </span>
    </p>
   </div>
   <div class='ocr_carea' id='block_1_7' title="bbox 541 638 2138 710">
    <p class='ocr_par' dir='ltr' id='par_1_7' title="bbox 541 638 2138 710">
     <span class='ocr_line' id='line_1_7' title="bbox 541 638 2138 710; baseline -0.003 -16"><span class='ocrx_word' id='word_1_39' title='bbox 541 655 708 694; x_wconf 90' lang='lat' dir='ltr'>nemo</span> <span class='ocrx_word' id='word_1_40' title='bbox 736 641 879 710; x_wconf 85' lang='lat' dir='ltr'>pios,</span> <span class='ocrx_word' id='word_1_41' title='bbox 921 641 1049 694; x_wconf 92' lang='lat' dir='ltr'>licet</span> <span class='ocrx_word' id='word_1_42' title='bbox 1089 655 1286 694; x_wconf 90' lang='lat' dir='ltr'>sensus</span> <span class='ocrx_word' id='word_1_43' title='bbox 1329 638 1592 702; x_wconf 82' lang='lat' dir='ltr'>diversos,</span> <span class='ocrx_word' id='word_1_44' title='bbox 1626 639 1720 707; x_wconf 89' lang='lat' dir='ltr'>qui</span> <span class='ocrx_word' id='word_1_45' title='bbox 1749 654 1783 690; x_wconf 90' lang='lat' dir='ltr'>a</span> <span class='ocrx_word' id='word_1_46' title='bbox 1810 638 2017 691; x_wconf 85' lang='lat' dir='ltr'>sanctis</span> <span class='ocrx_word' id='word_1_47' title='bbox 2041 639 2138 691; x_wconf 89' lang='lat' dir='ltr'>Pa-</span> 
     </span>
    </p>
   </div>
   <div class='ocr_carea' id='block_1_8' title="bbox 539 727 2134 798">
    <p class='ocr_par' dir='ltr' id='par_1_8' title="bbox 539 727 2134 798">
     <span class='ocr_line' id='line_1_8' title="bbox 539 727 2134 798; baseline -0.002 -15"><span class='ocrx_word' id='word_1_48' title='bbox 539 729 722 783; x_wconf 88' lang='lat' dir='ltr'>tribus</span> <span class='ocrx_word' id='word_1_49' title='bbox 741 729 1249 798; x_wconf 87' lang='lat' dir='ltr'>traduntur,neque</span> <span class='ocrx_word' id='word_1_50' title='bbox 1268 727 1509 797; x_wconf 86' lang='lat' dir='ltr'>aliquem</span> <span class='ocrx_word' id='word_1_51' title='bbox 1533 743 1726 780; x_wconf 90' lang='lat' dir='ltr'>eorum</span> <span class='ocrx_word' id='word_1_52' title='bbox 1745 727 2134 797; x_wconf 83' lang='lat' dir='ltr'>reprehendat,</span> 
     </span>
    </p>
   </div>
   <div class='ocr_carea' id='block_1_9' title="bbox 539 816 2139 889">
    <p class='ocr_par' dir='ltr' id='par_1_9' title="bbox 539 816 2139 889">
     <span class='ocr_line' id='line_1_9' title="bbox 539 816 2139 889; baseline -0.002 -17"><span class='ocrx_word' id='word_1_53' title='bbox 539 818 637 873; x_wconf 88' lang='lat' dir='ltr'>sed</span> <span class='ocrx_word' id='word_1_54' title='bbox 671 835 893 889; x_wconf 88' lang='lat' dir='ltr'><strong>semper</strong></span> <span class='ocrx_word' id='word_1_55' title='bbox 936 816 1410 871; x_wconf 86' lang='lat' dir='ltr'>circumstantiam</span> <span class='ocrx_word' id='word_1_56' title='bbox 1463 816 1716 870; x_wconf 87' lang='lat' dir='ltr'>lectionis</span> <span class='ocrx_word' id='word_1_57' title='bbox 1759 816 2032 879; x_wconf 84' lang='lat' dir='ltr'>intendat,</span> <span class='ocrx_word' id='word_1_58' title='bbox 2083 822 2139 869; x_wconf 92' lang='lat' dir='ltr'>et</span> 
     </span>
    </p>
   </div>
   <div class='ocr_carea' id='block_1_10' title="bbox 539 904 2136 976">
    <p class='ocr_par' dir='ltr' id='par_1_10' title="bbox 539 904 2136 976">
     <span class='ocr_line' id='line_1_10' title="bbox 539 904 2136 976; baseline -0.001 -16"><span class='ocrx_word' id='word_1_59' title='bbox 539 907 619 960; x_wconf 88' lang='lat' dir='ltr'>sic</span> <span class='ocrx_word' id='word_1_60' title='bbox 646 906 716 960; x_wconf 92' lang='lat' dir='ltr'>de</span> <span class='ocrx_word' id='word_1_61' title='bbox 741 905 975 976; x_wconf 80' lang='lat' dir='ltr'>singulis</span> <span class='ocrx_word' id='word_1_62' title='bbox 997 905 1169 959; x_wconf 86' lang='lat' dir='ltr'>elidat</span> <span class='ocrx_word' id='word_1_63' title='bbox 1199 905 1331 976; x_wconf 89' lang='lat' dir='ltr'>quid</span> <span class='ocrx_word' id='word_1_64' title='bbox 1363 905 1431 958; x_wconf 91' lang='lat' dir='ltr'>ad</span> <span class='ocrx_word' id='word_1_65' title='bbox 1467 904 1897 974; x_wconf 85' lang='lat' dir='ltr'>intelligentiam</span> <span class='ocrx_word' id='word_1_66' title='bbox 1935 905 2038 958; x_wconf 91' lang='lat' dir='ltr'>loci</span> <span class='ocrx_word' id='word_1_67' title='bbox 2067 906 2136 958; x_wconf 92' lang='lat' dir='ltr'>de</span> 
     </span>
    </p>
   </div>
   <div class='ocr_carea' id='block_1_11' title="bbox 541 993 2137 1068">
    <p class='ocr_par' dir='ltr' id='par_1_11' title="bbox 541 993 2137 1068">
     <span class='ocr_line' id='line_1_11' title="bbox 541 993 2137 1068; baseline -0.002 -19"><span class='ocrx_word' id='word_1_68' title='bbox 541 1012 650 1068; x_wconf 89' lang='lat' dir='ltr'>quo</span> <span class='ocrx_word' id='word_1_69' title='bbox 697 995 903 1066; x_wconf 89' lang='lat' dir='ltr'>agitur,</span> <span class='ocrx_word' id='word_1_70' title='bbox 952 995 1131 1065; x_wconf 89' lang='lat' dir='ltr'>magis</span> <span class='ocrx_word' id='word_1_71' title='bbox 1170 1000 1461 1064; x_wconf 85' lang='lat' dir='ltr'>congruat.</span> <span class='ocrx_word' id='word_1_72' title='bbox 1497 993 1640 1057; x_wconf 86' lang='lat' dir='ltr'>Quia</span> <span class='ocrx_word' id='word_1_73' title='bbox 1689 993 1791 1046; x_wconf 86' lang='lat' dir='ltr'>etsi</span> <span class='ocrx_word' id='word_1_74' title='bbox 1833 994 1888 1046; x_wconf 94' lang='lat' dir='ltr'>in</span> <span class='ocrx_word' id='word_1_75' title='bbox 1933 994 2021 1046; x_wconf 92' lang='lat' dir='ltr'>his</span> <span class='ocrx_word' id='word_1_76' title='bbox 2044 994 2137 1047; x_wconf 94' lang='lat' dir='ltr'>do-</span> 
     </span>
    </p>
   </div>
   <div class='ocr_carea' id='block_1_12' title="bbox 537 1082 2136 1156">
    <p class='ocr_par' dir='ltr' id='par_1_12' title="bbox 537 1082 2136 1156">
     <span class='ocr_line' id='line_1_12' title="bbox 537 1082 2136 1156; baseline -0.002 -18"><span class='ocrx_word' id='word_1_77' title='bbox 537 1089 729 1156; x_wconf 83' lang='lat' dir='ltr'>gmata</span> <span class='ocrx_word' id='word_1_78' title='bbox 745 1083 1125 1138; x_wconf 84' lang='lat' dir='ltr'>doctrinarum</span> <span class='ocrx_word' id='word_1_79' title='bbox 1141 1082 1504 1154; x_wconf 88' lang='lat' dir='ltr'>amplissima,</span> <span class='ocrx_word' id='word_1_80' title='bbox 1522 1082 1837 1136; x_wconf 88' lang='lat' dir='ltr'>veneranda</span> <span class='ocrx_word' id='word_1_81' title='bbox 1848 1089 1997 1145; x_wconf 90' lang='lat' dir='ltr'>sunt,</span> <span class='ocrx_word' id='word_1_82' title='bbox 2020 1082 2136 1152; x_wconf 91' lang='lat' dir='ltr'>qui-</span> 
     </span>
    </p>
   </div>
   <div class='ocr_carea' id='block_1_13' title="bbox 540 1171 2137 1242">
    <p class='ocr_par' dir='ltr' id='par_1_13' title="bbox 540 1171 2137 1242">
     <span class='ocr_line' id='line_1_13' title="bbox 540 1171 2137 1242; baseline -0.002 -15"><span class='ocrx_word' id='word_1_83' title='bbox 540 1171 645 1228; x_wconf 87' lang='lat' dir='ltr'>bus</span> <span class='ocrx_word' id='word_1_84' title='bbox 673 1173 970 1228; x_wconf 91' lang='lat' dir='ltr'>delicietur</span> <span class='ocrx_word' id='word_1_85' title='bbox 990 1171 1234 1237; x_wconf 88' lang='lat' dir='ltr'>animus,</span> <span class='ocrx_word' id='word_1_86' title='bbox 1276 1171 1505 1242; x_wconf 90' lang='lat' dir='ltr'>propria</span> <span class='ocrx_word' id='word_1_87' title='bbox 1535 1177 1724 1225; x_wconf 84' lang='lat' dir='ltr'>tamen</span> <span class='ocrx_word' id='word_1_88' title='bbox 1751 1171 2137 1242; x_wconf 84' lang='lat' dir='ltr'>investiganda</span> 
     </span>
    </p>
   </div>
   <div class='ocr_carea' id='block_1_14' title="bbox 539 1259 2137 1334">
    <p class='ocr_par' dir='ltr' id='par_1_14' title="bbox 539 1259 2137 1334">
     <span class='ocr_line' id='line_1_14' title="bbox 539 1259 2137 1334; baseline -0.003 -17"><span class='ocrx_word' id='word_1_89' title='bbox 539 1267 626 1318; x_wconf 88' lang='lat' dir='ltr'>est</span> <span class='ocrx_word' id='word_1_90' title='bbox 653 1263 810 1334; x_wconf 87' lang='lat' dir='ltr'>prius</span> <span class='ocrx_word' id='word_1_91' title='bbox 832 1261 1114 1316; x_wconf 88' lang='lat' dir='ltr'>sententia</span> <span class='ocrx_word' id='word_1_92' title='bbox 1142 1259 1436 1313; x_wconf 83' lang='lat' dir='ltr'>scribentis</span> <span class='ocrx_word' id='word_1_93' title='bbox 1460 1279 1472 1326; x_wconf 91' lang='lat'><strong>;</strong></span> <span class='ocrx_word' id='word_1_94' title='bbox 1525 1277 1595 1313; x_wconf 89' lang='lat' dir='ltr'>ne</span> <span class='ocrx_word' id='word_1_95' title='bbox 1633 1259 1775 1313; x_wconf 85' lang='lat' dir='ltr'>forte</span> <span class='ocrx_word' id='word_1_96' title='bbox 1805 1261 1939 1314; x_wconf 93' lang='lat' dir='ltr'>dum</span> <span class='ocrx_word' id='word_1_97' title='bbox 1973 1261 2137 1314; x_wconf 80' lang='lat' dir='ltr'>flores</span> 
     </span>
    </p>
   </div>
   <div class='ocr_carea' id='block_1_15' title="bbox 539 1348 1526 1420">
    <p class='ocr_par' dir='ltr' id='par_1_15' title="bbox 539 1348 1526 1420">
     <span class='ocr_line' id='line_1_15' title="bbox 539 1348 1526 1420; baseline -0.005 -14"><span class='ocrx_word' id='word_1_98' title='bbox 539 1351 754 1406; x_wconf 87' lang='lat' dir='ltr'>mavult</span> <span class='ocrx_word' id='word_1_99' title='bbox 775 1351 1000 1420; x_wconf 80' lang='lat' dir='ltr'>eligere,</span> <span class='ocrx_word' id='word_1_100' title='bbox 1021 1349 1262 1403; x_wconf 90' lang='lat' dir='ltr'>fructum</span> <span class='ocrx_word' id='word_1_101' title='bbox 1284 1348 1526 1402; x_wconf 90' lang='lat' dir='ltr'>amittat.</span> 
     </span>
    </p>
   </div>
   <div class='ocr_carea' id='block_1_16' title="bbox 613 1439 2132 1505">
    <p class='ocr_par' dir='ltr' id='par_1_16' title="bbox 613 1439 2132 1505">
     <span class='ocr_line' id='line_1_16' title="bbox 613 1439 2132 1505; baseline -0.001 -12"><span class='ocrx_word' id='word_1_102' title='bbox 613 1440 762 1505; x_wconf 79' lang='lat' dir='ltr'>Quod</span> <span class='ocrx_word' id='word_1_103' title='bbox 796 1441 847 1492; x_wconf 98' lang='lat' dir='ltr'>si</span> <span class='ocrx_word' id='word_1_104' title='bbox 895 1454 1096 1492; x_wconf 89' lang='lat' dir='ltr'>manus</span> <span class='ocrx_word' id='word_1_105' title='bbox 1137 1441 1233 1490; x_wconf 87' lang='lat' dir='ltr'>tua</span> <span class='ocrx_word' id='word_1_106' title='bbox 1272 1440 1351 1490; x_wconf 79' lang='lat' dir='ltr'>vel</span> <span class='ocrx_word' id='word_1_107' title='bbox 1387 1452 1478 1505; x_wconf 96' lang='lat' dir='ltr'>pes</span> <span class='ocrx_word' id='word_1_108' title='bbox 1513 1443 1640 1490; x_wconf 88' lang='lat' dir='ltr'>tuus</span> <span class='ocrx_word' id='word_1_109' title='bbox 1691 1439 2035 1491; x_wconf 80' lang='lat' dir='ltr'>scandalizat</span> <span class='ocrx_word' id='word_1_110' title='bbox 2069 1443 2132 1503; x_wconf 89' lang='lat' dir='ltr'>te,</span> 
     </span>
    </p>
   </div>
   <div class='ocr_carea' id='block_1_17' title="bbox 537 1527 2138 1594">
    <p class='ocr_par' dir='ltr' id='par_1_17' title="bbox 537 1527 2138 1594">
     <span class='ocr_line' id='line_1_17' title="bbox 537 1527 2138 1594; baseline -0.001 -12"><span class='ocrx_word' id='word_1_111' title='bbox 537 1529 789 1582; x_wconf 76' lang='lat' dir='ltr'>abscinde</span> <span class='ocrx_word' id='word_1_112' title='bbox 819 1543 944 1580; x_wconf 89' lang='lat' dir='ltr'>eum</span> <span class='ocrx_word' id='word_1_113' title='bbox 975 1532 1023 1580; x_wconf 90' lang='lat' dir='ltr'>et</span> <span class='ocrx_word' id='word_1_114' title='bbox 1045 1528 1252 1594; x_wconf 87' lang='lat' dir='ltr'>projioe</span> <span class='ocrx_word' id='word_1_115' title='bbox 1283 1527 1376 1578; x_wconf 88' lang='lat' dir='ltr'>abs</span> <span class='ocrx_word' id='word_1_116' title='bbox 1404 1530 1476 1582; x_wconf 88' lang='lat' dir='ltr'>te.</span> <span class='ocrx_word' id='word_1_117' title='bbox 1508 1528 1720 1579; x_wconf 85' lang='lat' dir='ltr'>Bonum</span> <span class='ocrx_word' id='word_1_118' title='bbox 1755 1531 1829 1580; x_wconf 89' lang='lat' dir='ltr'>est</span> <span class='ocrx_word' id='word_1_119' title='bbox 1852 1530 2001 1580; x_wconf 89' lang='lat' dir='ltr'>enim</span> <span class='ocrx_word' id='word_1_120' title='bbox 2037 1528 2138 1580; x_wconf 82' lang='lat' dir='ltr'>tibi</span> 
     </span>
    </p>
   </div>
   <div class='ocr_carea' id='block_1_18' title="bbox 538 1616 2132 1681">
    <p class='ocr_par' dir='ltr' id='par_1_18' title="bbox 538 1616 2132 1681">
     <span class='ocr_line' id='line_1_18' title="bbox 538 1616 2132 1681; baseline -0.001 -12"><span class='ocrx_word' id='word_1_121' title='bbox 538 1619 602 1669; x_wconf 89' lang='lat' dir='ltr'>in</span> <span class='ocrx_word' id='word_1_122' title='bbox 649 1618 822 1669; x_wconf 83' lang='lat' dir='ltr'>vitam</span> <span class='ocrx_word' id='word_1_123' title='bbox 862 1617 1098 1668; x_wconf 84' lang='lat' dir='ltr'>introire</span> <span class='ocrx_word' id='word_1_124' title='bbox 1127 1618 1408 1680; x_wconf 56' lang='lat' dir='ltr'>sternam,</span> <span class='ocrx_word' id='word_1_125' title='bbox 1454 1616 1718 1667; x_wconf 88' lang='lat' dir='ltr'>claudum</span> <span class='ocrx_word' id='word_1_126' title='bbox 1764 1617 1845 1667; x_wconf 80' lang='lat' dir='ltr'>rel</span> <span class='ocrx_word' id='word_1_127' title='bbox 1883 1617 2132 1681; x_wconf 81' lang='lat' dir='ltr'>debilem,</span> 
     </span>
    </p>
   </div>
   <div class='ocr_carea' id='block_1_19' title="bbox 2221 460 3702 532">
    <p class='ocr_par' dir='ltr' id='par_1_19' title="bbox 2221 460 3702 532">
     <span class='ocr_line' id='line_1_19' title="bbox 2221 460 3702 532; baseline 0.007 -20"><span class='ocrx_word' id='word_1_128' title='bbox 2221 460 2346 514; x_wconf 67' lang='lat' dir='ltr'>vitae</span> <span class='ocrx_word' id='word_1_129' title='bbox 2363 460 2681 514; x_wconf 88' lang='lat' dir='ltr'>custodiens</span> <span class='ocrx_word' id='word_1_130' title='bbox 2699 461 3152 515; x_wconf 85' lang='lat' dir='ltr'>scandalizaverit</span> <span class='ocrx_word' id='word_1_131' title='bbox 3165 463 3572 520; x_wconf 89' lang='lat' dir='ltr'>membraChristi</span> <span class='ocrx_word' id='word_1_132' title='bbox 3587 485 3702 532; x_wconf 86' lang='lat' dir='ltr'>sana,</span> 
     </span>
    </p>
   </div>
   <div class='ocr_carea' id='block_1_20' title="bbox 2222 549 3702 626">
    <p class='ocr_par' dir='ltr' id='par_1_20' title="bbox 2222 549 3702 626">
     <span class='ocr_line' id='line_1_20' title="bbox 2222 549 3702 626; baseline 0.006 -25"><span class='ocrx_word' id='word_1_133' title='bbox 2222 565 2444 602; x_wconf 89' lang='lat' dir='ltr'>necesse</span> <span class='ocrx_word' id='word_1_134' title='bbox 2476 554 2562 602; x_wconf 89' lang='lat' dir='ltr'>est</span> <span class='ocrx_word' id='word_1_135' title='bbox 2604 549 2752 602; x_wconf 86' lang='lat' dir='ltr'>dicat</span> <span class='ocrx_word' id='word_1_136' title='bbox 2795 555 2960 618; x_wconf 88' lang='lat' dir='ltr'>caput</span> <span class='ocrx_word' id='word_1_137' title='bbox 2992 550 3300 619; x_wconf 90' lang='lat' dir='ltr'>hujusmodi</span> <span class='ocrx_word' id='word_1_138' title='bbox 3327 555 3482 616; x_wconf 93' lang='lat' dir='ltr'>oculo,</span> <span class='ocrx_word' id='word_1_139' title='bbox 3510 557 3576 608; x_wconf 89' lang='lat' dir='ltr'>vel</span> <span class='ocrx_word' id='word_1_140' title='bbox 3596 557 3702 626; x_wconf 82' lang='lat' dir='ltr'>pedi,</span> 
     </span>
    </p>
   </div>
   <div class='ocr_carea' id='block_1_21' title="bbox 2221 637 3705 712">
    <p class='ocr_par' dir='ltr' id='par_1_21' title="bbox 2221 637 3705 712">
     <span class='ocr_line' id='line_1_21' title="bbox 2221 637 3705 712; baseline 0.005 -22"><span class='ocrx_word' id='word_1_141' title='bbox 2221 655 2319 691; x_wconf 89' lang='lat' dir='ltr'>seu</span> <span class='ocrx_word' id='word_1_142' title='bbox 2341 638 2553 701; x_wconf 87' lang='lat' dir='ltr'>manui,</span> <span class='ocrx_word' id='word_1_143' title='bbox 2580 654 2691 691; x_wconf 93' lang='lat' dir='ltr'>non</span> <span class='ocrx_word' id='word_1_144' title='bbox 2723 644 2809 690; x_wconf 90' lang='lat' dir='ltr'>est</span> <span class='ocrx_word' id='word_1_145' title='bbox 2835 637 2972 690; x_wconf 89' lang='lat' dir='ltr'>mihi</span> <span class='ocrx_word' id='word_1_146' title='bbox 3003 641 3348 704; x_wconf 87' lang='lat' dir='ltr'>necessarius,</span> <span class='ocrx_word' id='word_1_147' title='bbox 3369 643 3452 695; x_wconf 87' lang='lat' dir='ltr'>sed</span> <span class='ocrx_word' id='word_1_148' title='bbox 3475 643 3705 712; x_wconf 75' lang='lat' dir='ltr'>praecidens</span> 
     </span>
    </p>
   </div>
   <div class='ocr_carea' id='block_1_22' title="bbox 2221 727 3707 797">
    <p class='ocr_par' dir='ltr' id='par_1_22' title="bbox 2221 727 3707 797">
     <span class='ocr_line' id='line_1_22' title="bbox 2221 727 3707 797; baseline 0.005 -18"><span class='ocrx_word' id='word_1_149' title='bbox 2221 727 2479 797; x_wconf 89' lang='lat' dir='ltr'>projiciat</span> <span class='ocrx_word' id='word_1_150' title='bbox 2512 743 2638 779; x_wconf 91' lang='lat' dir='ltr'>eum</span> <span class='ocrx_word' id='word_1_151' title='bbox 2665 744 2696 779; x_wconf 90' lang='lat' dir='ltr'>a</span> <span class='ocrx_word' id='word_1_152' title='bbox 2725 744 2819 792; x_wconf 88' lang='lat' dir='ltr'>se;</span> <span class='ocrx_word' id='word_1_153' title='bbox 2870 727 3068 780; x_wconf 92' lang='lat' dir='ltr'>melius</span> <span class='ocrx_word' id='word_1_154' title='bbox 3097 733 3180 782; x_wconf 90' lang='lat' dir='ltr'>est</span> <span class='ocrx_word' id='word_1_155' title='bbox 3222 729 3358 783; x_wconf 90' lang='lat' dir='ltr'>enim</span> <span class='ocrx_word' id='word_1_156' title='bbox 3397 737 3452 784; x_wconf 91' lang='lat' dir='ltr'>ut</span> <span class='ocrx_word' id='word_1_157' title='bbox 3488 733 3707 787; x_wconf 88' lang='lat' dir='ltr'>residuum</span> 
     </span>
    </p>
   </div>
   <div class='ocr_carea' id='block_1_23' title="bbox 2219 816 3705 886">
    <p class='ocr_par' dir='ltr' id='par_1_23' title="bbox 2219 816 3705 886">
     <span class='ocr_line' id='line_1_23' title="bbox 2219 816 3705 886; baseline 0.004 -18"><span class='ocrx_word' id='word_1_158' title='bbox 2219 832 2421 886; x_wconf 89' lang='lat' dir='ltr'>corpus</span> <span class='ocrx_word' id='word_1_159' title='bbox 2444 816 2618 869; x_wconf 89' lang='lat' dir='ltr'>intret</span> <span class='ocrx_word' id='word_1_160' title='bbox 2647 816 2716 870; x_wconf 85' lang='lat' dir='ltr'>ad</span> <span class='ocrx_word' id='word_1_161' title='bbox 2750 816 2918 868; x_wconf 88' lang='lat' dir='ltr'>vitam</span> <span class='ocrx_word' id='word_1_162' title='bbox 2949 823 3211 870; x_wconf 64' lang='lat' dir='ltr'>aeternam</span> <span class='ocrx_word' id='word_1_163' title='bbox 3232 817 3342 871; x_wconf 91' lang='lat' dir='ltr'>sine</span> <span class='ocrx_word' id='word_1_164' title='bbox 3367 819 3576 872; x_wconf 88' lang='lat' dir='ltr'>membro</span> <span class='ocrx_word' id='word_1_165' title='bbox 3597 837 3705 874; x_wconf 85' lang='lat' dir='ltr'>scan-</span> 
     </span>
    </p>
   </div>
   <div class='ocr_carea' id='block_1_24' title="bbox 2219 905 3709 976">
    <p class='ocr_par' dir='ltr' id='par_1_24' title="bbox 2219 905 3709 976">
     <span class='ocr_line' id='line_1_24' title="bbox 2219 905 3709 976; baseline 0.004 -19"><span class='ocrx_word' id='word_1_166' title='bbox 2219 905 2536 970; x_wconf 87' lang='lat' dir='ltr'>dalizante,</span> <span class='ocrx_word' id='word_1_167' title='bbox 2604 921 2773 976; x_wconf 89' lang='lat' dir='ltr'>quam</span> <span class='ocrx_word' id='word_1_168' title='bbox 2827 910 3010 959; x_wconf 88' lang='lat' dir='ltr'>totum</span> <span class='ocrx_word' id='word_1_169' title='bbox 3056 923 3250 976; x_wconf 89' lang='lat' dir='ltr'>corpus</span> <span class='ocrx_word' id='word_1_170' title='bbox 3293 908 3537 972; x_wconf 85' lang='lat' dir='ltr'>Ecclesiae,</span> <span class='ocrx_word' id='word_1_171' title='bbox 3570 909 3709 963; x_wconf 88' lang='lat' dir='ltr'>morbo</span> 
     </span>
    </p>
   </div>
   <div class='ocr_carea' id='block_1_25' title="bbox 2218 993 3710 1067">
    <p class='ocr_par' dir='ltr' id='par_1_25' title="bbox 2218 993 3710 1067">
     <span class='ocr_line' id='line_1_25' title="bbox 2218 993 3710 1067; baseline 0.002 -20"><span class='ocrx_word' id='word_1_172' title='bbox 2218 994 2464 1048; x_wconf 89' lang='lat' dir='ltr'>scandali</span> <span class='ocrx_word' id='word_1_173' title='bbox 2504 1011 2604 1065; x_wconf 89' lang='lat' dir='ltr'>per</span> <span class='ocrx_word' id='word_1_174' title='bbox 2633 994 2822 1047; x_wconf 84' lang='lat' dir='ltr'>omnia</span> <span class='ocrx_word' id='word_1_175' title='bbox 2851 993 3104 1048; x_wconf 90' lang='lat' dir='ltr'>membra</span> <span class='ocrx_word' id='word_1_176' title='bbox 3141 995 3400 1060; x_wconf 69' lang='lat' dir='ltr'>saeviente,</span> <span class='ocrx_word' id='word_1_177' title='bbox 3440 997 3560 1050; x_wconf 87' lang='lat' dir='ltr'>mitti</span> <span class='ocrx_word' id='word_1_178' title='bbox 3584 998 3626 1050; x_wconf 88' lang='lat' dir='ltr'>in</span> <span class='ocrx_word' id='word_1_179' title='bbox 3646 1015 3710 1067; x_wconf 80' lang='lat' dir='ltr'>ge-</span> 
     </span>
    </p>
   </div>
   <div class='ocr_carea' id='block_1_26' title="bbox 2218 1082 3710 1139">
    <p class='ocr_par' dir='ltr' id='par_1_26' title="bbox 2218 1082 3710 1139">
     <span class='ocr_line' id='line_1_26' title="bbox 2218 1082 3710 1139; baseline 0.003 -4"><span class='ocrx_word' id='word_1_180' title='bbox 2218 1082 2478 1136; x_wconf 86' lang='lat' dir='ltr'>hennam.</span> <span class='ocrx_word' id='word_1_181' title='bbox 2512 1082 2791 1138; x_wconf 91' lang='lat' dir='ltr'>Debemus</span> <span class='ocrx_word' id='word_1_182' title='bbox 2821 1089 3008 1137; x_wconf 88' lang='lat' dir='ltr'>autem</span> <span class='ocrx_word' id='word_1_183' title='bbox 3039 1083 3142 1137; x_wconf 92' lang='lat' dir='ltr'>hoc</span> <span class='ocrx_word' id='word_1_184' title='bbox 3164 1085 3245 1137; x_wconf 92' lang='lat' dir='ltr'>uti</span> <span class='ocrx_word' id='word_1_185' title='bbox 3271 1085 3553 1138; x_wconf 89' lang='lat' dir='ltr'>testimonio</span> <span class='ocrx_word' id='word_1_186' title='bbox 3571 1092 3710 1139; x_wconf 77' lang='lat' dir='ltr'>contra</span> 
     </span>
    </p>
   </div>
   <div class='ocr_carea' id='block_1_27' title="bbox 2221 1170 3710 1242">
    <p class='ocr_par' dir='ltr' id='par_1_27' title="bbox 2221 1170 3710 1242">
     <span class='ocr_line' id='line_1_27' title="bbox 2221 1170 3710 1242; baseline 0.001 -18"><span class='ocrx_word' id='word_1_187' title='bbox 2221 1170 2557 1225; x_wconf 86' lang='lat' dir='ltr'>domesticos</span> <span class='ocrx_word' id='word_1_188' title='bbox 2589 1177 2826 1238; x_wconf 82' lang='lat' dir='ltr'>nostros,</span> <span class='ocrx_word' id='word_1_189' title='bbox 2872 1171 2968 1241; x_wconf 89' lang='lat' dir='ltr'>qui</span> <span class='ocrx_word' id='word_1_190' title='bbox 3013 1173 3169 1242; x_wconf 88' lang='lat' dir='ltr'>quasi</span> <span class='ocrx_word' id='word_1_191' title='bbox 3209 1173 3460 1237; x_wconf 83' lang='lat' dir='ltr'>membra,</span> <span class='ocrx_word' id='word_1_192' title='bbox 3501 1174 3566 1226; x_wconf 85' lang='lat' dir='ltr'>ita</span> <span class='ocrx_word' id='word_1_193' title='bbox 3598 1172 3710 1226; x_wconf 88' lang='lat' dir='ltr'>nobis</span> 
     </span>
    </p>
   </div>
   <div class='ocr_carea' id='block_1_28' title="bbox 2223 1257 3712 1331">
    <p class='ocr_par' dir='ltr' id='par_1_28' title="bbox 2223 1257 3712 1331">
     <span class='ocr_line' id='line_1_28' title="bbox 2223 1257 3712 1331; baseline 0.003 -20"><span class='ocrx_word' id='word_1_194' title='bbox 2223 1257 2520 1312; x_wconf 90' lang='lat' dir='ltr'>dilectione</span> <span class='ocrx_word' id='word_1_195' title='bbox 2547 1259 2830 1328; x_wconf 88' lang='lat' dir='ltr'>conjuncti</span> <span class='ocrx_word' id='word_1_196' title='bbox 2861 1265 2994 1312; x_wconf 90' lang='lat' dir='ltr'>sunt</span> <span class='ocrx_word' id='word_1_197' title='bbox 3038 1266 3093 1313; x_wconf 86' lang='lat' dir='ltr'>et</span> <span class='ocrx_word' id='word_1_198' title='bbox 3121 1260 3400 1331; x_wconf 90' lang='lat' dir='ltr'>compacti,</span> <span class='ocrx_word' id='word_1_199' title='bbox 3442 1260 3539 1314; x_wconf 90' lang='lat' dir='ltr'>sive</span> <span class='ocrx_word' id='word_1_200' title='bbox 3574 1267 3712 1315; x_wconf 80' lang='lat' dir='ltr'>contra</span> 
     </span>
    </p>
   </div>
   <div class='ocr_carea' id='block_1_29' title="bbox 2222 1347 3712 1419">
    <p class='ocr_par' dir='ltr' id='par_1_29' title="bbox 2222 1347 3712 1419">
     <span class='ocr_line' id='line_1_29' title="bbox 2222 1347 3712 1419; baseline 0.002 -20"><span class='ocrx_word' id='word_1_201' title='bbox 2222 1353 2502 1416; x_wconf 88' lang='lat' dir='ltr'>parentes,</span> <span class='ocrx_word' id='word_1_202' title='bbox 2536 1348 2648 1401; x_wconf 86' lang='lat' dir='ltr'>sive</span> <span class='ocrx_word' id='word_1_203' title='bbox 2677 1347 2887 1401; x_wconf 89' lang='lat' dir='ltr'>amicos</span> <span class='ocrx_word' id='word_1_204' title='bbox 2931 1347 3400 1414; x_wconf 87' lang='lat' dir='ltr'>familiarissimos,</span> <span class='ocrx_word' id='word_1_205' title='bbox 3434 1348 3600 1419; x_wconf 85' lang='lat' dir='ltr'>quibus</span> <span class='ocrx_word' id='word_1_206' title='bbox 3623 1366 3712 1419; x_wconf 86' lang='lat' dir='ltr'>par-</span> 
     </span>
    </p>
   </div>
   <div class='ocr_carea' id='block_1_30' title="bbox 2218 1437 3714 1508">
    <p class='ocr_par' dir='ltr' id='par_1_30' title="bbox 2218 1437 3714 1508">
     <span class='ocr_line' id='line_1_30' title="bbox 2218 1437 3714 1508; baseline 0.001 -20"><span class='ocrx_word' id='word_1_207' title='bbox 2218 1451 2344 1488; x_wconf 90' lang='lat' dir='ltr'>cere</span> <span class='ocrx_word' id='word_1_208' title='bbox 2373 1452 2482 1489; x_wconf 92' lang='lat' dir='ltr'>non</span> <span class='ocrx_word' id='word_1_209' title='bbox 2511 1442 2732 1507; x_wconf 89' lang='lat' dir='ltr'>oportet</span> <span class='ocrx_word' id='word_1_210' title='bbox 2776 1437 2977 1490; x_wconf 75' lang='lat' dir='ltr'>animae</span> <span class='ocrx_word' id='word_1_211' title='bbox 3020 1443 3223 1491; x_wconf 68' lang='lat' dir='ltr'>nostrae</span> <span class='ocrx_word' id='word_1_212' title='bbox 3269 1437 3576 1504; x_wconf 89' lang='lat' dir='ltr'>nocentibus;</span> <span class='ocrx_word' id='word_1_213' title='bbox 3619 1452 3714 1508; x_wconf 88' lang='lat' dir='ltr'>quos</span> 
     </span>
    </p>
   </div>
   <div class='ocr_carea' id='block_1_31' title="bbox 2217 1525 3716 1597">
    <p class='ocr_par' dir='ltr' id='par_1_31' title="bbox 2217 1525 3716 1597">
     <span class='ocr_line' id='line_1_31' title="bbox 2217 1525 3716 1597; baseline 0.001 -20"><span class='ocrx_word' id='word_1_214' title='bbox 2217 1525 2517 1594; x_wconf 66' lang='lat' dir='ltr'>praecidere</span> <span class='ocrx_word' id='word_1_215' title='bbox 2561 1525 2830 1579; x_wconf 84' lang='lat' dir='ltr'>debemus</span> <span class='ocrx_word' id='word_1_216' title='bbox 2872 1541 2907 1578; x_wconf 88' lang='lat' dir='ltr'>a</span> <span class='ocrx_word' id='word_1_217' title='bbox 2947 1525 3106 1580; x_wconf 79' lang='lat' dir='ltr'>nobis</span> <span class='ocrx_word' id='word_1_218' title='bbox 3146 1526 3360 1580; x_wconf 90' lang='lat' dir='ltr'>etiamsi</span> <span class='ocrx_word' id='word_1_219' title='bbox 3413 1532 3549 1597; x_wconf 86' lang='lat' dir='ltr'>pater</span> <span class='ocrx_word' id='word_1_220' title='bbox 3577 1525 3633 1579; x_wconf 90' lang='lat' dir='ltr'>sit</span> <span class='ocrx_word' id='word_1_221' title='bbox 3658 1525 3716 1578; x_wconf 88' lang='lat' dir='ltr'>vel</span> 
     </span>
    </p>
   </div>
   <div class='ocr_carea' id='block_1_32' title="bbox 2219 1615 3716 1685">
    <p class='ocr_par' dir='ltr' id='par_1_32' title="bbox 2219 1615 3716 1685">
     <span class='ocr_line' id='line_1_32' title="bbox 2219 1615 3716 1685; baseline 0.001 -19"><span class='ocrx_word' id='word_1_222' title='bbox 2219 1620 2400 1667; x_wconf 87' lang='lat' dir='ltr'>mater</span> <span class='ocrx_word' id='word_1_223' title='bbox 2424 1620 2727 1685; x_wconf 88' lang='lat' dir='ltr'>antequam</span> <span class='ocrx_word' id='word_1_224' title='bbox 2755 1632 2790 1668; x_wconf 88' lang='lat' dir='ltr'>a</span> <span class='ocrx_word' id='word_1_225' title='bbox 2811 1615 2994 1685; x_wconf 86' lang='lat' dir='ltr'>capite</span> <span class='ocrx_word' id='word_1_226' title='bbox 3024 1615 3246 1670; x_wconf 86' lang='lat' dir='ltr'>Christo</span> <span class='ocrx_word' id='word_1_227' title='bbox 3275 1615 3587 1669; x_wconf 84' lang='lat' dir='ltr'>scandalizati</span> <span class='ocrx_word' id='word_1_228' title='bbox 3608 1629 3716 1667; x_wconf 84' lang='lat' dir='ltr'>rece-</span> 
     </span>
    </p>
   </div>
   <div class='ocr_carea' id='block_1_33' title="bbox 535 1683 3716 1775">
    <p class='ocr_par' dir='ltr' id='par_1_33' title="bbox 535 1683 3716 1775">
     <span class='ocr_line' id='line_1_33' title="bbox 535 1683 3716 1775; baseline -0.001 -18"><span class='ocrx_word' id='word_1_229' title='bbox 535 1721 704 1773; x_wconf 86' lang='lat' dir='ltr'>quam</span> <span class='ocrx_word' id='word_1_230' title='bbox 736 1704 875 1757; x_wconf 87' lang='lat' dir='ltr'>duas</span> <span class='ocrx_word' id='word_1_231' title='bbox 900 1719 1123 1768; x_wconf 89' lang='lat' dir='ltr'>manus,</span> <span class='ocrx_word' id='word_1_232' title='bbox 1141 1706 1224 1756; x_wconf 85' lang='lat' dir='ltr'>vel</span> <span class='ocrx_word' id='word_1_233' title='bbox 1244 1704 1378 1756; x_wconf 83' lang='lat' dir='ltr'>duos</span> <span class='ocrx_word' id='word_1_234' title='bbox 1394 1703 1548 1770; x_wconf 87' lang='lat' dir='ltr'>pedes</span> <span class='ocrx_word' id='word_1_235' title='bbox 1576 1703 1880 1767; x_wconf 84' lang='lat' dir='ltr'>habentem,</span> <span class='ocrx_word' id='word_1_236' title='bbox 1904 1706 2056 1756; x_wconf 85' lang='lat' dir='ltr'>mitti</span> <span class='ocrx_word' id='word_1_237' title='bbox 2073 1706 2135 1756; x_wconf 89' lang='lat' dir='ltr'>in</span> <span class='ocrx_word' id='word_1_238' title='bbox 2155 1683 2202 1744; x_wconf 83' lang='lat' dir='ltr'><strong>B</strong></span> <span class='ocrx_word' id='word_1_239' title='bbox 2219 1703 2451 1770; x_wconf 89' lang='lat' dir='ltr'>damus;</span> <span class='ocrx_word' id='word_1_240' title='bbox 2486 1703 2555 1756; x_wconf 92' lang='lat' dir='ltr'>ad</span> <span class='ocrx_word' id='word_1_241' title='bbox 2574 1683 2692 1756; x_wconf 71' lang='lat' dir='ltr'>hoc</span> <span class='ocrx_word' id='word_1_242' title='bbox 2725 1683 2930 1775; x_wconf 83' lang='lat' dir='ltr'>quippe</span> <span class='ocrx_word' id='word_1_243' title='bbox 2956 1704 3110 1758; x_wconf 87' lang='lat' dir='ltr'>venit</span> <span class='ocrx_word' id='word_1_244' title='bbox 3137 1705 3164 1758; x_wconf 78' lang='grc' dir='ltr'>,ἶ</span> <span class='ocrx_word' id='word_1_245' title='bbox 3171 1720 3294 1758; x_wconf 91' lang='lat' dir='ltr'>esus</span> <span class='ocrx_word' id='word_1_246' title='bbox 3315 1703 3536 1774; x_wconf 84' lang='lat' dir='ltr'>gladium</span> <span class='ocrx_word' id='word_1_247' title='bbox 3556 1703 3716 1756; x_wconf 86' lang='lat' dir='ltr'>mittere</span> 
     </span>
    </p>
   </div>
   <div class='ocr_carea' id='block_1_34' title="bbox 535 1791 2134 1862">
    <p class='ocr_par' dir='ltr' id='par_1_34' title="bbox 535 1791 2134 1862">
     <span class='ocr_line' id='line_1_34' title="bbox 535 1791 2134 1862; baseline -0.001 -16"><span class='ocrx_word' id='word_1_248' title='bbox 535 1795 720 1862; x_wconf 85' lang='lat' dir='ltr'>ignem</span> <span class='ocrx_word' id='word_1_249' title='bbox 733 1791 1295 1862; x_wconf 59' lang='lat' dir='ltr'>sternumSuperius</span> <span class='ocrx_word' id='word_1_250' title='bbox 1308 1808 1434 1846; x_wconf 88' lang='lat' dir='ltr'>cum</span> <span class='ocrx_word' id='word_1_251' title='bbox 1448 1791 1704 1846; x_wconf 87' lang='lat' dir='ltr'>dixisset:</span> <span class='ocrx_word' id='word_1_252' title='bbox 1724 1791 1786 1846; x_wconf 89' lang='lat' dir='ltr'>Si</span> <span class='ocrx_word' id='word_1_253' title='bbox 1801 1794 1924 1860; x_wconf 89' lang='lat' dir='ltr'>quis</span> <span class='ocrx_word' id='word_1_254' title='bbox 1936 1793 2134 1846; x_wconf 82' lang='lat' dir='ltr'>viderit</span> 
     </span>
    </p>
   </div>
   <div class='ocr_carea' id='block_1_35' title="bbox 537 1881 2136 1948">
    <p class='ocr_par' dir='ltr' id='par_1_35' title="bbox 537 1881 2136 1948">
     <span class='ocr_line' id='line_1_35' title="bbox 537 1881 2136 1948; baseline -0.001 -12"><span class='ocrx_word' id='word_1_255' title='bbox 537 1884 834 1936; x_wconf 86' lang='lat' dir='ltr'>mulierem</span> <span class='ocrx_word' id='word_1_256' title='bbox 854 1883 927 1934; x_wconf 85' lang='lat' dir='ltr'>ad</span> <span class='ocrx_word' id='word_1_257' title='bbox 938 1881 1427 1948; x_wconf 82' lang='lat' dir='ltr'>concupiscendum</span> <span class='ocrx_word' id='word_1_258' title='bbox 1444 1896 1583 1944; x_wconf 88' lang='lat' dir='ltr'>eam,</span> <span class='ocrx_word' id='word_1_259' title='bbox 1591 1884 1717 1948; x_wconf 85' lang='lat' dir='ltr'>jam</span> <span class='ocrx_word' id='word_1_260' title='bbox 1750 1881 2040 1934; x_wconf 66' lang='lat' dir='ltr'>moechatus</span> <span class='ocrx_word' id='word_1_261' title='bbox 2061 1886 2136 1934; x_wconf 86' lang='lat' dir='ltr'>est</span> 
     </span>
    </p>
   </div>
   <div class='ocr_carea' id='block_1_36' title="bbox 534 1967 2133 2039">
    <p class='ocr_par' dir='ltr' id='par_1_36' title="bbox 534 1967 2133 2039">
     <span class='ocr_line' id='line_1_36' title="bbox 534 1967 2133 2039; baseline -0.001 -15"><span class='ocrx_word' id='word_1_262' title='bbox 534 1987 655 2024; x_wconf 86' lang='lat' dir='ltr'>eam</span> <span class='ocrx_word' id='word_1_263' title='bbox 686 1973 749 2023; x_wconf 87' lang='lat' dir='ltr'>in</span> <span class='ocrx_word' id='word_1_264' title='bbox 778 1971 934 2023; x_wconf 85' lang='lat' dir='ltr'>corde</span> <span class='ocrx_word' id='word_1_265' title='bbox 962 1986 1060 2022; x_wconf 89' lang='lat' dir='ltr'>suo</span> <span class='ocrx_word' id='word_1_266' title='bbox 1079 1970 1294 2032; x_wconf 82' lang='lat' dir='ltr'>(Matth.</span> <span class='ocrx_word' id='word_1_267' title='bbox 1329 1983 1380 2034; x_wconf 90' lang='lat' dir='ltr'>v,</span> <span class='ocrx_word' id='word_1_268' title='bbox 1404 1967 1493 2033; x_wconf 76' lang='lat'>28,</span> <span class='ocrx_word' id='word_1_269' title='bbox 1526 1967 1638 2035; x_wconf 70' lang='lat'>29),</span> <span class='ocrx_word' id='word_1_270' title='bbox 1667 1973 1794 2039; x_wconf 89' lang='lat' dir='ltr'>post</span> <span class='ocrx_word' id='word_1_271' title='bbox 1819 1969 1936 2023; x_wconf 72' lang='lat' dir='ltr'>haec</span> <span class='ocrx_word' id='word_1_272' title='bbox 1963 1969 2133 2023; x_wconf 89' lang='lat' dir='ltr'>verba</span> 
     </span>
    </p>
   </div>
   <div class='ocr_carea' id='block_1_37' title="bbox 535 2057 2130 2129">
    <p class='ocr_par' dir='ltr' id='par_1_37' title="bbox 535 2057 2130 2129">
     <span class='ocr_line' id='line_1_37' title="bbox 535 2057 2130 2129; baseline -0.004 -15"><span class='ocrx_word' id='word_1_273' title='bbox 535 2059 728 2114; x_wconf 86' lang='lat' dir='ltr'>statim</span> <span class='ocrx_word' id='word_1_274' title='bbox 753 2057 1041 2129; x_wconf 85' lang='lat' dir='ltr'>subjunxit</span> <span class='ocrx_word' id='word_1_275' title='bbox 1074 2081 1086 2112; x_wconf 87' lang='lat'><strong>:</strong></span> <span class='ocrx_word' id='word_1_276' title='bbox 1117 2057 1182 2112; x_wconf 84' lang='lat' dir='ltr'>Si</span> <span class='ocrx_word' id='word_1_277' title='bbox 1200 2059 1386 2110; x_wconf 71' lang='lat' dir='ltr'>dexter</span> <span class='ocrx_word' id='word_1_278' title='bbox 1413 2059 1602 2110; x_wconf 85' lang='lat' dir='ltr'>oculus</span> <span class='ocrx_word' id='word_1_279' title='bbox 1635 2063 1780 2120; x_wconf 87' lang='lat' dir='ltr'>tuus,</span> <span class='ocrx_word' id='word_1_280' title='bbox 1815 2059 1899 2109; x_wconf 75' lang='lat' dir='ltr'>vel</span> <span class='ocrx_word' id='word_1_281' title='bbox 1930 2073 2130 2109; x_wconf 89' lang='lat' dir='ltr'>manus</span> 
     </span>
    </p>
   </div>
   <div class='ocr_carea' id='block_1_38' title="bbox 536 2143 2132 2214">
    <p class='ocr_par' dir='ltr' id='par_1_38' title="bbox 536 2143 2132 2214">
     <span class='ocr_line' id='line_1_38' title="bbox 536 2143 2132 2214; baseline -0.003 -12"><span class='ocrx_word' id='word_1_282' title='bbox 536 2152 633 2201; x_wconf 88' lang='lat' dir='ltr'>tua</span> <span class='ocrx_word' id='word_1_283' title='bbox 660 2149 1000 2202; x_wconf 81' lang='lat' dir='ltr'>scandalizet</span> <span class='ocrx_word' id='word_1_284' title='bbox 1030 2151 1113 2209; x_wconf 84' lang='lat' dir='ltr'>te;</span> <span class='ocrx_word' id='word_1_285' title='bbox 1141 2144 1442 2198; x_wconf 90' lang='lat' dir='ltr'>ostendens</span> <span class='ocrx_word' id='word_1_286' title='bbox 1463 2144 1596 2214; x_wconf 90' lang='lat' dir='ltr'>quid</span> <span class='ocrx_word' id='word_1_287' title='bbox 1626 2145 1694 2198; x_wconf 92' lang='lat' dir='ltr'>de</span> <span class='ocrx_word' id='word_1_288' title='bbox 1725 2145 1836 2198; x_wconf 93' lang='lat' dir='ltr'>illis</span> <span class='ocrx_word' id='word_1_289' title='bbox 1867 2143 2132 2198; x_wconf 89' lang='lat' dir='ltr'>membris</span> 
     </span>
    </p>
   </div>
   <div class='ocr_carea' id='block_1_39' title="bbox 533 2232 2134 2303">
    <p class='ocr_par' dir='ltr' id='par_1_39' title="bbox 533 2232 2134 2303">
     <span class='ocr_line' id='line_1_39' title="bbox 533 2232 2134 2303; baseline -0.003 -12"><span class='ocrx_word' id='word_1_290' title='bbox 533 2233 1037 2291; x_wconf 86' lang='lat' dir='ltr'>scandalizantibus</span> <span class='ocrx_word' id='word_1_291' title='bbox 1057 2232 1408 2303; x_wconf 89' lang='lat' dir='ltr'>loquebatur,</span> <span class='ocrx_word' id='word_1_292' title='bbox 1445 2249 1566 2302; x_wconf 81' lang='lat' dir='ltr'>quae</span> <span class='ocrx_word' id='word_1_293' title='bbox 1598 2241 1730 2286; x_wconf 91' lang='lat' dir='ltr'>sunt</span> <span class='ocrx_word' id='word_1_294' title='bbox 1768 2233 1916 2286; x_wconf 88' lang='lat' dir='ltr'>intra</span> <span class='ocrx_word' id='word_1_295' title='bbox 1944 2250 2046 2286; x_wconf 93' lang='lat' dir='ltr'>nos</span> <span class='ocrx_word' id='word_1_296' title='bbox 2077 2239 2134 2286; x_wconf 94' lang='lat' dir='ltr'>et</span> 
     </span>
    </p>
   </div>
   <div class='ocr_carea' id='block_1_40' title="bbox 532 2321 2130 2394">
    <p class='ocr_par' dir='ltr' id='par_1_40' title="bbox 532 2321 2130 2394">
     <span class='ocr_line' id='line_1_40' title="bbox 532 2321 2130 2394; baseline -0.002 -15"><span class='ocrx_word' id='word_1_297' title='bbox 532 2325 590 2378; x_wconf 92' lang='lat' dir='ltr'>in</span> <span class='ocrx_word' id='word_1_298' title='bbox 623 2339 854 2394; x_wconf 90' lang='lat' dir='ltr'>corpore</span> <span class='ocrx_word' id='word_1_299' title='bbox 883 2328 1094 2376; x_wconf 92' lang='lat' dir='ltr'>nostro.</span> <span class='ocrx_word' id='word_1_300' title='bbox 1128 2322 1431 2392; x_wconf 89' lang='lat' dir='ltr'>Propterea</span> <span class='ocrx_word' id='word_1_301' title='bbox 1475 2321 1553 2374; x_wconf 91' lang='lat' dir='ltr'>ibi</span> <span class='ocrx_word' id='word_1_302' title='bbox 1603 2321 1892 2391; x_wconf 88' lang='lat' dir='ltr'>passiones</span> <span class='ocrx_word' id='word_1_303' title='bbox 1930 2321 2130 2376; x_wconf 68' lang='lat' dir='ltr'>anima-&#39;2</span> 
     </span>
    </p>
   </div>
   <div class='ocr_carea' id='block_1_41' title="bbox 533 2410 2132 2482">
    <p class='ocr_par' dir='ltr' id='par_1_41' title="bbox 533 2410 2132 2482">
     <span class='ocr_line' id='line_1_41' title="bbox 533 2410 2132 2482; baseline -0.003 -15"><span class='ocrx_word' id='word_1_304' title='bbox 533 2429 634 2467; x_wconf 90' lang='lat' dir='ltr'>seu</span> <span class='ocrx_word' id='word_1_305' title='bbox 653 2413 965 2466; x_wconf 82' lang='lat' dir='ltr'>voluntates</span> <span class='ocrx_word' id='word_1_306' title='bbox 989 2411 1346 2482; x_wconf 84' lang='lat' dir='ltr'>exposuimus</span> <span class='ocrx_word' id='word_1_307' title='bbox 1364 2427 1484 2464; x_wconf 88' lang='lat' dir='ltr'>esse</span> <span class='ocrx_word' id='word_1_308' title='bbox 1506 2410 1940 2464; x_wconf 90' lang='lat' dir='ltr'>scandalizantia</span> <span class='ocrx_word' id='word_1_309' title='bbox 1961 2427 2132 2463; x_wconf 88' lang='lat' dir='ltr'>mem-</span> 
     </span>
    </p>
   </div>
   <div class='ocr_carea' id='block_1_42' title="bbox 533 2499 2129 2568">
    <p class='ocr_par' dir='ltr' id='par_1_42' title="bbox 533 2499 2129 2568">
     <span class='ocr_line' id='line_1_42' title="bbox 533 2499 2129 2568; baseline -0.001 -13"><span class='ocrx_word' id='word_1_310' title='bbox 533 2500 670 2568; x_wconf 79' lang='lat' dir='ltr'>bra;</span> <span class='ocrx_word' id='word_1_311' title='bbox 703 2501 792 2554; x_wconf 87' lang='lat' dir='ltr'>hic</span> <span class='ocrx_word' id='word_1_312' title='bbox 820 2506 1008 2555; x_wconf 89' lang='lat' dir='ltr'>autem</span> <span class='ocrx_word' id='word_1_313' title='bbox 1039 2516 1162 2554; x_wconf 90' lang='lat' dir='ltr'>cum</span> <span class='ocrx_word' id='word_1_314' title='bbox 1189 2499 1424 2553; x_wconf 82' lang='lat' dir='ltr'>dixisset</span> <span class='ocrx_word' id='word_1_315' title='bbox 1455 2512 1467 2546; x_wconf 77' lang='grc' dir='ltr'><strong>ε</strong></span> <span class='ocrx_word' id='word_1_316' title='bbox 1514 2501 1588 2552; x_wconf 68' lang='lat' dir='ltr'>Va:</span> <span class='ocrx_word' id='word_1_317' title='bbox 1630 2500 1837 2552; x_wconf 83' lang='lat' dir='ltr'>mundo</span> <span class='ocrx_word' id='word_1_318' title='bbox 1878 2500 1945 2553; x_wconf 86' lang='lat' dir='ltr'>ab</span> <span class='ocrx_word' id='word_1_319' title='bbox 1970 2516 2129 2553; x_wconf 88' lang='lat' dir='ltr'>scan-</span> 
     </span>
    </p>
   </div>
   <div class='ocr_carea' id='block_1_43' title="bbox 532 2589 2130 2656">
    <p class='ocr_par' dir='ltr' id='par_1_43' title="bbox 532 2589 2130 2656">
     <span class='ocr_line' id='line_1_43' title="bbox 532 2589 2130 2656; baseline -0.003 -10"><span class='ocrx_word' id='word_1_320' title='bbox 532 2592 696 2656; x_wconf 81' lang='lat' dir='ltr'>datis,</span> <span class='ocrx_word' id='word_1_321' title='bbox 723 2607 924 2645; x_wconf 87' lang='lat' dir='ltr'>necesse</span> <span class='ocrx_word' id='word_1_322' title='bbox 943 2595 1017 2644; x_wconf 85' lang='lat' dir='ltr'>est</span> <span class='ocrx_word' id='word_1_323' title='bbox 1038 2595 1099 2643; x_wconf 88' lang='lat' dir='ltr'>ut</span> <span class='ocrx_word' id='word_1_324' title='bbox 1127 2593 1352 2643; x_wconf 83' lang='lat' dir='ltr'>veniant</span> <span class='ocrx_word' id='word_1_325' title='bbox 1371 2590 1655 2654; x_wconf 84' lang='lat' dir='ltr'>scandala,</span> <span class='ocrx_word' id='word_1_326' title='bbox 1685 2590 1776 2642; x_wconf 86' lang='lat' dir='ltr'>sed</span> <span class='ocrx_word' id='word_1_327' title='bbox 1808 2605 1883 2642; x_wconf 64' lang='lat' dir='ltr'>v.2</span> <span class='ocrx_word' id='word_1_328' title='bbox 1913 2589 2130 2642; x_wconf 87' lang='lat' dir='ltr'>homini</span> 
     </span>
    </p>
   </div>
   <div class='ocr_carea' id='block_1_44' title="bbox 525 2676 2130 2751">
    <p class='ocr_par' dir='ltr' id='par_1_44' title="bbox 525 2676 2130 2751">
     <span class='ocr_line' id='line_1_44' title="bbox 525 2676 2130 2751; baseline -0.002 -17"><span class='ocrx_word' id='word_1_329' title='bbox 525 2697 629 2751; x_wconf 87' lang='lat' dir='ltr'>per</span> <span class='ocrx_word' id='word_1_330' title='bbox 654 2697 813 2751; x_wconf 85' lang='lat' dir='ltr'>quem</span> <span class='ocrx_word' id='word_1_331' title='bbox 842 2681 1166 2734; x_wconf 88' lang='lat' dir='ltr'>scandalum</span> <span class='ocrx_word' id='word_1_332' title='bbox 1197 2682 1362 2745; x_wconf 84' lang='lat' dir='ltr'>venit,</span> <span class='ocrx_word' id='word_1_333' title='bbox 1397 2695 1522 2732; x_wconf 81' lang='lat' dir='ltr'>mox</span> <span class='ocrx_word' id='word_1_334' title='bbox 1552 2676 1844 2748; x_wconf 89' lang='lat' dir='ltr'>subjungit</span> <span class='ocrx_word' id='word_1_335' title='bbox 1874 2696 1884 2730; x_wconf 92' lang='lat'>:</span> <span class='ocrx_word' id='word_1_336' title='bbox 1917 2678 1981 2732; x_wconf 88' lang='lat' dir='ltr'>Si</span> <span class='ocrx_word' id='word_1_337' title='bbox 2007 2694 2130 2731; x_wconf 86' lang='lat' dir='ltr'>ma-</span> 
     </span>
    </p>
   </div>
   <div class='ocr_carea' id='block_1_45' title="bbox 533 2768 2125 2838">
    <p class='ocr_par' dir='ltr' id='par_1_45' title="bbox 533 2768 2125 2838">
     <span class='ocr_line' id='line_1_45' title="bbox 533 2768 2125 2838; baseline -0.003 -14"><span class='ocrx_word' id='word_1_338' title='bbox 533 2787 640 2824; x_wconf 89' lang='lat' dir='ltr'>nus</span> <span class='ocrx_word' id='word_1_339' title='bbox 664 2775 761 2824; x_wconf 88' lang='lat' dir='ltr'>tua</span> <span class='ocrx_word' id='word_1_340' title='bbox 781 2773 862 2824; x_wconf 82' lang='lat' dir='ltr'>vel</span> <span class='ocrx_word' id='word_1_341' title='bbox 879 2785 969 2838; x_wconf 86' lang='lat' dir='ltr'>pes</span> <span class='ocrx_word' id='word_1_342' title='bbox 1008 2774 1156 2834; x_wconf 87' lang='lat' dir='ltr'>tuus,</span> <span class='ocrx_word' id='word_1_343' title='bbox 1189 2771 1270 2821; x_wconf 81' lang='lat' dir='ltr'>vel</span> <span class='ocrx_word' id='word_1_344' title='bbox 1300 2770 1488 2821; x_wconf 86' lang='lat' dir='ltr'>oculus</span> <span class='ocrx_word' id='word_1_345' title='bbox 1526 2772 1654 2819; x_wconf 89' lang='lat' dir='ltr'>tuus</span> <span class='ocrx_word' id='word_1_346' title='bbox 1684 2768 2026 2819; x_wconf 80' lang='lat' dir='ltr'>scandalizat</span> <span class='ocrx_word' id='word_1_347' title='bbox 2061 2771 2125 2819; x_wconf 86' lang='lat' dir='ltr'>te.</span> 
     </span>
    </p>
   </div>
   <div class='ocr_carea' id='block_1_46' title="bbox 2217 1789 3716 1863">
    <p class='ocr_par' dir='ltr' id='par_1_46' title="bbox 2217 1789 3716 1863">
     <span class='ocr_line' id='line_1_46' title="bbox 2217 1789 3716 1863; baseline -0.003 -18"><span class='ocrx_word' id='word_1_348' title='bbox 2217 1791 2276 1845; x_wconf 91' lang='lat' dir='ltr'>in</span> <span class='ocrx_word' id='word_1_349' title='bbox 2292 1796 2598 1857; x_wconf 87' lang='lat' dir='ltr'>terram,ut</span> <span class='ocrx_word' id='word_1_350' title='bbox 2626 1807 2691 1844; x_wconf 92' lang='lat' dir='ltr'>eo</span> <span class='ocrx_word' id='word_1_351' title='bbox 2712 1791 3080 1862; x_wconf 68' lang='lat' dir='ltr'>praecidamus</span> <span class='ocrx_word' id='word_1_352' title='bbox 3097 1808 3287 1846; x_wconf 90' lang='lat' dir='ltr'>omnes</span> <span class='ocrx_word' id='word_1_353' title='bbox 3308 1793 3560 1863; x_wconf 87' lang='lat' dir='ltr'>passiones</span> <span class='ocrx_word' id='word_1_354' title='bbox 3582 1789 3716 1844; x_wconf 77' lang='lat' dir='ltr'>noxias</span> 
     </span>
    </p>
   </div>
   <div class='ocr_carea' id='block_1_47' title="bbox 2218 1879 3716 1950">
    <p class='ocr_par' dir='ltr' id='par_1_47' title="bbox 2218 1879 3716 1950">
     <span class='ocr_line' id='line_1_47' title="bbox 2218 1879 3716 1950; baseline -0.001 -17"><span class='ocrx_word' id='word_1_355' title='bbox 2218 1898 2250 1934; x_wconf 91' lang='lat' dir='ltr'>a</span> <span class='ocrx_word' id='word_1_356' title='bbox 2277 1879 2456 1947; x_wconf 87' lang='lat' dir='ltr'>nobis,</span> <span class='ocrx_word' id='word_1_357' title='bbox 2491 1885 2548 1933; x_wconf 92' lang='lat' dir='ltr'>et</span> <span class='ocrx_word' id='word_1_358' title='bbox 2576 1881 2765 1934; x_wconf 90' lang='lat' dir='ltr'>omnia</span> <span class='ocrx_word' id='word_1_359' title='bbox 2801 1880 3057 1935; x_wconf 90' lang='lat' dir='ltr'>membra</span> <span class='ocrx_word' id='word_1_360' title='bbox 3101 1880 3260 1936; x_wconf 91' lang='lat' dir='ltr'>nobis</span> <span class='ocrx_word' id='word_1_361' title='bbox 3287 1881 3521 1935; x_wconf 85' lang='lat' dir='ltr'>scandala</span> <span class='ocrx_word' id='word_1_362' title='bbox 3549 1880 3716 1950; x_wconf 81' lang='lat' dir='ltr'>gignen-</span> 
     </span>
    </p>
   </div>
   <div class='ocr_carea' id='block_1_48' title="bbox 2224 1959 2886 2023">
    <p class='ocr_par' dir='ltr' id='par_1_48' title="bbox 2224 1959 2886 2023">
     <span class='ocr_line' id='line_1_48' title="bbox 2224 1959 2886 2023; baseline -0.006 0"><span class='ocrx_word' id='word_1_363' title='bbox 2224 1969 2324 2023; x_wconf 89' lang='lat' dir='ltr'>tia.</span> <span class='ocrx_word' id='word_1_364' title='bbox 2878 1959 2886 1963; x_wconf 58' lang='grc'><em>”</em></span> 
     </span>
    </p>
   </div>
   <div class='ocr_carea' id='block_1_49' title="bbox 2296 2057 3717 2128">
    <p class='ocr_par' dir='ltr' id='par_1_49' title="bbox 2296 2057 3717 2128">
     <span class='ocr_line' id='line_1_49' title="bbox 2296 2057 3717 2128; baseline -0.002 -17"><span class='ocrx_word' id='word_1_365' title='bbox 2296 2059 2484 2122; x_wconf 75' lang='lat' dir='ltr'>Videte,</span> <span class='ocrx_word' id='word_1_366' title='bbox 2503 2057 2704 2128; x_wconf 87' lang='lat' dir='ltr'>inquit,</span> <span class='ocrx_word' id='word_1_367' title='bbox 2724 2075 2789 2112; x_wconf 91' lang='lat' dir='ltr'>ne</span> <span class='ocrx_word' id='word_1_368' title='bbox 2812 2065 3018 2112; x_wconf 67' lang='lat' dir='ltr'>con—tem</span> <span class='ocrx_word' id='word_1_369' title='bbox 3029 2063 3178 2112; x_wconf 85' lang='lat' dir='ltr'>natis</span> <span class='ocrx_word' id='word_1_370' title='bbox 3192 2075 3361 2114; x_wconf 87' lang='lat' dir='ltr'>unum</span> <span class='ocrx_word' id='word_1_371' title='bbox 3379 2061 3437 2112; x_wconf 85' lang='lat' dir='ltr'>de</span> <span class='ocrx_word' id='word_1_372' title='bbox 3446 2058 3717 2126; x_wconf 77' lang='lat' dir='ltr'>pusillisisti:</span> 
     </span>
    </p>
   </div>
   <div class='ocr_carea' id='block_1_50' title="bbox 2213 2148 3715 2216">
    <p class='ocr_par' dir='ltr' id='par_1_50' title="bbox 2213 2148 3715 2216">
     <span class='ocr_line' id='line_1_50' title="bbox 2213 2148 3715 2216; baseline -0.003 -17"><span class='ocrx_word' id='word_1_373' title='bbox 2213 2150 2313 2214; x_wconf 88' lang='lat' dir='ltr'>qui</span> <span class='ocrx_word' id='word_1_374' title='bbox 2324 2150 2384 2200; x_wconf 88' lang='lat' dir='ltr'>in</span> <span class='ocrx_word' id='word_1_375' title='bbox 2409 2163 2491 2200; x_wconf 85' lang='lat' dir='ltr'>me</span> <span class='ocrx_word' id='word_1_376' title='bbox 2509 2149 2740 2201; x_wconf 84' lang='lat' dir='ltr'>credunt</span> <span class='ocrx_word' id='word_1_377' title='bbox 2761 2167 2777 2211; x_wconf 88' lang='lat'><em>;</em></span> <span class='ocrx_word' id='word_1_378' title='bbox 2797 2149 2916 2201; x_wconf 84' lang='lat' dir='ltr'>dico</span> <span class='ocrx_word' id='word_1_379' title='bbox 2932 2152 3082 2201; x_wconf 86' lang='lat' dir='ltr'>enim</span> <span class='ocrx_word' id='word_1_380' title='bbox 3099 2151 3263 2216; x_wconf 78' lang='lat' dir='ltr'>vobis,</span> <span class='ocrx_word' id='word_1_381' title='bbox 3279 2151 3404 2216; x_wconf 85' lang='lat' dir='ltr'>quia</span> <span class='ocrx_word' id='word_1_382' title='bbox 3415 2148 3715 2215; x_wconf 72' lang='lat' dir='ltr'>angelicorum</span> 
     </span>
    </p>
   </div>
   <div class='ocr_carea' id='block_1_51' title="bbox 2213 2232 3718 2306">
    <p class='ocr_par' dir='ltr' id='par_1_51' title="bbox 2213 2232 3718 2306">
     <span class='ocr_line' id='line_1_51' title="bbox 2213 2232 3718 2306; baseline -0.002 -18"><span class='ocrx_word' id='word_1_383' title='bbox 2213 2252 2423 2303; x_wconf 80' lang='lat' dir='ltr'>semper</span> <span class='ocrx_word' id='word_1_384' title='bbox 2438 2238 2835 2303; x_wconf 81' lang='lat' dir='ltr'>videntfaciem</span> <span class='ocrx_word' id='word_1_385' title='bbox 2851 2239 3033 2291; x_wconf 86' lang='lat' dir='ltr'>Patris</span> <span class='ocrx_word' id='word_1_386' title='bbox 3047 2240 3267 2306; x_wconf 86' lang='lat' dir='ltr'>meiqui</span> <span class='ocrx_word' id='word_1_387' title='bbox 3279 2241 3337 2290; x_wconf 90' lang='lat' dir='ltr'>in</span> <span class='ocrx_word' id='word_1_388' title='bbox 3349 2240 3478 2291; x_wconf 75' lang='lat' dir='ltr'>catis</span> <span class='ocrx_word' id='word_1_389' title='bbox 3493 2232 3718 2290; x_wconf 55' lang='grc' dir='ltr'>κωκύε-</span> 
     </span>
    </p>
   </div>
   <div class='ocr_carea' id='block_1_52' title="bbox 2213 2324 3718 2398">
    <p class='ocr_par' dir='ltr' id='par_1_52' title="bbox 2213 2324 3718 2398">
     <span class='ocr_line' id='line_1_52' title="bbox 2213 2324 3718 2398; baseline -0.003 -20"><span class='ocrx_word' id='word_1_390' title='bbox 2213 2324 2417 2378; x_wconf 90' lang='lat' dir='ltr'>simum</span> <span class='ocrx_word' id='word_1_391' title='bbox 2449 2325 2730 2378; x_wconf 88' lang='lat' dir='ltr'>vinculum</span> <span class='ocrx_word' id='word_1_392' title='bbox 2760 2326 2941 2380; x_wconf 90' lang='lat' dir='ltr'>mutui</span> <span class='ocrx_word' id='word_1_393' title='bbox 2971 2327 3182 2380; x_wconf 91' lang='lat' dir='ltr'>amoris</span> <span class='ocrx_word' id='word_1_394' title='bbox 3202 2326 3446 2398; x_wconf 87' lang='lat' dir='ltr'>imponit,</span> <span class='ocrx_word' id='word_1_395' title='bbox 3464 2325 3523 2378; x_wconf 87' lang='lat' dir='ltr'>ad</span> <span class='ocrx_word' id='word_1_396' title='bbox 3541 2340 3615 2376; x_wconf 78' lang='lat' dir='ltr'>eas</span> <span class='ocrx_word' id='word_1_397' title='bbox 3627 2337 3718 2392; x_wconf 72' lang='lat' dir='ltr'>pra-</span> 
     </span>
    </p>
   </div>
   <div class='ocr_carea' id='block_1_53' title="bbox 2212 2413 3716 2485">
    <p class='ocr_par' dir='ltr' id='par_1_53' title="bbox 2212 2413 3716 2485">
     <span class='ocr_line' id='line_1_53' title="bbox 2212 2413 3716 2485; baseline -0.003 -18"><span class='ocrx_word' id='word_1_398' title='bbox 2212 2414 2372 2484; x_wconf 91' lang='lat' dir='ltr'>cipue</span> <span class='ocrx_word' id='word_1_399' title='bbox 2402 2413 2496 2483; x_wconf 89' lang='lat' dir='ltr'>qui</span> <span class='ocrx_word' id='word_1_400' title='bbox 2526 2430 2654 2466; x_wconf 90' lang='lat' dir='ltr'>vere</span> <span class='ocrx_word' id='word_1_401' title='bbox 2675 2413 2914 2467; x_wconf 89' lang='lat' dir='ltr'>credunt</span> <span class='ocrx_word' id='word_1_402' title='bbox 2933 2413 2987 2467; x_wconf 93' lang='lat' dir='ltr'>in</span> <span class='ocrx_word' id='word_1_403' title='bbox 3011 2414 3268 2479; x_wconf 90' lang='lat' dir='ltr'>Domino,</span> <span class='ocrx_word' id='word_1_404' title='bbox 3293 2430 3422 2485; x_wconf 89' lang='lat' dir='ltr'>quos</span> <span class='ocrx_word' id='word_1_405' title='bbox 3445 2419 3716 2467; x_wconf 76' lang='lat' dir='ltr'>contemnere</span> 
     </span>
    </p>
   </div>
   <div class='ocr_carea' id='block_1_54' title="bbox 2212 2496 3717 2573">
    <p class='ocr_par' dir='ltr' id='par_1_54' title="bbox 2212 2496 3717 2573">
     <span class='ocr_line' id='line_1_54' title="bbox 2212 2496 3717 2573; baseline -0.005 -16"><span class='ocrx_word' id='word_1_406' title='bbox 2212 2519 2323 2557; x_wconf 92' lang='lat' dir='ltr'>non</span> <span class='ocrx_word' id='word_1_407' title='bbox 2353 2507 2594 2572; x_wconf 90' lang='lat' dir='ltr'>oportet.</span> <span class='ocrx_word' id='word_1_408' title='bbox 2617 2503 2722 2556; x_wconf 91' lang='lat' dir='ltr'>Sed</span> <span class='ocrx_word' id='word_1_409' title='bbox 2744 2502 3214 2557; x_wconf 90' lang='lat' dir='ltr'>considerandum</span> <span class='ocrx_word' id='word_1_410' title='bbox 3244 2503 3458 2573; x_wconf 88' lang='lat' dir='ltr'>quinam</span> <span class='ocrx_word' id='word_1_411' title='bbox 3481 2502 3574 2555; x_wconf 91' lang='lat' dir='ltr'>sint</span> <span class='ocrx_word' id='word_1_412' title='bbox 3586 2496 3717 2570; x_wconf 87' lang='lat' dir='ltr'>pusilli</span> 
     </span>
    </p>
   </div>
   <div class='ocr_carea' id='block_1_55' title="bbox 2212 2590 3718 2663">
    <p class='ocr_par' dir='ltr' id='par_1_55' title="bbox 2212 2590 3718 2663">
     <span class='ocr_line' id='line_1_55' title="bbox 2212 2590 3718 2663; baseline -0.005 -20"><span class='ocrx_word' id='word_1_413' title='bbox 2212 2606 2349 2661; x_wconf 91' lang='lat' dir='ltr'>quos</span> <span class='ocrx_word' id='word_1_414' title='bbox 2369 2590 2628 2661; x_wconf 89' lang='lat' dir='ltr'>prohibet</span> <span class='ocrx_word' id='word_1_415' title='bbox 2651 2596 3028 2658; x_wconf 87' lang='lat' dir='ltr'>contemnere,</span> <span class='ocrx_word' id='word_1_416' title='bbox 3053 2597 3110 2646; x_wconf 93' lang='lat' dir='ltr'>et</span> <span class='ocrx_word' id='word_1_417' title='bbox 3129 2608 3363 2663; x_wconf 92' lang='lat' dir='ltr'>quorum</span> <span class='ocrx_word' id='word_1_418' title='bbox 3386 2592 3558 2659; x_wconf 79' lang='lat' dir='ltr'>Angeli</span> <span class='ocrx_word' id='word_1_419' title='bbox 3571 2599 3718 2654; x_wconf 79' lang='lat' dir='ltr'>semper</span> 
     </span>
    </p>
   </div>
   <div class='ocr_carea' id='block_1_56' title="bbox 2209 2673 3718 2748">
    <p class='ocr_par' dir='ltr' id='par_1_56' title="bbox 2209 2673 3718 2748">
     <span class='ocr_line' id='line_1_56' title="bbox 2209 2673 3718 2748; baseline -0.001 -16"><span class='ocrx_word' id='word_1_420' title='bbox 2209 2681 2398 2733; x_wconf 81' lang='lat' dir='ltr'>vident</span> <span class='ocrx_word' id='word_1_421' title='bbox 2437 2681 2636 2746; x_wconf 80' lang='lat' dir='ltr'>faciem</span> <span class='ocrx_word' id='word_1_422' title='bbox 2655 2682 2842 2734; x_wconf 85' lang='lat' dir='ltr'>Patris</span> <span class='ocrx_word' id='word_1_423' title='bbox 2871 2681 3083 2738; x_wconf 76' lang='lat' dir='ltr'>(Matth.</span> <span class='ocrx_word' id='word_1_424' title='bbox 3114 2695 3264 2746; x_wconf 85' lang='lat' dir='ltr'>xvm,</span> <span class='ocrx_word' id='word_1_425' title='bbox 3308 2681 3408 2746; x_wconf 78' lang='grc'>10).</span> <span class='ocrx_word' id='word_1_426' title='bbox 3438 2674 3653 2748; x_wconf 84' lang='lat' dir='ltr'>Nunquid</span> <span class='ocrx_word' id='word_1_427' title='bbox 3673 2673 3718 2726; x_wconf 86' lang='lat' dir='ltr'>de</span> 
     </span>
    </p>
   </div>
   <div class='ocr_carea' id='block_1_57' title="bbox 2212 2767 3719 2840">
    <p class='ocr_par' dir='ltr' id='par_1_57' title="bbox 2212 2767 3719 2840">
     <span class='ocr_line' id='line_1_57' title="bbox 2212 2767 3719 2840; baseline -0.003 -20"><span class='ocrx_word' id='word_1_428' title='bbox 2212 2767 2299 2821; x_wconf 91' lang='lat' dir='ltr'>his</span> <span class='ocrx_word' id='word_1_429' title='bbox 2331 2769 2575 2838; x_wconf 89' lang='lat' dir='ltr'>parvulis</span> <span class='ocrx_word' id='word_1_430' title='bbox 2606 2769 2690 2822; x_wconf 92' lang='lat' dir='ltr'>vel</span> <span class='ocrx_word' id='word_1_431' title='bbox 2722 2769 2939 2840; x_wconf 91' lang='lat' dir='ltr'>pusillis</span> <span class='ocrx_word' id='word_1_432' title='bbox 2968 2769 3121 2835; x_wconf 89' lang='lat' dir='ltr'>dicit,</span> <span class='ocrx_word' id='word_1_433' title='bbox 3165 2787 3230 2824; x_wconf 82' lang='lat' dir='ltr'>ex</span> <span class='ocrx_word' id='word_1_434' title='bbox 3273 2769 3462 2840; x_wconf 90' lang='lat' dir='ltr'>quibus</span> <span class='ocrx_word' id='word_1_435' title='bbox 3494 2771 3595 2821; x_wconf 84' lang='lat' dir='ltr'>erat</span> <span class='ocrx_word' id='word_1_436' title='bbox 3619 2777 3719 2818; x_wconf 82' lang='lat' dir='ltr'>unus</span> 
     </span>
    </p>
   </div>
   <div class='ocr_carea' id='block_1_58' title="bbox 532 2853 3720 2930">
    <p class='ocr_par' dir='ltr' id='par_1_58' title="bbox 532 2853 3720 2930">
     <span class='ocr_line' id='line_1_58' title="bbox 532 2853 3720 2930; baseline -0.003 -17"><span class='ocrx_word' id='word_1_437' title='bbox 532 2858 638 2913; x_wconf 89' lang='lat' dir='ltr'>Ubi</span> <span class='ocrx_word' id='word_1_438' title='bbox 667 2858 932 2924; x_wconf 90' lang='lat' dir='ltr'>ostendit,</span> <span class='ocrx_word' id='word_1_439' title='bbox 965 2857 1114 2927; x_wconf 90' lang='lat' dir='ltr'>quod</span> <span class='ocrx_word' id='word_1_440' title='bbox 1143 2872 1254 2910; x_wconf 92' lang='lat' dir='ltr'>non</span> <span class='ocrx_word' id='word_1_441' title='bbox 1284 2856 1353 2909; x_wconf 92' lang='lat' dir='ltr'>de</span> <span class='ocrx_word' id='word_1_442' title='bbox 1383 2854 1650 2908; x_wconf 90' lang='lat' dir='ltr'>membris</span> <span class='ocrx_word' id='word_1_443' title='bbox 1692 2853 2129 2908; x_wconf 87' lang='lat' dir='ltr'>scandalizanti-</span> <span class='ocrx_word' id='word_1_444' title='bbox 2213 2873 2377 2927; x_wconf 90' lang='lat' dir='ltr'>quem</span> <span class='ocrx_word' id='word_1_445' title='bbox 2405 2858 2605 2911; x_wconf 88' lang='lat' dir='ltr'>statuit</span> <span class='ocrx_word' id='word_1_446' title='bbox 2627 2858 2685 2912; x_wconf 89' lang='lat' dir='ltr'>in</span> <span class='ocrx_word' id='word_1_447' title='bbox 2714 2859 2898 2912; x_wconf 91' lang='lat' dir='ltr'>medio</span> <span class='ocrx_word' id='word_1_448' title='bbox 2928 2861 3230 2924; x_wconf 92' lang='lat' dir='ltr'>eorum,ad</span> <span class='ocrx_word' id='word_1_449' title='bbox 3250 2859 3404 2930; x_wconf 82' lang='lat' dir='ltr'>cujus</span> <span class='ocrx_word' id='word_1_450' title='bbox 3422 2853 3720 2912; x_wconf 82' lang='lat' dir='ltr'>innocentiam</span> 
     </span>
    </p>
   </div>
   <div class='ocr_carea' id='block_1_59' title="bbox 530 2939 3721 3020">
    <p class='ocr_par' dir='ltr' id='par_1_59' title="bbox 530 2939 3721 3020">
     <span class='ocr_line' id='line_1_59' title="bbox 530 2939 3721 3020; baseline -0.003 -19"><span class='ocrx_word' id='word_1_451' title='bbox 530 2947 635 3001; x_wconf 90' lang='lat' dir='ltr'>bus</span> <span class='ocrx_word' id='word_1_452' title='bbox 665 2964 786 3018; x_wconf 81' lang='lat' dir='ltr'>quae</span> <span class='ocrx_word' id='word_1_453' title='bbox 810 2951 943 3000; x_wconf 91' lang='lat' dir='ltr'>sunt</span> <span class='ocrx_word' id='word_1_454' title='bbox 967 2945 1115 2998; x_wconf 87' lang='lat' dir='ltr'>intra</span> <span class='ocrx_word' id='word_1_455' title='bbox 1144 2961 1264 3008; x_wconf 91' lang='lat' dir='ltr'>nos,</span> <span class='ocrx_word' id='word_1_456' title='bbox 1298 2942 1566 3012; x_wconf 91' lang='lat' dir='ltr'>loquitur,</span> <span class='ocrx_word' id='word_1_457' title='bbox 1592 2941 1688 2995; x_wconf 90' lang='lat' dir='ltr'>sed</span> <span class='ocrx_word' id='word_1_458' title='bbox 1721 2942 1790 2995; x_wconf 94' lang='lat' dir='ltr'>de</span> <span class='ocrx_word' id='word_1_459' title='bbox 1812 2941 2188 3017; x_wconf 76' lang='lat' dir='ltr'>hominibusc</span> <span class='ocrx_word' id='word_1_460' title='bbox 2213 2945 2396 2999; x_wconf 91' lang='lat' dir='ltr'>redire</span> <span class='ocrx_word' id='word_1_461' title='bbox 2423 2945 2586 3016; x_wconf 91' lang='lat' dir='ltr'>jubet</span> <span class='ocrx_word' id='word_1_462' title='bbox 2617 2947 2940 3017; x_wconf 85' lang='lat' dir='ltr'>apostolos?</span> <span class='ocrx_word' id='word_1_463' title='bbox 2987 2949 3257 3020; x_wconf 86' lang='lat' dir='ltr'>Nunquid</span> <span class='ocrx_word' id='word_1_464' title='bbox 3295 2947 3488 3002; x_wconf 91' lang='lat' dir='ltr'>eisdem</span> <span class='ocrx_word' id='word_1_465' title='bbox 3522 2939 3721 3016; x_wconf 84' lang='lat' dir='ltr'>apostolis</span> 
     </span>
    </p>
   </div>
   <div class='ocr_carea' id='block_1_60' title="bbox 532 3030 3723 3108">
    <p class='ocr_par' dir='ltr' id='par_1_60' title="bbox 532 3030 3723 3108">
     <span class='ocr_line' id='line_1_60' title="bbox 532 3030 3723 3108; baseline -0.002 -20"><span class='ocrx_word' id='word_1_466' title='bbox 532 3035 625 3105; x_wconf 91' lang='lat' dir='ltr'>qui</span> <span class='ocrx_word' id='word_1_467' title='bbox 656 3040 790 3089; x_wconf 90' lang='lat' dir='ltr'>sunt</span> <span class='ocrx_word' id='word_1_468' title='bbox 817 3039 973 3087; x_wconf 83' lang='lat' dir='ltr'>extra</span> <span class='ocrx_word' id='word_1_469' title='bbox 992 3049 1114 3098; x_wconf 91' lang='lat' dir='ltr'>nos,</span> <span class='ocrx_word' id='word_1_470' title='bbox 1143 3037 1332 3085; x_wconf 88' lang='lat' dir='ltr'>tamen</span> <span class='ocrx_word' id='word_1_471' title='bbox 1355 3030 1427 3083; x_wconf 87' lang='lat' dir='ltr'>ad</span> <span class='ocrx_word' id='word_1_472' title='bbox 1457 3046 1558 3084; x_wconf 91' lang='lat' dir='ltr'>nos</span> <span class='ocrx_word' id='word_1_473' title='bbox 1588 3030 1932 3100; x_wconf 86' lang='lat' dir='ltr'>pertinentes</span> <span class='ocrx_word' id='word_1_474' title='bbox 1959 3030 2038 3084; x_wconf 88' lang='lat' dir='ltr'>ita</span> <span class='ocrx_word' id='word_1_475' title='bbox 2065 3036 2128 3085; x_wconf 93' lang='lat' dir='ltr'>ut</span> <span class='ocrx_word' id='word_1_476' title='bbox 2211 3035 2460 3100; x_wconf 88' lang='lat' dir='ltr'>mandat,</span> <span class='ocrx_word' id='word_1_477' title='bbox 2496 3051 2566 3088; x_wconf 90' lang='lat' dir='ltr'>ne</span> <span class='ocrx_word' id='word_1_478' title='bbox 2591 3036 2732 3090; x_wconf 88' lang='lat' dir='ltr'>tales</span> <span class='ocrx_word' id='word_1_479' title='bbox 2757 3041 3121 3091; x_wconf 90' lang='lat' dir='ltr'>contemnere</span> <span class='ocrx_word' id='word_1_480' title='bbox 3163 3042 3502 3108; x_wconf 64' lang='lat' dir='ltr'>praesumant,</span> <span class='ocrx_word' id='word_1_481' title='bbox 3529 3048 3630 3088; x_wconf 89' lang='lat' dir='ltr'>cum</span> <span class='ocrx_word' id='word_1_482' title='bbox 3653 3043 3723 3083; x_wconf 86' lang='lat' dir='ltr'>nec</span> 
     </span>
    </p>
   </div>
   <div class='ocr_carea' id='block_1_61' title="bbox 530 3118 3723 3195">
    <p class='ocr_par' dir='ltr' id='par_1_61' title="bbox 530 3118 3723 3195">
     <span class='ocr_line' id='line_1_61' title="bbox 530 3118 3723 3195; baseline -0.001 -19"><span class='ocrx_word' id='word_1_483' title='bbox 530 3137 733 3176; x_wconf 89' lang='lat' dir='ltr'>manus</span> <span class='ocrx_word' id='word_1_484' title='bbox 760 3123 846 3176; x_wconf 90' lang='lat' dir='ltr'>vel</span> <span class='ocrx_word' id='word_1_485' title='bbox 875 3121 1060 3192; x_wconf 84' lang='lat' dir='ltr'>pedes,</span> <span class='ocrx_word' id='word_1_486' title='bbox 1089 3137 1187 3174; x_wconf 91' lang='lat' dir='ltr'>seu</span> <span class='ocrx_word' id='word_1_487' title='bbox 1219 3118 1361 3172; x_wconf 89' lang='lat' dir='ltr'>oculi</span> <span class='ocrx_word' id='word_1_488' title='bbox 1390 3125 1540 3172; x_wconf 90' lang='lat' dir='ltr'>recte</span> <span class='ocrx_word' id='word_1_489' title='bbox 1570 3119 1678 3172; x_wconf 89' lang='lat' dir='ltr'>dici</span> <span class='ocrx_word' id='word_1_490' title='bbox 1708 3119 1940 3189; x_wconf 91' lang='lat' dir='ltr'>possint,</span> <span class='ocrx_word' id='word_1_491' title='bbox 1968 3125 2128 3174; x_wconf 89' lang='lat' dir='ltr'>tanta</span> <span class='ocrx_word' id='word_1_492' title='bbox 2208 3123 2281 3176; x_wconf 92' lang='lat' dir='ltr'>sit</span> <span class='ocrx_word' id='word_1_493' title='bbox 2311 3123 2367 3177; x_wconf 93' lang='lat' dir='ltr'>in</span> <span class='ocrx_word' id='word_1_494' title='bbox 2399 3123 2610 3178; x_wconf 86' lang='lat' dir='ltr'>eisdem</span> <span class='ocrx_word' id='word_1_495' title='bbox 2639 3125 2886 3194; x_wconf 91' lang='lat' dir='ltr'>parvulis</span> <span class='ocrx_word' id='word_1_496' title='bbox 2935 3125 3070 3194; x_wconf 90' lang='lat' dir='ltr'>quid</span> <span class='ocrx_word' id='word_1_497' title='bbox 3098 3126 3300 3195; x_wconf 88' lang='lat' dir='ltr'>jubere</span> <span class='ocrx_word' id='word_1_498' title='bbox 3336 3125 3565 3187; x_wconf 88' lang='lat' dir='ltr'>debeant,</span> <span class='ocrx_word' id='word_1_499' title='bbox 3591 3131 3723 3187; x_wconf 85' lang='lat' dir='ltr'>neque</span> 
     </span>
    </p>
   </div>
   <div class='ocr_carea' id='block_1_62' title="bbox 529 3207 3720 3282">
    <p class='ocr_par' dir='ltr' id='par_1_62' title="bbox 529 3207 3720 3282">
     <span class='ocr_line' id='line_1_62' title="bbox 529 3207 3720 3282; baseline 0 -17"><span class='ocrx_word' id='word_1_500' title='bbox 529 3211 822 3266; x_wconf 90' lang='lat' dir='ltr'>charitatis</span> <span class='ocrx_word' id='word_1_501' title='bbox 849 3210 1038 3281; x_wconf 89' lang='lat' dir='ltr'>gratia</span> <span class='ocrx_word' id='word_1_502' title='bbox 1065 3215 1120 3263; x_wconf 90' lang='lat' dir='ltr'>et</span> <span class='ocrx_word' id='word_1_503' title='bbox 1150 3207 1461 3262; x_wconf 90' lang='lat' dir='ltr'>dilectionis</span> <span class='ocrx_word' id='word_1_504' title='bbox 1493 3207 1652 3261; x_wconf 91' lang='lat' dir='ltr'>nobis</span> <span class='ocrx_word' id='word_1_505' title='bbox 1673 3208 1968 3262; x_wconf 90' lang='lat' dir='ltr'>convincti.</span> <span class='ocrx_word' id='word_1_506' title='bbox 1985 3209 2123 3262; x_wconf 87' lang='lat' dir='ltr'>Pro-</span> <span class='ocrx_word' id='word_1_507' title='bbox 2207 3213 2444 3282; x_wconf 90' lang='lat' dir='ltr'>apostoli</span> <span class='ocrx_word' id='word_1_508' title='bbox 2462 3213 2595 3282; x_wconf 91' lang='lat' dir='ltr'>quid</span> <span class='ocrx_word' id='word_1_509' title='bbox 2616 3213 3012 3268; x_wconf 86' lang='lat' dir='ltr'>contemnere?</span> <span class='ocrx_word' id='word_1_510' title='bbox 3032 3215 3155 3269; x_wconf 90' lang='lat' dir='ltr'>Nisi</span> <span class='ocrx_word' id='word_1_511' title='bbox 3176 3215 3315 3270; x_wconf 85' lang='lat' dir='ltr'>forte</span> <span class='ocrx_word' id='word_1_512' title='bbox 3335 3215 3432 3268; x_wconf 83' lang='lat' dir='ltr'>hoc</span> <span class='ocrx_word' id='word_1_513' title='bbox 3446 3212 3560 3266; x_wconf 87' lang='lat' dir='ltr'>velit</span> <span class='ocrx_word' id='word_1_514' title='bbox 3571 3209 3720 3266; x_wconf 59' lang='lat' dir='ltr'>dicere</span> 
     </span>
    </p>
   </div>
   <div class='ocr_carea' id='block_1_63' title="bbox 529 3292 3724 3372">
    <p class='ocr_par' dir='ltr' id='par_1_63' title="bbox 529 3292 3724 3372">
     <span class='ocr_line' id='line_1_63' title="bbox 529 3292 3724 3372; baseline -0.003 -18"><span class='ocrx_word' id='word_1_515' title='bbox 529 3306 723 3372; x_wconf 88' lang='lat' dir='ltr'>pterea</span> <span class='ocrx_word' id='word_1_516' title='bbox 755 3299 888 3370; x_wconf 90' lang='lat' dir='ltr'>quia</span> <span class='ocrx_word' id='word_1_517' title='bbox 912 3297 982 3352; x_wconf 91' lang='lat' dir='ltr'>ab</span> <span class='ocrx_word' id='word_1_518' title='bbox 1011 3297 1099 3352; x_wconf 90' lang='lat' dir='ltr'>his</span> <span class='ocrx_word' id='word_1_519' title='bbox 1135 3296 1295 3351; x_wconf 91' lang='lat' dir='ltr'>nobis</span> <span class='ocrx_word' id='word_1_520' title='bbox 1342 3295 1607 3350; x_wconf 88' lang='lat' dir='ltr'>scandala</span> <span class='ocrx_word' id='word_1_521' title='bbox 1643 3297 1829 3350; x_wconf 87' lang='lat' dir='ltr'>venire</span> <span class='ocrx_word' id='word_1_522' title='bbox 1871 3303 2121 3367; x_wconf 90' lang='lat' dir='ltr'>possunt,</span> <span class='ocrx_word' id='word_1_523' title='bbox 2208 3317 2278 3355; x_wconf 91' lang='lat' dir='ltr'>ne</span> <span class='ocrx_word' id='word_1_524' title='bbox 2297 3303 3289 3360; x_wconf 80' lang='lat' dir='ltr'>contemnanteoruminnocentiam.</span> <span class='ocrx_word' id='word_1_525' title='bbox 3315 3303 3416 3358; x_wconf 90' lang='lat' dir='ltr'>Sed</span> <span class='ocrx_word' id='word_1_526' title='bbox 3437 3300 3606 3354; x_wconf 89' lang='lat' dir='ltr'>melius</span> <span class='ocrx_word' id='word_1_527' title='bbox 3621 3292 3724 3349; x_wconf 85' lang='lat' dir='ltr'>arbi-</span> 
     </span>
    </p>
   </div>
   <div class='ocr_carea' id='block_1_64' title="bbox 523 3383 3725 3464">
    <p class='ocr_par' dir='ltr' id='par_1_64' title="bbox 523 3383 3725 3464">
     <span class='ocr_line' id='line_1_64' title="bbox 523 3383 3725 3464; baseline -0.003 -20"><span class='ocrx_word' id='word_1_528' title='bbox 523 3389 687 3460; x_wconf 90' lang='lat' dir='ltr'>jubet</span> <span class='ocrx_word' id='word_1_529' title='bbox 713 3389 758 3444; x_wconf 90' lang='lat' dir='ltr'>si</span> <span class='ocrx_word' id='word_1_530' title='bbox 783 3387 985 3459; x_wconf 91' lang='lat' dir='ltr'>aliquis</span> <span class='ocrx_word' id='word_1_531' title='bbox 1005 3403 1219 3450; x_wconf 92' lang='lat' dir='ltr'>eorum,</span> <span class='ocrx_word' id='word_1_532' title='bbox 1255 3385 1352 3456; x_wconf 92' lang='lat' dir='ltr'>qui</span> <span class='ocrx_word' id='word_1_533' title='bbox 1379 3385 1511 3439; x_wconf 88' lang='lat' dir='ltr'>talis</span> <span class='ocrx_word' id='word_1_534' title='bbox 1551 3402 1671 3439; x_wconf 90' lang='lat' dir='ltr'>esse</span> <span class='ocrx_word' id='word_1_535' title='bbox 1700 3385 1938 3452; x_wconf 89' lang='lat' dir='ltr'>videtur,</span> <span class='ocrx_word' id='word_1_536' title='bbox 1962 3402 2124 3440; x_wconf 90' lang='lat' dir='ltr'>scan-</span> <span class='ocrx_word' id='word_1_537' title='bbox 2206 3395 2326 3443; x_wconf 82' lang='lat' dir='ltr'>tror</span> <span class='ocrx_word' id='word_1_538' title='bbox 2351 3392 2612 3460; x_wconf 85' lang='lat' dir='ltr'>generale</span> <span class='ocrx_word' id='word_1_539' title='bbox 2627 3392 2728 3445; x_wconf 92' lang='lat' dir='ltr'>hoc</span> <span class='ocrx_word' id='word_1_540' title='bbox 2750 3397 3088 3464; x_wconf 69' lang='lat' dir='ltr'>praeceptum</span> <span class='ocrx_word' id='word_1_541' title='bbox 3105 3409 3251 3457; x_wconf 91' lang='lat' dir='ltr'>esse,</span> <span class='ocrx_word' id='word_1_542' title='bbox 3268 3398 3329 3447; x_wconf 94' lang='lat' dir='ltr'>ut</span> <span class='ocrx_word' id='word_1_543' title='bbox 3340 3383 3725 3446; x_wconf 83' lang='lat' dir='ltr'>omnesobediant</span> 
     </span>
    </p>
   </div>
   <div class='ocr_carea' id='block_1_65' title="bbox 528 3474 3726 3551">
    <p class='ocr_par' dir='ltr' id='par_1_65' title="bbox 528 3474 3726 3551">
     <span class='ocr_line' id='line_1_65' title="bbox 528 3474 3726 3551; baseline -0.003 -18"><span class='ocrx_word' id='word_1_544' title='bbox 528 3477 858 3534; x_wconf 87' lang='lat' dir='ltr'>dalizaverit</span> <span class='ocrx_word' id='word_1_545' title='bbox 885 3493 1004 3542; x_wconf 91' lang='lat' dir='ltr'>nos,</span> <span class='ocrx_word' id='word_1_546' title='bbox 1042 3483 1098 3529; x_wconf 86' lang='lat' dir='ltr'>et</span> <span class='ocrx_word' id='word_1_547' title='bbox 1127 3492 1162 3529; x_wconf 94' lang='lat' dir='ltr'>a</span> <span class='ocrx_word' id='word_1_548' title='bbox 1186 3475 1277 3528; x_wconf 89' lang='lat' dir='ltr'>via</span> <span class='ocrx_word' id='word_1_549' title='bbox 1317 3474 1523 3528; x_wconf 88' lang='lat' dir='ltr'>Christi</span> <span class='ocrx_word' id='word_1_550' title='bbox 1569 3475 1880 3538; x_wconf 82' lang='lat' dir='ltr'>retraxerit,</span> <span class='ocrx_word' id='word_1_551' title='bbox 1915 3475 2126 3528; x_wconf 88' lang='lat' dir='ltr'>abscin-</span> <span class='ocrx_word' id='word_1_552' title='bbox 2205 3480 2490 3549; x_wconf 90' lang='lat' dir='ltr'>apostolis,</span> <span class='ocrx_word' id='word_1_553' title='bbox 2519 3481 2951 3551; x_wconf 89' lang='lat' dir='ltr'>apostolicisque</span> <span class='ocrx_word' id='word_1_554' title='bbox 2988 3487 3173 3547; x_wconf 59' lang='lat'>338</span> <span class='ocrx_word' id='word_1_555' title='bbox 3202 3482 3351 3547; x_wconf 88' lang='lat' dir='ltr'>viris,</span> <span class='ocrx_word' id='word_1_556' title='bbox 3383 3497 3508 3551; x_wconf 89' lang='lat' dir='ltr'>quos</span> <span class='ocrx_word' id='word_1_557' title='bbox 3533 3477 3590 3530; x_wconf 88' lang='lat' dir='ltr'>ad</span> <span class='ocrx_word' id='word_1_558' title='bbox 3615 3475 3726 3527; x_wconf 91' lang='lat' dir='ltr'>inno-</span> 
     </span>
    </p>
   </div>
   <div class='ocr_carea' id='block_1_66' title="bbox 526 3560 3722 3640">
    <p class='ocr_par' dir='ltr' id='par_1_66' title="bbox 526 3560 3722 3640">
     <span class='ocr_line' id='line_1_66' title="bbox 526 3560 3722 3640; baseline 0 -18"><span class='ocrx_word' id='word_1_559' title='bbox 526 3567 659 3622; x_wconf 91' lang='lat' dir='ltr'>dere</span> <span class='ocrx_word' id='word_1_560' title='bbox 680 3583 809 3622; x_wconf 90' lang='lat' dir='ltr'>eum</span> <span class='ocrx_word' id='word_1_561' title='bbox 849 3571 906 3620; x_wconf 92' lang='lat' dir='ltr'>et</span> <span class='ocrx_word' id='word_1_562' title='bbox 927 3564 1202 3636; x_wconf 88' lang='lat' dir='ltr'>projicere</span> <span class='ocrx_word' id='word_1_563' title='bbox 1232 3579 1266 3617; x_wconf 92' lang='lat' dir='ltr'>a</span> <span class='ocrx_word' id='word_1_564' title='bbox 1295 3563 1488 3630; x_wconf 88' lang='lat' dir='ltr'>nobis;</span> <span class='ocrx_word' id='word_1_565' title='bbox 1524 3563 1787 3632; x_wconf 88' lang='lat' dir='ltr'>quoniam</span> <span class='ocrx_word' id='word_1_566' title='bbox 1821 3563 2018 3617; x_wconf 90' lang='lat' dir='ltr'>melius</span> <span class='ocrx_word' id='word_1_567' title='bbox 2044 3571 2128 3618; x_wconf 91' lang='lat' dir='ltr'>est</span> <span class='ocrx_word' id='word_1_568' title='bbox 2210 3568 2448 3621; x_wconf 88' lang='lat' dir='ltr'>centiam</span> <span class='ocrx_word' id='word_1_569' title='bbox 2468 3575 2794 3638; x_wconf 89' lang='lat' dir='ltr'>provocarat</span> <span class='ocrx_word' id='word_1_570' title='bbox 2816 3586 3147 3640; x_wconf 90' lang='lat' dir='ltr'>puerorum,</span> <span class='ocrx_word' id='word_1_571' title='bbox 3171 3578 3230 3625; x_wconf 90' lang='lat' dir='ltr'>et</span> <span class='ocrx_word' id='word_1_572' title='bbox 3241 3569 3487 3625; x_wconf 88' lang='lat' dir='ltr'>transivit</span> <span class='ocrx_word' id='word_1_573' title='bbox 3503 3567 3562 3620; x_wconf 92' lang='lat' dir='ltr'>de</span> <span class='ocrx_word' id='word_1_574' title='bbox 3573 3560 3722 3635; x_wconf 57' lang='lat' dir='ltr'>specie:</span> 
     </span>
    </p>
   </div>
   <div class='ocr_carea' id='block_1_67' title="bbox 525 3652 2125 3728">
    <p class='ocr_par' dir='ltr' id='par_1_67' title="bbox 525 3652 2125 3728">
     <span class='ocr_line' id='line_1_67' title="bbox 525 3652 2125 3728; baseline -0.003 -17"><span class='ocrx_word' id='word_1_575' title='bbox 525 3656 696 3728; x_wconf 86' lang='lat' dir='ltr'>capiti</span> <span class='ocrx_word' id='word_1_576' title='bbox 719 3655 992 3710; x_wconf 71' lang='lat' dir='ltr'>inhaerere</span> <span class='ocrx_word' id='word_1_577' title='bbox 1023 3652 1264 3719; x_wconf 89' lang='lat' dir='ltr'>Christo,</span> <span class='ocrx_word' id='word_1_578' title='bbox 1289 3668 1456 3723; x_wconf 89' lang='lat' dir='ltr'>quam</span> <span class='ocrx_word' id='word_1_579' title='bbox 1478 3668 1604 3705; x_wconf 90' lang='lat' dir='ltr'>cum</span> <span class='ocrx_word' id='word_1_580' title='bbox 1627 3652 1714 3705; x_wconf 92' lang='lat' dir='ltr'>his</span> <span class='ocrx_word' id='word_1_581' title='bbox 1736 3652 1973 3722; x_wconf 91' lang='lat' dir='ltr'>putridis</span> <span class='ocrx_word' id='word_1_582' title='bbox 1997 3670 2125 3723; x_wconf 90' lang='lat' dir='ltr'>per-</span> 
     </span>
    </p>
   </div>
   <div class='ocr_carea' id='block_1_68' title="bbox 523 3740 2125 3801">
    <p class='ocr_par' dir='ltr' id='par_1_68' title="bbox 523 3740 2125 3801">
     <span class='ocr_line' id='line_1_68' title="bbox 523 3740 2125 3801; baseline -0.003 -1"><span class='ocrx_word' id='word_1_583' title='bbox 523 3745 607 3801; x_wconf 89' lang='lat' dir='ltr'>ire</span> <span class='ocrx_word' id='word_1_584' title='bbox 643 3744 927 3800; x_wconf 89' lang='lat' dir='ltr'>membris.</span> <span class='ocrx_word' id='word_1_585' title='bbox 948 3743 1108 3798; x_wconf 91' lang='lat' dir='ltr'>Unde</span> <span class='ocrx_word' id='word_1_586' title='bbox 1137 3747 1194 3796; x_wconf 91' lang='lat' dir='ltr'>et</span> <span class='ocrx_word' id='word_1_587' title='bbox 1215 3741 1460 3796; x_wconf 88' lang='lat' dir='ltr'>Ecclesia</span> <span class='ocrx_word' id='word_1_588' title='bbox 1481 3740 1770 3795; x_wconf 89' lang='lat' dir='ltr'>consuevit</span> <span class='ocrx_word' id='word_1_589' title='bbox 1791 3741 2125 3796; x_wconf 89' lang='lat' dir='ltr'>auctoritate</span> 
     </span>
    </p>
   </div>
   <div class='ocr_carea' id='block_1_69' title="bbox 522 3829 2120 3901">
    <p class='ocr_par' dir='ltr' id='par_1_69' title="bbox 522 3829 2120 3901">
     <span class='ocr_line' id='line_1_69' title="bbox 522 3829 2120 3901; baseline -0.005 -11"><span class='ocrx_word' id='word_1_590' title='bbox 522 3835 712 3892; x_wconf 88' lang='lat' dir='ltr'>divina</span> <span class='ocrx_word' id='word_1_591' title='bbox 738 3834 875 3888; x_wconf 88' lang='lat' dir='ltr'>talia</span> <span class='ocrx_word' id='word_1_592' title='bbox 906 3849 940 3887; x_wconf 89' lang='lat' dir='ltr'>a</span> <span class='ocrx_word' id='word_1_593' title='bbox 969 3849 1029 3886; x_wconf 87' lang='lat' dir='ltr'>se</span> <span class='ocrx_word' id='word_1_594' title='bbox 1061 3829 1311 3886; x_wconf 90' lang='lat' dir='ltr'>membra</span> <span class='ocrx_word' id='word_1_595' title='bbox 1327 3829 1630 3901; x_wconf 64' lang='lat' dir='ltr'>praecidere</span> <span class='ocrx_word' id='word_1_596' title='bbox 1652 3846 1918 3883; x_wconf 92' lang='lat' dir='ltr'>mucrone</span> <span class='ocrx_word' id='word_1_597' title='bbox 1948 3829 2120 3895; x_wconf 91' lang='lat' dir='ltr'>verbi,</span> 
     </span>
    </p>
   </div>
   <div class='ocr_carea' id='block_1_70' title="bbox 523 3919 2124 3996">
    <p class='ocr_par' dir='ltr' id='par_1_70' title="bbox 523 3919 2124 3996">
     <span class='ocr_line' id='line_1_70' title="bbox 523 3919 2124 3996; baseline -0.005 -16"><span class='ocrx_word' id='word_1_598' title='bbox 523 3929 581 3980; x_wconf 90' lang='lat' dir='ltr'>et</span> <span class='ocrx_word' id='word_1_599' title='bbox 603 3924 876 3996; x_wconf 89' lang='lat' dir='ltr'>projicere</span> <span class='ocrx_word' id='word_1_600' title='bbox 906 3921 1073 3987; x_wconf 86' lang='lat' dir='ltr'>foras,</span> <span class='ocrx_word' id='word_1_601' title='bbox 1104 3921 1180 3975; x_wconf 85' lang='lat' dir='ltr'>Ne</span> <span class='ocrx_word' id='word_1_602' title='bbox 1213 3921 1488 3973; x_wconf 83' lang='lat' dir='ltr'>modicum</span> <span class='ocrx_word' id='word_1_603' title='bbox 1532 3919 1875 3985; x_wconf 83' lang='lat' dir='ltr'>fermentum</span> <span class='ocrx_word' id='word_1_604' title='bbox 1908 3934 2124 3972; x_wconf 88' lang='lat' dir='ltr'>omnem</span> 
     </span>
    </p>
   </div>
   <div class='ocr_carea' id='block_1_71' title="bbox 521 4005 2124 4079">
    <p class='ocr_par' dir='ltr' id='par_1_71' title="bbox 521 4005 2124 4079">
     <span class='ocr_line' id='line_1_71' title="bbox 521 4005 2124 4079; baseline -0.004 -11"><span class='ocrx_word' id='word_1_605' title='bbox 521 4030 763 4068; x_wconf 83' lang='lat' dir='ltr'>massam</span> <span class='ocrx_word' id='word_1_606' title='bbox 811 4014 1131 4079; x_wconf 86' lang='lat' dir='ltr'>corrumpat</span> <span class='ocrx_word' id='word_1_607' title='bbox 1155 4009 1213 4078; x_wconf 90' lang='grc' dir='ltr'>(Ῑ</span> <span class='ocrx_word' id='word_1_608' title='bbox 1239 4011 1359 4064; x_wconf 85' lang='lat' dir='ltr'>Cor.</span> <span class='ocrx_word' id='word_1_609' title='bbox 1388 4024 1440 4071; x_wconf 89' lang='lat' dir='ltr'>v,</span> <span class='ocrx_word' id='word_1_610' title='bbox 1471 4006 1542 4074; x_wconf 74' lang='grc' dir='ltr'>ὃς</span> <span class='ocrx_word' id='word_1_611' title='bbox 1599 4006 1725 4063; x_wconf 89' lang='lat' dir='ltr'>Gal.</span> <span class='ocrx_word' id='word_1_612' title='bbox 1773 4005 1933 4073; x_wconf 74' lang='lat' dir='ltr'>v,-9).</span> <span class='ocrx_word' id='word_1_613' title='bbox 1989 4007 2124 4062; x_wconf 90' lang='lat' dir='ltr'>Ecce</span> 
     </span>
    </p>
   </div>
   <div class='ocr_carea' id='block_1_72' title="bbox 519 4095 2122 4174">
    <p class='ocr_par' dir='ltr' id='par_1_72' title="bbox 519 4095 2122 4174">
     <span class='ocr_line' id='line_1_72' title="bbox 519 4095 2122 4174; baseline -0.005 -18"><span class='ocrx_word' id='word_1_614' title='bbox 519 4102 646 4174; x_wconf 91' lang='lat' dir='ltr'>pius</span> <span class='ocrx_word' id='word_1_615' title='bbox 664 4101 936 4170; x_wconf 85' lang='lat' dir='ltr'>Magister</span> <span class='ocrx_word' id='word_1_616' title='bbox 966 4104 1023 4153; x_wconf 93' lang='lat' dir='ltr'>et</span> <span class='ocrx_word' id='word_1_617' title='bbox 1047 4095 1477 4166; x_wconf 90' lang='lat' dir='ltr'>benignissimus</span> <span class='ocrx_word' id='word_1_618' title='bbox 1509 4095 1758 4150; x_wconf 90' lang='lat' dir='ltr'>medicus</span> <span class='ocrx_word' id='word_1_619' title='bbox 1783 4095 2122 4161; x_wconf 88' lang='lat' dir='ltr'>animarum,</span> 
     </span>
    </p>
   </div>
   <div class='ocr_carea' id='block_1_73' title="bbox 523 4183 2125 4261">
    <p class='ocr_par' dir='ltr' id='par_1_73' title="bbox 523 4183 2125 4261">
     <span class='ocr_line' id='line_1_73' title="bbox 523 4183 2125 4261; baseline -0.003 -17"><span class='ocrx_word' id='word_1_620' title='bbox 523 4205 694 4261; x_wconf 89' lang='lat' dir='ltr'>quam</span> <span class='ocrx_word' id='word_1_621' title='bbox 713 4187 940 4259; x_wconf 90' lang='lat' dir='ltr'>provide</span> <span class='ocrx_word' id='word_1_622' title='bbox 960 4203 1091 4240; x_wconf 91' lang='lat' dir='ltr'>suos</span> <span class='ocrx_word' id='word_1_623' title='bbox 1118 4184 1366 4251; x_wconf 89' lang='lat' dir='ltr'>instruit,</span> <span class='ocrx_word' id='word_1_624' title='bbox 1411 4199 1481 4238; x_wconf 92' lang='lat' dir='ltr'>ne</span> <span class='ocrx_word' id='word_1_625' title='bbox 1506 4184 1565 4238; x_wconf 92' lang='lat' dir='ltr'>in</span> <span class='ocrx_word' id='word_1_626' title='bbox 1595 4185 1708 4238; x_wconf 91' lang='lat' dir='ltr'>ullo</span> <span class='ocrx_word' id='word_1_627' title='bbox 1746 4183 2125 4239; x_wconf 90' lang='lat' dir='ltr'>scandalizen-</span> 
     </span>
    </p>
   </div>
   <div class='ocr_carea' id='block_1_74' title="bbox 521 4272 2124 4346">
    <p class='ocr_par' dir='ltr' id='par_1_74' title="bbox 521 4272 2124 4346">
     <span class='ocr_line' id='line_1_74' title="bbox 521 4272 2124 4346; baseline -0.002 -15"><span class='ocrx_word' id='word_1_628' title='bbox 521 4282 634 4332; x_wconf 89' lang='lat' dir='ltr'>tur.</span> <span class='ocrx_word' id='word_1_629' title='bbox 667 4277 813 4330; x_wconf 88' lang='lat' dir='ltr'>Nam</span> <span class='ocrx_word' id='word_1_630' title='bbox 843 4291 1016 4346; x_wconf 87' lang='lat' dir='ltr'>supra</span> <span class='ocrx_word' id='word_1_631' title='bbox 1051 4278 1118 4328; x_wconf 90' lang='lat' dir='ltr'>ut</span> <span class='ocrx_word' id='word_1_632' title='bbox 1138 4272 1272 4337; x_wconf 83' lang='lat' dir='ltr'>dixi,</span> <span class='ocrx_word' id='word_1_633' title='bbox 1306 4272 1437 4342; x_wconf 88' lang='lat' dir='ltr'>quia</span> <span class='ocrx_word' id='word_1_634' title='bbox 1464 4273 1852 4343; x_wconf 87' lang='lat' dir='ltr'>unusquisque</span> <span class='ocrx_word' id='word_1_635' title='bbox 1872 4279 2124 4328; x_wconf 89' lang='lat' dir='ltr'>tentatur</span> 
     </span>
    </p>
   </div>
   <div class='ocr_carea' id='block_1_75' title="bbox 517 4359 2122 4436">
    <p class='ocr_par' dir='ltr' id='par_1_75' title="bbox 517 4359 2122 4436">
     <span class='ocr_line' id='line_1_75' title="bbox 517 4359 2122 4436; baseline -0.002 -17"><span class='ocrx_word' id='word_1_636' title='bbox 517 4365 682 4436; x_wconf 81' lang='lat' dir='ltr'>juxta</span> <span class='ocrx_word' id='word_1_637' title='bbox 702 4361 1031 4434; x_wconf 88' lang='lat' dir='ltr'>Apostolum</span> <span class='ocrx_word' id='word_1_638' title='bbox 1053 4377 1089 4414; x_wconf 90' lang='lat' dir='ltr'>a</span> <span class='ocrx_word' id='word_1_639' title='bbox 1117 4359 1583 4429; x_wconf 87' lang='lat' dir='ltr'>concupiscentiis</span> <span class='ocrx_word' id='word_1_640' title='bbox 1605 4359 1741 4424; x_wconf 91' lang='lat' dir='ltr'>suis,</span> <span class='ocrx_word' id='word_1_641' title='bbox 1760 4377 1954 4416; x_wconf 92' lang='lat' dir='ltr'>omnes</span> <span class='ocrx_word' id='word_1_642' title='bbox 1985 4362 2122 4416; x_wconf 71' lang='lat' dir='ltr'>alie-</span> 
     </span>
    </p>
   </div>
   <div class='ocr_carea' id='block_1_76' title="bbox 523 4445 2122 4520">
    <p class='ocr_par' dir='ltr' id='par_1_76' title="bbox 523 4445 2122 4520">
     <span class='ocr_line' id='line_1_76' title="bbox 523 4445 2122 4520; baseline -0.004 -10"><span class='ocrx_word' id='word_1_643' title='bbox 523 4454 736 4510; x_wconf 88' lang='lat' dir='ltr'>ctiones</span> <span class='ocrx_word' id='word_1_644' title='bbox 758 4451 952 4507; x_wconf 86' lang='lat' dir='ltr'>noxias</span> <span class='ocrx_word' id='word_1_645' title='bbox 977 4454 1274 4520; x_wconf 88' lang='lat' dir='ltr'>amputare</span> <span class='ocrx_word' id='word_1_646' title='bbox 1288 4445 1449 4518; x_wconf 88' lang='lat' dir='ltr'>jubet</span> <span class='ocrx_word' id='word_1_647' title='bbox 1473 4465 1486 4513; x_wconf 88' lang='lat'><strong>;</strong></span> <span class='ocrx_word' id='word_1_648' title='bbox 1519 4446 1608 4499; x_wconf 90' lang='lat' dir='ltr'>hic</span> <span class='ocrx_word' id='word_1_649' title='bbox 1637 4452 1845 4511; x_wconf 90' lang='lat' dir='ltr'>autem,</span> <span class='ocrx_word' id='word_1_650' title='bbox 1870 4448 2003 4518; x_wconf 83' lang='lat' dir='ltr'>quia</span> <span class='ocrx_word' id='word_1_651' title='bbox 2027 4465 2122 4504; x_wconf 90' lang='lat' dir='ltr'>ne-</span> 
     </span>
    </p>
   </div>
   <div class='ocr_carea' id='block_1_77' title="bbox 521 4534 2116 4606">
    <p class='ocr_par' dir='ltr' id='par_1_77' title="bbox 521 4534 2116 4606">
     <span class='ocr_line' id='line_1_77' title="bbox 521 4534 2116 4606; baseline -0.006 -6"><span class='ocrx_word' id='word_1_652' title='bbox 521 4561 675 4600; x_wconf 87' lang='lat' dir='ltr'>cesse</span> <span class='ocrx_word' id='word_1_653' title='bbox 716 4547 780 4598; x_wconf 93' lang='lat' dir='ltr'>ut</span> <span class='ocrx_word' id='word_1_654' title='bbox 835 4539 1060 4596; x_wconf 87' lang='lat' dir='ltr'>veniant</span> <span class='ocrx_word' id='word_1_655' title='bbox 1107 4536 1367 4592; x_wconf 88' lang='lat' dir='ltr'>scandala</span> <span class='ocrx_word' id='word_1_656' title='bbox 1406 4534 1476 4589; x_wconf 74' lang='lat' dir='ltr'>ab</span> <span class='ocrx_word' id='word_1_657' title='bbox 1515 4534 1602 4589; x_wconf 89' lang='lat' dir='ltr'>his</span> <span class='ocrx_word' id='word_1_658' title='bbox 1633 4535 1728 4606; x_wconf 89' lang='lat' dir='ltr'>qui</span> <span class='ocrx_word' id='word_1_659' title='bbox 1766 4534 1902 4590; x_wconf 88' lang='lat' dir='ltr'>foris</span> <span class='ocrx_word' id='word_1_660' title='bbox 1938 4542 2116 4603; x_wconf 61' lang='grc' dir='ltr'>τες</span> 
     </span>
    </p>
   </div>
   <div class='ocr_carea' id='block_1_78' title="bbox 521 4624 2115 4701">
    <p class='ocr_par' dir='ltr' id='par_1_78' title="bbox 521 4624 2115 4701">
     <span class='ocr_line' id='line_1_78' title="bbox 521 4624 2115 4701; baseline -0.005 -13"><span class='ocrx_word' id='word_1_661' title='bbox 521 4638 672 4699; x_wconf 86' lang='lat' dir='ltr'>sunt,</span> <span class='ocrx_word' id='word_1_662' title='bbox 699 4631 826 4686; x_wconf 90' lang='lat' dir='ltr'>ideo</span> <span class='ocrx_word' id='word_1_663' title='bbox 854 4633 1180 4701; x_wconf 67' lang='lat' dir='ltr'>praemonet,</span> <span class='ocrx_word' id='word_1_664' title='bbox 1216 4625 1350 4697; x_wconf 86' lang='lat' dir='ltr'>quia</span> <span class='ocrx_word' id='word_1_665' title='bbox 1389 4624 1556 4678; x_wconf 87' lang='lat' dir='ltr'>aliter</span> <span class='ocrx_word' id='word_1_666' title='bbox 1603 4640 1722 4679; x_wconf 91' lang='lat' dir='ltr'>esse</span> <span class='ocrx_word' id='word_1_667' title='bbox 1766 4640 1880 4678; x_wconf 88' lang='lat' dir='ltr'>non</span> <span class='ocrx_word' id='word_1_668' title='bbox 1912 4631 2115 4696; x_wconf 88' lang='lat' dir='ltr'>potest,</span> 
     </span>
    </p>
   </div>
   <div class='ocr_carea' id='block_1_79' title="bbox 518 4713 2113 4783">
    <p class='ocr_par' dir='ltr' id='par_1_79' title="bbox 518 4713 2113 4783">
     <span class='ocr_line' id='line_1_79' title="bbox 518 4713 2113 4783; baseline -0.003 -9"><span class='ocrx_word' id='word_1_669' title='bbox 518 4719 628 4775; x_wconf 86' lang='lat' dir='ltr'>nisi</span> <span class='ocrx_word' id='word_1_670' title='bbox 657 4726 723 4774; x_wconf 91' lang='lat' dir='ltr'>ut</span> <span class='ocrx_word' id='word_1_671' title='bbox 752 4719 996 4783; x_wconf 86' lang='lat' dir='ltr'>veniant,</span> <span class='ocrx_word' id='word_1_672' title='bbox 1029 4723 1094 4771; x_wconf 93' lang='lat' dir='ltr'>ut</span> <span class='ocrx_word' id='word_1_673' title='bbox 1129 4730 1423 4770; x_wconf 90' lang='lat' dir='ltr'>caveamus</span> <span class='ocrx_word' id='word_1_674' title='bbox 1445 4729 1510 4768; x_wconf 89' lang='lat' dir='ltr'>ea</span> <span class='ocrx_word' id='word_1_675' title='bbox 1541 4719 1844 4783; x_wconf 88' lang='lat' dir='ltr'>antequam</span> <span class='ocrx_word' id='word_1_676' title='bbox 1870 4713 2113 4780; x_wconf 89' lang='lat' dir='ltr'>veniant,</span> 
     </span>
    </p>
   </div>
   <div class='ocr_carea' id='block_1_80' title="bbox 522 4802 2118 4880">
    <p class='ocr_par' dir='ltr' id='par_1_80' title="bbox 522 4802 2118 4880">
     <span class='ocr_line' id='line_1_80' title="bbox 522 4802 2118 4880; baseline -0.004 -16"><span class='ocrx_word' id='word_1_677' title='bbox 522 4807 787 4880; x_wconf 86' lang='lat' dir='ltr'>quoniam</span> <span class='ocrx_word' id='word_1_678' title='bbox 831 4824 911 4862; x_wconf 69' lang='lat' dir='ltr'>vae</span> <span class='ocrx_word' id='word_1_679' title='bbox 949 4811 1034 4861; x_wconf 91' lang='lat' dir='ltr'>est</span> <span class='ocrx_word' id='word_1_680' title='bbox 1071 4805 1151 4858; x_wconf 90' lang='lat' dir='ltr'>illi</span> <span class='ocrx_word' id='word_1_681' title='bbox 1184 4820 1283 4876; x_wconf 91' lang='lat' dir='ltr'>per</span> <span class='ocrx_word' id='word_1_682' title='bbox 1319 4819 1484 4873; x_wconf 90' lang='lat' dir='ltr'>quem</span> <span class='ocrx_word' id='word_1_683' title='bbox 1518 4802 1686 4856; x_wconf 90' lang='lat' dir='ltr'>venit.</span> <span class='ocrx_word' id='word_1_684' title='bbox 1723 4803 1829 4856; x_wconf 89' lang='lat' dir='ltr'>Sed</span> <span class='ocrx_word' id='word_1_685' title='bbox 1877 4819 1948 4857; x_wconf 91' lang='lat' dir='ltr'>ne</span> <span class='ocrx_word' id='word_1_686' title='bbox 1977 4803 2118 4858; x_wconf 90' lang='lat' dir='ltr'>forte</span> 
     </span>
    </p>
   </div>
   <div class='ocr_carea' id='block_1_81' title="bbox 519 4890 2110 4970">
    <p class='ocr_par' dir='ltr' id='par_1_81' title="bbox 519 4890 2110 4970">
     <span class='ocr_line' id='line_1_81' title="bbox 519 4890 2110 4970; baseline -0.004 -18"><span class='ocrx_word' id='word_1_687' title='bbox 519 4898 793 4970; x_wconf 87' lang='lat' dir='ltr'>cogitaret</span> <span class='ocrx_word' id='word_1_688' title='bbox 822 4895 1046 4966; x_wconf 90' lang='lat' dir='ltr'>aliquis,</span> <span class='ocrx_word' id='word_1_689' title='bbox 1078 4894 1212 4965; x_wconf 87' lang='lat' dir='ltr'>quid</span> <span class='ocrx_word' id='word_1_690' title='bbox 1248 4893 1526 4963; x_wconf 85' lang='lat' dir='ltr'>agendum</span> <span class='ocrx_word' id='word_1_691' title='bbox 1556 4897 1704 4944; x_wconf 90' lang='lat' dir='ltr'>esset</span> <span class='ocrx_word' id='word_1_692' title='bbox 1731 4890 1799 4944; x_wconf 90' lang='lat' dir='ltr'>de</span> <span class='ocrx_word' id='word_1_693' title='bbox 1829 4892 2110 4959; x_wconf 80' lang='lat' dir='ltr'>fratribus,</span> 
     </span>
    </p>
   </div>
   <div class='ocr_carea' id='block_1_82' title="bbox 521 4980 2112 5060">
    <p class='ocr_par' dir='ltr' id='par_1_82' title="bbox 521 4980 2112 5060">
     <span class='ocr_line' id='line_1_82' title="bbox 521 4980 2112 5060; baseline -0.004 -19"><span class='ocrx_word' id='word_1_694' title='bbox 521 4989 616 5060; x_wconf 88' lang='lat' dir='ltr'>qui</span> <span class='ocrx_word' id='word_1_695' title='bbox 644 4987 792 5040; x_wconf 88' lang='lat' dir='ltr'>infra</span> <span class='ocrx_word' id='word_1_696' title='bbox 830 4985 1130 5039; x_wconf 87' lang='lat' dir='ltr'>Ecclesiam</span> <span class='ocrx_word' id='word_1_697' title='bbox 1179 4999 1346 5053; x_wconf 90' lang='lat' dir='ltr'>quam</span> <span class='ocrx_word' id='word_1_698' title='bbox 1395 4997 1541 5052; x_wconf 70' lang='lat' dir='ltr'>saepe</span> <span class='ocrx_word' id='word_1_699' title='bbox 1582 4980 1847 5034; x_wconf 86' lang='lat' dir='ltr'>scandala</span> <span class='ocrx_word' id='word_1_700' title='bbox 1877 4981 2112 5049; x_wconf 86' lang='lat' dir='ltr'>faciunt,</span> 
     </span>
    </p>
   </div>
   <div class='ocr_carea' id='block_1_83' title="bbox 517 5071 2111 5138">
    <p class='ocr_par' dir='ltr' id='par_1_83' title="bbox 517 5071 2111 5138">
     <span class='ocr_line' id='line_1_83' title="bbox 517 5071 2111 5138; baseline -0.005 -6"><span class='ocrx_word' id='word_1_701' title='bbox 517 5079 783 5132; x_wconf 90' lang='lat' dir='ltr'>continuo</span> <span class='ocrx_word' id='word_1_702' title='bbox 813 5075 882 5129; x_wconf 91' lang='lat' dir='ltr'>de</span> <span class='ocrx_word' id='word_1_703' title='bbox 911 5074 999 5127; x_wconf 89' lang='lat' dir='ltr'>his</span> <span class='ocrx_word' id='word_1_704' title='bbox 1027 5073 1164 5126; x_wconf 91' lang='lat' dir='ltr'>dicit</span> <span class='ocrx_word' id='word_1_705' title='bbox 1191 5091 1201 5126; x_wconf 92' lang='lat'><strong>:</strong></span> <span class='ocrx_word' id='word_1_706' title='bbox 1235 5072 1297 5126; x_wconf 89' lang='lat' dir='ltr'>Si</span> <span class='ocrx_word' id='word_1_707' title='bbox 1327 5087 1528 5124; x_wconf 87' lang='lat' dir='ltr'>manus</span> <span class='ocrx_word' id='word_1_708' title='bbox 1574 5075 1691 5132; x_wconf 89' lang='lat' dir='ltr'>tua,</span> <span class='ocrx_word' id='word_1_709' title='bbox 1715 5071 1796 5122; x_wconf 84' lang='lat' dir='ltr'>vel</span> <span class='ocrx_word' id='word_1_710' title='bbox 1835 5087 1922 5138; x_wconf 85' lang='lat' dir='ltr'>pes</span> <span class='ocrx_word' id='word_1_711' title='bbox 1965 5076 2111 5137; x_wconf 88' lang='lat' dir='ltr'>tuus,</span> 
     </span>
    </p>
   </div>
   <div class='ocr_carea' id='block_1_84' title="bbox 516 5160 2117 5228">
    <p class='ocr_par' dir='ltr' id='par_1_84' title="bbox 516 5160 2117 5228">
     <span class='ocr_line' id='line_1_84' title="bbox 516 5160 2117 5228; baseline -0.004 -6"><span class='ocrx_word' id='word_1_712' title='bbox 516 5183 611 5223; x_wconf 85' lang='lat' dir='ltr'>seu</span> <span class='ocrx_word' id='word_1_713' title='bbox 658 5169 846 5221; x_wconf 85' lang='lat' dir='ltr'>oculus</span> <span class='ocrx_word' id='word_1_714' title='bbox 885 5164 1227 5218; x_wconf 79' lang='lat' dir='ltr'>scandalizat</span> <span class='ocrx_word' id='word_1_715' title='bbox 1275 5166 1339 5225; x_wconf 90' lang='lat' dir='ltr'>te,</span> <span class='ocrx_word' id='word_1_716' title='bbox 1387 5162 1592 5228; x_wconf 81' lang='lat' dir='ltr'>projice</span> <span class='ocrx_word' id='word_1_717' title='bbox 1639 5175 1762 5212; x_wconf 90' lang='lat' dir='ltr'>eum</span> <span class='ocrx_word' id='word_1_718' title='bbox 1814 5160 1908 5212; x_wconf 88' lang='lat' dir='ltr'>abs</span> <span class='ocrx_word' id='word_1_719' title='bbox 1949 5165 2016 5213; x_wconf 79' lang='lat' dir='ltr'>te.</span> <span class='ocrx_word' id='word_1_720' title='bbox 2058 5160 2117 5215; x_wconf 89' lang='lat' dir='ltr'>Si</span> 
     </span>
    </p>
   </div>
   <div class='ocr_carea' id='block_1_85' title="bbox 517 5246 2112 5322">
    <p class='ocr_par' dir='ltr' id='par_1_85' title="bbox 517 5246 2112 5322">
     <span class='ocr_line' id='line_1_85' title="bbox 517 5246 2112 5322; baseline -0.005 -11"><span class='ocrx_word' id='word_1_721' title='bbox 517 5256 660 5311; x_wconf 82' lang='lat' dir='ltr'>forte</span> <span class='ocrx_word' id='word_1_722' title='bbox 679 5255 850 5309; x_wconf 81' lang='lat' dir='ltr'>fuerit</span> <span class='ocrx_word' id='word_1_723' title='bbox 869 5252 1071 5322; x_wconf 90' lang='lat' dir='ltr'>aliquis</span> <span class='ocrx_word' id='word_1_724' title='bbox 1088 5250 1145 5303; x_wconf 93' lang='lat' dir='ltr'>in</span> <span class='ocrx_word' id='word_1_725' title='bbox 1170 5248 1411 5303; x_wconf 90' lang='lat' dir='ltr'>Ecclesia</span> <span class='ocrx_word' id='word_1_726' title='bbox 1425 5264 1624 5301; x_wconf 88' lang='lat' dir='ltr'>manus</span> <span class='ocrx_word' id='word_1_727' title='bbox 1644 5246 1785 5301; x_wconf 92' lang='lat' dir='ltr'>bene</span> <span class='ocrx_word' id='word_1_728' title='bbox 1809 5249 2112 5319; x_wconf 89' lang='lat' dir='ltr'>operando,</span> 
     </span>
    </p>
   </div>
   <div class='ocr_carea' id='block_1_86' title="bbox 516 5335 2116 5415">
    <p class='ocr_par' dir='ltr' id='par_1_86' title="bbox 516 5335 2116 5415">
     <span class='ocr_line' id='line_1_86' title="bbox 516 5335 2116 5415; baseline -0.004 -16"><span class='ocrx_word' id='word_1_729' title='bbox 516 5346 604 5399; x_wconf 89' lang='lat' dir='ltr'>vel</span> <span class='ocrx_word' id='word_1_730' title='bbox 633 5361 731 5415; x_wconf 90' lang='lat' dir='ltr'>pes</span> <span class='ocrx_word' id='word_1_731' title='bbox 754 5344 999 5414; x_wconf 90' lang='lat' dir='ltr'>primum</span> <span class='ocrx_word' id='word_1_732' title='bbox 1031 5341 1170 5393; x_wconf 92' lang='lat' dir='ltr'>bene</span> <span class='ocrx_word' id='word_1_733' title='bbox 1193 5337 1459 5408; x_wconf 88' lang='lat' dir='ltr'>gradiens</span> <span class='ocrx_word' id='word_1_734' title='bbox 1499 5335 1555 5388; x_wconf 92' lang='lat' dir='ltr'>in</span> <span class='ocrx_word' id='word_1_735' title='bbox 1590 5337 1678 5389; x_wconf 90' lang='lat' dir='ltr'>via</span> <span class='ocrx_word' id='word_1_736' title='bbox 1720 5337 1839 5402; x_wconf 89' lang='lat' dir='ltr'>Dei,</span> <span class='ocrx_word' id='word_1_737' title='bbox 1885 5338 1968 5390; x_wconf 92' lang='lat' dir='ltr'>vel</span> <span class='ocrx_word' id='word_1_738' title='bbox 1990 5355 2116 5392; x_wconf 92' lang='lat' dir='ltr'>ocu-</span> 
     </span>
    </p>
   </div>
   <div class='ocr_carea' id='block_1_87' title="bbox 516 5424 2113 5504">
    <p class='ocr_par' dir='ltr' id='par_1_87' title="bbox 516 5424 2113 5504">
     <span class='ocr_line' id='line_1_87' title="bbox 516 5424 2113 5504; baseline -0.005 -15"><span class='ocrx_word' id='word_1_739' title='bbox 516 5431 606 5489; x_wconf 88' lang='lat' dir='ltr'>lus</span> <span class='ocrx_word' id='word_1_740' title='bbox 661 5432 759 5504; x_wconf 88' lang='lat' dir='ltr'>qui</span> <span class='ocrx_word' id='word_1_741' title='bbox 808 5431 1006 5486; x_wconf 88' lang='lat' dir='ltr'>doceat</span> <span class='ocrx_word' id='word_1_742' title='bbox 1047 5429 1237 5482; x_wconf 91' lang='lat' dir='ltr'>lumen</span> <span class='ocrx_word' id='word_1_743' title='bbox 1283 5425 1428 5491; x_wconf 62' lang='lat' dir='ltr'>vitm,</span> <span class='ocrx_word' id='word_1_744' title='bbox 1480 5424 1648 5495; x_wconf 90' lang='lat' dir='ltr'>capiti</span> <span class='ocrx_word' id='word_1_745' title='bbox 1692 5441 1792 5480; x_wconf 89' lang='lat' dir='ltr'>suo</span> <span class='ocrx_word' id='word_1_746' title='bbox 1836 5426 2113 5481; x_wconf 81' lang='lat' dir='ltr'>inhaerens</span> 
     </span>
    </p>
   </div>
   <div class='ocr_carea' id='block_1_88' title="bbox 518 5515 2115 5592">
    <p class='ocr_par' dir='ltr' id='par_1_88' title="bbox 518 5515 2115 5592">
     <span class='ocr_line' id='line_1_88' title="bbox 518 5515 2115 5592; baseline -0.007 -9"><span class='ocrx_word' id='word_1_747' title='bbox 518 5521 763 5592; x_wconf 84' lang='lat' dir='ltr'>Christo,</span> <span class='ocrx_word' id='word_1_748' title='bbox 795 5520 845 5578; x_wconf 88' lang='lat' dir='ltr'>si</span> <span class='ocrx_word' id='word_1_749' title='bbox 873 5524 1064 5578; x_wconf 87' lang='lat' dir='ltr'>autem</span> <span class='ocrx_word' id='word_1_750' title='bbox 1095 5515 1330 5591; x_wconf 88' lang='lat' dir='ltr'>quilibet</span> <span class='ocrx_word' id='word_1_751' title='bbox 1373 5529 1567 5572; x_wconf 84' lang='lat' dir='ltr'>eorum</span> <span class='ocrx_word' id='word_1_752' title='bbox 1607 5529 1906 5572; x_wconf 87' lang='lat' dir='ltr'>conversus</span> <span class='ocrx_word' id='word_1_753' title='bbox 1943 5515 2115 5573; x_wconf 90' lang='lat' dir='ltr'>fuerit</span> 
     </span>
    </p>
   </div>
   <div class='ocr_carea' id='block_1_89' title="bbox 2210 3651 3725 3731">
    <p class='ocr_par' dir='ltr' id='par_1_89' title="bbox 2210 3651 3725 3731">
     <span class='ocr_line' id='line_1_89' title="bbox 2210 3651 3725 3731; baseline -0.002 -22"><span class='ocrx_word' id='word_1_754' title='bbox 2210 3656 2354 3711; x_wconf 91' lang='lat' dir='ltr'>sicut</span> <span class='ocrx_word' id='word_1_755' title='bbox 2380 3673 2548 3726; x_wconf 88' lang='lat' dir='ltr'>quam</span> <span class='ocrx_word' id='word_1_756' title='bbox 2573 3674 2717 3728; x_wconf 70' lang='lat' dir='ltr'>saepe</span> <span class='ocrx_word' id='word_1_757' title='bbox 2745 3659 3034 3712; x_wconf 90' lang='lat' dir='ltr'>consuevit</span> <span class='ocrx_word' id='word_1_758' title='bbox 3064 3660 3356 3731; x_wconf 90' lang='lat' dir='ltr'>Scriptura</span> <span class='ocrx_word' id='word_1_759' title='bbox 3383 3657 3566 3714; x_wconf 85' lang='lat' dir='ltr'>divina,</span> <span class='ocrx_word' id='word_1_760' title='bbox 3580 3651 3634 3706; x_wconf 86' lang='lat' dir='ltr'>ad</span> <span class='ocrx_word' id='word_1_761' title='bbox 3656 3663 3725 3718; x_wconf 80' lang='lat' dir='ltr'>ge-</span> 
     </span>
    </p>
   </div>
   <div class='ocr_carea' id='block_1_90' title="bbox 2208 3741 3727 3820">
    <p class='ocr_par' dir='ltr' id='par_1_90' title="bbox 2208 3741 3727 3820">
     <span class='ocr_line' id='line_1_90' title="bbox 2208 3741 3727 3820; baseline 0.001 -21"><span class='ocrx_word' id='word_1_762' title='bbox 2208 3761 2333 3809; x_wconf 91' lang='lat' dir='ltr'>nus,</span> <span class='ocrx_word' id='word_1_763' title='bbox 2369 3746 2436 3800; x_wconf 92' lang='lat' dir='ltr'>de</span> <span class='ocrx_word' id='word_1_764' title='bbox 2469 3746 2648 3800; x_wconf 88' lang='lat' dir='ltr'>forma</span> <span class='ocrx_word' id='word_1_765' title='bbox 2677 3748 2746 3800; x_wconf 90' lang='lat' dir='ltr'>ad</span> <span class='ocrx_word' id='word_1_766' title='bbox 2777 3747 3046 3815; x_wconf 86' lang='lat' dir='ltr'>formam;</span> <span class='ocrx_word' id='word_1_767' title='bbox 3088 3748 3159 3803; x_wconf 93' lang='lat' dir='ltr'>de</span> <span class='ocrx_word' id='word_1_768' title='bbox 3190 3749 3276 3802; x_wconf 91' lang='lat' dir='ltr'>his</span> <span class='ocrx_word' id='word_1_769' title='bbox 3304 3745 3529 3820; x_wconf 84' lang='lat' dir='ltr'>parvulis</span> <span class='ocrx_word' id='word_1_770' title='bbox 3552 3741 3630 3813; x_wconf 83' lang='lat' dir='ltr'>qui</span> <span class='ocrx_word' id='word_1_771' title='bbox 3657 3751 3727 3808; x_wconf 65' lang='lat' dir='ltr'>per</span> 
     </span>
    </p>
   </div>
   <div class='ocr_carea' id='block_1_91' title="bbox 2207 3829 3727 3902">
    <p class='ocr_par' dir='ltr' id='par_1_91' title="bbox 2207 3829 3727 3902">
     <span class='ocr_line' id='line_1_91' title="bbox 2207 3829 3727 3902; baseline -0.002 -15"><span class='ocrx_word' id='word_1_772' title='bbox 2207 3839 2429 3888; x_wconf 83' lang='lat' dir='ltr'>aetatem</span> <span class='ocrx_word' id='word_1_773' title='bbox 2451 3835 2635 3889; x_wconf 90' lang='lat' dir='ltr'>adhuc</span> <span class='ocrx_word' id='word_1_774' title='bbox 2664 3836 3042 3891; x_wconf 90' lang='lat' dir='ltr'>innocentiam</span> <span class='ocrx_word' id='word_1_775' title='bbox 3064 3839 3330 3901; x_wconf 84' lang='lat' dir='ltr'>retinent,</span> <span class='ocrx_word' id='word_1_776' title='bbox 3353 3837 3418 3890; x_wconf 92' lang='lat' dir='ltr'>ad</span> <span class='ocrx_word' id='word_1_777' title='bbox 3447 3851 3531 3889; x_wconf 92' lang='lat' dir='ltr'>eos</span> <span class='ocrx_word' id='word_1_778' title='bbox 3559 3829 3634 3902; x_wconf 89' lang='lat' dir='ltr'>qui</span> <span class='ocrx_word' id='word_1_779' title='bbox 3658 3839 3727 3896; x_wconf 78' lang='lat' dir='ltr'>per</span> 
     </span>
    </p>
   </div>
   <div class='ocr_carea' id='block_1_92' title="bbox 2205 3911 3726 3998">
    <p class='ocr_par' dir='ltr' id='par_1_92' title="bbox 2205 3911 3726 3998">
     <span class='ocr_line' id='line_1_92' title="bbox 2205 3911 3726 3998; baseline -0.003 -22"><span class='ocrx_word' id='word_1_780' title='bbox 2205 3922 2447 3992; x_wconf 87' lang='lat' dir='ltr'>gratiam</span> <span class='ocrx_word' id='word_1_781' title='bbox 2496 3924 2822 3979; x_wconf 91' lang='lat' dir='ltr'>innocentes</span> <span class='ocrx_word' id='word_1_782' title='bbox 2857 3925 2989 3980; x_wconf 90' lang='lat' dir='ltr'>facti</span> <span class='ocrx_word' id='word_1_783' title='bbox 3029 3942 3094 3979; x_wconf 88' lang='lat' dir='ltr'>ac</span> <span class='ocrx_word' id='word_1_784' title='bbox 3133 3926 3338 3998; x_wconf 90' lang='lat' dir='ltr'>pusilli,</span> <span class='ocrx_word' id='word_1_785' title='bbox 3377 3927 3486 3996; x_wconf 88' lang='lat' dir='ltr'>jam</span> <span class='ocrx_word' id='word_1_786' title='bbox 3524 3935 3608 3992; x_wconf 88' lang='lat' dir='ltr'>pro</span> <span class='ocrx_word' id='word_1_787' title='bbox 3638 3911 3726 3969; x_wconf 76' lang='lat' dir='ltr'>aliis</span> 
     </span>
    </p>
   </div>
   <div class='ocr_carea' id='block_1_93' title="bbox 2205 4005 3724 4079">
    <p class='ocr_par' dir='ltr' id='par_1_93' title="bbox 2205 4005 3724 4079">
     <span class='ocr_line' id='line_1_93' title="bbox 2205 4005 3724 4079; baseline -0.004 -13"><span class='ocrx_word' id='word_1_788' title='bbox 2205 4010 2479 4066; x_wconf 87' lang='lat' dir='ltr'>laborant.</span> <span class='ocrx_word' id='word_1_789' title='bbox 2517 4013 2668 4076; x_wconf 87' lang='lat' dir='ltr'>Quos</span> <span class='ocrx_word' id='word_1_790' title='bbox 2697 4014 3012 4068; x_wconf 87' lang='lat' dir='ltr'>laborantes</span> <span class='ocrx_word' id='word_1_791' title='bbox 3041 4022 3399 4070; x_wconf 88' lang='lat' dir='ltr'>contemnere</span> <span class='ocrx_word' id='word_1_792' title='bbox 3419 4027 3522 4068; x_wconf 92' lang='lat' dir='ltr'>non</span> <span class='ocrx_word' id='word_1_793' title='bbox 3543 4005 3724 4079; x_wconf 71' lang='lat' dir='ltr'>Oportet.</span> 
     </span>
    </p>
   </div>
   <div class='ocr_carea' id='block_1_94' title="bbox 2207 4087 3727 4159">
    <p class='ocr_par' dir='ltr' id='par_1_94' title="bbox 2207 4087 3727 4159">
     <span class='ocr_line' id='line_1_94' title="bbox 2207 4087 3727 4159; baseline -0.004 -5"><span class='ocrx_word' id='word_1_794' title='bbox 2207 4115 2277 4154; x_wconf 93' lang='lat' dir='ltr'>ne</span> <span class='ocrx_word' id='word_1_795' title='bbox 2307 4105 2364 4154; x_wconf 87' lang='lat' dir='ltr'>et</span> <span class='ocrx_word' id='word_1_796' title='bbox 2391 4100 2448 4154; x_wconf 92' lang='lat' dir='ltr'>in</span> <span class='ocrx_word' id='word_1_797' title='bbox 2491 4101 2578 4154; x_wconf 92' lang='lat' dir='ltr'>his</span> <span class='ocrx_word' id='word_1_798' title='bbox 2617 4102 2872 4157; x_wconf 87' lang='lat' dir='ltr'>Christus</span> <span class='ocrx_word' id='word_1_799' title='bbox 2907 4109 3322 4159; x_wconf 89' lang='lat' dir='ltr'>contemnatur.</span> <span class='ocrx_word' id='word_1_800' title='bbox 3363 4103 3428 4157; x_wconf 88' lang='lat' dir='ltr'>Et</span> <span class='ocrx_word' id='word_1_801' title='bbox 3457 4115 3548 4154; x_wconf 91' lang='lat' dir='ltr'>nec</span> <span class='ocrx_word' id='word_1_802' title='bbox 3584 4087 3727 4149; x_wconf 73' lang='lat' dir='ltr'>mirari</span> 
     </span>
    </p>
   </div>
   <div class='ocr_carea' id='block_1_95' title="bbox 2206 4176 3727 4264">
    <p class='ocr_par' dir='ltr' id='par_1_95' title="bbox 2206 4176 3727 4264">
     <span class='ocr_line' id='line_1_95' title="bbox 2206 4176 3727 4264; baseline 0.001 -22"><span class='ocrx_word' id='word_1_803' title='bbox 2206 4188 2492 4257; x_wconf 86' lang='lat' dir='ltr'>debemus,</span> <span class='ocrx_word' id='word_1_804' title='bbox 2527 4191 2660 4260; x_wconf 90' lang='lat' dir='ltr'>quia</span> <span class='ocrx_word' id='word_1_805' title='bbox 2697 4192 2934 4262; x_wconf 86' lang='lat' dir='ltr'>apostoli</span> <span class='ocrx_word' id='word_1_806' title='bbox 2975 4199 3075 4247; x_wconf 87' lang='lat' dir='ltr'>aut</span> <span class='ocrx_word' id='word_1_807' title='bbox 3119 4193 3407 4264; x_wconf 90' lang='lat' dir='ltr'>apostolici</span> <span class='ocrx_word' id='word_1_808' title='bbox 3450 4188 3554 4252; x_wconf 85' lang='lat' dir='ltr'>viri,</span> <span class='ocrx_word' id='word_1_809' title='bbox 3587 4176 3727 4255; x_wconf 72' lang='lat' dir='ltr'>pusilli</span> 
     </span>
    </p>
   </div>
   <div class='ocr_carea' id='block_1_96' title="bbox 2205 4271 3724 4350">
    <p class='ocr_par' dir='ltr' id='par_1_96' title="bbox 2205 4271 3724 4350">
     <span class='ocr_line' id='line_1_96' title="bbox 2205 4271 3724 4350; baseline -0.005 -20"><span class='ocrx_word' id='word_1_810' title='bbox 2205 4284 2492 4345; x_wconf 90' lang='lat' dir='ltr'>vocantur,</span> <span class='ocrx_word' id='word_1_811' title='bbox 2515 4295 2638 4333; x_wconf 93' lang='lat' dir='ltr'>cum</span> <span class='ocrx_word' id='word_1_812' title='bbox 2663 4284 2720 4334; x_wconf 92' lang='lat' dir='ltr'>et</span> <span class='ocrx_word' id='word_1_813' title='bbox 2738 4280 2846 4350; x_wconf 91' lang='lat' dir='ltr'>ipsi</span> <span class='ocrx_word' id='word_1_814' title='bbox 2861 4281 2919 4334; x_wconf 93' lang='lat' dir='ltr'>in</span> <span class='ocrx_word' id='word_1_815' title='bbox 2938 4281 3145 4336; x_wconf 88' lang='lat' dir='ltr'>virtute</span> <span class='ocrx_word' id='word_1_816' title='bbox 3161 4281 3368 4336; x_wconf 87' lang='lat' dir='ltr'>Christi</span> <span class='ocrx_word' id='word_1_817' title='bbox 3387 4281 3484 4334; x_wconf 88' lang='lat' dir='ltr'>hoc</span> <span class='ocrx_word' id='word_1_818' title='bbox 3496 4273 3606 4330; x_wconf 87' lang='lat' dir='ltr'>facti</span> <span class='ocrx_word' id='word_1_819' title='bbox 3615 4271 3724 4331; x_wconf 72' lang='lat' dir='ltr'>sunt,</span> 
     </span>
    </p>
   </div>
   <div class='ocr_carea' id='block_1_97' title="bbox 2205 4364 3726 4442">
    <p class='ocr_par' dir='ltr' id='par_1_97' title="bbox 2205 4364 3726 4442">
     <span class='ocr_line' id='line_1_97' title="bbox 2205 4364 3726 4442; baseline -0.003 -21"><span class='ocrx_word' id='word_1_820' title='bbox 2205 4373 2261 4421; x_wconf 92' lang='lat' dir='ltr'>et</span> <span class='ocrx_word' id='word_1_821' title='bbox 2288 4366 2361 4421; x_wconf 89' lang='lat' dir='ltr'>ad</span> <span class='ocrx_word' id='word_1_822' title='bbox 2411 4385 2605 4422; x_wconf 90' lang='lat' dir='ltr'>eorum</span> <span class='ocrx_word' id='word_1_823' title='bbox 2651 4368 3050 4435; x_wconf 90' lang='lat' dir='ltr'>innocentiam,</span> <span class='ocrx_word' id='word_1_824' title='bbox 3083 4371 3155 4424; x_wconf 86' lang='lat' dir='ltr'>ad</span> <span class='ocrx_word' id='word_1_825' title='bbox 3197 4387 3365 4442; x_wconf 91' lang='lat' dir='ltr'>quam</span> <span class='ocrx_word' id='word_1_826' title='bbox 3406 4364 3726 4440; x_wconf 78' lang='lat' dir='ltr'>provocantun</span> 
     </span>
    </p>
   </div>
   <div class='ocr_carea' id='block_1_98' title="bbox 2202 4455 3726 4529">
    <p class='ocr_par' dir='ltr' id='par_1_98' title="bbox 2202 4455 3726 4529">
     <span class='ocr_line' id='line_1_98' title="bbox 2202 4455 3726 4529; baseline -0.009 -19"><span class='ocrx_word' id='word_1_827' title='bbox 2202 4455 2413 4510; x_wconf 89' lang='lat' dir='ltr'>redacti</span> <span class='ocrx_word' id='word_1_828' title='bbox 2439 4475 2451 4524; x_wconf 90' lang='lat'><strong>;</strong></span> <span class='ocrx_word' id='word_1_829' title='bbox 2477 4457 2626 4511; x_wconf 89' lang='lat' dir='ltr'>unde</span> <span class='ocrx_word' id='word_1_830' title='bbox 2647 4457 2716 4511; x_wconf 91' lang='lat' dir='ltr'>ab</span> <span class='ocrx_word' id='word_1_831' title='bbox 2733 4458 2852 4528; x_wconf 84' lang='lat' dir='ltr'>ipso</span> <span class='ocrx_word' id='word_1_832' title='bbox 2869 4459 3108 4513; x_wconf 90' lang='lat' dir='ltr'>Domino</span> <span class='ocrx_word' id='word_1_833' title='bbox 3128 4466 3186 4514; x_wconf 92' lang='lat' dir='ltr'>et</span> <span class='ocrx_word' id='word_1_834' title='bbox 3213 4463 3452 4529; x_wconf 86' lang='lat' dir='ltr'>pusillus</span> <span class='ocrx_word' id='word_1_835' title='bbox 3477 4468 3593 4524; x_wconf 64' lang='lat' dir='ltr'>grex</span> <span class='ocrx_word' id='word_1_836' title='bbox 3609 4459 3726 4500; x_wconf 83' lang='lat' dir='ltr'>voca-</span> 
     </span>
    </p>
   </div>
   <div class='ocr_carea' id='block_1_99' title="bbox 2201 4540 3728 4617">
    <p class='ocr_par' dir='ltr' id='par_1_99' title="bbox 2201 4540 3728 4617">
     <span class='ocr_line' id='line_1_99' title="bbox 2201 4540 3728 4617; baseline -0.003 -19"><span class='ocrx_word' id='word_1_837' title='bbox 2201 4549 2297 4600; x_wconf 91' lang='lat' dir='ltr'>tur</span> <span class='ocrx_word' id='word_1_838' title='bbox 2327 4547 2471 4614; x_wconf 86' lang='lat' dir='ltr'>(Luc.</span> <span class='ocrx_word' id='word_1_839' title='bbox 2505 4560 2639 4610; x_wconf 68' lang='grc' dir='ltr'><strong>χχιι,</strong></span> <span class='ocrx_word' id='word_1_840' title='bbox 2683 4545 2795 4617; x_wconf 76' lang='grc'>32).</span> <span class='ocrx_word' id='word_1_841' title='bbox 2831 4549 2872 4602; x_wconf 90' lang='grc' dir='ltr'>Ε</span> <span class='ocrx_word' id='word_1_842' title='bbox 2925 4549 3207 4603; x_wconf 86' lang='lat' dir='ltr'>contrario</span> <span class='ocrx_word' id='word_1_843' title='bbox 3238 4548 3343 4603; x_wconf 88' lang='lat' dir='ltr'>etsi</span> <span class='ocrx_word' id='word_1_844' title='bbox 3379 4543 3528 4601; x_wconf 90' lang='lat' dir='ltr'>multi</span> <span class='ocrx_word' id='word_1_845' title='bbox 3555 4540 3728 4607; x_wconf 74' lang='lat' dir='ltr'>dogma-</span> 
     </span>
    </p>
   </div>
   <div class='ocr_carea' id='block_1_100' title="bbox 2201 4626 3726 4714">
    <p class='ocr_par' dir='ltr' id='par_1_100' title="bbox 2201 4626 3726 4714">
     <span class='ocr_line' id='line_1_100' title="bbox 2201 4626 3726 4714; baseline -0.009 -26"><span class='ocrx_word' id='word_1_846' title='bbox 2201 4633 2390 4699; x_wconf 90' lang='lat' dir='ltr'>tizent,</span> <span class='ocrx_word' id='word_1_847' title='bbox 2416 4635 2650 4705; x_wconf 90' lang='lat' dir='ltr'>pusillos</span> <span class='ocrx_word' id='word_1_848' title='bbox 2669 4642 2727 4690; x_wconf 91' lang='lat' dir='ltr'>et</span> <span class='ocrx_word' id='word_1_849' title='bbox 2737 4636 2876 4690; x_wconf 84' lang='lat' dir='ltr'>alios</span> <span class='ocrx_word' id='word_1_850' title='bbox 2886 4637 3146 4707; x_wconf 90' lang='lat' dir='ltr'>parvulos</span> <span class='ocrx_word' id='word_1_851' title='bbox 3169 4654 3291 4692; x_wconf 88' lang='lat' dir='ltr'>esse</span> <span class='ocrx_word' id='word_1_852' title='bbox 3308 4637 3454 4691; x_wconf 88' lang='lat' dir='ltr'>intra</span> <span class='ocrx_word' id='word_1_853' title='bbox 3468 4626 3726 4714; x_wconf 52' lang='lat' dir='ltr'>Ecclesium.</span> 
     </span>
    </p>
   </div>
   <div class='ocr_carea' id='block_1_101' title="bbox 2202 4720 3729 4796">
    <p class='ocr_par' dir='ltr' id='par_1_101' title="bbox 2202 4720 3729 4796">
     <span class='ocr_line' id='line_1_101' title="bbox 2202 4720 3729 4796; baseline -0.003 -20"><span class='ocrx_word' id='word_1_854' title='bbox 2202 4722 2297 4792; x_wconf 90' lang='lat' dir='ltr'>qui</span> <span class='ocrx_word' id='word_1_855' title='bbox 2327 4722 2508 4777; x_wconf 87' lang='lat' dir='ltr'>adhuc</span> <span class='ocrx_word' id='word_1_856' title='bbox 2534 4723 2675 4778; x_wconf 89' lang='lat' dir='ltr'>lacte</span> <span class='ocrx_word' id='word_1_857' title='bbox 2713 4730 3036 4794; x_wconf 89' lang='lat' dir='ltr'>pascuntur,</span> <span class='ocrx_word' id='word_1_858' title='bbox 3059 4726 3208 4796; x_wconf 90' lang='lat' dir='ltr'>quod</span> <span class='ocrx_word' id='word_1_859' title='bbox 3237 4723 3476 4780; x_wconf 72' lang='lat' dir='ltr'>haeredes</span> <span class='ocrx_word' id='word_1_860' title='bbox 3504 4720 3729 4781; x_wconf 76' lang='lat' dir='ltr'>sintregm</span> 
     </span>
    </p>
   </div>
   <div class='ocr_carea' id='block_1_102' title="bbox 2201 4803 3730 4885">
    <p class='ocr_par' dir='ltr' id='par_1_102' title="bbox 2201 4803 3730 4885">
     <span class='ocr_line' id='line_1_102' title="bbox 2201 4803 3730 4885; baseline -0.005 -21"><span class='ocrx_word' id='word_1_861' title='bbox 2201 4811 2441 4865; x_wconf 85' lang='lat' dir='ltr'>ccelestis</span> <span class='ocrx_word' id='word_1_862' title='bbox 2476 4831 2488 4878; x_wconf 88' lang='lat'><strong>;</strong></span> <span class='ocrx_word' id='word_1_863' title='bbox 2531 4812 2622 4865; x_wconf 88' lang='lat' dir='ltr'>isti</span> <span class='ocrx_word' id='word_1_864' title='bbox 2653 4818 2842 4867; x_wconf 89' lang='lat' dir='ltr'>tamen</span> <span class='ocrx_word' id='word_1_865' title='bbox 2873 4814 3149 4884; x_wconf 70' lang='lat' dir='ltr'>praecipue</span> <span class='ocrx_word' id='word_1_866' title='bbox 3174 4813 3387 4885; x_wconf 89' lang='lat' dir='ltr'>parvuli</span> <span class='ocrx_word' id='word_1_867' title='bbox 3412 4812 3665 4866; x_wconf 80' lang='lat' dir='ltr'>dicuntur;</span> <span class='ocrx_word' id='word_1_868' title='bbox 3690 4803 3730 4850; x_wconf 68' lang='lat' dir='ltr'>et</span> 
     </span>
    </p>
   </div>
   <div class='ocr_carea' id='block_1_103' title="bbox 2201 4893 3731 4974">
    <p class='ocr_par' dir='ltr' id='par_1_103' title="bbox 2201 4893 3731 4974">
     <span class='ocr_line' id='line_1_103' title="bbox 2201 4893 3731 4974; baseline -0.005 -22"><span class='ocrx_word' id='word_1_869' title='bbox 2201 4899 2269 4952; x_wconf 92' lang='lat' dir='ltr'>de</span> <span class='ocrx_word' id='word_1_870' title='bbox 2286 4899 2373 4952; x_wconf 91' lang='lat' dir='ltr'>his</span> <span class='ocrx_word' id='word_1_871' title='bbox 2394 4901 2572 4969; x_wconf 88' lang='lat' dir='ltr'>magis</span> <span class='ocrx_word' id='word_1_872' title='bbox 2594 4901 3018 4972; x_wconf 84' lang='lat' dir='ltr'>intelligendum</span> <span class='ocrx_word' id='word_1_873' title='bbox 3040 4909 3126 4957; x_wconf 90' lang='lat' dir='ltr'>est</span> <span class='ocrx_word' id='word_1_874' title='bbox 3145 4919 3286 4974; x_wconf 90' lang='lat' dir='ltr'>quos</span> <span class='ocrx_word' id='word_1_875' title='bbox 3306 4897 3574 4957; x_wconf 86' lang='lat' dir='ltr'>constituit</span> <span class='ocrx_word' id='word_1_876' title='bbox 3591 4893 3731 4947; x_wconf 75' lang='lat' dir='ltr'>docto-</span> 
     </span>
    </p>
   </div>
   <div class='ocr_carea' id='block_1_104' title="bbox 2199 4975 3730 5058">
    <p class='ocr_par' dir='ltr' id='par_1_104' title="bbox 2199 4975 3730 5058">
     <span class='ocr_line' id='line_1_104' title="bbox 2199 4975 3730 5058; baseline 0.005 -18"><span class='ocrx_word' id='word_1_877' title='bbox 2199 5003 2288 5041; x_wconf 91' lang='lat' dir='ltr'>res</span> <span class='ocrx_word' id='word_1_878' title='bbox 2321 4994 2378 5042; x_wconf 92' lang='lat' dir='ltr'>et</span> <span class='ocrx_word' id='word_1_879' title='bbox 2406 4990 2727 5058; x_wconf 88' lang='lat' dir='ltr'>magistros,</span> <span class='ocrx_word' id='word_1_880' title='bbox 2761 5008 2829 5044; x_wconf 92' lang='lat' dir='ltr'>ne</span> <span class='ocrx_word' id='word_1_881' title='bbox 2861 4992 3006 5046; x_wconf 90' lang='lat' dir='ltr'>ullus</span> <span class='ocrx_word' id='word_1_882' title='bbox 3040 5009 3232 5046; x_wconf 85' lang='lat' dir='ltr'>eorum</span> <span class='ocrx_word' id='word_1_883' title='bbox 3277 4992 3593 5046; x_wconf 72' lang='lat' dir='ltr'>contemnat.</span> <span class='ocrx_word' id='word_1_884' title='bbox 3632 4975 3730 5048; x_wconf 59' lang='lat' dir='ltr'>quia</span> 
     </span>
    </p>
   </div>
   <div class='ocr_carea' id='block_1_105' title="bbox 2199 5073 3726 5152">
    <p class='ocr_par' dir='ltr' id='par_1_105' title="bbox 2199 5073 3726 5152">
     <span class='ocr_line' id='line_1_105' title="bbox 2199 5073 3726 5152; baseline -0.003 -23"><span class='ocrx_word' id='word_1_885' title='bbox 2199 5076 2337 5130; x_wconf 90' lang='lat' dir='ltr'>nulli</span> <span class='ocrx_word' id='word_1_886' title='bbox 2368 5077 2694 5132; x_wconf 90' lang='lat' dir='ltr'>humiliores</span> <span class='ocrx_word' id='word_1_887' title='bbox 2723 5097 2843 5134; x_wconf 86' lang='lat' dir='ltr'>esse</span> <span class='ocrx_word' id='word_1_888' title='bbox 2892 5089 3141 5152; x_wconf 87' lang='lat' dir='ltr'>possunt,</span> <span class='ocrx_word' id='word_1_889' title='bbox 3187 5088 3244 5136; x_wconf 90' lang='lat' dir='ltr'>et</span> <span class='ocrx_word' id='word_1_890' title='bbox 3285 5081 3399 5135; x_wconf 91' lang='lat' dir='ltr'>veri</span> <span class='ocrx_word' id='word_1_891' title='bbox 3443 5073 3726 5132; x_wconf 59' lang='lat' dir='ltr'>innocentes,</span> 
     </span>
    </p>
   </div>
   <div class='ocr_carea' id='block_1_106' title="bbox 2200 5161 3730 5239">
    <p class='ocr_par' dir='ltr' id='par_1_106' title="bbox 2200 5161 3730 5239">
     <span class='ocr_line' id='line_1_106' title="bbox 2200 5161 3730 5239; baseline -0.007 -22"><span class='ocrx_word' id='word_1_892' title='bbox 2200 5180 2368 5235; x_wconf 89' lang='lat' dir='ltr'>quam</span> <span class='ocrx_word' id='word_1_893' title='bbox 2400 5165 2502 5235; x_wconf 89' lang='lat' dir='ltr'>ipsi</span> <span class='ocrx_word' id='word_1_894' title='bbox 2529 5184 2650 5220; x_wconf 90' lang='lat' dir='ltr'>esse</span> <span class='ocrx_word' id='word_1_895' title='bbox 2672 5167 2894 5222; x_wconf 90' lang='lat' dir='ltr'>debent.</span> <span class='ocrx_word' id='word_1_896' title='bbox 2933 5169 3198 5235; x_wconf 81' lang='lat' dir='ltr'>Quorum,</span> <span class='ocrx_word' id='word_1_897' title='bbox 3229 5168 3430 5239; x_wconf 91' lang='lat' dir='ltr'>inquit,</span> <span class='ocrx_word' id='word_1_898' title='bbox 3451 5161 3616 5229; x_wconf 83' lang='lat' dir='ltr'>angeli</span> <span class='ocrx_word' id='word_1_899' title='bbox 3631 5167 3730 5207; x_wconf 75' lang='lat' dir='ltr'>sem-</span> 
     </span>
    </p>
   </div>
   <div class='ocr_carea' id='block_1_107' title="bbox 2191 5252 3728 5328">
    <p class='ocr_par' dir='ltr' id='par_1_107' title="bbox 2191 5252 3728 5328">
     <span class='ocr_line' id='line_1_107' title="bbox 2191 5252 3728 5328; baseline -0.001 -22"><span class='ocrx_word' id='word_1_900' title='bbox 2191 5255 2494 5322; x_wconf 81' lang='lat' dir='ltr'>pervident</span> <span class='ocrx_word' id='word_1_901' title='bbox 2515 5256 2715 5322; x_wconf 85' lang='lat' dir='ltr'>faciem</span> <span class='ocrx_word' id='word_1_902' title='bbox 2737 5259 2921 5310; x_wconf 86' lang='lat' dir='ltr'>Patris</span> <span class='ocrx_word' id='word_1_903' title='bbox 2942 5261 3066 5312; x_wconf 87' lang='lat' dir='ltr'>mei.</span> <span class='ocrx_word' id='word_1_904' title='bbox 3100 5261 3296 5328; x_wconf 79' lang='lat' dir='ltr'>Magna</span> <span class='ocrx_word' id='word_1_905' title='bbox 3323 5253 3553 5326; x_wconf 86' lang='lat' dir='ltr'>dignitas</span> <span class='ocrx_word' id='word_1_906' title='bbox 3579 5252 3728 5328; x_wconf 53' lang='lat' dir='ltr'>conm}</span> 
     </span>
    </p>
   </div>
   <div class='ocr_carea' id='block_1_108' title="bbox 2199 5323 3730 5423">
    <p class='ocr_par' dir='ltr' id='par_1_108' title="bbox 2199 5323 3730 5423">
     <span class='ocr_line' id='line_1_108' title="bbox 2199 5323 3730 5423; baseline -0.003 -29"><span class='ocrx_word' id='word_1_907' title='bbox 2199 5341 2292 5412; x_wconf 92' lang='lat' dir='ltr'>qui</span> <span class='ocrx_word' id='word_1_908' title='bbox 2324 5343 2394 5395; x_wconf 91' lang='lat' dir='ltr'>ad</span> <span class='ocrx_word' id='word_1_909' title='bbox 2425 5343 2573 5397; x_wconf 88' lang='lat' dir='ltr'>hanc</span> <span class='ocrx_word' id='word_1_910' title='bbox 2608 5350 2914 5415; x_wconf 88' lang='lat' dir='ltr'>potuerunt</span> <span class='ocrx_word' id='word_1_911' title='bbox 2955 5347 3244 5417; x_wconf 87' lang='lat' dir='ltr'>pervenire</span> <span class='ocrx_word' id='word_1_912' title='bbox 3279 5339 3642 5398; x_wconf 81' lang='lat' dir='ltr'>innocentiam.</span> <span class='ocrx_word' id='word_1_913' title='bbox 3668 5323 3730 5423; x_wconf 57' lang='lat' dir='ltr'>&quot;f1</span> 
     </span>
    </p>
   </div>
   <div class='ocr_carea' id='block_1_109' title="bbox 2195 5423 3731 5505">
    <p class='ocr_par' dir='ltr' id='par_1_109' title="bbox 2195 5423 3731 5505">
     <span class='ocr_line' id='line_1_109' title="bbox 2195 5423 3731 5505; baseline -0.011 -19"><span class='ocrx_word' id='word_1_914' title='bbox 2195 5431 2292 5500; x_wconf 84' lang='lat' dir='ltr'>qui</span> <span class='ocrx_word' id='word_1_915' title='bbox 2321 5432 2462 5499; x_wconf 83' lang='lat' dir='ltr'>tales</span> <span class='ocrx_word' id='word_1_916' title='bbox 2485 5439 2616 5487; x_wconf 91' lang='lat' dir='ltr'>sunt</span> <span class='ocrx_word' id='word_1_917' title='bbox 2643 5450 2883 5505; x_wconf 87' lang='lat' dir='ltr'>quorum</span> <span class='ocrx_word' id='word_1_918' title='bbox 2911 5451 3025 5489; x_wconf 89' lang='lat' dir='ltr'>non</span> <span class='ocrx_word' id='word_1_919' title='bbox 3055 5441 3141 5489; x_wconf 88' lang='lat' dir='ltr'>est</span> <span class='ocrx_word' id='word_1_920' title='bbox 3163 5429 3556 5488; x_wconf 88' lang='lat' dir='ltr'>contemnenda</span> <span class='ocrx_word' id='word_1_921' title='bbox 3572 5423 3731 5477; x_wconf 77' lang='lat' dir='ltr'>doctri-</span> 
     </span>
    </p>
   </div>
   <div class='ocr_carea' id='block_1_110' title="bbox 2194 5508 3726 5595">
    <p class='ocr_par' dir='ltr' id='par_1_110' title="bbox 2194 5508 3726 5595">
     <span class='ocr_line' id='line_1_110' title="bbox 2194 5508 3726 5595; baseline -0.004 -19"><span class='ocrx_word' id='word_1_922' title='bbox 2194 5534 2286 5576; x_wconf 88' lang='lat' dir='ltr'>na.</span> <span class='ocrx_word' id='word_1_923' title='bbox 2321 5520 2596 5587; x_wconf 89' lang='lat' dir='ltr'>Quoniam</span> <span class='ocrx_word' id='word_1_924' title='bbox 2615 5523 2720 5580; x_wconf 87' lang='lat' dir='ltr'>etsi</span> <span class='ocrx_word' id='word_1_925' title='bbox 2747 5523 2933 5582; x_wconf 88' lang='lat' dir='ltr'>minus</span> <span class='ocrx_word' id='word_1_926' title='bbox 2956 5524 3139 5583; x_wconf 87' lang='lat' dir='ltr'>adhuc</span> <span class='ocrx_word' id='word_1_927' title='bbox 3159 5523 3386 5595; x_wconf 85' lang='lat' dir='ltr'>sapiunt</span> <span class='ocrx_word' id='word_1_928' title='bbox 3422 5517 3503 5575; x_wconf 86' lang='lat' dir='ltr'>vel</span> <span class='ocrx_word' id='word_1_929' title='bbox 3521 5508 3726 5588; x_wconf 49' lang='lat' dir='ltr'>possunt,</span> 
     </span>
    </p>
   </div>
  </div>
