3888 6172
213 246 313 302 613

902 247 1284 304 EXPOSITIO
1325 249 1401 302 IN
1441 248 1884 304 MATI‘HEUM.
1930 279 1992 291 —
2034 251 2168 305 LIB.
2216 251 2360 318 VIII,
2403 251 2560 306 CAP.
2603 253 2801 309 XVIII.

3373 256 3478 316 6H

211 370 396 443 angeli
428 385 622 426 eorum
643 371 884 426 multum
905 372 1132 444 sapiunt
1145 378 1200 427 et
1217 375 1574 446 possunt,qui
1594 375 1875 446 semperA
1894 379 2003 442 tos,
2029 375 2075 429 si
2105 375 2539 431 scandalizarint
2574 394 2676 432 nos
2713 379 2954 449 abjicere
2993 379 3174 450 jubet,
3222 397 3294 436 ne
3332 381 3480 439 forte

212 462 388 516 Deum
406 459 613 524 vident,
631 465 688 513 et
715 459 773 514 in
789 477 854 514 eo
869 462 1109 515 multum
1131 468 1382 532 possunt.
1408 463 1557 516 Nulli
1579 463 1811 517 dubium

212 566 331 603 esse
360 549 548 612 credo,
584 554 643 603 et
663 566 730 602 ex
769 550 1103 604 auctoritate
1143 550 1461 606 divinarum
1493 551 1810 623 Scriptura-

210 655 333 692 rum
381 639 660 703 ﬁrmatur,
697 639 928 707 angelos
977 639 1034 692 in
1077 639 1387 694 ministerio
1432 658 1553 694 esse
1601 641 1810 712 positos

207 744 405 782 eorum
420 726 518 797 qui
529 726 926 780 hieredidatem
945 728 1225 799 accepturi
1245 734 1377 782 sunt
1405 734 1625 783 aeternae
1647 729 1772 782 vitae
1792 748 1804 795 ;

209 822 268 870 ut
294 814 508 886 singuli
539 831 640 885 per
677 815 926 886 singulas
957 817 1345 888 principentur
1370 817 1684 889 provincias
1722 819 1808 872 vel

208 921 400 975 regna,
421 905 481 958 in
501 909 726 958 tantum
753 911 817 959 ut
844 905 1013 958 etiam
1040 905 1247 976 singuli
1275 923 1405 961 suos
1438 905 1679 960 habeant
1705 923 1807 960 an-

206 995 380 1064 gelos,
405 993 648 1047 maxime
679 993 828 1064 quia
859 995 974 1048 Deo
998 995 1379 1064 praedestinati
1397 1000 1546 1060 sunt,
1569 1012 1806 1065 quorum

208 1082 509 1137 hereditas
537 1087 625 1136 est
651 1087 874 1137 aeternas
896 1083 1020 1138 vitm
1052 1085 1365 1154 promissio.
1387 1084 1566 1149 Unde,
1591 1090 1655 1138 ut
1673 1084 1804 1150 dixi,

208 1171 468 1225 absoluta
495 1170 801 1225 auctoritas
832 1177 934 1235 est,
960 1173 1109 1242 quod
1138 1173 1338 1227 horum
1365 1173 1696 1245 pusillorum
1713 1188 1809 1226 an-

205 1259 313 1331 geli
335 1275 534 1314 eorum
565 1261 848 1314 orationes
869 1260 1107 1315 offerant
1134 1262 1269 1327 Deo,
1303 1278 1368 1315 ex
1408 1279 1517 1332 quo
1541 1261 1813 1332 incipiunt

207 1347 422 1420 aliquid
438 1349 640 1403 oﬁ‘erre
660 1349 806 1420 quod
827 1349 1060 1419 dignum
1071 1351 1146 1404 sit
1165 1351 1277 1404 Deo
1297 1369 1308 1417 ;
1329 1350 1479 1421 quia,
1496 1357 1558 1404 ut
1577 1350 1811 1421 dignum

207 1444 308 1508 est,
360 1438 610 1493 ministri
651 1439 944 1493 constituti
986 1445 1119 1493 sunt
1163 1440 1539 1494 Ecclesiarum
1580 1439 1704 1508 Dei,
1745 1440 1809 1492 Et

204 1528 694 1581 administratorii
721 1533 992 1582 vocantur
1017 1526 1262 1597 Spiritus
1287 1545 1319 1582 a
1350 1529 1524 1582 Paulo
1555 1527 1808 1598 apostolo

207 1616 448 1683 (Hebr.l,
483 1615 688 1687 14),qui
715 1616 969 1671 omnium
989 1622 1118 1671 vota
1148 1617 1543 1688 orationesque
1567 1617 1809 1671 offerunt

1891 463 2227 517 austeriores
2274 463 2328 516 in
2376 464 2461 517 his
2487 481 2607 518 esse
2636 466 2870 520 velimus
2899 483 3068 537 quam
3098 468 3374 538 expediat.
3415 469 3485 526 Et

1892 557 2168 622 temperat
2192 553 2529 608 sententiam
2551 571 2707 607 suam
2738 572 2810 608 ne
2838 560 3264 610 contemnamus
3294 573 3390 610 eos
3418 572 3484 612 ac

1892 641 1938 694 si
1968 642 2083 694 zelo
2114 641 2214 695 Dei
2255 642 2426 707 ducti,
2469 647 2526 696 et
2570 659 2682 696 non
2714 644 3020 697 secundum
3054 644 3345 698 scientiam
3384 661 3482 702 seu

1892 730 2220 784 charitatem
2239 731 2463 785 Christi.
2490 732 2568 784 Ac
2590 732 2637 784 si
2667 731 2878 785 diceret
2901 751 2911 784 :
2942 732 3030 786 Sic
3048 731 3307 804 praecipio
3336 749 3486 789 seve-

1889 818 2114 872 ritatem
2135 819 2195 872 in
2221 819 2487 872 membris
2517 825 2709 874 tenere
2727 821 2991 891 corporis,
3017 827 3080 874 ut
3104 821 3272 875 simul
3302 821 3484 893 pieta-

1891 912 2004 960 tem
2020 907 2391 973 charitatis,et
2401 908 2756 962 clementiam
2767 909 2999 962 fraterni
3011 909 3219 963 amoris
3231 910 3482 978 doceam,

1894 1000 1955 1048 ut
1970 1011 2070 1066 per
2083 1001 2322 1048 vestram
2342 996 2580 1050 salutem
2599 997 2770 1050 etiam
2797 998 3022 1051 illorum
3039 998 3303 1068 quaeratis
3337 997 3487 1054 sani-

1891 1088 2061 1137 tatem
2073 1083 2273 1146 .QuiaA
2287 1086 2434 1150 ngeli
2452 1100 2641 1138 eorum
2657 1102 2865 1153 semper
2884 1088 3071 1142 uident
3086 1088 3286 1153 faciem
3303 1088 3484 1142 Patris

1890 1173 2276 1237 mri.Quorum
2297 1172 2476 1226 ofﬁcio
2497 1180 2554 1227 et
2570 1173 2822 1242 precibus
2841 1180 3024 1239 τίει)
3042 1179 3278 1245 possunt
3295 1189 3486 1231 recon-

1894 1261 2089 1325 ciliari,
2116 1266 2180 1316 ut
2202 1267 2473 1315 sanentur
2501 1261 2560 1314 in
2590 1278 2820 1332 corpore
2849 1263 3075 1317 Christi.
3131 1264 3488 1336 Quapropter

1892 1367 1994 1404 nec
2014 1349 2354 1419 negandum,
2372 1350 2519 1420 quod
2537 1351 2921 1421 unusquisque
2941 1356 3168 1406 renatus
3187 1353 3244 1406 in
3262 1352 3485 1410 Christo

1891 1455 2057 1492 suum
2088 1437 2292 1492 habeat
2314 1439 2577 1509 angelum
2597 1439 2905 1506 custodem,
2925 1441 3022 1494 sed
3039 1441 3318 1511 quomodo
3334 1457 3486 1496 sem-

1889 1545 1991 1599 per
2017 1528 2244 1582 videant
2269 1528 2466 1582 faciem
2492 1529 2694 1594 Patris,
2733 1530 2799 1584 In
2828 1545 2986 1598 quem
3017 1531 3329 1585 desiderant
3361 1545 3489 1600 pro-

1889 1620 2112 1685 spice-re.
2145 1621 2288 1671 teste
2309 1617 2580 1691 apostolo,
2612 1633 2739 1671 cum
2770 1623 2827 1671 et
2854 1618 3002 1672 Deus
3028 1617 3275 1672 Trinitas
3293 1617 3489 1673 invisi-

202 1703 449 1769 Deo,sed
470 1721 574 1775 per
592 1703 878 1758 Christum
903 1721 1143 1776 quorum
1168 1705 1349 1759 ofﬁcio
1379 1721 1567 1759 coram
1588 1721 1809 1760 summo
1827 1680 1872 1740 Β
1893 1705 2020 1759 bilis
2051 1723 2170 1760 esse
2194 1706 2430 1772 dicatur,
2466 1689 2576 1760 non
2611 1723 2781 1777 parva
2812 1707 3044 1777 quaestio
3075 1712 3178 1776 est,
3211 1706 3320 1762 nisi
3355 1707 3490 1778 quia

204 1792 320 1846 Deo
356 1793 607 1864 quotidie
633 1793 981 1848 credentium
1008 1793 1327 1848 inferuntur
1357 1810 1550 1865 preces
1579 1798 1634 1848 et
1664 1793 1809 1848 refe-

209 1887 424 1935 runtur
476 1882 547 1935 ad
591 1899 694 1936 nos
741 1899 916 1952 usque
964 1883 1282 1953 impetrata.
1305 1883 1657 1954 Quapropter
1704 1883 1810 1937 etsi

204 1969 464 2024 terribile
486 1977 573 2025 est
602 1987 698 2024 eos
725 1977 1084 2026 contemnere
1117 1972 1367 2041 pusillos,
1391 1971 1491 2043 qui
1532 1973 1715 2025 adhuc
1751 1972 1810 2026 in

204 2059 312 2113 ﬁde
344 2059 508 2130 parvi
537 2066 690 2123 sunt,
715 2066 772 2114 et
799 2059 856 2114 in
887 2060 1066 2113 ofﬁcio
1090 2079 1102 2126 ;
1136 2059 1443 2114 terribilius
1463 2066 1550 2114 est
1571 2077 1666 2114 eos
1684 2077 1810 2114 con-

203 2147 429 2203 culcare
452 2149 557 2219 qui.
567 2155 696 2203 vota
713 2149 962 2202 omnium
979 2149 1177 2202 offerre
1195 2149 1546 2215 videntur,ad
1569 2167 1809 2220 quorum

202 2235 406 2303 ofﬁcia,
429 2243 495 2291 ut
525 2237 716 2308 plures
735 2237 910 2302 aiunt,
933 2253 1102 2308 super
1116 2254 1178 2291 os
1199 2238 1489 2292 constituti
1512 2245 1646 2292 sunt
1661 2238 1810 2309 prin-

200 2325 377 2396 cipes.
432 2325 531 2395 qui
571 2341 766 2379 eorum
819 2330 1006 2390 639
1053 2332 1331 2396 peragunt
1376 2326 1585 2398 absque
1641 2326 1809 2381 dubio

202 2413 406 2479 ofﬁcia,
441 2414 541 2484 qui
569 2414 764 2468 altaris
795 2431 916 2468 esse
944 2414 1254 2484 probantur
1287 2415 1549 2470 ministri.
1586 2416 1655 2470 Et
1686 2416 1809 2470 ideo

200 2503 671 2573 periculosissimi
688 2503 767 2556 illi
793 2509 1248 2567 contenmuntur,
1269 2521 1507 2574 quorum
1531 2505 1810 2558 desideria

203 2608 265 2646 ac
289 2592 713 2663 postulationes
734 2592 919 2663 angeli
933 2592 1180 2663 quotidie
1205 2593 1467 2647 offerunt.
1485 2593 1629 2657 Quia
1645 2610 1810 2648 nemo

202 2681 534 2735 mortalium
561 2682 742 2736 adhuc
769 2681 826 2735 in
855 2698 1022 2735 carne
1052 2682 1262 2752 peccati
1281 2699 1384 2754 per
1401 2699 1460 2736 se
1481 2683 1682 2752 dignus
1703 2687 1806 2750 est;

199 2769 413 2823 idcirco
451 2770 738 2841 provisum
778 2777 863 2823 est
900 2787 934 2824 a
973 2770 1408 2825 clementissimo
1449 2772 1565 2825 Deo
1611 2777 1676 2826 ut
1713 2787 1814 2842 per

200 2874 406 2914 manus
439 2860 773 2930 angelorum
785 2858 1589 2930 votaperferanturhominum
1613 2866 1670 2914 et
1695 2878 1816 2932 pre-

199 2963 289 3001 ces
315 2949 392 3002 ad
426 2949 620 3018 ipsum
648 2956 920 3003 aeternum
950 2947 1286 3004 invisibilem
1300 2950 1479 3003 Deum
1497 2949 1810 3016 ambitiose,

1892 1795 1970 1848 sic
2000 1800 2085 1848 est
2115 1794 2408 1848 invisibilis
2439 1800 2502 1850 ut
2539 1812 2703 1850 nemo
2743 1812 2870 1848 eum
2913 1796 3242 1866 angelorum
3280 1800 3489 1866 totum,

1894 1889 2063 1954 prout
2088 1889 2192 1951 est,
2211 1884 2630 1938 videat.Vident
2651 1901 2778 1938 eum
2811 1891 3003 1939 tamen
3031 1885 3238 1956 singuli
3269 1901 3486 1955 eorum,

1895 1978 2062 2043 prout
2091 1972 2170 2026 eis
2208 1973 2402 2026 datum
2434 1977 2536 2032 est.
2572 1972 2878 2027 secundum
2910 1973 3269 2028 excellentem
3291 1991 3489 2030 eorum

1893 2067 2154 2116 naturam
2175 2067 2231 2115 et
2257 2061 2518 2130 gratiam,
2555 2061 2635 2115 ita
2655 2067 2719 2115 ut
2741 2077 2842 2114 nec
2872 2078 3033 2115 amor
3064 2068 3120 2116 et
3148 2062 3490 2119 desiderium

1893 2168 2086 2204 eorum
2119 2150 2458 2204 anxietatem
2487 2155 2720 2220 generet
2747 2156 2961 2220 negata:
2998 2150 3246 2215 visionis,
3269 2152 3368 2206 sed
3397 2168 3490 2206 sa-

1892 2240 2168 2303 tietatem,
2190 2245 2248 2294 et
2274 2245 2493 2293 tantum
2518 2240 3006 2310 vident,quantum
3028 2240 3492 2297 desiderant.Nec

1893 2329 2126 2383 satietas
2165 2328 2389 2382 visionis
2437 2329 2745 2393 fastidium,
2798 2345 2938 2397 quos
2983 2329 3163 2399 replet
3195 2328 3317 2400 ipsa
3351 2329 3490 2386 visio

1893 2416 2182 2480 claritatis,
2206 2417 2385 2481 affert,
2419 2417 2552 2486 quia
2575 2423 2796 2470 tantum
2827 2432 2953 2470 eum
2987 2416 3192 2481 vident,
3217 2425 3493 2488 quantum

1896 2523 2090 2559 eorum
2116 2511 2320 2558 natura
2349 2506 2534 2559 videre
2565 2510 2769 2576 potest,
2807 2511 2864 2559 et
2893 2505 3020 2559 ideo
3043 2505 3112 2559 ad
3143 2506 3247 2560 hoc
3273 2507 3495 2562 deside-

1895 2600 2042 2659 rant,
2072 2600 2138 2648 ut
2165 2610 2291 2647 eum
2319 2611 2540 2665 semper
2563 2595 2683 2647 sine
2715 2593 2937 2648 fastidio
2963 2599 3172 2648 ament.
3200 2595 3268 2649 Et
3297 2601 3493 2654 amant

1897 2701 2063 2755 quem
2093 2683 2300 2744 vident,
2333 2682 2415 2736 ita
2441 2687 2503 2736 ut
2531 2699 2756 2753 semper
2779 2699 2908 2736 eum
2928 2682 3183 2749 videndo,
3217 2683 3339 2737 sine
3376 2683 3493 2740 ulla

1895 2773 2174 2827 anxietate
2205 2777 2398 2825 ament
2425 2788 2489 2825 ac
2517 2771 2854 2825 desiderent.
2905 2771 3064 2834 Quod
3103 2771 3149 2825 si
3199 2771 3488 2842 quaeritur,

1897 2862 2029 2933 quid
2055 2866 2231 2931 agunt
2257 2859 2480 2930 quando
2511 2860 2583 2914 ad
2633 2877 2735 2914 nos
2774 2859 3021 2924 veniunt,
3057 2865 3322 2914 utrumne
3360 2875 3493 2916 eum

1898 2950 2162 3005 videant?
2192 2949 2542 3003 (‘redendum
2565 2954 2668 3012 est,
2695 2949 2842 3018 quod
2871 2964 3161 3018 nunquam
3200 2949 3310 3002 nisi
3338 2949 3397 3004 in
3424 2964 3492 3004 eo

201 3042 263 3089 ut
279 3035 570 3107 quidquid
588 3037 776 3090 minus
794 3044 885 3092 est
904 3039 1138 3093 nobisin
1159 3044 1382 3103 natura,
1403 3039 1503 3092 ﬁat
1514 3045 1805 3110 acceptum
1823 3045 1865 3104 C
1888 3046 2039 3105 sunt,
2080 3038 2215 3109 quia
2243 3054 2343 3108 per
2372 3053 2498 3090 eum
2531 3041 2768 3089 currunt
2804 3041 2859 3088 et
2898 3036 3125 3090 veniunt
3163 3035 3258 3106 qui
3286 3035 3493 3107 ubique

199 3125 556 3179 sacriﬁcium
577 3131 830 3180 nostrum
854 3143 920 3180 ex
934 3127 1184 3198 angelico
1202 3128 1494 3182 famulatu.
1520 3129 1584 3182 In
1608 3127 1810 3198 quibus

198 3214 458 3285 profecto
501 3214 688 3268 verbis
726 3221 784 3268 et
825 3217 1120 3270 sententiis
1148 3233 1212 3270 ac
1246 3216 1433 3279 dictis,
1464 3217 1643 3271 multa
1679 3223 1812 3272 sunt

200 3318 327 3373 quae
355 3319 389 3357 a
421 3303 623 3357 multis
652 3311 1044 3375 proponuntur
1071 3305 1140 3359 de
1172 3305 1260 3358 his
1284 3311 1342 3359 et
1361 3306 1811 3376 quazruntur,sed

198 3406 303 3444 nos
335 3398 646 3463 utramque
667 3392 813 3446 viam
842 3399 1221 3464 temperantes
1247 3409 1430 3464 pauca
1457 3393 1526 3448 de
1555 3394 1810 3465 plurimis

195 3480 506 3550 elegimus,
547 3481 606 3534 in
645 3481 848 3552 quibus
892 3499 1024 3536 vera
1065 3482 1321 3536 doctrina
1362 3482 1807 3539 commendetur.

196 3569 494 3625 Caeterum
524 3571 622 3640 qui
654 3571 846 3625 volunt
869 3577 1122 3627 astruere
1137 3573 1204 3626 de
1226 3572 1472 3644 parvulis
1490 3571 1550 3625 in
1568 3572 1814 3626 Ecclesia

192 3661 300 3715 hoc
332 3661 559 3715 dictum
597 3677 738 3726 esse,
777 3662 971 3717 dicunt
1009 3663 1154 3734 quod
1186 3680 1297 3717 non
1328 3662 1526 3716 habuit
1555 3678 1812 3716 necessa-

194 3750 350 3804 rium
383 3750 653 3805 Christus
676 3752 946 3806 mandare
975 3752 1044 3806 de
1061 3752 1280 3823 magnis
1305 3758 1362 3806 et
1389 3751 1813 3823 perfectioribus

193 3840 474 3894 ﬁdelibus
504 3856 618 3893 non
647 3841 1088 3905 contemnendis,
1119 3841 1214 3895 sed
1251 3841 1577 3912 simpliciter
1605 3841 1674 3894 de
1705 3857 1809 3911 pu-

192 3928 339 3983 sillis
380 3930 447 3983 in
487 3928 619 3987 ﬁde.
663 3929 821 3984 Unde
847 3946 951 3984 nec
977 3929 1183 3984 dixisse
1213 3929 1392 3996 aiunt,
1425 3946 1538 3984 non
1567 3934 1812 3983 contem-

188 4019 348 4073 natis
375 4033 566 4073 unum
597 4017 670 4071 de
697 4017 820 4072 istis
855 4018 1133 4084 omnibus,
1173 4019 1267 4073 sed
1299 4034 1474 4073 unum
1495 4018 1564 4072 de
1593 4017 1812 4088 pusillis

188 4105 340 4172 istis,
377 4122 529 4178 quos
556 4106 678 4177 ipse
715 4106 1087 4177 cognoscebat
1107 4106 1338 4178 pusillos
1369 4123 1508 4161 esse.
1544 4106 1814 4161 Similiter

1891 3136 1997 3193 est,
2021 3133 2079 3182 et
2100 3127 2225 3180 ideo
2247 3142 2537 3196 nunquam
2568 3124 2638 3178 ab
2677 3125 2798 3194 ejus
2825 3123 3038 3178 visione
3064 3125 3350 3179 recedunt.
3383 3125 3492 3180 Fa-

1892 3219 2033 3273 ciem
2069 3221 2259 3270 autem
2287 3213 2470 3268 Patris
2497 3229 2664 3284 quam
2692 3213 2898 3280 vident,
2933 3229 3088 3267 more
3117 3213 3350 3268 humani
3375 3212 3493 3268 elo-

1892 3306 2010 3378 quii
2049 3304 2312 3376 appellat,
2349 3319 2460 3357 non
2483 3302 2631 3373 quod
2661 3302 2719 3356 in
2751 3303 2936 3370 Patre,
2956 3309 3056 3356 aut
3082 3301 3140 3356 in
3171 3303 3267 3358 illa
3293 3301 3494 3357 indivi-

1893 3396 2005 3450 dua
2031 3393 2303 3448 Trinitate
2335 3391 2548 3462 aliquid
2581 3407 2911 3462 corporeum
2940 3391 3032 3456 sit,
3065 3391 3149 3444 vel
3181 3392 3296 3446 ulla
3320 3391 3492 3446 linea-

1895 3490 2088 3538 menta
2115 3481 2380 3552 corporis,
2407 3480 2506 3533 sed
2542 3479 2740 3533 faciem
2756 3480 2939 3533 Patris
2964 3479 3208 3550 seipsum
3238 3479 3496 3535 Christus

1895 3577 2073 3637 vocat,
2098 3586 2264 3642 quem
2296 3585 2519 3639 semper
2542 3568 2729 3621 vident
2753 3567 2937 3637 angeli
2967 3574 3024 3621 et
3063 3584 3161 3638 per
3189 3584 3356 3640 quem
3385 3568 3495 3622 Pa-

1895 3666 2040 3715 trem
2071 3659 2299 3725 vident;
2331 3657 2465 3727 quia
2493 3656 2637 3710 sicut
2662 3671 2826 3708 nemo
2844 3655 2996 3708 venit
3023 3655 3092 3708 ad
3121 3656 3367 3721 Patrem,
3385 3655 3496 3709 nisi

1895 3767 1997 3822 per
2024 3749 2249 3813 Filium,
2281 3747 2358 3800 ita
2389 3761 2554 3798 nemo
2582 3744 2737 3798 videt
2774 3744 3020 3809 Patrem,
3045 3744 3152 3798 nisi
3179 3761 3280 3814 per
3307 3743 3495 3815 ipsum

1895 3839 2130 3904 Filium;
2161 3837 2295 3907 quia
2339 3850 2504 3888 nemo
2532 3832 2686 3888 novit
2708 3832 2895 3902 ipsum
2944 3832 3052 3886 nisi
3083 3831 3275 3895 Filius,
3307 3836 3365 3886 et
3404 3831 3496 3886 cui

1892 3926 2131 3982 voluerit
2159 3925 2330 3980 Filius
2360 3922 2609 3976 revelare
2640 3923 2819 3989 (Joan.
2852 3936 2940 3987 xv;
2975 3922 3101 3988 Luc,
3129 3923 3206 3990 x).

1977 4018 2124 4072 Venit
2155 4017 2303 4069 enim
2331 4013 2506 4066 Filius
2533 4011 2774 4064 hominis
2815 4013 3030 4064 salvare
3058 4010 3202 4078 quod
3226 4010 3491 4078 perierat.

1898 4105 2040 4169 Quia
2063 4104 2298 4168 dixerat,
2316 4102 2487 4155 Videte
2518 4116 2582 4153 ne
2603 4101 2968 4155 contemnatis
2984 4114 3165 4153 unum
3189 4114 3253 4152 ea
3264 4101 3496 4167 pusillis

189 4201 249 4250 et
298 4197 407 4267 qui
471 4195 705 4266 perfecti
752 4201 883 4251 sunt
929 4201 994 4251 ut
1039 4196 1250 4252 Paulus
1279 4196 1582 4268 apostolus,
1616 4195 1711 4266 qui
1754 4212 1813 4250 se
1900 4197 2040 4260 istis,
2073 4193 2198 4247 ideo
2241 4188 2516 4260 adjungit,
2547 4187 2696 4258 quia,
2734 4188 2883 4242 Venit
2902 4188 3078 4242 Filius
3105 4188 3348 4241 hominis
3377 4191 3494 4244 sal-

197 4291 280 4339 mi
285 4289 527 4339 nimum
547 4290 710 4338 vocat
734 4289 1105 4354 apostolorum
1136 4287 1184 4356 (Ι
1199 4286 1319 4341 Cor.
1338 4301 1426 4352 xv,
1448 4284 1520 4352 9),
1552 4284 1815 4338 scandala
1899 4300 2028 4338 vare
2047 4283 2192 4352 quod
2198 4283 2445 4350 perierat
2465 4297 2481 4343 ;
2507 4294 2572 4331 ac
2588 4277 2636 4331 si
2653 4276 3038 4342 diceret,venit
3057 4276 3207 4347 quod
3229 4276 3498 4348 pusillum

195 4375 308 4428 reci
318 4390 471 4445 pere
495 4389 610 4427 non
629 4378 901 4444 possunt:
931 4375 1197 4446 quoniam
1204 4391 1322 4444 pax
1341 4378 1519 4429 multa
1534 4376 1813 4442 diligenli-
1832 4363 1880 4422 D
1899 4377 1985 4426 est
2013 4385 2262 4443 quaerere
2283 4373 2340 4422 et
2367 4367 2613 4433 salvare;
2646 4365 2772 4420 ideo
2793 4365 2971 4436 magis
2995 4366 3116 4436 jam
3144 4365 3294 4437 quod
3322 4365 3498 4422 salva-

151 4457 162 4467 ’
193 4464 519 4532 buslegem,
543 4467 592 4516 et
616 4467 812 4516 nonest
829 4465 945 4518 illis
960 4465 1290 4518 scandalum
1319 4459 1813 4534 (Psal.cxvm,16).

191 4549 424 4606 Tamen
473 4551 642 4621 juxta
696 4550 1038 4606 Ezechielem
1084 4557 1268 4621 potest
1314 4567 1434 4606 esse
1471 4552 1679 4622 justus,
1721 4551 1818 4621 qui

191 4645 487 4711 operatus
529 4639 609 4692 sit
650 4639 956 4693 secundum
1002 4639 1191 4694 omnia
1239 4657 1361 4710 qum
1416 4640 1636 4711 operari
1675 4639 1819 4694 solet

183 4730 417 4800 justus,
450 4728 503 4782 is
533 4728 584 4782 si
612 4728 908 4782 recesserit
931 4745 965 4782 a
989 4728 1269 4782 mandatis
1299 4728 1400 4782 Dei
1437 4734 1494 4782 et
1523 4728 1716 4783 fecerit
1752 4743 1819 4782 ea

187 4835 320 4889 quae
353 4818 515 4872 solet
529 4817 740 4888 impius
760 4816 999 4888 operari,
1023 4817 1239 4887 priores
1249 4816 1684 4887 justiﬁcationes
1697 4817 1744 4887 ej
1755 4834 1819 4872 us

187 4907 488 4962 oblivioni
516 4905 843 4960 traduntur.
881 4905 986 4969 Qui
1017 4905 1123 4958 nisi
1153 4913 1336 4976 potest
1361 4905 1724 4959 scandalizari
1762 4911 1820 4959 et

185 4997 258 5051 de
283 4997 468 5050 bonis
499 5002 558 5049 et
580 4995 789 5048 sanctis
811 4994 1072 5065 Operibus
1093 4994 1163 5047 ad
1183 4994 1654 5065 iniquatransire,
1678 4994 1822 5048 sicut

187 5103 219 5140 e
236 5085 553 5140 contrario
571 5083 707 5137 etde
731 5084 894 5137 malis
912 5083 980 5137 ad
1001 5083 1525 5154 bona,nequaquam
1550 5085 1823 5155 propheta

184 5178 338 5231 talia
365 5173 768 5247 proposuisset
790 5178 989 5227 contra
1009 5173 1416 5243 speculatorem
1445 5190 1479 5226 a
1497 5189 1607 5243 quo
1627 5174 1821 5227 anima

186 5263 562 5337 requirenda
605 5269 883 5316 censetur.
913 5261 1166 5316 Tradunt
1192 5267 1384 5316 autem
1415 5266 1472 5315 et
1499 5262 1673 5315 alium
1697 5278 1821 5316 sen-

186 5373 353 5421 sum,
383 5369 523 5407 cum
547 5351 647 5415 ait,
665 5352 742 5405 Ne
761 5354 1120 5405 contemnatis
1146 5367 1325 5405 unum
1341 5353 1402 5405 de
1418 5354 1642 5419 pusillis
1662 5353 1783 5404 istis
1797 5396 1809 5408 .

187 5444 372 5512 Quod
394 5442 532 5496 ideo
553 5440 781 5507 dixerit,
804 5440 936 5511 quia
955 5457 1056 5513 per
1070 5456 1301 5495 manum
1318 5445 1376 5494 et
1393 5440 1592 5511 pedem
1607 5456 1685 5506 se,
1705 5455 1820 5495 non

186 5527 774 5604 oculum,quoslibet
795 5545 954 5590 caros
981 5535 1039 5587 et
1069 5529 1300 5587 eximios
1315 5529 1374 5586 in
1395 5528 1640 5585 Ecclesia
1665 5529 1820 5603 posi-

1899 4467 2020 4516 tum
2041 4465 2128 4514 est
2155 4475 2256 4530 per
2278 4457 2466 4518 ﬁdem,
2501 4455 2672 4510 nolite
2697 4454 2949 4526 perdere.
2984 4454 3277 4526 Sequitur:

1972 4551 2115 4616 Quid
2142 4549 2287 4601 vobis
2301 4548 2537 4611 videtur,
2562 4547 2612 4598 si
2628 4540 2845 4612 fuerin't
2864 4546 3042 4598 alicui
3057 4548 3277 4598 centum
3296 4559 3433 4610 oves,
3447 4549 3499 4600 et

1899 4641 1950 4693 si
1978 4640 2248 4692 erraverit
2267 4651 2382 4689 una
2396 4651 2464 4688 ea:
2483 4636 2576 4698 eis,
2603 4648 2784 4686 nonne
2807 4633 3079 4701 relinquet
3105 4635 3415 4700 nonaginta
3433 4635 3501 4689 in

1906 4728 2206 4792 montibus,
2240 4730 2288 4778 et
2315 4725 2468 4777 vadet
2498 4737 2739 4791 querere
2775 4736 2897 4774 eam
2926 4735 3046 4790 qua:
3081 4723 3331 4786 erravit;
3361 4727 3409 4776 et
3452 4724 3504 4776 si

1900 4818 2189 4883 contigerit
2222 4819 2284 4867 ut
2325 4814 2575 4866 inveniat
2607 4826 2750 4878 eam,
2780 4815 2886 4863 etc.
2922 4808 3131 4864 Eadem
3170 4810 3407 4881 replicat
3442 4814 3500 4865 et

1899 4905 2207 4960 reinculcat
2226 4918 2348 4974 quae
2367 4916 2537 4970 supra
2555 4898 2792 4964 dixerat,
2805 4903 2870 4952 ut
2884 4914 3048 4952 nemo
3063 4915 3158 4953 eos
3177 4903 3501 4954 contemnat

1903 5011 2042 5066 quos
2087 4993 2241 5046 venit
2286 4990 2457 5045 Filius
2505 4987 2746 5042 hominis
2789 5003 3036 5057 quaerere
3076 4993 3134 5041 et
3165 4988 3399 5053 salvare,
3442 4992 3501 5042 et

1904 5083 1961 5137 in
1991 5081 2239 5137 humeris
2283 5079 2399 5133 suis
2429 5095 2493 5131 ac
2535 5077 2582 5130 si
2609 5081 2803 5147 pastor
2834 5081 3123 5146 reportare
3149 5077 3221 5130 ad
3243 5092 3494 5146 gregem,

1901 5179 1965 5227 ut
1995 5189 2058 5226 ex
2085 5173 2190 5224 hoc
2215 5169 2526 5223 insinuaret
2545 5182 2713 5236 quam
2737 5165 3272 5237 periculosissimum
3301 5165 3377 5218 sit
3403 5181 3499 5222 eos

1901 5266 2258 5314 contemnere
2289 5274 2426 5328 quos
2459 5254 2732 5319 Christus,
2758 5260 2949 5326 pastor
2969 5254 3172 5319 ovium,
3193 5270 3319 5309 cum
3337 5259 3500 5310 tanta

1908 5355 2075 5414 ’141
2118 5347 2409 5418 diligentia
2456 5345 2709 5418 quaesivit
2737 5344 2795 5398 in
2826 5343 3013 5414 terris,
3045 5349 3110 5397 ut
3135 5360 3231 5398 eos
3257 5345 3501 5416 propriis

1901 5439 2152 5493 humeris
2172 5442 2488 5508 reportaret
2501 5435 2572 5490 ad
2594 5434 2760 5488 caelos
2777 5439 2834 5487 et
2853 5433 2923 5487 ad
2936 5433 3280 5488 consortium
3297 5449 3500 5506 super-

1901 5544 2103 5589 norum
2121 5526 2344 5596 civium,
2361 5541 2601 5602 quorum
2630 5524 2819 5595 angeli
2846 5539 3054 5595 semper
3081 5525 3268 5580 vident
3294 5525 3498 5594 faciem
