3888 6172
485 248 594 308 615

1255 239 1312 292 S.
1356 231 1728 290 PASCHASII
1768 227 2128 284 RADBERTI
2165 225 2480 281 ABBATIS-
2512 225 3001 280 CORBEIENSIS.

3565 232 3640 286 616

489 380 693 441 Patris,
726 389 864 445 quos
895 369 1122 439 reliquit
1147 363 1456 433 nonaginta
1483 364 1540 412 et
1563 372 1759 410 novem
1793 355 1849 407 in
1873 354 2137 412 monti-A
2158 354 2300 406 Nam
2322 353 2438 405 ovis
2463 353 2556 405 illa
2587 369 2708 422 quae
2730 351 2952 421 perdita
2969 355 3054 403 est
3083 349 3136 402 in
3178 349 3355 415 Adam,
3384 351 3566 406 inventa
3585 356 3644 407 le-

487 467 613 531 hus,
628 464 800 519 autin
820 462 1061 522 deserto,
1080 462 1137 510 et
1156 453 1308 507 venit
1329 466 1498 505 unam
1521 462 1767 517 quaerere
1787 461 1909 513 quae
1932 459 2078 495 erra-

487 559 665 609 verat.
685 552 770 605 Ad
802 551 905 603 hoc
934 548 1138 618 quippe
1171 548 1392 598 tantum
1424 541 1725 606 exaggerat
1746 533 2080 603 dignitatem

489 648 694 699 nostrae
721 635 1144 707 redemptionis,
1171 649 1241 685 ne
1269 633 1702 683 contemnantur
1723 623 1865 676 male
1896 622 1989 692 qui
2025 621 2081 673 in

489 732 711 787 Christo
742 727 994 788 credunt,
1030 736 1268 793 quorum
1302 723 1388 771 est
1435 717 1554 786 ipse
1599 718 1808 784 pastor.
1845 713 2081 780 Propter

492 837 631 893 quos
675 814 904 885 reliquit
951 810 1262 882 angelicam
1291 805 1626 875 dignitatem
1658 802 1715 855 in
1745 798 2074 862 cmlestibus,

493 887 733 982 quorum
754 908 886 958 sunt
905 901 1010 972 ipsi
1027 901 1312 953 consortes
1337 892 1544 962 angeli;
1562 897 1619 945 et
1633 891 1691 943 in
1711 905 1904 942 eorum
1921 887 2086 940 obse-

491 977 635 1071 quiis
666 1000 729 1049 ut
751 991 1085 1052 ministrent,
1106 1004 1140 1040 a
1164 987 1297 1050 Deo,
1319 998 1511 1054 preces
1528 985 1586 1034 et
1605 984 1726 1032 vota
1751 979 1808 1031 in
1835 977 2086 1030 ministe-

485 1066 571 1141 rio
588 1082 858 1155 deputati.
878 1078 1036 1134 Unde
1066 1075 1263 1130 Daniel
1294 1073 1375 1126 ait
1411 1072 1470 1124 in
1493 1069 1706 1122 visione
1728 1083 1830 1120 sua
1863 1081 1876 1117 :
1902 1066 2086 1118 Miltia

490 1177 739 1229 millium
755 1169 1158 1224 ministrabant
1177 1165 1244 1224 ei,
1267 1166 1314 1214 et
1325 1162 1493 1214 dem'es
1505 1162 1730 1212 centena
1751 1157 1938 1208 millia
1953 1155 2088 1206 assi-

492 1265 702 1319 stebant
731 1263 782 1314 ei
811 1261 972 1327 (Dan.
1003 1272 1056 1318 v,
1082 1250 1191 1322 10).
1225 1249 1368 1314 Quia
1396 1247 1501 1302 etsi
1531 1246 1627 1299 alii
1657 1249 1790 1299 sunt
1815 1243 1912 1314 qui
1939 1242 2083 1296 assi-

491 1357 669 1416 stunt,
713 1349 807 1402 alii
845 1352 1035 1400 tamen
1066 1341 1161 1412 qui
1192 1339 1519 1393 ministrant
1546 1335 1604 1388 in
1634 1332 1946 1386 ministerio
1984 1347 2084 1401 po-

493 1442 604 1507 siti,
642 1444 700 1493 et
740 1449 962 1506 semper
990 1431 1180 1484 vident
1214 1427 1412 1481 faciem
1445 1424 1648 1478 Patris.
1684 1424 1864 1476 Homo
1897 1427 2086 1474 autem

489 1531 597 1584 iste
621 1529 783 1598 juxta
811 1526 1039 1585 Lucam,
1072 1535 1238 1590 quem
1271 1512 1970 1570 Matthaausindifferenter
1989 1526 2088 1580 po-

2163 447 2327 495 vatur
2354 457 2388 494 a
2412 441 2654 502 Christo,
2681 447 2735 493 et
2778 438 3020 510 propriis
3049 439 3167 507 ejus
3205 438 3440 504 humeris,
3475 448 3526 493 ut.
3546 443 3644 507 dixi,

2163 531 2441 600 imposita,
2468 529 2597 599 quia
2627 528 2894 598 languida
2923 545 2987 580 ac
3000 528 3162 592 lassa,
3185 528 3357 580 multis
3374 537 3652 584 vexatamor-

2164 619 2250 672 bis
2293 636 2392 690 per
2419 636 2478 672 se
2522 618 2705 672 redire
2755 634 2864 671 non
2897 621 3133 687 poterat.
3168 633 3334 686 neque
3365 634 3451 686 per
3471 617 3653 673 liberum

2163 709 2480 771 arbitrium,
2513 713 2578 760 ut
2615 707 2840 776 quidam
2884 705 3030 758 male
3059 703 3314 757 sentiunt.
3346 705 3470 774 Ergo
3493 706 3656 761 levatur

2163 798 2223 850 in
2267 797 2516 850 humeris
2545 798 2687 865 ejus,
2719 796 2777 849 in
2826 793 3026 865 quibus
3070 794 3244 846 factus
3267 799 3364 846 .est
3388 794 3659 864 principatus

2167 887 2338 940 etiam
2367 887 2663 955 gloriosus.
2684 885 2790 948 Qui
2821 883 3067 954 profecto
3097 882 3305 935 humeri
3321 883 3476 936 crucis
3491 882 3664 937 brachia

2167 981 2324 1041 sunt;
2342 975 2472 1049 illic
2497 980 2687 1028 nostra
2701 978 2925 1044 peccata
2955 972 3182 1026 sustulit
3209 977 3261 1024 et
3279 971 3489 1041 portavit
3506 991 3516 1036 ;
3536 972 3580 1024 in
3595 973 3666 1025 illa

2167 1064 2340 1118 nobili
2371 1065 2582 1118 cervice
2596 1064 2671 1134 pii
2698 1063 2958 1134 pastoris,
2976 1061 3188 1114 nobiles
3207 1061 3328 1113 facti
3344 1060 3668 1130 requiescimus

2170 1159 2227 1208 et
2252 1159 2563 1224 portamur,
2587 1153 2682 1206 ubi
2712 1151 2966 1222 quamvis
3007 1166 3123 1203 una
3153 1149 3358 1202 dicatur
3383 1149 3499 1212 ovis,
3525 1166 3669 1202 omnes

2165 1243 2394 1309 fuimus,
2417 1242 2547 1313 quia
2572 1257 2765 1295 omnes
2785 1257 2957 1294 unum
2989 1255 3188 1308 corpus
3215 1254 3414 1302 sumus,
3442 1237 3523 1290 sed
3541 1237 3673 1290 multa

2168 1332 2612 1386 membra.Dives
2639 1330 2813 1400 igitur
2832 1335 3024 1399 pastor
3042 1333 3247 1391 noster,
3268 1328 3416 1396 cujus
3435 1341 3673 1379 nosomnes

2168 1419 2663 1491 centesimaportio
2678 1419 2767 1472 vix
2779 1416 3182 1472 sumus.Habet
3194 1431 3419 1485 namque
3436 1415 3675 1483 nonaginta

2171 1525 2369 1563 novem
2401 1526 2528 1562 oves
2558 1508 2614 1561 in
2643 1507 2902 1577 supernis
2922 1505 3224 1570 montibus,
3249 1504 3339 1559 ubi
3366 1520 3555 1556 amoena
3571 1520 3677 1555 sem-

493 1592 770 1686 suit,vipse
793 1611 1050 1667 Christus
1077 1613 1180 1666 est.
1214 1604 1308 1676 qui
1337 1603 1488 1658 venit
1514 1617 1763 1672 quierere
1791 1599 1937 1670 quod
1961 1614 2089 1668 per—
2108 1677 2150 1686 ﬁ
2172 1616 2273 1670 per
2297 1604 2426 1653 sunt
2457 1614 2682 1668 pascua,
2715 1613 3048 1666 semperque
3068 1594 3317 1648 virentia.
3333 1594 3396 1647 Et
3416 1592 3675 1656 notandum,

490 1677 653 1770 ierat,
673 1677 779 1775 per
810 1702 912 1756 hoc
939 1698 1112 1769 quod,
1148 1697 1375 1750 Verbum
1405 1708 1533 1746 caro
1558 1694 1770 1758 factum
1803 1693 1958 1751 est,el
1996 1677 2154 1740 lia-B
2177 1689 2321 1759 quod
2353 1695 2410 1741 et
2440 1687 2639 1756 Angeli
2670 1686 2838 1740 etiam
2895 1685 3002 1755 ipsi
3047 1701 3176 1738 oves
3213 1687 3475 1744 vocamur,
3499 1696 3679 1750 quorum

498 1798 690 1850 bitavit
723 1796 786 1846 in
811 1791 964 1844 nobis
993 1781 1343 1858 (Joan.I,l-’l).
1376 1782 1558 1836 Unam
1585 1795 1717 1848 ergo
1748 1793 1906 1830 ovem
1936 1775 2088 1829 venit

495 1898 767 1956 quaerere,
793 1895 916 1950 quae
935 1875 1163 1931 omnino
1183 1887 1388 1943 genere
1418 1875 1503 1923 est
1523 1885 1638 1922 una
1667 1871 1724 1920 et
1751 1882 1862 1919 non
1884 1864 2084 1935 specie,

495 1990 561 2028 eo
599 1971 744 2044 quod
777 1985 879 2040 per
904 1967 1048 2020 hanc
1073 1979 1245 2018 unam
1275 1976 1433 2014 ovem
1481 1973 1646 2011 omne
1674 1971 1854 2025 genus
1893 1969 2087 2007 eorum

493 2043 774 2132 designat,
799 2057 894 2129 qui
919 2053 1174 2125 requisiti
1204 2057 1260 2104 et
1290 2048 1501 2103 inventi
1522 2050 1886 2116 reportantur
1926 2059 1959 2095 a
1988 2043 2090 2095 Do-

491 2153 645 2207 mino
676 2147 925 2221 quotidie
953 2145 1025 2198 ad
1050 2157 1296 2214 gregem.
1320 2140 1387 2192 Et
1411 2139 1515 2190 hoc
1541 2140 1627 2189 est
1656 2133 1803 2204 quod
1834 2133 2086 2185 dixerat:

500 2243 654 2295 Venit
669 2240 840 2292 Filius
870 2235 1111 2288 hominis
1141 2233 1359 2285 saluare
1371 2227 1515 2295 quod
1530 2227 1773 2292 perierat
1797 2223 1940 2284 (Luc.
1968 2234 2084 2285 xxx,

496 2329 580 2396 10)
592 2328 690 2381 .De
702 2342 810 2396 qua
822 2323 1090 2376 nimirum
1105 2315 1380 2372 oveDavid
1394 2315 1666 2385 plangens
1683 2317 1740 2365 et
1759 2311 1953 2364 dolens
1972 2309 2091 2362 lon-

494 2433 564 2488 ge
581 2421 731 2470 retro
751 2411 971 2467 dicebat
994 2428 1004 2462 :
1035 2409 1241 2463 E-rravi
1259 2409 1397 2459 sicut
1421 2406 1532 2457 ovis
1551 2419 1668 2471 qua:
1685 2403 2092 2469 pariemt,quae-

499 2486 559 2560 re
587 2519 803 2559 servum
836 2507 1014 2562 tuum,
1040 2496 1633 2561 Dominc(Psal.cxvm,
1665 2487 1804 2554 176,.
1827 2488 1934 2542 Sed
1957 2486 2088 2557 quid

495 2595 592 2650 ille
637 2592 834 2647 orabat
873 2586 1217 2657 evangelista
1255 2581 1454 2654 probat
1488 2586 1545 2634 et
1573 2579 1724 2641 dicit,
1761 2576 1893 2647 quia
1922 2576 2088 2629 homo

493 2684 673 2740 factus
703 2686 789 2736 est
804 2682 924 2751 jam
959 2676 1220 2748 implesse
1251 2689 1371 2743 quae
1398 2670 1680 2743 Propheta
1705 2683 1934 2736 gemens
1963 2682 2090 2718 ora-

496 2773 594 2828 bat
625 2797 635 2830 :
667 2773 865 2836 Quaere
895 2782 1117 2822 servum
1149 2771 1330 2827 tuum,
1365 2760 1618 2823 Domine,
1652 2757 1784 2827 quia
1815 2755 1993 2808 erravi
2015 2755 2091 2806 si-

495 2868 592 2917 cut
616 2861 732 2916 ovis
763 2875 885 2930 quae
913 2856 1175 2928 perierat.
1207 2849 1493 2906 Sentiebat
1537 2864 1596 2900 se
1639 2845 1959 2915 patriarcha
1987 2843 2091 2895 Da-

491 2952 582 3004 vid
609 2951 669 3004 in
700 2949 880 3004 Adam
911 2946 1056 2999 male
1087 2958 1304 2996 errasse
1333 2955 1397 2992 ac
1425 2935 1727 3006 deperiisse
1779 2932 1980 2985 idcirco
2011 2931 2092 2983 di-

2172 1778 2426 1832 Christus
2439 1783 2523 1830 est
2540 1781 2747 1846 pastor,
2774 1780 2830 1828 et
2857 1774 2964 1845 ipsi
2994 1790 3122 1827 oves
3156 1778 3212 1826 et
3239 1772 3377 1840 agni.
3406 1771 3515 1823 Non
3540 1775 3682 1821 tamen

2172 1883 2205 1920 a
2241 1872 2446 1919 natura
2491 1881 2618 1918 oves
2668 1863 2851 1933 angeli
2872 1867 3026 1931 sunt,
3058 1863 3202 1915 sicut
3230 1877 3328 1914 nec
3359 1859 3592 1920 homines,
3615 1856 3683 1908 sed

2171 1956 2407 2025 ﬁgurate
2431 1953 2711 2015 dicuntur,
2735 1969 2800 2006 eo
2833 1951 2980 2022 quod
2999 1967 3194 2004 eorum
3225 1949 3459 2002 omnium
3486 1947 3685 1999 innocen-

2171 2044 2250 2097 tia
2270 2043 2549 2096 indefessa
2577 2042 2832 2109 sequitur
2849 2040 3130 2095 Christum
3149 2055 3352 2109 agnum
3377 2038 3510 2090 inter
3534 2049 3687 2106 pascua

2172 2131 2315 2196 vitae,
2365 2137 2421 2184 et
2447 2130 2673 2184 deducit
2708 2129 2832 2182 illos
2860 2129 2978 2199 ipse
3008 2129 3078 2181 ad
3117 2129 3298 2181 fontes
3328 2141 3586 2196 aquarum.
3611 2121 3686 2175 Ubi

2173 2221 2218 2273 si
2258 2219 2478 2290 quaeris,
2513 2220 2706 2284 lector,
2739 2234 2840 2272 cur
2869 2217 3180 2287 nonaginta
3209 2221 3264 2270 et
3291 2231 3473 2269 novem
3502 2229 3606 2266 oves
3627 2209 3688 2263 di.

2171 2316 2375 2363 cuntur
2402 2309 2608 2362 relictae
2633 2309 2692 2361 in
2713 2306 3014 2371 montibus,
3041 2322 3168 2360 cum
3192 2302 3589 2359 innumerabiles
3611 2300 3690 2352 sint

2171 2415 2369 2468 greges
2397 2398 2452 2451 in
2481 2414 2546 2450 eo
2571 2398 2790 2450 deserto
2821 2413 2960 2466 quos
2973 2396 3219 2466 reliquit,
3253 2393 3458 2447 noveris
3474 2390 3584 2462 quia
3603 2388 3691 2442 ideo

2170 2487 2239 2540 de
2277 2487 2532 2557 plurimis
2549 2503 2672 2556 quae
2691 2486 2927 2539 dicenda
2958 2490 3118 2538 erant
3147 2500 3322 2555 pauca
3349 2481 3632 2551 carpsimus,
3649 2490 3693 2528 eo

2172 2575 2320 2646 quod
2344 2576 2459 2629 haec
2488 2575 2751 2646 parabola
2784 2573 3218 2645 praecedentium
3242 2575 3461 2626 Patrum
3478 2568 3613 2622 dictis
3641 2565 3697 2617 fa-

2172 2665 2484 2719 mosissima
2497 2665 2792 2735 explanata
2805 2669 2907 2727 est,
2932 2680 3042 2717 non
3063 2664 3251 2716 minus
3268 2662 3560 2715 Graecorum
3572 2670 3697 2726 quam

2178 2755 2500 2808 Latinorum
2549 2753 2903 2807 tractatibus.
2952 2752 3060 2806 Sed
3111 2753 3244 2822 quia
3274 2766 3456 2804 omnes
3476 2747 3695 2807 dixerunt,

2175 2843 2323 2913 quod
2351 2843 2443 2895 hic
2471 2843 2666 2897 finitus
2709 2859 2978 2896 numerus
3016 2857 3117 2912 pro
3159 2840 3377 2894 inﬁnito
3405 2835 3590 2910 positus
3613 2833 3666 2886 sit
3689 2849 3697 2882 :

2173 2933 2558 3002 quaerendum,
2592 2949 2765 3002 quare
2796 2931 3100 3001 nonaginta
3130 2936 3189 2984 et
3214 2946 3407 2984 novem
3434 2932 3622 2980 tantum
3643 2936 3701 2973 re-

497 3039 690 3094 cebat:
726 3037 930 3091 Erravi
958 3037 1099 3087 sicut
1129 3033 1240 3083 ovis
1260 3045 1376 3096 quae
1392 2989 1732 3095 periitQuia
1759 3022 1816 3074 in
1846 3021 1941 3074 illo
1971 3021 2090 3090 ipso
2109 2989 2152 3049 G
2175 2989 2317 3075 [ictae
2347 2989 2652 3075 dicuntur‘?
2698 3023 2820 3075 Non
2849 2989 3024 3091 igitur
3050 3019 3268 3080 dubito,
3303 3018 3441 3089 quod
3482 3010 3703 3070 sententia

496 3126 674 3181 Adam
725 3140 785 3177 se
814 3120 1119 3191 deperiisse
1165 3115 1375 3170 sciebat
1403 3119 1460 3167 et
1487 3112 1812 3176 aberrasse;
1847 3108 1976 3179 quia
2026 3111 2092 3162 In

2173 3127 2286 3164 non
2311 3116 2470 3164 vacat
2491 3127 2525 3164 a
2553 3111 2842 3182 mysterio.
2865 3109 2975 3165 Sed
2998 3109 3130 3180 quia
3162 3125 3359 3162 novem
3384 3112 3504 3160 sunt
3530 3101 3702 3156 ordines

495 3216 674 3269 Adam
701 3189 1242 3266 omnes—moriuntur
1266 3205 1316 3270 (Ι
1333 3206 1452 3258 Cor.
1482 3216 1571 3264 xv,
1593 3198 1704 3266 22),
1733 3203 1894 3268 rogat
1914 3203 1977 3250 ut
1991 3213 2093 3267 per
2174 3201 2501 3269 angelorum
2541 3205 2724 3265 143
2763 3199 3051 3269 Scriptura
3100 3203 3345 3252 testatur
3399 3195 3579 3249 divina.
3611 3189 3706 3243 Ideo

497 3302 784 3358 Christum
813 3313 1006 3352 omnes
1048 3294 1414 3348 vivificentur.
1464 3289 1622 3344 Unde
1652 3294 1707 3342 et
1737 3287 1966 3358 quidam
2005 3302 2092 3340 co-

500 3391 652 3445 dices
684 3389 1004 3442 Graecorum
1031 3400 1132 3455 pro
1151 3399 1216 3437 eo
1240 3381 1388 3452 quod
1416 3395 1519 3433 nos
1565 3376 1854 3441 habemus,
1887 3391 2084 3443 quare,

495 3484 646 3547 ζῆσον
677 3477 903 3542 habent,
938 3475 994 3529 id
1026 3478 1129 3539 est,
1153 3472 1384 3525 viviﬁca.
1419 3470 1494 3524 Ut
1520 3468 1594 3522 sit
1623 3482 1841 3530 sensus,
1873 3464 2089 3518 viviﬁca

495 3584 718 3624 servum
738 3573 918 3631 tuum,
949 3563 1081 3636 quia
1108 3566 1363 3615 mortuus
1382 3559 1534 3630 jacet
1561 3557 1618 3610 in
1633 3557 1831 3610 Adam.
1851 3553 1958 3608 Sed
1983 3569 2096 3606 me-

494 3656 606 3710 lius
650 3659 881 3723 ζήτησον,
917 3652 1064 3724 quod
1101 3653 1202 3715 est,
1241 3663 1437 3717 quare,
1485 3645 1581 3699 alii
1613 3644 1830 3699 codices
1860 3640 2087 3708 habent,

496 3743 752 3818 quamvis
781 3758 927 3797 unus
955 3741 1029 3795 sit
1054 3755 1277 3795 sensus.
1318 3737 1427 3792 Sed
1465 3733 1832 3806 opportunior
1849 3735 1936 3784 est
1962 3729 2092 3783 huic

496 3834 618 3889 loco
651 3835 836 3902 Quare
854 3847 1073 3886 servum
1111 3835 1291 3882 tuum.
1327 3823 1604 3890 Quoniam
1644 3822 1760 3876 ovis
1781 3838 1904 3891 quae
1929 3835 2086 3873 erra-

495 3929 656 3979 verat
683 3920 986 3995 quaerenda
1010 3923 1131 3973 erat
1158 3935 1193 3972 a
1222 3920 1465 3987 pastore,
1499 3929 1570 3967 ne
1603 3911 1825 3983 periret.
1856 3910 2088 3963 Fatetur

493 4014 712 4085 lapsum
737 4028 903 4066 suum
921 4006 1273 4079 Prophetain
1288 4021 1352 4059 eo
1368 4005 1426 4058 in
1444 4019 1552 4074 quo
1574 4008 1659 4056 est
1685 4001 1736 4054 ei
1758 4017 1881 4054 cum
1905 3997 2088 4052 omni-

493 4101 600 4156 bus
619 4115 917 4154 commune
944 4095 1286 4151 consortium
1332 4092 1474 4156 Quia
1505 4107 1671 4144 nemo
1703 4089 1798 4160 qui
1825 4089 1882 4141 in
1905 4088 2085 4140 Adam

494 4206 609 4244 non
637 4189 712 4241 sit
738 4194 993 4240 mortuus
1033 4184 1242 4252 absque
1269 4197 1333 4235 eo
1363 4181 1458 4250 qui
1491 4180 1640 4233 solus
1679 4179 1938 4231 inventus
1978 4182 2080 4242 est,

497 4279 652 4332 Inter
671 4281 916 4328 mortuos
939 4275 1077 4326 liber
1103 4271 1276 4335 (Psat.
1310 4282 1542 4328 Lxxxvn,
1577 4263 1651 4330 6).
1688 4266 1796 4319 Sed
1822 4266 1929 4320 iste
1954 4265 2088 4335 quia

2173 3289 2322 3342 hunc
2348 3305 2646 3342 numerum
2669 3289 2919 3360 posuisse
2949 3288 3250 3352 credimus,
3271 3286 3406 3358 quia
3429 3288 3618 3337 tantum
3644 3292 3707 3327 ra-

2172 3377 2290 3431 lent
2319 3379 2626 3447 nonaginta
2655 3383 2712 3431 et
2740 3394 2938 3431 novem
2967 3377 3036 3430 ad
3063 3380 3474 3431 sacramentum
3511 3368 3710 3441 praeﬁgu-

2173 3467 2424 3532 rationis,
2462 3474 2736 3538 quantum
2775 3467 2878 3520 soli
2922 3482 3142 3530 novem,
3179 3466 3276 3536 qui
3308 3469 3391 3518 est
3412 3460 3587 3516 tertius
3612 3469 3710 3524 qua-

2175 3556 2370 3610 dratus
2409 3573 2708 3621 numerus;
2764 3563 2819 3610 et
2850 3555 2982 3625 quia
3027 3555 3132 3609 sub
3170 3556 3281 3608 isto
3311 3566 3533 3608 numero
3559 3556 3712 3600 novem

2176 3647 2505 3715 angelorum
2543 3646 2810 3699 dicuntur
2840 3661 2960 3698 esse
2993 3644 3254 3711 ordines;
3301 3658 3470 3698 unum
3501 3643 3575 3693 est
3605 3651 3656 3687 ac
3677 3630 3709 3682 si

2174 3735 2434 3788 dicantur
2460 3735 2770 3804 nonaginta
2799 3739 2855 3788 et
2884 3750 3102 3792 novem.
3127 3740 3192 3788 ut
3221 3734 3324 3787 soli
3345 3745 3532 3786 novem
3556 3720 3714 3779 intelli-

2175 3829 2399 3892 gantur.
2434 3823 2539 3876 Sed
2573 3823 2705 3892 quia
2726 3822 2780 3876 in
2806 3822 3040 3892 singulis
3061 3839 3260 3876 eorum
3284 3818 3554 3876 ordinibus
3569 3812 3713 3867 nullus

2172 3911 2564 3981 praeﬁguratus
2598 3916 2684 3964 est
2713 3927 3000 3974 numerus,
3038 3927 3143 3963 nec
3176 3910 3306 3964 sciri
3338 3912 3511 3980 potest
3546 3903 3604 3958 ab
3628 3898 3713 3953 ullo

2171 4000 2494 4054 mortalium
2521 4006 2767 4070 quantus
2788 4000 2879 4064 sit,
2900 4005 3202 4070 propterea
3215 4016 3327 4053 non
3351 3995 3608 4051 immerito
3620 3987 3714 4043 ﬁni-

2169 4096 2260 4144 tus
2282 4107 2380 4160 pro
2394 4089 2614 4143 inﬁnito
2636 4089 2884 4159 ponitur,
2897 4089 2977 4142 ita
2989 4094 3052 4142 ut
3071 4088 3216 4143 bene
3236 4088 3438 4142 tertius
3461 4082 3712 4156 quadratus

2170 4179 2495 4249 accipiatur,
2520 4195 2590 4231 ne
2611 4184 2708 4232 aut
2735 4177 2981 4230 Trinitas
3001 4177 3148 4231 desit
3166 4179 3226 4231 in
3248 4177 3597 4233 numero.aut
3615 4180 3720 4237 qua-

2169 4269 2399 4322 dratura
2429 4267 2650 4321 numeri
2687 4267 2834 4320 desit
2856 4267 2911 4320 in
2942 4266 3220 4319 Trinitate
3253 4268 3414 4319 ﬁrma
3439 4269 3492 4316 et
3527 4253 3715 4314 stabilis»

497 4364 644 4420 sicut
671 4361 786 4417 ovis
822 4365 1005 4426 φιτ
1034 4357 1299 4429 perierat,
1335 4355 1467 4424 quia
1495 4355 1554 4407 in
1575 4354 1670 4406 illo
1699 4354 1878 4423 primo
1910 4354 2088 4407 Adam
2104 4347 2233 4411 Dac
2261 4357 2664 4427 conquadrata,
2695 4372 2766 4409 ne
2785 4355 2918 4409 ullis
2951 4371 3203 4425 unquam
3245 4354 3461 4409 saeculis
3485 4350 3740 4410 moveatur.

495 4453 854 4509 aberraverat
880 4467 914 4503 a
939 4449 1046 4512 via,
1072 4446 1197 4533 idep
1225 4449 1389 4514 rogat
1405 4449 1467 4497 ut
1490 4443 1742 4513 requirat
1753 4458 1881 4496 eum
1898 4448 2088 4512 pastor

493 4544 694 4600 bonus.
720 4545 898 4597 Nemo
916 4540 1064 4594 enim
1088 4535 1356 4610 perit,qui
1372 4537 1613 4606 perfecte
1627 4533 1912 4602 cognoscit
1931 4550 2087 4587 erro-

494 4649 617 4689 rem
665 4648 850 4686 suum.
903 4628 1047 4693 Quid
1096 4631 1182 4680 est
1224 4641 1355 4695 ergo
1409 4624 1614 4690 dicere,
1656 4639 1840 4693 quaere
1865 4639 2088 4677 servum

491 4727 676 4789 tuum,
699 4721 809 4775 nisi
841 4734 1027 4790 quaere
1055 4716 1270 4787 lapsam
1300 4719 1356 4768 et
1385 4729 1677 4768 erroneam
1708 4729 1864 4766 ovem
1894 4712 2089 4765 tuam?

491 4811 654 4871 Veni.
685 4816 878 4881 pastor
916 4806 1150 4862 Domine
1178 4806 1328 4870 Jesu,
1375 4819 1581 4875 quaere,
1627 4802 1771 4856 sicut
1803 4818 1963 4856 ovem
1993 4802 2088 4855 Jo-

491 4900 650 4973 s'e'ph,
677 4899 807 4970 quia
838 4897 1045 4952 erravit
1065 4895 1181 4950 ovis
1209 4901 1309 4949 tua
1327 4894 1461 4949 dum
1492 4899 1554 4947 tu
1585 4892 1822 4946 moraris
1849 4892 1908 4945 in
1934 4907 2089 4944 mon-

489 4990 664 5046 tibus.
685 4988 958 5058 Relinque
987 4985 1298 5054 nonaginta
1315 4991 1369 5038 et
1401 4999 1596 5037 novem
1621 4998 1749 5036 oves
1777 4987 1904 5034 tuas
1935 4996 2088 5034 secu-

492 5096 609 5143 rus,
637 5078 769 5151 quia
795 5077 981 5131 nullus
1010 5081 1095 5130 est
1123 5075 1287 5145 lupus
1317 5090 1425 5144 quo
1446 5079 1508 5127 tu
1537 5089 1631 5126 cas
1660 5070 2088 5140 relinquis,nul-

492 5169 582 5224 lus
632 5170 812 5223 malus
862 5169 1171 5237 operarius,
1206 5163 1394 5217 nullus
1424 5169 1481 5216 et
1510 5161 1887 5215 mercenarius
1919 5177 1928 5211 :
1961 5160 2084 5213 veni

493 5275 596 5332 per
631 5258 1013 5329 temetipsum,
1049 5272 1233 5327 quaere
1265 5269 1422 5308 ovem
1453 5269 1574 5322 quae
1607 5251 1830 5314 erravit,
1861 5254 2085 5320 reporta

494 5348 834 5403 contractam
863 5353 920 5400 et
946 5346 1187 5400 debilem
1219 5361 1340 5415 quae
1357 5342 1618 5413 perierat.
1655 5340 1853 5410 Sicque
1873 5339 2083 5392 factum

495 5443 581 5492 est
607 5443 672 5491 ut
695 5437 891 5504 oravit,
919 5435 1085 5496 venit.
1105 5433 1380 5507 quaesivit.
1396 5431 1625 5496 invenit,
1641 5436 1696 5483 et
1723 5428 1961 5500 propriis
1985 5428 2084 5481 hu-

494 5527 687 5596 meris,
719 5526 865 5584 sicut
889 5541 1136 5605 praesens
1163 5521 1432 5600 parabola
1459 5525 1720 5589 testatur,
1753 5516 2080 5594 reportavit.

2170 4464 2234 4501 ac
2261 4446 2654 4500 confundatur.
2687 4445 2835 4508 Quos
2876 4461 3067 4498 omnes
3116 4445 3176 4497 in
3228 4442 3508 4498 montibus
3530 4430 3718 4508 justitire

2170 4536 2416 4606 reliquit,
2456 4535 2525 4588 de
2564 4549 2671 4604 qua
2699 4533 2922 4604 justitia
2957 4533 3245 4602 Propheta
3275 4533 3348 4586 ad
3379 4533 3548 4586 Deum
3575 4522 3716 4578 dicit:

2168 4627 2407 4679 Justitiaa
2436 4629 2540 4677 tuae
2568 4627 2710 4677 sicut
2755 4628 2962 4676 montes
3008 4624 3104 4676 Dei
3157 4623 3325 4685 (Psal.
3367 4635 3518 4680 xxxv,
3562 4613 3624 4680 7).
3670 4608 3720 4661 Et

2170 4713 2295 4767 ideo
2320 4713 2451 4784 quia
2477 4729 2572 4766 eos
2604 4713 2661 4766 in
2691 4711 2779 4765 his
2808 4710 3090 4765 montibus
3122 4712 3382 4765 firmatos
3415 4703 3636 4777 reliquit,
3670 4695 3722 4751 ad

2170 4819 2271 4857 nos
2300 4819 2530 4856 securus
2552 4801 2721 4867 venit,
2754 4800 2903 4871 quia,
2949 4802 3107 4854 Verbo
3155 4802 3391 4854 Domini
3418 4799 3528 4852 cali
3549 4787 3724 4860 ﬁrma“

2169 4899 2318 4952 sunt.
2379 4897 2427 4946 et
2484 4894 2688 4960 spiritu
2736 4893 2848 4944 oris
2909 4893 3023 4958 ejus
3087 4891 3274 4942 omnis
3333 4891 3508 4942 virtus
3573 4890 3724 4936 eorum

2173 4984 2332 5050 (Psal.
2364 4995 2534 5044 xxxu,
2576 4977 2652 5049 6).
2701 4979 2860 5034 Unde
2906 4995 3006 5049 pro
3037 4995 3306 5032 converso
3334 4992 3445 5031 uno
3483 4973 3724 5045 peccatore

2169 5070 2348 5139 magis
2377 5069 2645 5139 gaudium
2681 5069 2746 5121 ﬁt
2784 5068 2841 5121 in
2873 5068 3030 5132 coelo,
3065 5083 3236 5137 quam
3266 5082 3436 5137 supra
3466 5057 3727 5127 nonaginta

2167 5175 2364 5214 novem
2376 5159 2546 5228 justis
2574 5158 2668 5228 qui
2699 5173 2811 5210 non
2838 5157 3093 5226 indigent
3116 5155 3452 5226 pmnitentia
3467 5152 3532 5206 ob
3546 5158 3728 5203 conser-

2167 5253 2350 5302 vatam
2363 5247 2600 5318 justitiae
2621 5247 2876 5301 laetitiam
2909 5247 2963 5299 in
2989 5245 3334 5299 cmlestibus.
3373 5245 3438 5298 Et
3466 5241 3508 5295 si
3536 5234 3725 5309 quidam

2167 5339 2402 5392 eximius
2425 5338 2716 5390 doctorum
2736 5336 2885 5389 hunc
2899 5351 3195 5390 numerum
3211 5334 3531 5387 relictarum
3550 5326 3722 5382 ovium,

2165 5429 2232 5482 de
2261 5428 2347 5481 his
2374 5427 2585 5481 dictum
2616 5425 2854 5496 accipiat
2880 5426 3092 5493 ovibus,
3133 5440 3278 5495 quas
3318 5419 3540 5491 reliquit
3569 5416 3618 5468 in
3645 5410 3724 5464 de-

2165 5522 2334 5589 serto,
2365 5533 2479 5573 non
2497 5516 2567 5574 de
2595 5515 2810 5588 angelis
2836 5515 3080 5588 quidem,
3095 5513 3194 5572 sed
3215 5513 3288 5569 de
3310 5528 3374 5570 su
3379 5500 3722 5584 perbientibus
