3888 6172
184 309 289 367 617

881 311 1257 369 EXPOSITIO
1297 313 1375 368 IN
1414 310 1858 367 MATTHIEUM.
1893 340 1957 351 -
1998 310 2133 366 LIB.
2177 310 2325 377 VIlI,
2370 312 2526 367 CAP.
2570 314 2769 371 XVIII.

3347 324 3451 383 618

177 433 521 506 quibuslibet
536 436 877 502 hominibus,
892 456 1032 510 quos
1059 438 1329 510 superbos
1350 438 1631 509 significat
1654 443 1775 491 tan-
1791 439 1840 497 A
1855 436 2214 503 transfertur,
2248 438 2622 503 centenarias,
2654 447 3010 498 retormatur.
3034 445 3141 510 Qui
3155 447 3448 508 formatus,

177 541 344 595 quam
374 525 737 580 solitudinem
763 534 1024 597 gerentes
1059 528 1116 581 in
1144 528 1354 591 animo,
1375 528 1510 582 dum
1539 528 1686 581 solos
1716 542 1775 579 se
1808 558 1813 561 ε

178 614 349 667 videri
373 615 588 678 volunt,
612 615 814 685 quibus
841 617 909 670 ad
941 618 1336 688 perfectionem
1366 616 1555 671 unitas
1582 616 1774 669 deesse

176 703 465 775 probatur.
491 704 632 759 Cum
651 705 822 764 enim.
848 705 1051 775 inquit,
1078 706 1312 777 quisque
1342 723 1377 759 a
1397 722 1525 760 vera
1556 705 1773 758 unitate

176 792 477 851 divellitur.
492 809 608 847 suae
625 794 918 865 potestatis
928 811 1051 848 esse
1070 795 1318 866 cupiens,
1332 811 1432 866 per
1451 792 1770 865 superbiam

175 882 367 952 utique
397 881 698 936 divellitur.
735 883 860 936 Non
908 883 1058 937 enim
1104 883 1360 954 sequitur
1415 899 1591 938 unum
1621 882 1768 953 quod

174 970 319 1024 Deus
343 976 451 1037 est,
482 970 722 1041 ideoque
751 978 815 1025 ut
852 972 971 1042 ipse
1000 972 1080 1026 ait
1130 973 1189 1026 in
1235 973 1542 1043 nonaginta
1570 988 1770 1026 novem

172 1060 386 1125 ovibus,
419 1060 581 1130 ponit
608 1076 804 1114 eorum
834 1060 1320 1130 signiﬁcationem.
1356 1062 1462 1126 Qui
1490 1062 1560 1116 de
1580 1077 1640 1115 se
1652 1060 1772 1131 qui-

172 1149 290 1203 dem
312 1155 737 1220 praesumentes,
761 1150 1143 1221 peccatoribus
1164 1151 1234 1205 ad
1263 1152 1501 1205 salutem
1527 1151 1769 1205 redeun-

172 1238 315 1292 tibus
344 1255 408 1292 se
438 1243 808 1309 anteponunt.
858 1239 1043 1293 Unum
1074 1241 1262 1311 itaque
1291 1240 1469 1309 deest,
1499 1245 1558 1295 et
1576 1239 1646 1293 ad
1674 1256 1770 1293 no-

170 1343 305 1392 vem,
340 1333 406 1381 ut
433 1327 626 1381 decem
647 1326 778 1392 sint,
811 1332 868 1381 et
886 1328 955 1381 ad
987 1329 1293 1399 nonaginta
1314 1345 1532 1395 novem,
1554 1335 1622 1383 ut
1636 1344 1767 1382 cen-

170 1421 285 1471 tum
317 1416 440 1470 sint
464 1434 477 1482 ;
510 1420 569 1469 et
596 1415 644 1470 si
677 1432 775 1486 per
788 1421 1017 1471 caeteros
1038 1417 1360 1488 hujusmodi
1380 1434 1646 1471 numeros
1663 1417 1769 1471 hoc

168 1504 512 1571 consideres,
546 1504 627 1558 ita
646 1504 913 1559 invenies.
946 1506 1166 1560 Variari
1186 1522 1430 1577 namque
1452 1523 1551 1578 per
1580 1506 1768 1560 brevi-

168 1600 336 1648 tatem
367 1599 430 1648 et
454 1593 901 1663 magnitudinem
919 1611 1114 1649 eorum
1140 1596 1360 1650 numeri
1390 1601 1626 1666 possunt
1645 1596 1763 1669 qui-

166 1682 257 1737 bus
284 1699 475 1737 unum
506 1682 665 1736 deest
688 1688 752 1736 ut
782 1682 1161 1753 perﬁciantur,
1216 1683 1398 1754 ipsum
1428 1700 1557 1737 vero
1586 1698 1760 1737 unum

165 1772 275 1826 sine
320 1772 598 1825 varietate
654 1771 713 1825 in
761 1788 883 1825 sese
914 1777 1122 1825 manet.
1155 1772 1412 1836 Quicum
1469 1754 1825 1827 accesseritB

160 1861 476 1931 nonaginta
511 1877 707 1914 novem
731 1859 924 1914 ovibu's
946 1861 1002 1915 in
1018 1861 1318 1916 solitudine
1341 1878 1571 1916 suorum
1601 1861 1766 1916 delic-

160 1955 338 2003 torum
362 1948 872 2015 commorantibus,
904 1950 1258 2004 centenarius
1278 1950 1552 2021 perfectus
1566 1966 1763 2004 nume-

158 2055 245 2092 rus
272 2038 723 2108 redintegratur.
747 2038 891 2102 Quia
903 2038 1009 2092 nisi
1040 2055 1141 2109 per
1162 2039 1550 2109 paenitentiam
1571 2056 1766 2094 omnes

104 2146 110 2151 ε
164 2132 491 2198 peccatores
516 2127 832 2199 receperint
862 2128 1004 2181 hanc
1049 2128 1322 2182 unitatem
1351 2128 1411 2182 in
1442 2146 1501 2182 se
1526 2130 1640 2182 Deo
1672 2145 1763 2183 re-

159 2217 467 2282 conciliati,
489 2221 539 2281 ,
554 2222 672 2281 44
697 2223 854 2271 extra
882 2217 1031 2271 hunc
1048 2233 1348 2271 numerum
1370 2217 1466 2289 qui
1483 2218 1537 2272 in
1551 2217 1764 2272 dextris

160 2306 373 2361 levatus
405 2321 675 2359 coronam
703 2306 983 2377 exprimit,
1006 2305 1392 2361 remanebunt.
1416 2307 1516 2361 Pia
1536 2306 1765 2377 quidem

160 2394 549 2466 intelligentia
595 2395 934 2449 sanctissimi
988 2395 1249 2460 doctoris,
1285 2396 1382 2449 sed
1442 2396 1540 2449 illa
1585 2396 1766 2450 verior

160 2484 598 2539 commendatur
625 2483 683 2537 in
705 2500 816 2555 qua
845 2483 1048 2554 reliqui
1078 2500 1270 2538 omnes
1295 2490 1411 2538 tam
1441 2485 1761 2538 Graecorum

163 2590 331 2644 quam
362 2573 703 2628 Latinorum
738 2573 994 2627 doctores
1034 2573 1381 2628 concordare
1396 2573 1672 2627 videntur.
1697 2573 1765 2628 Et

161 2664 343 2717 omnis
374 2663 501 2716 haec
516 2661 782 2733 parabola
809 2661 913 2716 hoc
940 2662 1207 2728 insinuat,
1241 2663 1388 2733 quod
1420 2663 1544 2734 pius
1574 2668 1765 2734 pastor

161 2751 284 2806 inde
304 2752 381 2806 ad
406 2768 518 2805 nos
548 2751 717 2815 venit,
744 2750 839 2805 ubi
870 2768 964 2805 eas
989 2768 1118 2805 oves
1146 2751 1397 2822 reliquit,
1415 2768 1527 2806 non
1554 2752 1764 2823 imper-

156 2840 333 2896 fectas
355 2847 464 2894 aut
484 2840 728 2897 vitiatas.
749 2840 914 2894 sedin
938 2839 1154 2894 minuto
1175 2855 1410 2894 numero
1428 2846 1657 2912 propter
1672 2857 1767 2895 eos

160 2931 252 3001 qui
273 2930 628 2985 ceciderant.
658 2929 764 2993 Qui
821 2929 1063 3000 profecto
1122 2946 1392 2983 numerus
1441 2946 1505 2983 ex
1552 2929 1767 2984 unitate

157 3025 548 3084 restauratur,
579 3024 645 3073 ut
663 3019 1019 3072 centenarius
1046 3018 1325 3089 perfectus
1354 3018 1411 3072 in
1441 3019 1650 3072 dextris
1678 3019 1767 3072 in-
1787 3074 1822 3092 ﬁ

155 3110 441 3172 veniatur,
476 3115 537 3162 et
563 3108 689 3161 ideo
720 3125 831 3161 non
885 3107 1311 3178 quinquaginta,
1360 3124 1471 3161 non
1500 3078 1825 3162 ducentas“

151 3198 318 3261 dixit,
352 3198 457 3253 sed
484 3204 733 3251 centum.
770 3197 837 3250 Et
865 3213 928 3251 ex
958 3197 1045 3250 his
1074 3212 1247 3250 unam
1299 3197 1560 3267 perdidit,
1594 3203 1658 3251 ut
1685 3214 1769 3251 os-

154 3287 444 3348 tenderet.
476 3301 591 3339 non
618 3302 685 3338 ex
715 3285 921 3338 damno
951 3290 1174 3339 tantum
1227 3285 1398 3339 fuisse
1441 3286 1687 3339 dolorem
1710 3285 1768 3339 in

150 3377 316 3442 casio,
368 3392 573 3430 verum
607 3374 776 3428 etiam
799 3380 856 3427 et
873 3390 941 3427 cx
965 3390 1216 3427 numero.
1251 3375 1508 3445 Namque
1538 3373 1766 3427 amissio

152 3466 323 3519 unius
345 3469 537 3518 tuum
570 3462 943 3533 dissipaverat
997 3462 1382 3516 centenarium
1432 3479 1763 3529 numerum;

150 3553 283 3623 quia
296 3560 361 3607 et
374 3552 673 3604 dexteram
692 3550 984 3620 redegerat
996 3550 1065 3603 ad
1080 3549 1363 3604 sinistram
1373 3556 1457 3616 ,ut
1477 3551 1769 3622 dispendio

150 3642 325 3695 unius
354 3640 598 3695 sinistra
625 3639 983 3693 clauderetur
1006 3639 1489 3703 omnis,etdextra
1506 3640 1645 3694 nihil
1675 3640 1771 3694 ha-

151 3727 331 3784 beret.
369 3728 793 3798 Nonagesimus
821 3733 879 3782 et
904 3744 1085 3782 nonus
1114 3745 1381 3783 numerus
1434 3729 1492 3783 in
1541 3729 1770 3784 sinistra

149 3819 291 3873 latet
304 3819 567 3879 clausus,
602 3823 659 3871 et
674 3817 1009 3871 constrictus
1024 3818 1215 3880 hazret,
1241 3824 1532 3873 ettenetur
1552 3819 1770 3873 conclu-

147 3922 265 3961 sus.
282 3908 444 3972 Quia
464 3912 659 3960 tamen
680 3905 777 3959 ubi
799 3906 967 3960 unius
982 3907 1294 3977 perceperit
1312 3913 1368 3961 et
1388 3908 1771 3978 senseritaug-

144 4003 440 4061 mentum,
474 4012 604 4049 mox
634 3994 707 4049 ad
736 3996 979 4065 palmam
1009 3995 1250 4050 dexterae
1277 3997 1634 4061 transit,mox
1648 4013 1774 4051 cen-

143 4086 364 4140 tenarii
395 4085 627 4140 numeri
659 4085 909 4156 pervenit
938 4084 1010 4138 ad
1036 4102 1317 4151 coronam,
1354 4102 1463 4140 non
1498 4086 1643 4157 quod
1667 4102 1771 4140 an-

138 4174 421 4243 gelorum
438 4173 671 4228 illorum
695 4174 790 4244 qui
816 4179 1222 4240 remanserant,
1241 4191 1380 4245 quos
1393 4174 1636 4245 reliquit,
1660 4174 1775 4228 ulla

142 4270 299 4318 met
308 4264 399 4318 im
405 4262 803 4334 perfectio,sed
826 4262 1145 4317 imminutio
1161 4262 1383 4317 numeri
1400 4269 1553 4316 certa
1572 4263 1646 4316 im
1654 4279 1774 4334 per-

138 4351 317 4408 factio
352 4356 513 4420 erat,
528 4352 663 4423 quia
682 4352 777 4423 qui
797 4352 928 4406 facit
948 4368 1071 4406 esse
1088 4368 1210 4422 qua:
1240 4368 1353 4406 non
1384 4358 1535 4414 sunt,
1552 4352 1773 4423 perdita

1856 541 1985 579 mox
2013 542 2217 580 corona
2247 525 2306 580 in
2335 543 2402 580 eo
2432 528 2789 598 exprimitur,
2823 532 2971 587 unde
3002 539 3059 588 et
3078 536 3250 605 judex
3267 538 3453 593 Chris-

1856 618 1949 668 tus
1976 614 2037 668 in
2065 615 2256 669 futuro
2303 631 2431 669 oves
2478 616 2705 686 quidem
2751 628 2896 690 (quae
2926 628 3011 677 est
3038 630 3155 678 tota
3186 626 3449 696 Ecclesia)

1856 709 2068 757 statuet
2094 703 2153 757 in
2184 703 2415 766 dextris,
2447 704 2636 761 hedos
2679 713 2868 762 autem
2899 709 2955 764 in
3003 712 3248 768 sinistris
3276 715 3451 771 relin-

1855 797 2009 863 quet.
2043 791 2149 846 Sed
2174 793 2450 862 quomodo
2488 794 2717 864 agmina
2764 796 2825 849 in
2871 801 3130 869 supernis
3165 803 3450 860 montibus

1852 879 2179 951 angelorum
2194 880 2500 952 reliquerit,
2518 883 2615 953 qui
2658 899 2947 955 nunquam
2975 888 3163 949 caelos.
3185 891 3332 947 sicut
3346 909 3449 948 nec

1851 969 2075 1023 Patrem
2087 969 2335 1040 reliquit,
2344 971 2601 1040 quaerend
2610 989 2704 1026 um
2715 975 2946 1043 aestimo;
2967 982 3244 1048 quatenus
3265 985 3450 1050 145

1852 1058 1985 1129 quid
2015 1059 2090 1113 sit
2118 1058 2410 1129 reliquisse
2430 1060 2478 1129 ej
2488 1076 2551 1113 us
2572 1060 2965 1132 intelligamus.
2991 1065 3135 1131 Quia
3154 1084 3446 1140 nunquam

1810 1144 1815 1149 ’
1853 1147 2145 1218 reliquisse
2171 1152 2322 1202 recte
2366 1147 2572 1202 dicitur
2629 1166 2757 1204 cum
2788 1152 2989 1222 quibus
3014 1172 3237 1228 semper
3272 1160 3445 1215 fuisse

1851 1237 2139 1309 probatur.
2183 1237 2343 1292 Unde
2393 1237 2703 1306 fatendum,
2737 1240 2885 1311 quod
2913 1243 3057 1298 sicut
3099 1245 3205 1301 iste
3234 1248 3293 1302 in
3339 1249 3445 1305 hoc

1850 1326 2149 1397 Evangelio
2173 1326 2440 1397 loquitur,
2473 1327 2604 1397 quia
2629 1327 2859 1398 reliquit
2881 1330 3105 1386 Patrem
3126 1340 3184 1388 et
3206 1337 3358 1391 venit
3382 1338 3443 1394 in

1848 1415 2124 1469 mundum
2148 1434 2160 1481 ;
2193 1414 2273 1468 ita
2328 1414 2553 1485 reliquit
2580 1421 2638 1469 et
2665 1417 2894 1487 angelos
2932 1419 2991 1474 in
3021 1422 3356 1493 caelestibus,
3386 1434 3444 1482 et

1850 1503 2000 1557 venit
2020 1503 2077 1558 in
2107 1503 2292 1557 terris.
2324 1503 2574 1575 Reliquit
2599 1509 2791 1559 autem
2819 1523 2945 1561 cum
2967 1514 3313 1580 semetipsum
3332 1518 3441 1569 emi-

1848 1596 2071 1647 nanivit
2099 1593 2353 1664 formam
2409 1596 2556 1647 servi
2600 1597 2873 1663 accipiens
2899 1598 3130 1669 (Philip.
3164 1614 3222 1665 II,
3258 1603 3333 1672 7).
3374 1604 3441 1659 In

1846 1698 1959 1753 qua
1977 1681 2244 1736 nimirum
2277 1681 2475 1747 forma,
2512 1682 2643 1753 quia
2671 1683 2824 1737 illam
2856 1691 3103 1741 nostram
3136 1692 3443 1763 assumpsit

1845 1777 2126 1839 naturam,
2150 1770 2303 1824 venit
2325 1771 2384 1824 in
2413 1771 2685 1825 mundum
2736 1772 2829 1826 ubi
2858 1782 2980 1828 erat
3009 1776 3185 1847 prius,
3215 1796 3328 1834 non
3359 1797 3441 1836 re-

1844 1860 2104 1931 linquens
2133 1876 2260 1913 oves
2285 1859 2409 1913 illas
2437 1860 2850 1931 quodammodo
2874 1880 2998 1916 cum
3023 1866 3223 1935 quibus
3234 1874 3357 1924 erat
3384 1876 3440 1925 et

1846 1949 2020 2019 prius.
2055 1948 2169 2003 Hoc
2203 1948 2405 2020 quippe
2455 1948 2747 2021 reliquisse
2791 1950 2898 2004 fuit
2932 1954 3296 2026 semetipsum
3325 1958 3438 2013 exi-
3520 1940 3524 1944 ³

1848 2038 2091 2104 nanisse,
2121 2037 2265 2090 sicut
2293 2043 2350 2091 et
2385 2054 2542 2092 ovem
2602 2038 2744 2091 hanc
2770 2056 2805 2092 a
2830 2040 3093 2111 gregibus
3123 2043 3431 2116 oberrasse,

1847 2127 1979 2197 quia
2007 2126 2065 2181 in
2093 2125 2354 2196 paradiso
2394 2127 2608 2197 positus
2634 2126 2846 2198 primus
2887 2129 3056 2185 homo
3084 2150 3187 2204 per
3213 2135 3434 2209 culpam

1845 2231 2050 2287 pascua
2078 2214 2201 2269 vitae
2227 2214 2487 2287 perdidit.
2520 2215 2786 2286 Sequitur
2816 2235 2829 2270 :

1916 2306 2089 2359 Amen
2118 2306 2236 2356 dico
2262 2305 2426 2367 vobis,
2450 2306 2584 2373 quia
2619 2306 2875 2372 gaudebit
2903 2324 3069 2376 super
3098 2326 3218 2365 eam
3256 2315 3437 2384 magis

1845 2409 2013 2461 quam
2042 2408 2212 2461 supra
2243 2395 2550 2460 nonaginta
2575 2409 2763 2447 novem
2792 2412 2910 2462 quae
2940 2413 3052 2451 non
3081 2409 3432 2459 erraverunt.

1845 2481 2023 2535 Lucas
2050 2497 2179 2534 vero
2210 2479 2744 2535 concelebrationem
2792 2482 2850 2536 in
2870 2484 3038 2555 hujus
3062 2489 3256 2558 gaudii
3286 2508 3437 2548 men-

1844 2569 1997 2623 tione
2024 2569 2261 2635 dedicat,
2286 2586 2412 2623 cum
2443 2570 2524 2623 ait
2544 2570 2677 2641 quia
2703 2583 2966 2627 convoca:
2998 2577 3207 2632 amicos
3227 2584 3285 2633 et
3317 2581 3441 2636 vici-

1846 2675 1947 2713 nos
1968 2664 2160 2730 pastor
2182 2658 2350 2729 hujus
2378 2659 2510 2724 ovis,
2543 2659 2734 2714 dicens
2760 2660 2871 2716 illis
2904 2680 2915 2715 :
2950 2664 3441 2733 Congratulamini

1846 2750 2007 2813 mihi,
2038 2752 2173 2817 quia
2202 2751 2392 2802 inveni
2407 2765 2555 2803 ovem
2584 2766 2762 2805 meam
2777 2768 2895 2819 qua
2912 2757 3156 2822 perierat
3181 2759 3327 2815 (Luc.
3342 2774 3434 2829 xv,

1851 2837 1921 2907 6).
1946 2837 2080 2901 Quae
2109 2836 2376 2891 nimirum
2428 2839 2855 2908 congratulatio,
2888 2842 3140 2912 quamvis
3168 2845 3338 2902 simul
3366 2849 3442 2904 sit

1849 2925 2153 2979 amicorum
2175 2929 2233 2978 et
2258 2925 2517 2996 pastoris,
2540 2927 2723 2996 majus
2742 2933 2933 2983 tamen
2961 2933 3203 3001 pastoris
3222 2935 3440 2992 videtur

1850 3030 1970 3068 esse
1996 3013 2287 3084 gaudium,
2337 3014 2426 3068 cui
2474 3016 2936 3085 congratulantur
2988 3020 3155 3075 amici
3193 3029 3250 3077 et
3278 3024 3443 3081 vicini

1850 3110 2080 3174 propter
2095 3103 2363 3173 gaudium
2390 3103 2674 3174 acquisita
2700 3105 2835 3159 ovis.
2859 3106 2965 3170 Qui
2995 3110 3241 3178 profecto
3276 3114 3444 3170 vicini

1850 3197 1908 3245 ct
1934 3191 2100 3244 amici
2131 3191 2395 3261 quoniam
2434 3199 2567 3245 sunt
2595 3192 2974 3261 rationabiles,
3020 3212 3132 3252 non
3159 3199 3443 3258 immerito

1848 3279 2137 3334 hominum
2173 3279 2590 3335 rationabilium
2611 3282 2994 3354 redemptione
3015 3286 3293 3353 laetantur,
3316 3291 3446 3347 cha-

1850 3369 2017 3423 ritate
2045 3368 2265 3439 repleti,
2303 3385 2540 3438 quorum
2570 3369 2843 3425 famulatu
2872 3388 2937 3426 ac
2965 3373 3445 3452 ministerio,quia

1849 3458 2232 3529 provehantur
2258 3457 2327 3510 ad
2351 3474 2544 3511 eorum
2574 3459 2982 3525 consortia,nec
3007 3461 3289 3521 immerito
3301 3486 3444 3539 gau-

1853 3548 1988 3601 dent
2014 3546 2082 3599 de
2113 3552 2272 3599 tanto
2301 3546 2449 3615 regis
2492 3546 2580 3599 sui
2625 3546 2910 3618 triumpho
2963 3550 3123 3606 Unde
3170 3554 3443 3614 Dominus

1854 3641 1918 3690 ut
1938 3635 2004 3690 ad
2029 3635 2171 3689 hanc
2195 3634 2482 3704 ingentem
2503 3634 2755 3688 laetitiam
2779 3635 2849 3690 de
2891 3638 3225 3708 pusillorum
3263 3646 3442 3702 salute

1852 3725 2188 3790 ostenderet,
2204 3740 2343 3795 quos
2363 3729 2719 3777 contemnere
2740 3724 3088 3795 prohibebat,
3112 3729 3281 3801 hujus
3296 3750 3444 3788 com-

1850 3813 2158 3886 parationis
2186 3812 2478 3884 proposuit
2505 3813 2841 3884 exemplum,
2876 3821 2940 3869 ut
2966 3818 3171 3874 scirent
3201 3839 3262 3876 se
3312 3824 3443 3880 tali-

1852 3903 1955 3958 bus
1986 3903 2080 3974 qui
2110 3902 2371 3957 scandala
2400 3901 2651 3956 inferunt
2678 3902 2825 3973 quod
2862 3904 3071 3961 laadant
3100 3909 3278 3965 Deum
3324 3914 3441 3985 pri-

1854 4009 2032 4059 mum,
2065 3991 2265 4045 deinde
2296 3991 2557 4045 universa
2602 3991 2929 4061 angelorum
2959 3998 3258 4065 consortia,
3301 4018 3442 4074 quo-

1857 4099 1982 4137 rum
2013 4082 2069 4135 hi
2099 4080 2285 4152 pusilli
2314 4086 2547 4163 tuentur
2569 4079 2862 4151 praesidiis,
2885 4087 2942 4137 et
2963 4094 3445 4163 veneranturgaw

1856 4172 1968 4226 dio.
1998 4171 2113 4226 Nec
2142 4169 2301 4223 nobis
2320 4152 2511 4223 tamen
2540 4169 2741 4240 parvis,
2789 4175 2846 4224 et
2899 4172 3132 4243 exiguis,
3162 4152 3445 4237 modicum

1854 4261 2124 4334 proficere
2149 4258 2315 4313 debet
2341 4258 2413 4312 ad
2443 4257 2721 4313 incentiva
2752 4258 3067 4330 probitatis,
3104 4264 3238 4320 dum
3268 4284 3446 4325 unus-

1856 4350 2091 4422 quisque
2120 4352 2372 4402 nostrum
2398 4352 2621 4417 gratam
2650 4351 3127 4407 conversationem
3149 4368 3312 4411 suam
3330 4356 3445 4413 fore

138 4442 221 4496 sic
249 4440 537 4513 requirit,
566 4445 633 4495 ut
667 4445 859 4496 teneat
887 4457 1009 4512 qua:
1060 4441 1321 4511 reliquit;
1364 4446 1421 4495 et
1447 4441 1655 4495 amissa
1692 4432 1833 4495 sicD
1852 4437 2151 4493 crediderit
2173 4437 2288 4491 Deo
2318 4442 2373 4490 et
2402 4435 2639 4490 cmtibus
2681 4437 3027 4508 angelorum,
3070 4460 3310 4513 quorum
3347 4453 3448 4501 aut

136 4531 476 4598 iavenit,ut
497 4546 623 4601 quae
644 4536 864 4584 servata
894 4535 1027 4585 sunt
1048 4530 1107 4583 in
1136 4529 1591 4596 cmlestibusmon
1613 4530 1773 4584 amit-

136 4624 244 4673 tat.
279 4619 468 4674 Unde
498 4618 682 4688 magis
712 4618 781 4672 de
818 4617 1032 4689 angelis
1067 4618 1123 4672 id
1151 4618 1362 4672 dictum
1398 4618 1695 4685 credimus,
1714 4618 1773 4672 in

134 4708 360 4779 quibus
386 4713 453 4762 et
482 4723 586 4778 pro
615 4706 819 4778 quibus
837 4707 1099 4778 deinceps
1128 4706 1340 4772 laetitia,
1373 4707 1518 4761 sicut
1546 4724 1646 4761 nec
1666 4707 1774 4761 im-

134 4797 409 4859 minuta,
445 4795 527 4850 ita
554 4811 661 4849 nec
691 4803 856 4850 aucta
873 4796 1313 4857 autoimmutata,
1332 4803 1418 4850 est
1435 4796 1577 4851 sicut
1597 4796 1666 4850 de
1682 4796 1778 4850 ho-

136 4886 423 4941 minibus
458 4900 601 4955 quos
632 4885 888 4955 quaesivit
932 4892 1128 4940 auctor
1172 4885 1387 4948 salutis,
1423 4891 1481 4939 et
1516 4885 1776 4956 quesitos

128 4975 398 5040 invenit,
439 4975 702 5028 inventos
739 4991 868 5028 vero
916 4974 1158 5046 propriis
1191 4975 1400 5028 revexit
1426 4974 1677 5029 humeris
1706 4974 1777 5028 ad

120 5064 359 5135 gaudia
393 5067 630 5118 aeterne
650 5063 793 5118 vitze.
819 5063 978 5118 Unde
1005 5068 1269 5117 convocat
1296 5063 1519 5117 eosdem
1550 5063 1778 5133 angelos

124 5155 363 5208 amicos
399 5168 475 5206 ac
531 5152 744 5206 vicinos
791 5156 849 5206 et
894 5152 1063 5207 dicit:
1100 5152 1583 5222 Congratulamini
1614 5151 1772 5216 mihi,

122 5243 266 5315 quia
308 5240 527 5297 inveni
546 5257 707 5295 ovem
725 5257 908 5295 meam
934 5258 1099 5312 quam
1122 5240 1494 5312 perdideram.
1519 5239 1779 5293 Perdide-

119 5340 218 5387 rat
248 5339 481 5387 autem
509 5346 659 5395 eam,
691 5347 814 5401 quae
834 5347 958 5385 cum
986 5330 1142 5401 prius
1162 5330 1220 5383 in
1247 5329 1457 5384 dextris
1486 5334 1776 5382 creataes-

120 5427 230 5488 set,
272 5425 609 5476 corruerat
636 5418 709 5472 ad
740 5419 1047 5474 sinistram.
1069 5420 1185 5474 Nec
1210 5419 1384 5489 igitur
1410 5423 1630 5490 poterat
1655 5433 1776 5488 per-

117 5511 302 5566 fectio
352 5524 519 5573 esse,
574 5524 685 5579 quo
736 5509 1090 5563 centenarius
1138 5523 1408 5562 numerus
1444 5507 1776 5562 imminutus

121 5606 277 5657 erat.
306 5596 455 5656 Sed
479 5612 612 5651 mox
631 5613 761 5653 cum
779 5614 1051 5655 numerus
1068 5597 1138 5654 de
1157 5596 1390 5654 sinistra
1413 5596 1774 5655 indexteram

467 5695 726 5760 ΡΑτιιοι..
757 5695 936 5760 CXX.

1853 4528 2152 4599 implorare
2173 4525 2441 4581 debemus
2460 4524 2773 4595 patrocinia
2794 4527 3053 4598 precibus
3080 4547 3145 4585 ac
3163 4531 3446 4592 laboribus

1856 4617 2131 4683 allectata,
2159 4619 2259 4669 aut
2307 4614 2486 4668 vereri
2541 4613 2770 4668 offensa.
2821 4615 3034 4680 Quibus
3080 4619 3161 4674 ita
3201 4624 3445 4681 caelestis

1857 4711 2046 4760 orator
2093 4704 2164 4758 ad
2196 4702 2532 4757 sententiam
2562 4704 2907 4773 prmmissam
2936 4705 3204 4764 divinitus
3239 4711 3449 4769 deduc-

1856 4793 1948 4858 tis,
1972 4791 2253 4846 concludit
2270 4790 2327 4844 in
2366 4792 2532 4844 linem
2563 4808 2664 4845 cur
2697 4792 2814 4847 haec
2834 4796 3023 4848 omnia
3051 4801 3405 4869 proposuerit
3431 4822 3442 4856 :

1856 4880 1947 4936 Sic
1965 4884 2114 4935 enim
2142 4887 2236 4947 est,
2263 4879 2465 4949 inquit,
2490 4883 2742 4934 voluntas
2785 4888 2914 4937 ante
2940 4885 3161 4941 Patrem
3195 4897 3446 4945 nostrum

1859 4974 1958 5040 qui
1988 4972 2047 5023 in
2070 4971 2213 5024 catis
2230 4974 2322 5034 est,
2373 4985 2439 5022 ne
2460 4974 2645 5037 pereat
2689 4986 2839 5024 unus
2869 4972 2932 5025 de
2956 4977 3179 5041 pusillis
3208 4980 3345 5033 istis.
3378 4978 3447 5034 Et

1857 5059 1982 5113 ideo
2012 5057 2303 5113 referenda
2330 5056 2399 5111 ad
2429 5057 2738 5128 superiora,
2771 5076 3115 5134 quaecunque
3133 5064 3448 5136 parabolice

1865 5153 2051 5214 τιθεῖ,
2087 5147 2235 5201 dicta
2266 5153 2399 5200 sunt
2445 5147 2812 5215 demonstrat,
2859 5148 2953 5203 ubi
3005 5151 3124 5205 ait:
3182 5155 3350 5210 Videte
3380 5173 3448 5212 ne

1858 5238 2219 5291 contemnatis
2248 5252 2427 5288 unum
2448 5236 2510 5290 de
2529 5239 2753 5304 pusillis
2794 5241 2932 5292 istis.
2966 5239 3110 5304 Quia
3133 5242 3232 5310 sic,
3257 5252 3322 5299 ut
3346 5245 3446 5300 de-

1858 5326 2129 5379 claratum
2151 5330 2237 5378 est
2256 5324 2448 5378 multis
2468 5323 2687 5379 indiciis
2716 5325 2883 5380 etiam
2914 5344 3042 5382 cum
3075 5330 3157 5385 ait
3191 5350 3202 5386 :
3229 5335 3351 5389 Non
3373 5341 3449 5390 est

1856 5418 2110 5470 voluntas
2127 5429 2313 5467 coram
2344 5415 2504 5467 Patre
2533 5420 2705 5467 vestro
2731 5418 2831 5484 qui
2864 5419 2925 5470 in
2956 5420 3101 5472 caelis
3128 5426 3221 5487 est,
3240 5428 3304 5476 ut
3324 5439 3451 5490 per-

1856 5510 1941 5559 eat
1977 5520 2125 5573 unus
2147 5520 2211 5556 ea;
2238 5505 2378 5557 istis.
2405 5502 2493 5558 Ad
2543 5502 2649 5557 hoc
2679 5503 2814 5557 dicit
2869 5509 2935 5558 ut
2980 5508 3353 5563 venerabilius
3380 5527 3448 5563 ex

1856 5593 2057 5652 affectu
2083 5591 2311 5666 pietatis
2338 5591 2488 5666 patri
2538 5590 2988 5664 obtemperantes
3042 5594 3268 5651 obedire
3296 5612 3451 5651 cure-

3138 5695 3216 5753 20
