3888 6172
204 181 295 240 621

882 180 1262 239 EXPOSITIO
1302 183 1379 238 IN
1419 182 1862 239 MA’I’THIEUM.
1908 210 1971 222 —
2014 180 2150 236 LIB.
2192 179 2343 249 VIII,
2385 179 2543 235 CAP.
2591 179 2792 235 XVIII.

3368 184 3472 244 6'22

198 304 326 369 Quae
356 320 490 358 vero
527 303 795 359 secretius
834 310 1152 377 peccantur,
1199 307 1469 361 secretius
1513 312 1571 361 et
1612 306 1786 361 corri-
1805 309 1850 368 Α
1872 310 2067 359 notum
2100 304 2298 369 facere,
2332 303 2478 358 sicut
2506 308 2564 358 et
2590 303 2848 359 Christus
2879 308 2939 360 et
2967 305 3174 361 Iudaeis
3203 322 3342 379 quos
3372 308 3469 363 diu

197 394 402 465 pienda
430 401 592 450 sunt.
633 393 741 447 Sed
771 393 906 447 talia
937 394 1041 448 hoc
1070 394 1190 448 loco
1218 394 1583 467 intelligenda
1641 400 1790 460 sunt,

198 489 424 554 peccata
454 483 525 537 de
544 482 748 553 quibus
778 483 913 537 dicit
943 501 1064 555 quae
1095 485 1449 556 corripienda
1476 490 1625 551 sunt,
1670 503 1795 556 quia

196 569 302 624 nisi
332 571 679 643 corripueris
708 571 856 625 inter
884 577 939 627 te
966 578 1023 627 et
1043 574 1228 644 ipsum
1255 574 1456 640 solum,
1489 574 1662 629 frater
1705 591 1797 646 pe-

193 650 301 712 rire
331 660 535 730 possit,
567 666 625 714 et
651 660 700 714 si
728 666 783 715 te
810 661 1072 728 audierit,
1096 668 1235 717 tunc
1262 680 1389 718 eum
1418 664 1667 718 lucratus
1698 663 1793 717 sis.

196 747 335 812 Quid
362 766 503 819 ergo
534 754 622 803 est
650 750 783 822 quia
800 750 1047 806 lucratus
1073 769 1132 807 es
1162 769 1312 818 eum,
1370 752 1480 806 nisi
1528 753 1662 824 quia
1707 770 1800 824 pe-

196 836 388 904 rierat,
413 837 462 891 si
492 854 607 892 non
638 839 933 894 lucrareris
963 841 1134 895 eum?
1165 842 1236 896 Et
1254 841 1378 895 ideo
1409 842 1664 913 quamvis
1694 858 1795 914 pro

200 926 460 981 omnibus
480 928 699 983 delictis
714 929 772 984 in
788 929 1026 985 invicem
1043 936 1258 985 certare
1269 930 1590 997 debeamus,
1606 937 1797 986 tamen

194 1015 351 1086 juxta
380 1016 530 1071 hanc
558 1016 1005 1090 intelligentiam,
1041 1020 1153 1074 tale
1198 1021 1478 1076 aestimare
1528 1020 1796 1076 debemus

201 1109 516 1176 peccatum,
550 1122 653 1178 pro
684 1123 814 1177 quo,
847 1107 955 1161 nisi
1000 1108 1334 1179 corrigatur,
1391 1109 1563 1164 frater
1616 1109 1799 1181 perire

199 1196 399 1266 possit.
456 1196 528 1250 Et
573 1195 621 1249 si
650 1212 838 1250 coram
867 1196 1112 1251 Ecclesia
1161 1197 1370 1252 Christi
1407 1196 1800 1269 incorrigibilis

200 1285 548 1356 apparuerit,
584 1301 685 1355 pro
735 1301 844 1355 quo
882 1300 947 1338 ac
987 1284 1033 1338 si
1080 1285 1336 1340 ethnicus
1378 1292 1435 1341 et
1471 1285 1798 1356 publicanus

1878 394 2166 458 sustinuit,
2198 392 2374 448 donec
2412 394 2657 448 Ecclesia
2686 394 3082 450 instrueretur.
3121 397 3299 460 Quam
3340 396 3474 468 quia

1885 487 2071 549 τεο
2084 499 2197 537 non
2212 483 2533 544 audierunt,
2550 482 2681 537 facti
2692 488 2825 537 sunt
2839 484 2985 539 sicut
2993 484 3200 539 ethnici
3221 490 3278 539 et
3296 485 3476 556 publi-

1879 572 2091 636 caui,eo
2104 570 2252 642 quod
2265 571 2571 625 multorum
2584 572 2938 644 testimoniisj
2947 590 3037 628 am
3050 573 3286 628 convicti
3300 579 3357 628 et
3367 589 3478 627 cor-

1880 660 2045 732 repti,
2069 660 2125 714 in
2147 659 2494 732 suaperﬁdia
2508 660 2898 731 perdurantes,
2912 662 3139 717 credere
3154 662 3476 717 noluerunt.

1951 752 2125 806 Amen
2149 751 2268 803 dico
2287 751 2450 815 vobis,
2484 766 2818 819 quacunque
2845 751 3150 817 ligaveritis
3179 768 3344 820 super
3369 756 3480 805 ter-

1882 855 2030 906 ram,
2054 844 2221 893 erunt
2243 841 2416 907 ligata
2441 840 2563 893 etin
2584 842 2707 893 coelo
2725 857 2742 903 ;
2765 844 2814 892 et
2833 853 3166 908 quacunque
3184 843 3475 907 solveritis,

1879 932 2045 983 erunt
2075 930 2255 981 soluta
2279 932 2329 981 et
2356 929 2419 981 in
2450 930 2591 981 caelo.
2620 928 2777 982 Juste
2793 928 2944 981 enim
2967 927 3178 998 ligatur
3197 927 3292 999 qui
3307 928 3476 983 toties

1880 1032 2182 1087 coramque
2202 1019 2287 1069 tot
2304 1014 2561 1080 testibus,
2587 1020 2642 1070 et
2661 1031 2849 1070 coram
2866 1016 3111 1070 Ecclesia
3131 1015 3201 1071 ab
3220 1016 3480 1072 omnibus

1882 1103 2204 1175 increpatus
2234 1108 2291 1157 et
2314 1102 2600 1157 convictus
2643 1109 2747 1170 est,
2799 1105 2848 1158 si
2894 1122 2953 1159 se
3005 1105 3251 1160 noluerit
3294 1122 3481 1161 emen-

1882 1193 2036 1261 dare,
2067 1193 2401 1263 nullumque
2418 1193 2541 1262 jam
2574 1192 2726 1246 ultra
2753 1192 2979 1251 laedere.
3035 1194 3339 1266 Propterea
3385 1194 3481 1249 ille

1881 1282 2009 1337 talis
2037 1283 2300 1353 alligatus
2317 1286 2374 1336 et
2401 1281 2804 1336 condemnatus
2832 1281 3014 1336 adhuc
3040 1282 3098 1337 in
3124 1299 3312 1351 carne,
3353 1284 3482 1355 jure

196 1374 322 1444 jure
354 1373 556 1427 haberi
582 1372 776 1444 possit.
822 1373 906 1427 Ne
944 1372 1089 1427 forte
1138 1379 1196 1428 et
1238 1379 1322 1440 tu,
1377 1374 1465 1429 cui
1528 1374 1676 1429 facta
1723 1391 1809 1437 est,
1890 1372 2154 1443 alligatus
2186 1379 2271 1425 est
2297 1370 2448 1442 apud
2469 1387 2663 1425 omnes
2692 1370 2787 1442 qui
2816 1377 2946 1425 sunt
2975 1371 3034 1425 in
3063 1373 3237 1439 cmlo;
3282 1373 3365 1426 ita
3399 1377 3483 1427 ta-

210 1465 398 1526 ,49
422 1459 636 1532 injuria
664 1460 722 1514 in
755 1477 864 1531 quo
899 1460 993 1514 ille
1023 1462 1289 1532 peccavit,
1324 1462 1372 1515 si
1400 1463 1805 1534 contempseris
1889 1478 2019 1515 men
2048 1462 2093 1515 si
2123 1477 2183 1515 se
2214 1459 2595 1514 emendaverit
2617 1459 2952 1531 quandoque
2967 1465 3031 1515 ut
3050 1460 3358 1515 satisfaciat
3385 1461 3482 1516 Ec-

201 1565 261 1602 ac
282 1549 604 1620 neglexeris
630 1548 910 1619 corrigere
930 1551 1092 1620 juxta
1141 1550 1302 1616 vires,
1352 1552 1513 1622 pejor
1567 1553 1669 1606 fias
1723 1556 1806 1607 ta-
1888 1549 2067 1604 clesiae
2097 1565 2269 1620 quam
2310 1548 2453 1603 laesit
2502 1548 2807 1603 secundum
2852 1549 3264 1621 correptionem
3306 1548 3483 1604 trium

201 1638 396 1704 cendo,
432 1654 604 1709 quam
633 1637 727 1691 ille
758 1637 1078 1708 injuriando
1109 1654 1208 1692 seu
1240 1638 1620 1694 conviciando.
1660 1639 1804 1705 Quia
1825 1622 2216 1702 Btestium,ut
2238 1639 2357 1708 jam
2384 1636 2645 1693 funiculis
2688 1643 3045 1709 peccatorum
3092 1654 3325 1693 suorum
3371 1654 3484 1693 non

203 1727 304 1781 etsi
328 1726 645 1798 gloriosum
677 1732 764 1781 est
790 1727 1028 1798 injurias
1052 1733 1273 1782 nostras
1294 1727 1562 1791 oblivisci,
1606 1747 1800 1785 verum
1885 1727 1960 1781 sit
1988 1726 2265 1797 alligatus,
2302 1727 2399 1781 sed
2407 1727 2561 1797 juste
2591 1727 2826 1791 solutus,
2840 1728 3009 1781 etiam
3030 1726 3100 1781 ab
3124 1727 3205 1782 eis
3226 1727 3322 1799 qui
3351 1734 3487 1782 sunt

195 1815 447 1870 oblivisci
474 1821 699 1887 oportet
726 1816 992 1888 injuriam
1019 1823 1197 1881 tuam,
1226 1834 1341 1871 non
1378 1818 1578 1873 vulnus
1615 1817 1803 1873 fratris

192 1904 289 1959 tui.
323 1904 491 1969 Quod
519 1905 568 1958 si
588 1904 681 1960 ille
703 1906 1103 1978 contempserit
1122 1912 1179 1961 te
1200 1907 1415 1974 audire,
1452 1913 1509 1961 et
1536 1924 1630 1962 eos
1661 1924 1800 1979 quos

192 2001 386 2067 postea
406 1999 596 2049 tecum
625 1994 954 2070 adhibuisti,
977 1996 1209 2067 insuper
1238 2001 1296 2050 et
1325 1996 1626 2050 Ecclesiam
1672 2014 1800 2052 cum

194 2099 299 2154 qua
330 2083 524 2153 deget,
552 2082 741 2154 sicque
778 2090 1068 2155 peccatum
1111 2101 1276 2139 suum
1322 2101 1387 2138 ac
1425 2084 1472 2139 si
1516 2086 1800 2156 justitiam

194 2171 525 2238 defenderit,
547 2171 678 2226 talis
706 2172 967 2245 deinceps
996 2190 1108 2228 non
1133 2173 1303 2227 debet
1316 2174 1630 2244 computari
1650 2174 1801 2230 inter

197 2260 419 2327 fratres,
453 2277 558 2315 nec
580 2260 641 2315 in
683 2261 929 2316 Ecclesia
975 2261 1312 2317 conversari.
1352 2262 1664 2317 Tamen'et
1700 2281 1800 2335 pro

197 2348 500 2404 levioribus
525 2366 696 2421 supra
722 2349 1091 2406 dinumeratis
1134 2357 1192 2406 et
1231 2351 1621 2423 hujuscemodi
1649 2352 1803 2423 inju-

197 2438 310 2505 riis,
345 2437 461 2492 nisi
491 2438 562 2492 ad
588 2439 945 2494 concordiam
968 2445 1025 2494 et
1061 2440 1497 2495 satisfactionem
1531 2457 1591 2495 se
1620 2441 1801 2494 humi-

201 2526 338 2582 liare
368 2528 462 2582 vel
486 2528 809 2583 satisfacere
831 2546 997 2600 quem
1029 2529 1187 2596 laesit,
1219 2530 1467 2584 noluerit
1509 2535 1802 2601 correptus

203 2633 393 2671 coram
426 2616 709 2684 omnibus,
742 2635 776 2672 a
805 2618 1012 2673 sanctis
1040 2619 1300 2674 Patribus
1329 2619 1606 2673 sancitum
1632 2624 1735 2686 est,
1758 2619 1805 2673 si

202 2712 510 2760 contumax
535 2711 636 2760 aut
658 2706 932 2777 superbus
956 2709 1299 2779 apparuerit,
1334 2708 1658 2763 aconsortio
1679 2725 1808 2762 con-

199 2794 556 2865 gregationis
584 2795 833 2850 alienum
854 2796 975 2850 fieri
996 2795 1215 2851 debere.
1248 2798 1363 2851 Nec
1389 2797 1537 2851 enim
1558 2796 1810 2868 praeterit

202 2882 532 2937 intellectus
563 2883 667 2938 loci
694 2884 878 2954 istius,
913 2884 1008 2956 qui
1038 2885 1154 2939 haec
1183 2885 1254 2938 ad
1298 2884 1535 2939 minima
1581 2890 1810 2957 peccata

1883 1816 1941 1870 in
1973 1816 2131 1870 ccrlo.
2153 1817 2299 1870 Nam
2329 1816 2446 1870 haec
2474 1821 2724 1887 potestas
2771 1816 3019 1870 solvendi
3058 1822 3228 1887 atque
3270 1816 3483 1887 ligandi

1884 1905 1953 1959 de
1983 1904 2367 1977 superioribus
2384 1906 2614 1976 pendet.
2630 1904 2858 1976 Coepisti
2880 1921 3012 1975 ergo
3026 1904 3234 1960 habere
3248 1905 3481 1959 fratrem

1882 1999 2042 2049 tuum
2059 2000 2329 2065 tanquam
2341 1994 2626 2048 ethnicum
2644 1998 2698 2048 et
2717 1993 3097 2065 publicanum,
3115 1993 3300 2063 ligasti
3322 1993 3482 2049 illum

1884 2083 1944 2138 in
1976 2089 2143 2138 terra.
2180 2083 2289 2138 Sed
2317 2087 2381 2138 ut
2394 2084 2547 2153 juste
2567 2083 2783 2153 alliges,
2814 2083 2939 2137 vide
2968 2082 3101 2154 quia
3119 2083 3331 2153 injuste
3357 2083 3481 2138 vin-

1889 2173 2012 2227 cula
2038 2172 2340 2244 disrumpit
2363 2171 2603 2243 justitia.
2650 2173 2791 2226 Cum
2836 2177 3026 2226 autem
3074 2172 3380 2227 correxeris
3427 2176 3485 2226 et

1885 2261 2308 2317 concordaveris
2331 2278 2458 2315 cum
2480 2260 2654 2316 fratre
2674 2266 2793 2327 tuo,
2817 2261 3028 2315 solvisti
3040 2260 3199 2315 illum
3219 2260 3278 2315 in
3307 2267 3480 2315 terra.

1887 2352 2065 2416 Quem
2102 2367 2230 2405 cum
2256 2350 2485 2405 solveris
2514 2350 2571 2404 in
2598 2355 2773 2416 terra,
2800 2351 3016 2405 solutus
3033 2350 3210 2405 eritet
3238 2350 3298 2405 in
3321 2350 3482 2405 coelo.

1886 2440 2127 2495 Multum
2155 2456 2287 2510 ergo
2317 2438 2647 2511 praestitisti,
2681 2455 2793 2494 non
2812 2438 2934 2503 tibi,
2968 2440 3067 2494 sed
3092 2439 3192 2506 illi,
3252 2438 3390 2511 quia
3436 2439 3485 2494 is

1884 2528 2128 2583 multum
2157 2528 2366 2595 nocuit,
2401 2545 2513 2582 non
2540 2527 2660 2595 tibi,
2694 2528 2791 2582 sed
2804 2527 2929 2582 sibi.
2959 2528 3090 2583 Haec
3120 2544 3364 2599 namque
3390 2544 3486 2599 po-

1886 2623 2062 2672 testas
2090 2616 2338 2672 solvendi
2367 2622 2536 2688 atque
2583 2617 2797 2687 ligandi
2844 2616 3066 2671 videtur
3115 2617 3311 2671 eadem
3363 2632 3485 2687 quae

1888 2707 2054 2761 Petro
2082 2723 2254 2778 supra
2280 2706 2413 2760 data
2440 2710 2555 2773 est;
2588 2705 2685 2760 sed
2714 2722 2826 2760 non
2875 2710 2962 2760 est
3008 2705 3089 2759 ita
3133 2722 3235 2777 per
3272 2703 3482 2773 omnia,

1888 2795 2154 2867 quoniam
2176 2794 2471 2867 oportebat
2498 2795 2729 2849 Petrum
2750 2795 2977 2867 aliquod
2999 2793 3354 2867 privilegium
3387 2794 3486 2848 ha-

1888 2884 2022 2940 bere
2050 2902 2162 2956 prae
2183 2884 2306 2939 istis
2323 2884 2418 2957 qui
2445 2890 2534 2939 ter
2553 2901 2790 2955 arguere
2795 2884 3084 2954 jubentur.
3108 2884 3240 2939 Ideo
3258 2883 3487 2956 quidem

201 2978 473 3027 asserunt
495 2972 794 3042 pertinere,
819 2979 876 3027 et
889 2979 1188 3045 propterea
1218 2980 1583 3044 peccatorem,
1621 2974 1666 3029 si
1695 2974 1807 3030 fue-
1826 2983 1870 3045 α
1891 2973 2003 3031 illic
2031 2973 2245 3029 dictum
2266 2979 2384 3029 est:
2421 2975 2542 3028 Tibi
2566 2975 2702 3027 dabo
2732 2976 2905 3028 claves
2927 2976 3089 3041 regni
3109 2974 3404 3027 caelorum:
3439 2977 3489 3026 et

201 3061 274 3115 rit
301 3060 391 3115 bis
416 3062 502 3115 vel
535 3062 702 3116 tertio
733 3067 1052 3133 coargutus,
1088 3063 1270 3117 elatus
1300 3063 1360 3116 in
1383 3063 1662 3135 superbia,
1707 3080 1809 3119 nec

204 3151 613 3217 emendaverit,
657 3151 804 3205 sicut
846 3151 1136 3206 ethnicum
1176 3156 1232 3206 et
1281 3152 1638 3224 publicanum
1688 3153 1811 3208 fieri

205 3238 433 3307 debere,
470 3256 581 3293 non
611 3242 743 3311 quia
762 3241 1005 3312 primum
1030 3240 1276 3312 peccavit
1293 3246 1535 3307 tantum.
1557 3242 1653 3295 sed
1681 3243 1815 3313 quia

199 3328 525 3399 permansit
550 3329 609 3382 in
639 3330 992 3384 contumacia
1020 3346 1123 3383 sua
1151 3330 1348 3384 elatus.
1383 3331 1607 3385 Interea
1644 3348 1812 3402 quam

199 3417 346 3471 mira
373 3416 751 3487 dispositione
767 3417 823 3471 id
844 3418 1029 3472 divina
1051 3419 1230 3491 pietas
1267 3420 1549 3474 censuerit
1572 3421 1812 3491 diligen-

199 3506 313 3560 tius
334 3506 819 3561 considerandum
851 3514 954 3574 est,
976 3508 1200 3578 utquod
1220 3506 1337 3579 ipse
1356 3508 1599 3580 primum
1617 3510 1690 3564 im
1699 3511 1811 3581 ple-

197 3594 276 3649 vit
299 3595 365 3649 in
394 3594 612 3666 populo
643 3612 813 3666 quem
840 3596 1027 3666 elegit,
1063 3596 1450 3669 unusquisque
1489 3598 1724 3670 impleat
1750 3599 1810 3653 in

197 3685 469 3754 proximo
499 3683 605 3738 sibi
635 3686 952 3755 conjuncto,
983 3690 1048 3740 ut
1071 3685 1129 3739 in
1154 3701 1249 3739 ore
1296 3685 1536 3740 duorum
1583 3686 1812 3741 testium

194 3773 339 3828 ﬁdes
374 3771 535 3827 verbi
569 3790 633 3827 ac
657 3774 861 3829 veritas
899 3779 1126 3829 maneat
1167 3773 1517 3846 incorrupta.
1572 3775 1696 3829 Non
1741 3775 1813 3829 ad

193 3859 571 3916 insolentiam
588 3861 779 3932 populi
794 3862 1091 3933 peccantis,
1124 3861 1372 3933 primum
1395 3861 1480 3916 lex
1511 3862 1813 3934 correptio-

190 3950 281 4005 nis
307 3951 499 4006 missa
526 3956 630 4009 est.
659 3956 715 4006 et
738 3952 888 4007 solus
903 3951 1195 4022 legislator
1213 3968 1339 4005 cum
1362 3951 1442 4005 eis
1457 3951 1809 4022 corripiendo

190 4040 482 4094 conﬂixit.
516 4039 730 4094 Deinde
750 4040 1046 4112 prophetia
1066 4041 1161 4095 etJ
1167 4056 1375 4095 oannes
1387 4040 1590 4094 missus
1629 4045 1714 4095 est
1738 4040 1809 4095 ad

189 4144 288 4184 eos
322 4145 470 4184 cum
495 4128 617 4200 ipsa
661 4129 969 4201 eademque
999 4131 1140 4201 lege,
1175 4135 1232 4184 et
1262 4129 1383 4184 istis
1409 4128 1647 4185 testibus
1683 4145 1812 4184 con-

186 4224 403 4274 ventus
437 4224 528 4272 est
556 4217 707 4272 idem
737 4219 975 4290 pepulus
996 4224 1295 4290 utpeccare
1318 4218 1811 4273 desineret.Tertio

1893 3080 2224 3133 quaecunque
2254 3064 2511 3131 ligaveris
2533 3078 2697 3132 super
2724 3067 2953 3127 terram,
2979 3066 3146 3116 erunt
3159 3062 3332 3129 ligata
3362 3062 3490 3115 etin

1892 3154 2035 3207 caelis
2066 3153 2281 3219 (Matth.
2312 3166 2423 3219 xvr,
2457 3150 2565 3219 19).
2606 3150 2714 3206 Ubi
2745 3167 2856 3205 non
2900 3150 3121 3205 modica
3174 3147 3492 3204 ditferentia

1895 3258 2014 3295 esse
2045 3242 2304 3307 sentitur,
2326 3240 2458 3312 quia
2479 3240 2644 3293 Petro
2654 3239 2800 3293 datae
2814 3240 2994 3294 claves
3019 3256 3128 3293 non
3150 3238 3319 3293 unius
3342 3238 3487 3307 coeli,

1894 3330 1990 3383 sed
2023 3329 2203 3383 claves
2234 3328 2394 3400 regni
2425 3328 2712 3395 caelorum,
2742 3332 2807 3381 ut
2843 3344 3189 3399 quaecunque
3235 3326 3493 3398 ligaverit

1894 3435 2065 3489 super
2091 3424 2323 3483 terram,
2355 3417 2468 3471 sint
2495 3417 2689 3487 ligata,
2717 3433 2829 3471 non
2860 3421 3082 3471 tantum
3104 3417 3163 3470 in
3190 3432 3304 3471 uno
3328 3417 3487 3484 coelo,

1890 3523 2084 3560 verum
2114 3511 2171 3561 et
2198 3506 2255 3560 in
2286 3505 2546 3560 omnibus
2566 3506 2755 3559 caelis:
2790 3505 3052 3560 similiter
3071 3510 3129 3559 et
3155 3521 3278 3576 quae
3307 3506 3492 3560 soluta

1893 3594 2106 3649 suntin
2130 3599 2301 3661 terra,
2352 3593 2537 3648 soluta
2567 3598 2735 3647 erunt
2783 3598 2841 3647 et
2886 3593 2945 3647 in
2992 3592 3251 3647 omnibus
3302 3592 3481 3650 caelis.

1894 3683 2074 3747 Quam
2102 3682 2381 3755 perfectus
2402 3687 2488 3736 est
2515 3682 2861 3753 apostolatus
2909 3681 3081 3748 Petri,
3128 3697 3298 3751 quam
3343 3697 3492 3735 com-

1895 3772 2083 3826 munis
2102 3777 2295 3826 nostra
2321 3770 2693 3825 conversatio!
2730 3775 2787 3824 et
2814 3769 3080 3824 excelsior
3107 3771 3490 3841 apostolorum

1894 3860 2217 3915 auctoritas.
2240 3860 2401 3916 Unde
2422 3860 2743 3930 quicunque
2764 3875 2944 3930 usque
2969 3858 3041 3912 ad
3069 3858 3225 3913 illam
3271 3862 3492 3929 aposto~

1892 3949 2075 4005 lorum
2089 3949 2490 4004 exsolutionem
2513 3947 2870 4020 perfectionis
2888 3948 3120 4015 venerit,
3152 3948 3209 4002 in
3230 3947 3491 4003 omnibus

1891 4040 2180 4095 absolutus
2196 4039 2328 4108 erit;
2351 4039 2483 4110 quia
2502 4039 2647 4093 sicut
2665 4039 2849 4106 differt
2867 4039 3025 4093 stella
3038 4041 3107 4092 ab
3125 4039 3287 4092 stella
3302 4041 3365 4092 in
3381 4038 3492 4092 cla-

1892 4118 2058 4183 ritate
2090 4131 2138 4196 (I
2165 4131 2287 4185 Cor.
2315 4145 2367 4195 v,
2406 4128 2525 4199 ll):
2563 4128 2643 4182 ita
2683 4133 2738 4182 et
2785 4127 3101 4182 differentia
3139 4126 3207 4181 ab
3254 4126 3491 4181 invicem

1893 4225 2240 4274 sanctorum.
2282 4218 2585 4288 Propterea
2613 4217 2718 4271 etsi
2752 4217 3133 4288 apostolorum
3184 4204 3492 4272 auctoritas

184 4304 392 4379 itaque
427 4307 556 4377 ipso
586 4306 810 4361 Domini
840 4306 1100 4372 adventu,
1128 4311 1399 4378 tanquam
1431 4323 1621 4361 coram
1661 4304 1878 4364 omniD
1891 4309 2022 4380 jure
2050 4306 2290 4378 amplior
2318 4306 2669 4378 praedicatur,
2712 4322 2825 4360 non
2867 4305 2993 4360 ideo
3046 4305 3491 4362 contemnendus

186 4395 458 4450 Ecclesia
476 4395 863 4466 inspectantis,
888 4396 1208 4450 admonitus
1229 4401 1332 4449 est.
1355 4395 1568 4460 Quibus
1582 4396 1815 4450 frustra-

186 4484 259 4539 tis
306 4483 817 4557 objurgationibus
865 4501 929 4539 ac
982 4485 1031 4540 si
1081 4484 1363 4557 publicani
1415 4485 1676 4558 deinceps
1728 4484 1815 4539 vel

185 4575 414 4631 ethnici
441 4577 578 4647 jure
605 4574 853 4645 reputati
877 4579 1012 4629 sunt
1041 4574 1113 4628 ab
1145 4573 1430 4646 apostolis,
1468 4576 1601 4647 quia
1632 4578 1698 4631 In
1723 4591 1814 4629 ore

185 4665 455 4720 duorum
473 4667 555 4718 rel
570 4666 745 4717 trium
764 4666 981 4717 testium
997 4664 1163 4717 stabit
1183 4680 1340 4717 omne
1353 4664 1575 4718 verbum
1587 4665 1809 4735 (Matth.

185 4769 351 4821 xvm,
396 4753 516 4822 16).
551 4752 677 4807 Non
704 4752 852 4824 quod
881 4751 940 4806 in
970 4768 1066 4806 ore
1097 4750 1337 4806 duorum
1388 4752 1681 4807 hominum
1728 4753 1815 4807 vel

184 4845 377 4897 trium
407 4858 531 4896 non
559 4840 879 4895 inveniatur
908 4840 1282 4907 mendacium,
1312 4841 1407 4896 sed
1439 4842 1572 4913 quia
1618 4842 1678 4897 in
1727 4842 1815 4897 his

179 4932 384 4986 tribus
432 4928 697 4996 testibus,
732 4929 788 4983 id
827 4933 913 4983 est
937 4928 996 4983 in
1032 4928 1153 5000 lege
1193 4947 1258 4984 ac
1301 4931 1608 5002 prophetis,
1659 4938 1715 4987 et
1755 4932 1815 4986 in

180 5018 536 5090 Evangelio,
569 5022 683 5071 stat
712 5033 877 5071 omne
917 5016 1148 5072 verbum
1189 5019 1475 5087 doctrinae,
1519 5021 1815 5092 omnisque

1896 4403 1985 4453 est
2010 4414 2315 4452 consensus
2344 4395 2598 4450 Ecclesiae
2624 4400 2681 4450 et
2703 4400 2970 4467 potestas,
3000 4412 3168 4466 quam
3215 4411 3316 4449 nec
3361 4411 3493 4465 apo-

1896 4487 2041 4551 stoli,
2075 4503 2176 4541 nec
2220 4485 2484 4549 Ecclesia,
2536 4484 2764 4539 aliunde
2811 4491 3183 4556 perceperunt
3238 4501 3406 4555 quam
3460 4500 3495 4538 a

1896 4576 2137 4631 Christo.
2177 4575 2245 4629 Et
2269 4574 2394 4629 ideo
2429 4579 2598 4640 35]
2640 4574 2773 4645 quia
2822 4578 3044 4645 poterat
3091 4573 3491 4646 contemptoris

1895 4663 2072 4719 nostri
2104 4664 2222 4718 haec
2249 4663 2465 4717 occulta
2495 4678 2617 4716 esse
2643 4664 2953 4734 responsio,
2972 4662 3058 4717 vel
3082 4662 3256 4717 tacita
3283 4663 3495 4734 cogita-

1894 4752 1995 4818 tio,
2031 4752 2080 4806 si
2105 4768 2194 4806 me
2222 4751 2459 4822 despicis
2489 4756 2547 4805 et
2566 4768 2668 4822 ego
2696 4757 2755 4805 te
2784 4750 3089 4822 despiciam
3113 4769 3123 4805 :
3159 4757 3217 4806 et
3244 4753 3290 4806 si
3319 4758 3381 4806 tu
3402 4767 3493 4805 me

1896 4842 2255 4907 condemnas,
2289 4857 2319 4895 e
2350 4840 2631 4895 contrario
2661 4845 2719 4894 et
2746 4846 2808 4894 tu
2846 4840 2905 4894 in
2932 4856 3000 4895 ea
3039 4840 3321 4895 sententia
3368 4856 3496 4895 con-

1897 4930 2271 4986 demnaberis.
2299 4929 2641 4984 Potestatem
2657 4928 2855 4984 tribuit
2879 4933 2943 4983 ut
2955 4929 3135 4984 sciant
3148 4930 3278 5001 quia
3288 4929 3493 4984 talibus

1897 5018 2532 5075 condemnanturDeum
2548 5018 2797 5089 judicem
2818 5018 2876 5073 in
2898 5018 3082 5073 medio
3111 5034 3306 5073 eorum
3349 5009 3512 5085 esse,-

175 5110 432 5164 veritas.
465 5107 592 5161 Stat
620 5112 811 5160 autem
839 5105 896 5160 in
925 5106 1016 5160 his
1040 5107 1224 5161 omnis
1253 5108 1476 5172 veritas,
1531 5110 1680 5181 quod
1732 5113 1818 5164 est

178 5214 363 5252 omne
394 5194 664 5259 verbum,
693 5194 826 5266 quia
853 5209 1141 5266 nunquam
1166 5194 1340 5252 cadit.
1375 5194 1449 5250 Et
1478 5196 1605 5251 ideo
1642 5202 1815 5251 testes

176 5301 455 5359 quorum
482 5283 796 5338 assertione
839 5283 1251 5338 conveniendus
1281 5290 1366 5339 est
1392 5286 1698 5356 proximus,
1733 5302 1818 5340 se-

175 5375 464 5431 cundum
492 5373 595 5429 hos
622 5377 740 5427 tres
764 5377 936 5427 testes
965 5371 1172 5427 debent
1215 5375 1494 5446 corrigere
1524 5391 1589 5429 ac
1619 5391 1813 5447 repro-

172 5464 322 5521 bare
360 5478 514 5521 eum
546 5461 645 5534 qui
673 5478 769 5517 eos
803 5461 998 5517 audire
1028 5461 1292 5534 noluerit,
1325 5464 1527 5520 deinde
1558 5464 1814 5521 Ecclesiae

1898 5125 1969 5163 ne
1999 5115 2096 5163 aut
2122 5108 2215 5163 isti
2244 5109 2452 5179 injuste
2476 5107 2668 5178 ligent,
2704 5114 2804 5163 aut
2842 5108 2936 5162 ille
2992 5107 3138 5163 male
3190 5111 3498 5162 contumax

1897 5196 2315 5252 condemnetur.
2348 5195 2559 5251 Idcirco
2589 5196 2711 5251 dico
2741 5196 2917 5262 vobis,
2965 5196 3065 5259 ait,
3127 5194 3498 5269 quodcunque

1898 5286 2134 5357 ligatum
2165 5285 2331 5340 tuerit
2360 5284 2419 5340 in
2448 5290 2620 5351 terra,
2661 5285 2899 5356 ligatum
2931 5284 3141 5358 pariter
3186 5285 3297 5340 erit
3341 5291 3399 5340 et
3437 5285 3498 5340 in

1897 5375 2055 5430 coelo.
2083 5376 2162 5429 Ac
2190 5374 2236 5429 si
2264 5374 2492 5442 diceret,
2529 5373 2663 5447 quia
2681 5375 2740 5430 in
2764 5374 2948 5430 medio
2982 5391 3180 5431 eorum
3225 5392 3353 5431 sum
3400 5373 3497 5445 qui

1897 5465 2097 5536 ligant.
2129 5464 2367 5536 Propter
2397 5463 2547 5536 quod
2573 5464 2829 5538 sequitur
2853 5482 2865 5518 :
