3888 6172
498 256 604 317 623

1266 252 1327 307 S.
1367 247 1745 306 PASCHASII
1785 244 2147 303 RADBERTI
2184 244 2487 301 ABBATIS
2524 244 3017 303 CORBEIENSIS.

3578 261 3655 319 624

569 383 781 438 Iterum
811 380 931 434 dico
960 378 1125 442 vobis,
1150 378 1282 446 quia
1293 376 1342 427 si
1351 375 1459 427 duo
1477 389 1541 427 ea:
1555 372 1700 426 vobis
1714 371 2088 425 consenserint
2105 370 2151 429 A
2174 372 2339 421 tenus
2359 368 2405 422 si
2429 367 2671 438 jubilare
2699 371 3052 442 cooperando
3082 372 3334 441 volumus,
3357 394 3502 436 unum
3526 386 3657 440 musi-

495 485 659 538 super
690 474 898 523 terram
927 469 990 521 de
1021 468 1176 519 omni
1196 481 1256 518 re
1284 477 1668 533 quamcunque
1696 462 1976 529 petierint,
2002 461 2089 525 ﬁet

498 560 616 613 illis
643 575 677 611 a
700 560 862 612 Patre
883 573 996 611 meo
1031 557 1130 624 qui
1159 557 1221 607 in
1253 554 1396 607 eatis
1442 555 1535 604 est.
1578 550 1642 603 Et
1674 550 1772 602 ubi
1815 553 1946 601 sunt
1982 550 2089 601 duo

497 651 579 702 vet
610 653 716 701 tres
736 647 1050 713 congregati
1075 646 1137 696 in
1169 644 1539 703 nominemeo,
1574 638 1653 690 ibi
1671 652 1792 689 sum
1821 637 1884 688 in
1916 637 2088 688 medio

494 750 709 789 eorum.
735 736 798 789 In
829 738 1049 787 tantum
1081 731 1254 800 igitur
1283 728 1472 782 studet
1499 725 1872 783 concordiam.
1926 730 1991 778 ut
2027 724 2084 778 in

494 823 730 877 unitatis
759 822 978 887 merito,
996 819 1185 874 omnia
1209 834 1332 888 quae
1360 833 1393 871 a
1417 817 1531 870 Deo
1551 814 1905 886 praedicanda
1931 819 2081 878 sunt,

493 910 848 980 impetranda
878 925 999 962 esse
1023 908 1336 961 conﬁrmet.
1361 905 1430 959 Et
1448 903 1667 959 ubiduo
1692 903 1778 957 vel
1800 911 1932 965 tres,
1964 901 2085 973 pari

494 997 697 1071 spiritu
725 1001 961 1069 parique
990 997 1278 1050 voluntate
1306 994 1518 1048 collecti
1560 998 1694 1047 sunt
1722 993 1780 1046 in
1820 991 2080 1050 Domino.

492 1088 567 1143 ibi
596 1105 657 1142 se
689 1088 934 1142 medium
966 1102 1158 1140 eorum
1184 1082 1756 1156 polliceturtuturum.
1791 1081 1936 1144 Quia
1964 1080 2082 1151 ipse

490 1184 575 1232 est
601 1194 708 1248 pax
736 1183 905 1248 atque
930 1175 1192 1239 charitas,
1232 1189 1355 1243 quae
1391 1171 1523 1225 facit
1569 1170 1737 1225 corda
1775 1170 2082 1223 multorum

490 1283 689 1333 unum,
710 1271 768 1320 et
796 1266 1121 1319 innumeras
1152 1266 1474 1315 sanctorum
1507 1259 1742 1323 animas,
1776 1257 1879 1311 sibi
1900 1258 1969 1311 ad
1992 1257 2080 1311 in-

488 1356 685 1422 vicem,
716 1359 782 1408 ut
800 1370 914 1408 una
935 1351 1009 1405 sit
1026 1351 1215 1404 anima
1238 1348 1519 1415 connectit
1544 1364 1609 1401 ac
1634 1345 1909 1411 convenit,
1933 1345 2083 1400 inter

490 1460 628 1516 quas
668 1442 886 1497 medius
933 1440 1123 1495 sedem
1163 1444 1332 1509 atque
1377 1437 1781 1491 habitationem
1824 1435 2074 1489 collocat.

488 1534 662 1589 Totus
679 1547 923 1601 namque
937 1529 1028 1584 hic
1046 1545 1231 1583 sermo
1254 1528 1323 1581 de
1339 1524 1720 1598 superioribus
1736 1524 1962 1596 pendet,
1982 1523 2077 1578 ubi

486 1620 557 1676 ad
587 1618 940 1674 concordiam
974 1634 1168 1673 omnes
1193 1621 1538 1688 provocarat,
1572 1620 1629 1669 et
1643 1631 1789 1668 nunc
1827 1613 2073 1685 exponit,

2172 474 2298 511 cum
2329 475 2552 513 carnem
2583 477 2806 514 servare
2834 462 3135 532 possimus,
3165 470 3225 518 ut
3253 477 3472 523 servetur
3506 488 3658 543 corpus

2172 552 2230 599 et
2251 548 2439 601 anima
2484 556 2655 619 atque
2699 550 2928 622 Spiritus
2975 553 3191 623 integer
3220 554 3273 608 in
3311 572 3409 610 una
3455 575 3660 632 compage

2172 637 2380 691 amoris
2408 638 2528 703 Dei,
2557 645 2614 691 et
2634 638 2688 692 in
2721 655 2832 693 uno
2854 640 3072 695 vinculo
3103 642 3270 713 pacis.
3298 645 3459 699 Nostis
3482 648 3597 702 enim
3619 650 3661 704 in

2170 726 2557 797 musicis,quia
2574 727 2679 781 nisi
2694 728 2862 782 fuerit
2891 731 3253 785 consonantia
3280 742 3663 792 vocum.utunam

2169 829 2231 867 ex
2259 815 2493 869 diversis
2521 816 2747 871 vocibus
2775 819 2843 871 de
2873 835 2932 873 se
2947 827 3146 873 cantus
3168 821 3479 891 harmoniam
3498 825 3661 888 reddat,

2167 920 2276 957 non
2314 904 2625 959 delectatur
2651 906 2865 970 audire,
2909 908 3079 961 etiam
3124 908 3170 962 si
3197 912 3318 963 ‘una
3357 927 3519 964 earum
3555 913 3667 983 prior

2167 993 2346 1047 ruerit
2361 1010 2460 1046 vox
2491 994 2547 1047 in
2577 1002 2850 1050 concentu
2874 1014 2885 1048 :
2922 996 3001 1051 sic
3028 997 3167 1051 etin
3186 998 3438 1063 Ecclesiis,
3464 1006 3583 1055 certe
3596 1008 3667 1056 aut

2166 1082 2223 1136 in
2255 1098 2366 1136 uno
2397 1082 2644 1145 homine,
2667 1084 2775 1138 nisi
2806 1101 3139 1141 consensum
3162 1071 3581 1143 habueritchorus
3595 1090 3670 1143 vir-

2164 1176 2370 1237 tutum,
2404 1178 2461 1227 et
2488 1173 2929 1228 convenientiam
2964 1174 3270 1249 charitatis,
3297 1193 3398 1231 non
3431 1177 3671 1231 delectatur

2162 1261 2334 1319 Deus.
2366 1279 2467 1316 nec
2496 1264 2656 1317 audit
2681 1281 2840 1319 voces
2877 1282 3092 1319 eorum.
3108 1264 3396 1339 Quoniam
3420 1264 3544 1320 sicut
3563 1267 3673 1336 Apo-

2162 1350 2338 1405 stolus
2366 1352 2476 1406 ait:
2512 1355 2620 1420 Qui
2647 1355 2930 1421 o/fenderit
2962 1358 3023 1408 in
3046 1338 3370 1426 unoffactus
3390 1360 3457 1408 est
3479 1358 3671 1407 omnium

2163 1455 2288 1493 rcus
2319 1442 2460 1499 (Jac.
2496 1456 2552 1505 Π,
2592 1439 2704 1506 10).
2744 1442 3099 1515 Quapropter
3117 1443 3537 1498 conversantibus
3558 1440 3676 1496 nobis

2160 1527 2217 1581 in
2248 1545 2443 1594 unum,
2473 1546 2879 1601 congregemur
2906 1549 3136 1604 corpore
3161 1539 3219 1587 et
3255 1532 3431 1586 anima
3458 1536 3507 1585 et
3524 1530 3677 1602 spiritu

2160 1617 2218 1671 in
2247 1618 2474 1673 nomine
2495 1620 2649 1685 Jesu,
2674 1625 2740 1675 ut
2767 1621 2841 1675 sit
2868 1622 3031 1676 Jesus
3052 1622 3107 1676 in
3124 1622 3305 1676 medio
3322 1627 3563 1685 nostrum,
3589 1636 3678 1674 ver-

486 1726 653 1783 quem
678 1708 923 1764 fructum
949 1707 1147 1763 exinde
1172 1706 1285 1761 sint
1320 1704 1587 1770 habituri,
1616 1704 1697 1757 ita
1717 1708 1781 1757 ut
1807 1703 2077 1774 quidquid
2095 1693 2142 1752 Β
2159 1704 2290 1759 bum
2321 1706 2533 1761 scilicet
2559 1707 2682 1777 Dei,
2713 1715 2770 1763 et
2806 1710 3083 1781 sapientia
3115 1716 3173 1764 et
3197 1711 3366 1764 virtus
3391 1709 3558 1780 ipsius,
3584 1724 3681 1779 qua-

482 1798 765 1871 petierint,
797 1798 911 1852 sint
928 1796 1229 1868 accepturi,
1256 1795 1544 1864 Deumque
1582 1792 1828 1847 medium
1857 1808 2079 1863 semper

482 1890 540 1945 in
569 1906 630 1944 se
658 1887 925 1942 habituri.
961 1886 1069 1941 Sed
1098 1884 1334 1939 forsitan
1379 1883 1483 1937 hoc
1518 1882 1620 1936 tali
1651 1898 1924 1936 consensu
1954 1886 2077 1935 tan-

480 1984 650 2050 taque
678 1978 902 2043 virtute,
926 1993 1027 2030 nec
1048 1974 1209 2046 pauci
1239 1972 1344 2027 sibi
1368 1972 1728 2027 consentiunt
1751 1988 1852 2042 per
1865 1969 2071 2035 omnia,

480 2075 537 2125 et
564 2068 689 2123 ideo
720 2066 972 2122 fortassis
1002 2062 1336 2135 temperavit
1379 2061 1734 2126 sententiam,
1772 2059 1819 2114 si
1856 2060 1967 2114 duo
1992 2060 2078 2114 vel

477 2165 594 2221 tres
618 2155 1004 2212 consenserint
1030 2172 1094 2208 ex
1117 2152 1287 2215 vobis,
1330 2151 1479 2205 sicut
1515 2152 1716 2204 Petrus
1744 2154 1800 2204 et
1842 2147 2079 2203 Jacobus

476 2264 542 2301 ac
570 2247 836 2301 Joannes.
869 2243 1080 2308 Quibus
1105 2241 1265 2312 quasi
1314 2237 1793 2295 consentientibus
1828 2237 1932 2291 sibi
1974 2254 2075 2309 per

476 2335 668 2390 omnia
694 2332 939 2387 ostendit
962 2333 1020 2386 in
1046 2338 1234 2385 monte
1252 2329 1489 2400 gloriam
1520 2328 1791 2382 claritatis
1834 2344 1966 2391 sum,
1993 2327 2071 2381 ita

475 2430 540 2480 ut
567 2441 633 2479 ex
663 2440 728 2478 eo
758 2421 953 2477 habitu
996 2437 1105 2491 quo
1149 2436 1261 2474 non
1306 2416 1550 2472 habebat
1591 2416 1829 2489 speciem
1890 2432 2071 2488 neque

474 2513 751 2576 decorem,
784 2517 1027 2565 verteret
1063 2527 1122 2563 se
1149 2509 1219 2563 ad
1249 2514 1465 2563 tantam
1494 2507 1753 2578 gloriam,
1786 2506 1864 2559 ita
1893 2512 1956 2560 ut
1976 2523 2069 2559 ve-

473 2602 741 2657 stimenta
772 2619 875 2656 sua
904 2601 1106 2654 fierent
1143 2614 1328 2652 coram
1374 2597 1455 2651 eis
1498 2595 1871 2667 splendentia.
1925 2595 2070 2650 sicut

474 2691 701 2764 quidam
734 2691 951 2746 codices
980 2688 1208 2753 habent,
1239 2686 1398 2758 quasi
1418 2686 1626 2739 lumen.
1654 2686 1797 2739 Nam
1821 2683 1953 2738 etin
1971 2684 2074 2737 Ve-

468 2782 577 2836 teri
605 2778 965 2836 Testamento
996 2784 1112 2832 tres
1142 2776 1242 2831 tilii
1272 2777 1463 2831 Chore'
1483 2774 1538 2828 in
1569 2774 1674 2827 hac
1699 2773 1914 2828 unitate
1944 2790 2072 2827 con-

467 2876 787 2935 senserunt,
807 2875 865 2923 et
891 2868 1016 2922 ideo
1046 2870 1362 2931 evaserunt,
1388 2864 1469 2917 ita
1493 2868 1555 2917 ut
1573 2862 1811 2917 formam
1834 2868 2068 2916 teneant

467 2958 716 3014 omnium
749 2974 943 3012 eorum
984 2955 1079 3027 qui
1108 2954 1358 3009 salvandi
1396 2958 1528 3006 sunt
1567 2951 1637 3005 ab
1675 2950 1768 3004 illo
1807 2950 2063 3005 incendio

2157 1800 2322 1849 tenus
2357 1812 2461 1851 nec
2489 1796 2546 1850 in
2576 1797 2696 1852 loco
2735 1815 2837 1852 nec
2882 1798 2941 1852 in
2988 1805 3242 1871 tempore
3284 1799 3622 1869 disjungamur
3658 1812 3682 1849 a

2157 1882 2430 1939 charitate
2464 1886 2717 1954 unitatis,
2750 1887 2883 1959 quia
2907 1905 3010 1943 nec
3037 1889 3158 1942 loca
3186 1905 3287 1943 nec
3327 1895 3554 1959 tempora
3578 1884 3682 1939 divi-

2159 1972 2319 2034 dunt,
2351 1990 2534 2046 neque
2580 1983 2845 2047 separant
2887 1977 3071 2048 spatia
3117 1983 3411 2041 terrarum,
3456 1992 3573 2047 quos
3602 1989 3682 2027 una

2160 2061 2407 2117 Charitas
2434 2064 2643 2135 jungit.
2677 2065 2836 2121 Unde
2861 2066 2906 2120 si
2935 2067 3046 2122 duo
3067 2068 3147 2121 vel
3180 2073 3297 2122 tres
3323 2065 3454 2121 bene
3481 2064 3570 2118 sibi
3593 2079 3685 2117 oon-

2161 2153 2464 2207 sentientes
2501 2154 2559 2207 in
2585 2154 2807 2209 Christo
2837 2155 3142 2228 impetrare
3182 2162 3406 2228 possunt
3434 2151 3683 2208 ﬁducialius

2162 2242 2231 2296 de
2252 2242 2403 2296 omni
2434 2259 2493 2296 re
2524 2260 2691 2314 quam
2722 2244 3030 2299 secundum
3060 2246 3255 2300 Jesum
3273 2243 3519 2317 petierint
3542 2242 3589 2295 in
3611 2255 3685 2294 no-

2153 2331 2305 2386 mine
2332 2331 2509 2403 ipsius
2537 2349 2568 2385 a
2596 2335 2781 2397 Patre,
2811 2339 3021 2403 quanto
3047 2334 3231 2406 magis
3259 2333 3350 2388 ubi
3380 2330 3584 2402 singula:
3608 2328 3684 2382 Ec-

2152 2420 2351 2486 clesiae,
2385 2428 2485 2476 aut
2504 2422 2686 2476 omnis
2718 2422 2959 2477 Ecclesia
2996 2424 3206 2496 rogat?
3236 2423 3344 2478 Sed
3374 2420 3569 2493 quoties
3606 2433 3688 2472 non

2152 2511 2485 2565 exaudimur
2515 2529 2581 2565 ea
2604 2516 2690 2565 est
2716 2528 2885 2566 causa
2904 2512 3064 2584 quod
3085 2530 3202 2568 non
3232 2510 3584 2567 consentimus
3607 2507 3687 2561 duo

2151 2600 2235 2653 vel
2263 2605 2377 2655 tres
2413 2617 2513 2672 per
2556 2600 2746 2654 omnia
2790 2601 2960 2655 simul
3011 2617 3184 2656 sensu
3225 2601 3308 2656 vel
3349 2598 3576 2661 scientia,
3616 2609 3693 2649 nec

2162 2694 2344 2755 053
2357 2706 2643 2744 servamus
2676 2690 2948 2744 unitatem
2978 2690 3190 2745 Christi
3221 2691 3277 2744 in
3322 2688 3524 2743 vinculo
3553 2682 3684 2757 pacis.

2154 2777 2223 2832 Et
2247 2778 2373 2832 ideo
2399 2779 2456 2832 in
2488 2778 2611 2832 istis
2651 2779 2944 2833 sententiis
2989 2776 3308 2851 perpendat
3341 2777 3566 2851 prudens
3595 2771 3688 2827 ani-

2152 2883 2278 2920 mus
2303 2883 2470 2936 quam
2501 2866 2751 2921 terribile
2789 2867 2859 2922 sit
2900 2874 3265 2923 contemnere
3313 2866 3455 2939 quod
3496 2864 3591 2918 duo
3626 2859 3690 2913 vel

2145 2960 2261 3009 tres
2284 2955 2686 3020 consenserint,
2712 2957 2797 3010 vel
2815 2950 3096 3011 testiﬁcati
3139 2954 3373 3022 fuerint,
3391 2954 3473 3009 vel
3484 2964 3691 3007 correxe-

467 3053 696 3104 sterno.
729 3046 835 3111 Qui
860 3044 1130 3117 profecto,
1158 3043 1293 3113 quia
1312 3040 1671 3096 consentiunt
1697 3056 1823 3093 cum
1852 3040 1975 3110 lege
2004 3045 2061 3094 et
2076 3051 2117 3110 ο
2141 3044 2275 3110 rint,
2306 3049 2363 3097 et
2386 3043 2585 3115 quibus
2606 3049 2764 3098 tanta
2781 3050 2868 3099 est
2891 3046 3097 3100 ﬁducia
3120 3044 3477 3118 impetrandi.
3501 3041 3623 3106 Quia
3640 3036 3691 3091 ad

464 3136 772 3208 prophetis,
807 3135 917 3189 duo
947 3132 1229 3187 dicuntur.
1254 3129 1467 3184 Deinde
1495 3128 1628 3199 quia
1644 3127 1985 3197 colliguntur
2000 3129 2057 3182 in

464 3224 784 3294 Evangelio,
818 3228 933 3276 tres
962 3220 1159 3291 utique
1188 3217 1484 3273 unanimes
1513 3216 1571 3271 in
1604 3218 1820 3272 unitate
1850 3217 2057 3272 Christi

461 3313 842 3370 inveniuntur.
875 3309 1194 3366 Praesertim
1223 3307 1355 3378 quia
1393 3307 1481 3361 lex
1510 3312 1568 3361 et
1595 3306 1901 3378 prophetiae
1945 3323 2057 3361 non

464 3409 597 3459 sunt
624 3402 831 3459 divisae.
862 3399 960 3455 sed
986 3397 1145 3469 quasi
1170 3415 1235 3451 ex
1288 3413 1400 3451 uno
1451 3395 1662 3467 Spiritu
1712 3402 1766 3450 et
1829 3412 1893 3449 ex
1946 3412 2058 3450 una

462 3493 672 3558 anima,
697 3496 866 3562 atque
890 3506 955 3544 ex
976 3505 1089 3543 una
1117 3503 1247 3541 voce
1280 3485 1639 3540 consentiunt
1655 3484 1713 3538 in
1736 3484 2053 3555 Evangelio.

462 3582 713 3647 Quorum
750 3585 931 3645 *εδει
948 3593 1220 3631 consensu
1247 3580 1516 3646 operante
1550 3574 1606 3627 in
1636 3573 1825 3627 electis
1855 3574 1975 3638 Dei,
2008 3574 2056 3628 si

463 3671 575 3726 duo
595 3671 681 3725 vel
704 3675 819 3724 tres
861 3666 1031 3722 simul
1068 3665 1128 3719 in
1167 3664 1409 3735 idipsum
1450 3663 1663 3717 fuerint
1709 3664 2052 3734 congregati,

457 3763 587 3832 jure
616 3757 889 3832 quidquid
916 3754 1182 3827 petierint
1209 3750 1609 3824 impetrabunt,
1645 3752 1777 3823 quia
1807 3769 1918 3806 non
1949 3752 2056 3806 nisi

459 3851 519 3905 in
546 3850 763 3905 unitate
793 3845 1006 3902 collecti
1035 3860 1209 3899 unum
1244 3848 1457 3914 petunt.
1503 3842 1582 3895 De
1629 3858 1740 3911 qua
1784 3841 2055 3912 petitione

459 3939 634 3994 David
657 3958 668 3992 :
689 3939 861 3993 Unam
878 3938 1031 4004 petii,
1059 3933 1259 4004 inquit.
1279 3950 1312 3986 a
1339 3933 1587 3997 Domino,
1604 3931 1747 3984 hanc
1767 3932 2053 3998 requiram

457 4031 624 4100 (Psal.
677 4039 819 4091 xva,
852 4023 928 4092 4).
962 4023 1030 4077 Et
1058 4029 1121 4076 ut
1168 4021 1490 4076 ostenderet
1531 4021 1664 4091 quia
1711 4018 1871 4072 multi
1913 4018 2054 4073 tales

458 4132 636 4171 unum
664 4120 814 4179 sunt,
842 4112 989 4166 sicut
1016 4128 1163 4165 unus
1210 4109 1430 4164 dicebat
1470 4126 1572 4180 pro
1622 4108 1851 4163 multis:
1900 4106 2054 4162 Sicut

459 4219 646 4260 cervus
675 4202 943 4255 desiderat
973 4201 1047 4253 ad
1089 4201 1262 4267 fontes
1304 4214 1602 4267 aquarum,
1645 4200 1725 4251 ita
1781 4198 2050 4252 desiderat

458 4295 656 4348 anima
684 4306 804 4344 mea
827 4289 900 4341 ad
930 4293 993 4351 te,
1028 4289 1169 4341 Deus
1200 4287 1306 4353 (Ps.
1325 4300 1433 4347 xu,
1457 4285 1533 4352 2).
1568 4285 1748 4348 Quam
1774 4286 2050 4341 unitatem

2141 3133 2236 3187 illa
2265 3132 2566 3203 respondet
2601 3133 2709 3187 ista
2733 3134 3050 3189 sententia:
3082 3134 3145 3189 Si
3175 3138 3287 3190 duo
3334 3152 3401 3189 ea:
3434 3134 3581 3195 vobis,
3618 3129 3692 3180 aut

2143 3228 2249 3276 tres
2274 3225 2649 3276 consenserint
2672 3223 2888 3291 (Matth.
2922 3238 3071 3287 xvm,
3106 3223 3225 3292 16),
3258 3223 3391 3296 quia
3416 3221 3492 3276 ait
3530 3215 3692 3272 adhibe

2141 3327 2315 3365 unum
2336 3310 2421 3364 vel
2441 3310 2796 3376 duostecum,
2829 3328 2900 3365 ne
2929 3318 3044 3366 tam
3076 3328 3288 3384 parvus
3307 3324 3559 3366 numerus
3579 3303 3695 3358 vide—

2140 3406 2300 3454 retur
2326 3398 2789 3471 contemptibilis;
2822 3400 2956 3471 quia
2974 3401 3252 3473 quidquid
3282 3401 3377 3456 isti
3406 3400 3510 3454 duo
3524 3396 3696 3449 veltres

2139 3487 2524 3543 consenserint
2552 3493 2651 3542 aut
2678 3489 2946 3559 petierint
2985 3507 3156 3563 super
3192 3498 3426 3555 terram,
3466 3496 3694 3541 consensa

2140 3582 2197 3631 et
2222 3577 2525 3648 impetrata
2552 3584 2721 3631 erunt
2746 3578 2917 3633 etiam
2948 3584 3005 3633 et
3029 3579 3087 3633 in
3119 3582 3284 3635 caelo.
3320 3580 3517 3650 Magna
3556 3573 3697 3642 igitur

2137 3666 2441 3720 consolatio
2472 3666 2739 3727 fidelium,
2766 3684 3005 3738 quorum
3046 3675 3165 3722 tam
3218 3684 3422 3740 parvus
3471 3674 3695 3719 numerus

2136 3760 2297 3809 tanta
2321 3754 2719 3809 corroboratur
2742 3756 2967 3810 Domini
2995 3757 3224 3824 virtute,
3258 3764 3325 3813 ut
3353 3756 3449 3828 qui
3476 3751 3695 3809 domina-

2136 3849 2231 3897 tur
2250 3847 2409 3912 virga
2434 3847 2659 3897 virtutis
2687 3861 2797 3898 sua
2816 3848 2879 3899 in
2903 3848 3078 3900 medio
3112 3849 3478 3902 inimicorum
3496 3852 3692 3898 suorum

2135 3933 2303 3999 (Psat.
2332 3948 2432 3995 cxx,
2461 3930 2537 3999 2),
2560 3932 2680 4003 ipse
2711 3933 2880 3987 etiam
2916 3933 2971 3987 in
3005 3935 3191 3990 medio
3216 3936 3458 3990 istorum
3508 3946 3616 3986 esse
3653 3940 3699 3980 se

2135 4026 2394 4075 testatur.
2441 4021 2509 4075 Et
2536 4021 2660 4075 ideo
2690 4021 2936 4076 dubitari
2980 4040 3092 4078 non
3145 4024 3322 4080 debet
3371 4021 3516 4095 quod
3566 4031 3699 4072 exau-

2136 4109 2370 4164 diuntur
2397 4109 2454 4164 in
2476 4110 2632 4177 caelo,
2660 4111 2917 4182 quamvis
2946 4112 3130 4167 adhuc
3159 4114 3280 4169 sint
3307 4128 3478 4185 super
3501 4115 3697 4167 terram.

2136 4199 2232 4271 qui
2264 4198 2473 4254 habent
2501 4199 2556 4254 in
2587 4199 2773 4254 medio
2804 4200 2892 4256 sui
2944 4202 3273 4258 Dominum.
3314 4201 3391 4258 Et
3431 4195 3700 4256 notandum

2134 4288 2282 4359 quod
2309 4305 2422 4343 non
2450 4288 2590 4343 dixit
2615 4288 2673 4342 in
2703 4289 2886 4344 medio
2912 4306 3108 4363 eorum
3135 4309 3256 4360 ero,
3303 4291 3406 4347 sed
3452 4294 3516 4345 in
3557 4283 3701 4340 medio

458 4378 817 4439 commendat
841 4373 1177 4447 Apostolus:
1207 4374 1282 4428 Ut
1296 4373 1438 4437 sitis,
1469 4372 1673 4443 inquit,
1718 4374 1947 4444 perfecti
1993 4366 2323 4432 inDeorum
2354 4394 2514 4443 sum;
2547 4378 2681 4449 quia
2708 4395 2820 4433 non
2854 4380 3073 4435 medius
3101 4380 3337 4437 futurus
3378 4385 3466 4436 est
3508 4373 3698 4435 talibus,

457 4472 654 4529 eodem
682 4484 850 4523 sensu
879 4463 1021 4519 etin
1064 4462 1259 4517 eadem
1301 4461 1535 4516 scientia
1579 4462 1800 4530 (Philip.
1850 4477 1911 4528 ιι,
1952 4463 2045 4532 7);
2131 4483 2314 4538 neque
2343 4466 2558 4521 medius
2586 4484 2709 4522 esse
2734 4467 2999 4535 tardabit,
3040 4463 3137 4524 sed
3168 4488 3303 4527 mox
3341 4467 3617 4526 sinceriter
3652 4463 3705 4514 ut

456 4560 590 4635 quia
617 4558 763 4614 sicut
788 4555 1048 4625 segregat
1069 4551 1355 4606 dissensus
1370 4566 1404 4604 a
1422 4549 1719 4604 concordia
1735 4550 2044 4618 charitatis,
2130 4556 2514 4610 consenserint
2543 4556 2827 4611 invenitur
2855 4556 3114 4614 Christus
3141 4557 3201 4615 in
3227 4561 3315 4616 eis
3332 4559 3566 4615 medius.
3587 4554 3705 4618 Quo-

454 4634 536 4705 ita
562 4647 869 4715 congregat
895 4656 1215 4704 consensus,
1251 4645 1307 4695 et
1336 4638 1722 4709 compaginem
1769 4641 2052 4695 connectit
2131 4643 2285 4698 niam
2304 4649 2361 4697 et
2380 4643 2635 4699 Christus
2650 4644 2770 4716 ipse
2785 4661 2981 4701 eorum
3016 4634 3332 4704 consensus
3365 4652 3470 4715 est,
3499 4644 3622 4700 dum
3660 4642 3706 4692 et

450 4739 511 4793 in
530 4752 708 4792 unum
735 4730 1047 4797 charitatis,
1079 4730 1160 4784 ita
1180 4735 1245 4784 ut
1268 4729 1417 4785 Deus
1448 4746 1549 4800 per
1584 4728 1729 4783 hanc
1772 4729 2046 4784 unitatem
2128 4734 2238 4805 ipsi
2268 4734 2326 4788 in
2355 4734 2597 4806 idipsum
2611 4752 2786 4791 unum
2801 4733 3328 4809 consentiuntqcum
3360 4738 3462 4803 eis,
3495 4743 3704 4807 quorum

450 4828 511 4884 in
525 4824 708 4881 medio
728 4838 923 4877 eorum
944 4836 1064 4875 esse
1084 4819 1277 4891 possit.
1301 4818 1566 4890 Alioquin
1584 4819 1631 4872 si
1647 4835 1821 4874 unum
1844 4836 2044 4890 corpus

450 4932 664 4979 sumus,
694 4909 947 4985 quamvis
993 4910 1171 4964 multa
1218 4907 1393 4962 simus
1440 4907 1711 4971 membra,
1766 4907 2043 4962 unitatem

447 5011 722 5065 tenemus,
749 5001 881 5074 quia
900 5000 970 5054 ad
990 4999 1095 5053 hoc
1116 4997 1303 5070 posuit
1342 4998 1489 5051 Deus
1525 4996 1747 5066 singula
1790 4995 2043 5051 membra

445 5095 504 5150 in
533 5111 782 5167 corpore,
812 5096 876 5145 ut
904 5087 1093 5144 omnia
1119 5088 1360 5159 idipsum
1391 5086 1630 5157 sapiant,
1660 5085 1902 5156 idipsum
1960 5085 2042 5139 di-

445 5190 592 5250 cant,
619 5184 976 5254 idipsumque
1004 5177 1376 5240 consentiant,
1402 5182 1458 5229 et
1473 5174 1707 5229 sollicita
1751 5175 1865 5229 sint
1895 5174 2038 5229 invi-

442 5287 586 5337 cem,
614 5276 679 5325 ut
697 5271 743 5324 si
760 5268 973 5342 patitur
991 5283 1167 5320 unum
1192 5263 1589 5327 membrorum,
1621 5266 2035 5331 compatiuntur

443 5364 634 5415 omnia
665 5361 908 5413 membra
941 5358 994 5424 (I
1019 5355 1138 5409 Cor.
1181 5368 1278 5419 ΧΠ,
1310 5351 1423 5415 ‘26),
1467 5360 1524 5407 et
1569 5353 1878 5422 gloriﬁcato
1922 5369 2033 5406 uno

444 5441 1242 5516 membrorum,congaudeant
1254 5441 1442 5496 omnia
1455 5442 1820 5497 membra.Sic
1832 5442 2037 5512 quippe

441 5539 608 5598 debet
633 5555 758 5595 esse
792 5537 849 5592 in
877 5533 1153 5603 omnibus,
1180 5531 1259 5587 sic
1290 5536 1345 5589 et
1373 5532 1432 5585 in
1459 5545 1570 5585 uno
1615 5531 1858 5598 homine,
1895 5546 2035 5602 qua-

2118 4825 2478 4892 participatio
2508 4828 2571 4878 in
2594 4825 2839 4894 idipsum
2864 4833 2939 4880 est
2977 4814 3136 4894 (Psat‘.
3166 4814 3317 4893 em,
3357 4827 3441 4887 3).

2203 4912 2357 4991 Tunc
2384 4916 2638 4968 accedens
2676 4917 2869 4969 Petrus
2909 4918 3056 4970 dixit
3086 4893 3178 4971 ei:
3217 4918 3479 4984 Domine,
3527 4912 3708 4983 quoties

2119 5004 2419 5067 peccaverit
2448 5005 2510 5056 in
2545 5019 2629 5056 me
2665 5002 2848 5071 frater
2876 5020 3046 5069 meus,
3079 5007 3374 5060 dimittam
3392 5008 3613 5071 eiusque
3636 5012 3706 5051 se—

2116 5090 2255 5156 pties
2280 5094 2303 5140 Ρ
2332 5090 2476 5144 Dicit
2505 5095 2556 5144 ei
2583 5092 2737 5146 Jesus
2762 5110 2775 5145 :
2801 5091 2923 5146 Non
2948 5095 3066 5147 dico
3091 5095 3194 5148 tibi
3224 5110 3403 5163 usque
3425 5084 3711 5161 septies,sed

2121 5192 2289 5245 usque
2313 5183 2613 5247 septuaoies
2649 5182 2856 5249 septies.
2898 5182 3041 5236 Nam
3089 5182 3271 5237 Lucas
3318 5183 3466 5237 hanc
3509 5182 3707 5234 senten-

2119 5264 2257 5320 tiam
2288 5267 2357 5321 de
2398 5267 2749 5339 indulgentia
2792 5269 3001 5337 fratris,
3050 5278 3108 5325 et
3163 5269 3321 5325 Illam
3371 5287 3486 5343 qua
3531 5261 3713 5332 corrigi

2119 5355 2440 5421 mandatur,
2473 5357 2639 5411 simul
2654 5357 2861 5427 jungit.
2889 5375 3028 5429 quas
3041 5358 3317 5414 Dominus
3344 5354 3593 5413 docendo
3619 5350 3714 5405 dis-

2118 5445 2315 5498 seruit.
2360 5443 2573 5508 Quibus
2611 5447 2904 5501 sententiis
2947 5465 3115 5503 unam
3157 5446 3463 5520 proposuit
3500 5442 3710 5499 dicens:

2117 5533 2389 5588 Attendite
2412 5536 2577 5588 vobis.
2604 5535 2738 5600 Quae
2770 5541 2829 5590 et
2873 5535 3075 5593 harum
3105 5537 3357 5593 duarum
3409 5532 3712 5605 intelligen-
