3888 6172
171 329 262 392 625

878 330 1258 389 EXPOSITIO
1295 334 1375 391 IN
1410 335 1744 395 ΜΑἸἹἮᾹΞΙ

1827 340 1857 397 [.
1888 370 1952 383 -
1977 341 2114 398 LIB.
2154 339 2306 406 VIII,
2346 338 2502 395 CAP.
2543 336 2745 395 XVIII.

3317 331 3426 393 626

174 458 290 513 tiam
315 455 612 511 clariorem
641 455 917 522 redderet,
964 462 1022 512 et
1048 459 1333 515 auditores
1361 474 1495 517 suos
1533 463 1739 520 sollici-
1760 466 1920 533 Alia,
1954 465 2155 539 quibus
2181 462 2433 520 remissis
2452 461 2822 517 remittuntur
2840 460 3120 515 universa.
3152 458 3261 513 Alii
3288 445 3418 514 vero

172 548 321 602 tiores
364 545 594 599 faceret.
655 545 780 599 Non
823 546 972 600 enim
1001 547 1159 615 dixit,
1214 550 1343 603 licet
1369 551 1464 605 uni
1492 552 1748 608 videatur

172 635 322 707 loqui,
356 634 591 689 attende
629 633 753 698 tibi,
795 634 890 689 sed
922 639 1184 691 attendite
1214 641 1377 693 vobis.
1412 640 1556 705 Quia
1584 642 1747 712 quid-

171 723 284 797 quid
302 723 359 777 in
383 722 472 777 his
492 721 710 777 duobus
731 724 1018 795 przeceptis
1038 724 1204 780 alicui
1219 727 1524 782 attenderit
1550 729 1741 798 homo,

173 813 260 869 sibi
277 828 504 884 quoque
531 812 790 878 attendit,
827 818 884 866 et
902 821 1175 884 quantum
1196 815 1405 871 videbit
1421 816 1539 888 ipse
1553 819 1740 886 alteri,

169 899 357 957 videbit
385 902 533 956 alter
560 907 617 956 et
644 902 769 973 ipsi.
804 902 873 956 Et
897 902 1024 957 ideo
1054 903 1163 959 ista
1183 906 1400 960 novitas
1421 906 1739 978 locutionis,

170 998 426 1065 quantum
455 990 592 1045 mihi
622 990 856 1058 videtur,
892 992 1293 1049 ofﬁciosissime
1322 997 1612 1067 praemissa
1634 1004 1739 1066 est,

166 1088 214 1136 et
233 1082 342 1136 haec
371 1079 685 1135 admonitio
708 1086 913 1152 praeter
940 1098 1105 1136 usum
1130 1084 1391 1155 loquendi
1408 1088 1553 1141 facta
1574 1106 1589 1157 ;
1609 1105 1743 1161 quo-

170 1169 299 1226 niam
326 1171 518 1224 multa
544 1175 676 1224 sunt
708 1187 831 1242 quae
875 1172 1336 1242 reprehendimus
1374 1174 1434 1229 in
1475 1176 1743 1233 fratribus

168 1259 249 1332 qui
295 1259 355 1313 in
406 1276 512 1313 nos
546 1274 775 1331 peccare
807 1259 1083 1326 videntur,
1117 1268 1173 1316 et
1204 1264 1383 1317 multa
1416 1282 1538 1336 quae
1560 1266 1745 1321 dimit-

166 1355 268 1403 tere
301 1347 598 1403 debemus.
631 1348 842 1403 Idcirco
867 1350 1005 1404 satis
1038 1351 1265 1422 provide
1294 1353 1508 1408 dictum
1535 1363 1638 1421 est,
1664 1361 1745 1410 at-

166 1438 348 1492 tendite
381 1439 568 1498 vobis;
605 1453 676 1491 ne
699 1454 871 1509 vagus
910 1439 1102 1494 oculus
1131 1445 1187 1495 et
1207 1442 1459 1512 passivus
1480 1444 1741 1512 intuitus,

164 1533 311 1597 atque
360 1524 656 1597 improbus
701 1533 958 1598 aspectus
1002 1528 1125 1600 plus
1186 1531 1449 1602 respiciat
1490 1533 1743 1589 curiosus

163 1616 335 1669 ruinas
364 1614 614 1669 aliorum
645 1620 703 1670 et
730 1616 923 1687 culpas
954 1634 1123 1688 quam
1147 1636 1296 1685 suas,
1330 1637 1400 1675 ne
1427 1621 1570 1677 forte
1608 1624 1742 1679 dum

162 1720 247 1758 sua
272 1720 459 1759 caecus
488 1720 601 1758 non
628 1704 778 1760 videt
806 1705 1060 1770 crimina,
1114 1712 1325 1764 temere
1367 1718 1529 1766 curat
1560 1729 1743 1785 repre-

1830 555 2041 621 dicunt,
2072 555 2202 626 quia
2222 553 2427 625 septies
2460 551 2800 605 vindicatum
2830 555 2916 604 est
2931 549 3000 603 de
3022 547 3180 611 Cain,
3216 552 3274 602 et
3292 547 3419 602 ideo

1830 644 2101 698 Dominus
2130 642 2406 698 addiderit
2422 643 2584 711 juxta
2603 639 2751 711 quod
2768 638 2836 692 de
2864 639 3105 693 Lamech
3126 653 3286 691 sacra
3305 637 3423 691 vin-

1830 732 2127 787 dicandum
2162 731 2476 803 percensuit
2505 728 2773 793 Historia,
2794 728 2962 782 toties
2990 725 3414 790 remittendum,

1826 826 1891 875 ut
1916 820 1973 875 in
2005 827 2276 892 quantum
2319 819 2557 891 amplior
2601 817 2847 872 excrevit
2883 816 3144 882 vindicta,
3179 815 3420 886 amplior

1826 912 1987 965 fieret
2015 910 2365 980 indulgentia
2394 914 2451 963 et
2484 912 2669 974 655
2699 907 2875 961 venia.
2904 906 3257 976 Quapropter
3286 903 3420 974 quia

1824 1000 2082 1071 praefixus
2103 1004 2189 1053 est
2214 1016 2249 1052 a
2276 998 2514 1052 Domino
2546 995 2867 1050 remittendi
2898 994 3193 1059 terminus,
3224 993 3414 1046 nullus

1824 1089 1966 1143 forte
1994 1089 2145 1143 ultra
2172 1086 2400 1142 audebit
2428 1101 2657 1157 parcere
2684 1083 3052 1155 delinquenti.
3083 1083 3242 1137 Ultra
3283 1096 3416 1151 ergo

1825 1179 1974 1233 hunc
1993 1177 2228 1231 limitem
2248 1175 2531 1230 transilire
2554 1190 2717 1227 nemo
2741 1172 2986 1227 audebit.
3015 1171 3123 1226 Sed
3147 1171 3294 1224 hunc
3310 1175 3420 1224 ter-

1826 1268 2041 1321 minum
2100 1264 2422 1320 remittendi
2465 1262 2732 1335 parabola
2774 1261 3119 1331 subsequens
3159 1258 3414 1325 absolvit,

1827 1372 1954 1411 cum
1985 1356 2243 1410 inventus
2272 1361 2358 1408 est
2386 1352 2481 1425 qui
2508 1353 2702 1406 decem
2728 1350 2901 1404 millia
2925 1349 3268 1403 talentorum
3295 1352 3418 1401 erat

1827 1445 2065 1509 debitor,
2079 1450 2135 1498 et
2154 1444 2388 1499 dimissa
2414 1447 2547 1497 sunt
2574 1441 2624 1495 ei
2654 1439 2868 1517 omnia.
2908 1438 3119 1493 Idcirco
3139 1453 3304 1491 nemo
3329 1436 3417 1490 di-

1826 1541 1916 1589 cat
1939 1551 2050 1589 non
2080 1534 2232 1588 ultra
2259 1550 2319 1587 se
2347 1531 2631 1586 dimittere
2668 1528 2871 1584 debere
2890 1526 3159 1582 fratribus
3190 1529 3417 1597 peccata

1825 1623 1957 1695 quia
1987 1623 2260 1678 Dominus
2279 1621 2522 1692 amplius
2549 1619 2835 1674 dimittere
2863 1633 2974 1671 non
2996 1615 3176 1687 jubet.
3199 1614 3344 1679 Quia
3369 1614 3417 1667 si

1824 1712 1929 1767 hoc
1958 1713 2036 1767 ita
2067 1713 2358 1785 praefixum
2389 1728 2509 1765 esse
2538 1709 3088 1778 vellet,nequaquam
3119 1705 3265 1777 quod
3297 1704 3419 1775 ipse

162 1793 392 1848 hendere
427 1792 630 1859 aliena,
656 1798 714 1847 et
734 1794 865 1861 dum
888 1811 1000 1849 non
1015 1792 1331 1852 considerat
1358 1799 1480 1855 aliis
1493 1802 1743 1872 quotidie
1759 1819 1807 1880 Β
1826 1802 2006 1873 egerit
2025 1803 2411 1873 subjungeret.
2442 1802 2585 1854 Nam
2618 1815 2719 1869 per
2745 1798 2938 1852 decem
2970 1795 3146 1850 millia
3172 1795 3417 1849 talento-

165 1888 321 1948 1³⁵4
333 1898 491 1957 quas
510 1882 677 1937 infert
705 1882 1098 1956 injurias,ipse
1127 1885 1233 1940 sibi
1263 1887 1448 1943 illatas
1467 1889 1536 1943 ab
1556 1891 1743 1961 aliquo

158 1971 365 2042 gravius
396 1977 606 2043 portet,
632 1978 863 2043 propter
889 1974 1037 2044 quod
1079 1973 1511 2046 benignissimus
1545 1981 1746 2050 magis-

156 2066 233 2115 ter
266 2066 322 2115 et
376 2060 856 2116 clementissimus
921 2063 1211 2124 Dominus,
1269 2066 1460 2136 paucis
1518 2068 1744 2139 provide

158 2151 356 2204 animos
387 2149 746 2204 audientium
760 2152 1271 2221 praestruxitverbis
1292 2155 1370 2208 ita
1385 2156 1609 2211 dicens:
1642 2157 1743 2214 At-

155 2241 336 2293 tendite
367 2240 527 2293 vobis
550 2258 565 2303 ;
598 2239 733 2310 quia
748 2240 1029 2315 quidquid
1049 2246 1135 2296 est
1163 2242 1220 2296 in
1250 2243 1337 2298 his
1360 2244 1578 2299 duobus
1600 2263 1742 2318 prae-

153 2328 310 2398 ceptis
337 2327 502 2399 quod
531 2327 771 2398 agimus,
803 2328 963 2383 nobis
1002 2330 1245 2401 primum
1269 2338 1333 2387 ut
1356 2335 1533 2405 prosit
1562 2341 1742 2391 atten-

151 2415 269 2471 dere
308 2417 615 2481 debemus,
652 2417 854 2472 deinde
899 2419 1151 2489 proximo
1200 2438 1314 2475 non
1345 2423 1532 2478 minus
1574 2441 1744 2496 quam

151 2505 315 2559 nobis.
345 2504 469 2570 Qui
492 2505 542 2559 si
578 2511 773 2577 peccat
794 2507 853 2561 in
883 2508 1110 2563 nobiset
1129 2527 1258 2564 eum
1279 2512 1632 2583 corrigimus,
1664 2514 1746 2569 ita

151 2601 205 2650 ut
226 2596 485 2651 lucratus
513 2595 589 2650 sit
615 2613 716 2667 per
745 2613 845 2650 nos
877 2597 1068 2665 frater,
1116 2599 1396 2671 duplicem
1428 2603 1744 2658 mercedem

146 2685 420 2741 habemus
451 2703 465 2752 ;
493 2701 667 2740 unam
696 2686 827 2757 quia
858 2686 909 2741 ei
938 2686 1178 2743 libenter
1207 2689 1565 2757 dimittimus,
1603 2693 1745 2748 alte-

153 2790 262 2828 rem
290 2775 439 2847 quia
460 2791 590 2829 eum
619 2775 818 2830 lucrati
841 2779 1214 2833 sumus.Alias
1232 2781 1553 2846 autem,nisi
1583 2799 1743 2837 man-

152 2864 310 2919 dante
337 2865 472 2919 Deo
519 2864 718 2919 feceris
744 2865 911 2920 homo
943 2883 1064 2938 quae
1087 2866 1377 2936 jubentur,
1412 2887 1515 2925 nec
1542 2870 1643 2925 tibi
1667 2876 1750 2926 at-

153 2954 328 3008 tendis
351 2969 472 3010 nec
488 2954 763 3025 proximo.
802 2946 871 3009 Et
891 2954 1017 3010 ideo
1041 2957 1173 3027 quia
1191 2956 1290 3012 tibi
1320 2959 1610 3030 providere
1634 2977 1747 3015 non

144 3043 287 3096 vales
299 3045 434 3098 sine
474 3043 856 3114 proximo.nec
875 3045 1126 3116 proximo
1146 3047 1470 3119 priusquam
1492 3049 1593 3104 tibi
1623 3049 1749 3104 sub-

1826 1909 1950 1946 rum
1983 1892 2271 1963 signanter
2300 1890 2575 1962 expressit
2602 1893 2831 1959 peccata
2858 1887 3066 1949 omnia,
3092 1901 3214 1956 quas
3234 1884 3293 1937 in
3320 1899 3418 1936 no-

1825 1981 1911 2035 bis
1940 1981 2152 2035 invenit
2171 1987 2227 2035 et
2246 1979 2489 2035 donavit.
2536 1978 2844 2049 Propterea
2887 1981 2945 2028 et
2972 1980 3033 2028 tu
3063 1973 3179 2027 noli
3204 1971 3416 2026 subdu-

1826 2087 1952 2125 cere
1978 2070 2432 2133 misericordiam,
2454 2068 2551 2123 sed
2573 2081 2867 2139 poscamus
2894 2064 3106 2135 pariter
3124 2061 3293 2131 hujus
3316 2074 3417 2113 nu-

1827 2161 1969 2215 meri
1994 2160 2347 2215 solutionem.
2372 2159 2496 2212 Non
2520 2156 2673 2211 enim
2695 2154 2815 2209 sine
2829 2168 2998 2207 causa
3013 2150 3253 2206 Lamech
3263 2148 3418 2220 prius

1825 2251 1975 2304 hunc
2004 2265 2304 2304 numerum
2336 2248 2393 2301 in
2426 2246 2728 2300 vindictam
2776 2242 2863 2297 sui
2890 2242 2970 2297 ita
3003 2236 3291 2313 praemisit,
3323 2253 3417 2291 ne-

1828 2356 1935 2411 que
1963 2338 2235 2394 Dominus
2262 2353 2458 2392 rursus
2488 2352 2618 2389 eum
2642 2335 2702 2388 in
2750 2330 3137 2409 remissionem
3166 2326 3419 2382 omnium

1828 2435 2181 2500 peccatorum
2206 2426 2325 2480 sine
2349 2440 2518 2481 causa
2542 2423 2799 2495 praefixit.
2828 2420 2937 2476 Sed
2968 2417 3331 2491 quaerendum
3347 2416 3418 2470 de

1826 2518 1946 2590 ipso
1976 2533 2211 2570 numero
2240 2515 2397 2587 prius
2423 2529 2642 2576 censeo,
2676 2511 2810 2582 quia
2851 2510 3015 2564 aliter
3042 2507 3266 2579 quidem
3288 2521 3418 2560 eum

1826 2605 2149 2661 calculando
2170 2602 2567 2674 multiplicant,
2591 2600 2755 2654 aliter
2783 2615 2913 2653 vero
2942 2596 3038 2651 alii
3065 2597 3252 2666 ipsum
3264 2611 3417 2649 eum-

1826 2696 2065 2766 demque
2091 2709 2392 2749 numerum
2411 2691 2481 2746 ad
2506 2689 2836 2761 mysterium
2867 2692 2924 2741 et
2936 2702 3048 2741 non
3073 2684 3144 2738 ad
3174 2683 3418 2738 calcula-

1825 2786 2038 2840 tionem
2063 2788 2287 2838 tantum
2313 2781 2720 2850 constringunt.
2748 2777 2823 2833 Ut
2841 2775 2974 2847 quid
3000 2775 3081 2829 ait
3100 2771 3418 2845 septuagies

1829 2873 2079 2946 septies?
2110 2870 2473 2928 Solummodo
2502 2867 2861 2940 septuaginta
2889 2871 2946 2919 et
2973 2870 3188 2936 septem
3218 2861 3422 2917 intelli-

1826 2942 2052 3035 gantur,
2086 2978 2198 3017 non
2223 2966 2467 3023 tantum,
2493 2963 2556 3011 ut
2583 2956 2716 3021 dixi,
2750 2954 3058 3009 secundum
3088 2951 3421 3022 multiplica-
3447 2942 3457 2957 ⁵

1827 3053 2040 3108 tionem
2068 3049 2286 3112 calculi,
2320 3052 2595 3120 quantum
2626 3044 2933 3099 secundum
2961 3041 3292 3114 mysterium
3328 3056 3423 3094 sa-

142 3131 347 3199 venire,
369 3137 535 3187 recte
574 3132 785 3187 dictum
807 3140 918 3205 est,
944 3135 1217 3190 attendite
1236 3135 1389 3191 vobis
1417 3138 1640 3193 solliciti
1664 3139 1747 3193 in-
1761 3138 1804 3197 C
1825 3140 2270 3196 cramenti.Nam
2285 3136 2825 3209 septuagiesseptem
2841 3129 3239 3204 quadringenti
3251 3144 3425 3183 nona-

136 3220 317 3274 vicem
346 3237 579 3275 sep-vare
608 3219 886 3285 unitatem
928 3226 1082 3293 pacis
1113 3228 1175 3277 in
1205 3230 1428 3280 vinculo
1455 3227 1746 3282 charitatis

135 3309 349 3377 (Ep/aes.
379 3325 468 3375 tv,
499 3310 571 3376 5),
608 3310 740 3382 quia
771 3311 917 3382 quod
937 3312 1112 3366 donas
1133 3318 1189 3368 et
1206 3314 1426 3385 recipis,
1451 3315 1584 3369 dum
1604 3316 1747 3372 vices

133 3397 412 3455 vobismet
446 3399 796 3471 impenditis.
822 3400 963 3465 Quia
987 3400 1091 3456 etsi
1113 3401 1207 3456 ille
1219 3402 1405 3467 hodie,
1434 3409 1495 3457 tu
1523 3421 1745 3476 quoque

135 3502 254 3543 cras
302 3488 595 3560 peccabis.
644 3489 786 3543 Hinc
834 3489 976 3544 forte
1004 3491 1113 3544 erit
1149 3490 1248 3545 tibi
1272 3492 1444 3562 judex
1473 3509 1615 3559 cras,
1648 3494 1745 3565 qui

132 3584 249 3632 erat
307 3578 495 3633 hodie
544 3595 694 3644 reus,
731 3577 837 3632 etsi
894 3579 1049 3650 parvi
1104 3580 1348 3651 pendere
1389 3582 1637 3653 potueris
1673 3599 1744 3637 ne

132 3665 210 3719 illi
246 3685 482 3739 pecces,
522 3667 703 3722 Deum
736 3673 925 3741 tamen
942 3684 1050 3722 non
1090 3670 1340 3740 eﬂ‘ugies,
1381 3671 1476 3741 qui
1498 3671 1661 3741 jubet
1683 3676 1747 3726 ut

131 3772 279 3825 agas,
313 3774 352 3812 a
377 3773 503 3828 quo
533 3754 634 3811 tibi
664 3756 827 3828 plura
850 3756 1083 3811 dimissa
1103 3765 1317 3823 sunt,et
1330 3760 1419 3814 cui
1448 3759 1746 3815 innumera

132 3844 321 3900 debes.
361 3845 592 3900 Idcirco
639 3844 879 3907 noveris,
936 3847 1069 3917 quia
1116 3864 1229 3902 non
1268 3848 1325 3902 in
1367 3849 1471 3903 hoc
1509 3866 1743 3904 numero

128 3933 253 4005 pius
288 3935 488 4007 judex
536 3933 759 3988 veniam
792 3941 1078 4006 angustat,
1132 3953 1313 4007 neque
1342 3938 1444 3992 hoc
1470 3939 1590 4008 lege
1619 3956 1747 3993 con-

131 4025 365 4096 stringit
385 4031 453 4080 et
473 4024 894 4081 tineconcludit.
918 4025 1012 4079 sed
1037 4025 1185 4079 hunc
1201 4026 1417 4080 finitum
1447 4044 1744 4083 numerum

127 4113 231 4169 sub
257 4121 636 4169 sam-amento
662 4113 766 4185 piae
795 4114 1240 4184 signiﬁcationis,
1276 4132 1375 4187 pro
1398 4115 1618 4171 infinito
1645 4134 1744 4188 po-

127 4203 253 4257 suit.
307 4205 546 4259 Tamen
578 4202 740 4256 multi
780 4210 1057 4273 quaerunt,
1096 4220 1197 4257 cur
1238 4205 1438 4259 Petrus
1466 4222 1644 4276 usque
1673 4206 1744 4260 ad

129 4291 273 4346 hunc
294 4308 618 4348 numerum
641 4299 870 4363 peccata
892 4292 1229 4347 remittenda
1249 4294 1606 4363 putaverit.et
1633 4312 1743 4350 non

126 4381 750 4453 amplius?Forte,quia
775 4380 987 4435 sciebat
1015 4398 1080 4435 ex
1114 4382 1237 4452 lege
1266 4382 1415 4436 hunc
1444 4399 1744 4437 numerum

1826 3232 1986 3302 ginta
2008 3232 2169 3293 ﬁunt,
2204 3234 2268 3282 ut
2294 3226 2462 3281 toties
2507 3225 2567 3279 in
2596 3223 2687 3277 die
2714 3221 3072 3276 remittamus
3102 3218 3262 3273 fratri
3291 3234 3420 3290 pec-

1829 3318 2115 3390 canti,quo
2159 3318 2253 3372 ille
2285 3314 2529 3386 amplius
2566 3328 2796 3384 peccare
2824 3326 2935 3365 non
2961 3308 3156 3381 possit.
3182 3307 3343 3372 Quod
3373 3308 3421 3362 si

1828 3408 1888 3463 in
1907 3407 1997 3462 die
2025 3411 2125 3460 aut
2150 3406 2209 3460 in
2238 3411 2491 3475 tempore
2520 3402 2671 3457 ultra
2699 3398 2915 3471 aliquid
2944 3398 3002 3451 in
3024 3404 3080 3452 te
3108 3395 3420 3468 peccaverit

1827 3497 2000 3551 frater
2017 3492 2431 3564 tuus,nunquid
2442 3507 2555 3545 non
2575 3490 2725 3544 ultra
2741 3488 2992 3542 dimittes
3019 3486 3112 3541 ei?
3141 3487 3287 3540 Nam
3318 3485 3421 3539 sic-

1825 3591 1890 3640 ut
1914 3584 2177 3638 continuo
2212 3582 2270 3635 in
2316 3579 2575 3651 sequenti
2604 3576 2869 3649 parabole
2897 3574 3248 3640 tractabitur,
3281 3575 3409 3645 plus

1828 3679 1913 3729 est
1947 3673 2137 3727 decem
2188 3669 2367 3724 millia
2404 3668 2746 3722 talentorum
2786 3681 2957 3736 quam
2986 3662 3305 3735 septuagies
3334 3679 3418 3717 se-

1827 3767 2063 3835 ptem,et
2082 3761 2207 3832 plus
2244 3763 2468 3813 centum
2491 3755 2708 3811 denarii
2730 3770 2899 3825 quam
2935 3752 3293 3824 septuaginta
3335 3768 3420 3806 se-

1828 3858 1997 3922 ptem.
2023 3848 2167 3914 Quia
2193 3847 2335 3902 forte
2372 3851 2600 3900 centum
2634 3842 2851 3898 denarii
2878 3841 3027 3896 mille
3062 3857 3215 3895 asses
3260 3845 3415 3907 sunt,

1829 3947 1886 3996 et
1899 3940 2022 3995 ideo
2043 3955 2143 4010 per
2169 3938 2359 3991 decem
2382 3934 2557 3989 millia
2570 3933 2913 3988 talentorum
2941 3947 3043 3986 seu
3071 3946 3171 4002 per
3189 3934 3416 3984 centum

1827 4029 2086 4085 denarios
2105 4026 2297 4082 omnia
2320 4041 2443 4096 quae
2460 4025 2519 4078 in
2539 4040 2640 4078 nos
2659 4022 3108 4083 committuntur,
3141 4018 3415 4081 insinuat,

1828 4119 1960 4190 quia
1995 4116 2261 4172 debemus
2289 4115 2595 4186 ignoscere,
2628 4111 2793 4166 sicuti
2822 4117 2880 4165 et
2900 4108 3061 4165 nobis
3089 4124 3316 4162 oramus
3340 4108 3420 4162 di-

1828 4208 2127 4263 mitti.Non
2146 4205 2297 4260 enim
2316 4204 2384 4258 ad
2418 4218 2715 4257 numerum
2746 4199 2995 4272 quotidie
3025 4214 3128 4253 nos
3149 4198 3417 4269 prostrati

1827 4311 2089 4368 rogamus
2106 4293 2440 4366 ignosci,sed
2461 4307 2758 4364 precamur
2777 4308 2788 4343 :
2815 4292 3048 4344 Dimitte
3066 4289 3219 4342 nobis
3237 4288 3417 4341 debita

1828 4392 2040 4455 nostra,
2068 4388 2211 4439 sicut
2257 4388 2304 4438 et
2348 4399 2444 4437 nos
2478 4383 2819 4436 dimittimus
2851 4378 3184 4433 debitoribus
3215 4378 3419 4430 nostris

126 4469 497 4524 mmlSSiONis
526 4486 650 4523 esse
690 4484 790 4542 ἔθα
814 4468 1048 4538 reQuiei.
1073 4468 1232 4523 Unde
1262 4469 1531 4524 Dominus
1558 4459 1811 4541 patra-D
1833 4476 2048 4542 (Matth.
2084 4488 2160 4539 v1,
2212 4470 2319 4540 1‘2).
2376 4471 2510 4535 Quae
2538 4468 2726 4524 debita
2754 4462 3055 4539 rogamus?
3102 4465 3311 4529 omnia,
3345 4481 3419 4519 an

122 4560 191 4615 tis
218 4560 513 4615 omnibus
539 4559 629 4613 die
641 4559 877 4630 septima
892 4559 1174 4629 requiesse
1195 4559 1402 4613 dicitur
1416 4560 1567 4627 (Gen.
1599 4559 1743 4625 11,2),

123 4664 334 4720 seuque
367 4648 633 4719 legitur:
662 4646 865 4715 Septies
893 4650 1040 4701 cadit
1052 4652 1243 4717 justus
1274 4652 1335 4702 in
1369 4651 1474 4712 die,
1499 4655 1545 4702 et
1568 4666 1749 4703 resur-

118 4741 192 4803 git
220 4740 389 4799 (Luc.
428 4750 570 4802 xvu,
612 4735 689 4802 4).
720 4735 884 4793 Unde
922 4743 979 4791 et
1024 4738 1203 4792 Lucas
1231 4738 1521 4809 signanter
1544 4739 1624 4793 sic
1652 4756 1746 4793 re-

122 4827 438 4895 spondisse
472 4824 935 4888 Dominumdicit
958 4845 969 4879 :
989 4828 1051 4882 Si
1065 4830 1254 4895 septies
1274 4830 1333 4881 in
1355 4830 1440 4882 die
1448 4831 1744 4897 peccaverit

118 4917 175 4968 in
201 4922 271 4981 te,
304 4922 360 4970 et
395 4917 601 4983 septies
632 4917 697 4967 in
729 4914 818 4968 die
838 4931 1124 4968 conversus
1153 4918 1328 4984 fuerit
1358 4920 1418 4969 in
1449 4922 1515 4978 te,
1540 4918 1741 4981 dicens,

112 5008 342 5069 penitet
379 5018 502 5066 me,
529 5002 747 5056 dimitte
777 5005 887 5057 itti.
912 5003 1054 5057 Nam
1084 5009 1140 5058 et
1170 5005 1440 5075 septimus
1466 5020 1647 5059 annus
1662 5022 1747 5059 re-

117 5092 268 5162 quiei
299 5097 454 5147 erat
488 5089 547 5145 in
586 5090 728 5161 lege,
762 5088 909 5146 sicut
935 5098 991 5145 et
1018 5093 1223 5164 septies
1254 5098 1469 5163 septem
1494 5093 1743 5147 decursis

111 5181 391 5247 jubilaeus
422 5178 608 5234 ﬁebat
630 5196 812 5234 annus
827 5197 1043 5252 magnae
1062 5181 1529 5247 remissionis,seu
1551 5199 1746 5253 quam-

110 5268 276 5341 plura
290 5285 446 5343 que
464 5267 526 5321 in
547 5268 669 5339 lege
692 5276 1030 5341 peagseptem
1051 5270 1370 5341 hujusmodi
1386 5272 1746 5342 prieliguran-

110 5366 220 5415 tur.
273 5359 475 5414 Unde
514 5356 619 5410 sibi
650 5358 877 5428 quidam
909 5375 1103 5412 eorum
1133 5360 1415 5413 ﬁnxerunt
1444 5376 1775 5431 argumenL

110 5451 226 5504 tum
258 5450 410 5520 ejus
432 5446 923 5517 interpretationis
949 5466 961 5515 ;
995 5464 1095 5502 nec
1126 5464 1235 5501 non
1267 5453 1325 5502 et
1353 5450 1498 5519 quod
1533 5456 1748 5521 septem

111 5538 217 5593 sint
280 5539 470 5592 dona
521 5534 762 5605 Spiritus
804 5536 999 5599 sancti,
1037 5537 1096 5590 in
1121 5536 1324 5608 quibus
1349 5538 1603 5594 remissio
1631 5556 1747 5594 om-

113 5626 269 5685 nium
301 5628 697 5701 peccatorum
723 5643 736 5692 ;
765 5642 867 5707 seu
892 5624 1039 5698 quod
1063 5632 1279 5698 septem
1300 5625 1437 5682 vitia
1465 5626 1745 5700 principa-

1828 4564 2072 4636 aliquam
2099 4567 2317 4634 partem
2340 4557 2712 4614 eorum?Nulli
2737 4556 2968 4610 dubium
2999 4554 3144 4626 quod
3165 4571 3267 4625 pro
3294 4571 3417 4609 om-

1829 4653 1993 4707 nibus
2044 4667 2308 4722 rogamus
2355 4664 2477 4720 quaa
2507 4645 2757 4717 quotidie
2787 4645 3085 4699 innumera
3113 4644 3416 4698 committi-

1829 4759 1974 4807 mus,
2008 4740 2139 4795 licet
2169 4738 2328 4793 nobis
2358 4737 2417 4792 in
2445 4735 2722 4807 baptismo
2746 4736 2867 4805 jam
2896 4733 3127 4787 dimissa
3157 4733 3273 4788 sint
3293 4750 3416 4789 om-

1827 4830 2107 4885 nia.Unde
2135 4828 2269 4900 quid
2299 4826 2405 4880 sibi
2438 4827 2561 4879 vult
2581 4823 2729 4896 quod
2761 4823 2842 4877 ait
2860 4821 3177 4894 septuagies
3188 4823 3419 4894 septies?

1828 4919 1972 4973 Puto
2003 4917 2151 4988 quod
2198 4932 2312 4970 non
2354 4914 2477 4985 lege
2504 4912 2814 4968 calculandi
2862 4912 2967 4965 hoc
2992 4912 3112 4966 loco
3141 4911 3418 4967 ﬁniendus

1828 5013 1914 5061 est
1941 5021 2229 5070 numerus,
2263 5003 2361 5057 sed
2398 5006 2584 5069 e56
2601 5002 2904 5056 secundum
2928 5017 3192 5071 magnum
3213 5006 3419 5073 myste-

1828 5094 1973 5149 rium
2022 5099 2079 5147 et
2123 5090 2453 5146 admirabile
2504 5096 2920 5145 sacramentum
2965 5090 3409 5161 pertractandus.

1826 5184 1969 5238 Nam
1995 5183 2172 5236 Lucas
2219 5180 2578 5251 evangelista,
2630 5183 2786 5249 cujus
2816 5183 2938 5234 laus
2972 5180 3149 5249 (juxta
3177 5179 3417 5235 Paulum

1829 5275 1904 5343 (ΙΙ
1930 5275 2049 5328 Cor.
2084 5285 2196 5338 VIII,
2232 5270 2318 5341 18]
2349 5272 2372 5337 )
2400 5275 2472 5324 est
2501 5273 2565 5324 in
2586 5271 2900 5338 Evangelia,
2934 5267 3003 5324 ab
3039 5285 3103 5323 eo
3134 5269 3255 5325 loco
3306 5287 3417 5343 quo

1827 5361 2141 5434 baptizatus
2186 5366 2271 5414 est
2312 5359 2603 5424 Dominus,
2630 5358 2799 5430 cmpit
2823 5358 3173 5413 ascendendo
3217 5375 3416 5416 nume~

1831 5468 1957 5507 rare
1985 5450 2370 5522 genealogiam
2399 5448 2605 5503 Christi
2634 5466 2644 5500 :
2707 5452 2765 5502 et
2815 5448 3033 5514 merito,
3068 5448 3200 5520 quia
3228 5449 3305 5503 ibi
3333 5455 3419 5504 est

1827 5540 2050 5605 initium
2089 5538 2431 5593 ascensionis
2477 5537 2546 5590 ad
2595 5537 2792 5590 Deum.
2827 5536 3090 5600 Quamvis
3126 5537 3413 5591 Matthaeus

1829 5627 2214 5684 descendendo
2236 5626 2304 5682 ab
2325 5625 2607 5683 Abraham
2630 5641 2807 5696 usque
2831 5624 2899 5678 ad
2932 5623 3411 5689 Christum,etiam
