  <div class='ocr_page' id='page_1' title='image "/cluster/home/n/w/nwhite01/storage/ocr_20150623/120/hvd.32044054759824/319.png"; bbox 0 0 3888 6172; ppageno 0'>
   <div class='ocr_carea' id='block_1_1' title="bbox 471 396 579 454">
    <p class='ocr_par' dir='ltr' id='par_1_1' title="bbox 471 396 579 454">
     <span class='ocr_line' id='line_1_1' title="bbox 471 396 579 454; baseline 0.028 -3"><span class='ocrx_word' id='word_1_1' title='bbox 471 396 579 454; x_wconf 76' lang='lat'><strong>627</strong></span> 
     </span>
    </p>
   </div>
   <div class='ocr_carea' id='block_1_2' title="bbox 1236 386 2998 449">
    <p class='ocr_par' dir='ltr' id='par_1_2' title="bbox 1236 386 2998 449">
     <span class='ocr_line' id='line_1_2' title="bbox 1236 386 2998 449; baseline -0.005 0"><span class='ocrx_word' id='word_1_2' title='bbox 1236 396 1292 449; x_wconf 93' lang='lat' dir='ltr'><strong>S.</strong></span> <span class='ocrx_word' id='word_1_3' title='bbox 1335 392 1717 449; x_wconf 83' lang='lat' dir='ltr'><strong>PASCHASII</strong></span> <span class='ocrx_word' id='word_1_4' title='bbox 1759 386 2121 447; x_wconf 84' lang='lat' dir='ltr'><strong>RADBERTI</strong></span> <span class='ocrx_word' id='word_1_5' title='bbox 2160 388 2465 444; x_wconf 85' lang='lat' dir='ltr'><strong>ABBATIS</strong></span> <span class='ocrx_word' id='word_1_6' title='bbox 2502 386 2998 444; x_wconf 85' lang='lat' dir='ltr'><strong>CORBEIENSIS.</strong></span> 
     </span>
    </p>
   </div>
   <div class='ocr_carea' id='block_1_3' title="bbox 3568 390 3645 448">
    <p class='ocr_par' dir='ltr' id='par_1_3' title="bbox 3568 390 3645 448">
     <span class='ocr_line' id='line_1_3' title="bbox 3568 390 3645 448; baseline 0.026 -2"><span class='ocrx_word' id='word_1_7' title='bbox 3568 390 3645 448; x_wconf 71' lang='lat'><strong>698</strong></span> 
     </span>
    </p>
   </div>
   <div class='ocr_carea' id='block_1_4' title="bbox 473 512 3648 596">
    <p class='ocr_par' dir='ltr' id='par_1_4' title="bbox 473 512 3648 596">
     <span class='ocr_line' id='line_1_4' title="bbox 473 512 3648 596; baseline -0.002 -19"><span class='ocrx_word' id='word_1_8' title='bbox 473 530 532 580; x_wconf 90' lang='lat' dir='ltr'><strong>et</strong></span> <span class='ocrx_word' id='word_1_9' title='bbox 556 524 677 596; x_wconf 89' lang='lat' dir='ltr'><strong>ipse</strong></span> <span class='ocrx_word' id='word_1_10' title='bbox 704 522 807 577; x_wconf 88' lang='lat' dir='ltr'><strong>sub</strong></span> <span class='ocrx_word' id='word_1_11' title='bbox 858 521 1093 594; x_wconf 85' lang='lat' dir='ltr'><strong>mystico</strong></span> <span class='ocrx_word' id='word_1_12' title='bbox 1123 518 1426 590; x_wconf 84' lang='lat' dir='ltr'><strong>expleverit</strong></span> <span class='ocrx_word' id='word_1_13' title='bbox 1466 519 1836 580; x_wconf 89' lang='lat' dir='ltr'><strong>sacramento,</strong></span> <span class='ocrx_word' id='word_1_14' title='bbox 1868 518 2061 568; x_wconf 82' lang='lat' dir='ltr'><strong>tamen</strong></span> <span class='ocrx_word' id='word_1_15' title='bbox 2084 517 2123 573; x_wconf 84' lang='lat' dir='ltr'><strong>A</strong></span> <span class='ocrx_word' id='word_1_16' title='bbox 2147 512 2424 584; x_wconf 90' lang='lat' dir='ltr'><strong>poscendo</strong></span> <span class='ocrx_word' id='word_1_17' title='bbox 2456 513 2620 578; x_wconf 89' lang='lat' dir='ltr'><strong>(Luca</strong></span> <span class='ocrx_word' id='word_1_18' title='bbox 2645 516 2805 580; x_wconf 81' lang='lat' dir='ltr'><strong>teste)</strong></span> <span class='ocrx_word' id='word_1_19' title='bbox 2852 527 3021 582; x_wconf 87' lang='lat' dir='ltr'><strong>quem</strong></span> <span class='ocrx_word' id='word_1_20' title='bbox 3049 512 3277 578; x_wconf 73' lang='lat' dir='ltr'><strong>laeserat,</strong></span> <span class='ocrx_word' id='word_1_21' title='bbox 3316 513 3433 584; x_wconf 89' lang='lat' dir='ltr'><strong>quia</strong></span> <span class='ocrx_word' id='word_1_22' title='bbox 3460 514 3542 569; x_wconf 90' lang='lat' dir='ltr'><strong>etsi</strong></span> <span class='ocrx_word' id='word_1_23' title='bbox 3564 533 3648 571; x_wconf 88' lang='lat' dir='ltr'><strong>non</strong></span> 
     </span>
    </p>
   </div>
   <div class='ocr_carea' id='block_1_5' title="bbox 473 607 2062 680">
    <p class='ocr_par' dir='ltr' id='par_1_5' title="bbox 473 607 2062 680">
     <span class='ocr_line' id='line_1_5' title="bbox 473 607 2062 680; baseline -0.008 -11"><span class='ocrx_word' id='word_1_24' title='bbox 473 615 600 680; x_wconf 90' lang='lat' dir='ltr'><strong>iste,</strong></span> <span class='ocrx_word' id='word_1_25' title='bbox 631 618 697 668; x_wconf 91' lang='lat' dir='ltr'><strong>ut</strong></span> <span class='ocrx_word' id='word_1_26' title='bbox 710 610 1200 678; x_wconf 85' lang='lat' dir='ltr'><strong>dixi,ascendendo</strong></span> <span class='ocrx_word' id='word_1_27' title='bbox 1226 607 1393 679; x_wconf 85' lang='lat' dir='ltr'><strong>coepit</strong></span> <span class='ocrx_word' id='word_1_28' title='bbox 1430 622 1748 671; x_wconf 82' lang='lat' dir='ltr'><strong>numerare,</strong></span> <span class='ocrx_word' id='word_1_29' title='bbox 1780 610 1836 658; x_wconf 92' lang='lat' dir='ltr'><strong>et</strong></span> <span class='ocrx_word' id='word_1_30' title='bbox 1866 620 2062 657; x_wconf 89' lang='lat' dir='ltr'><strong>nume-</strong></span> 
     </span>
    </p>
   </div>
   <div class='ocr_carea' id='block_1_6' title="bbox 472 693 2059 772">
    <p class='ocr_par' dir='ltr' id='par_1_6' title="bbox 472 693 2059 772">
     <span class='ocr_line' id='line_1_6' title="bbox 472 693 2059 772; baseline -0.009 -14"><span class='ocrx_word' id='word_1_31' title='bbox 472 704 651 758; x_wconf 88' lang='lat' dir='ltr'><strong>rando</strong></span> <span class='ocrx_word' id='word_1_32' title='bbox 680 701 979 772; x_wconf 82' lang='lat' dir='ltr'><strong>complevit</strong></span> <span class='ocrx_word' id='word_1_33' title='bbox 1004 697 1397 770; x_wconf 85' lang='lat' dir='ltr'><strong>generationes</strong></span> <span class='ocrx_word' id='word_1_34' title='bbox 1435 693 1798 767; x_wconf 81' lang='lat' dir='ltr'><strong>septuaginta</strong></span> <span class='ocrx_word' id='word_1_35' title='bbox 1824 698 2059 764; x_wconf 86' lang='lat' dir='ltr'><strong>septem.</strong></span> 
     </span>
    </p>
   </div>
   <div class='ocr_carea' id='block_1_7' title="bbox 472 783 2064 860">
    <p class='ocr_par' dir='ltr' id='par_1_7' title="bbox 472 783 2064 860">
     <span class='ocr_line' id='line_1_7' title="bbox 472 783 2064 860; baseline -0.009 -12"><span class='ocrx_word' id='word_1_36' title='bbox 472 794 714 849; x_wconf 84' lang='lat' dir='ltr'><strong>Exorsus</strong></span> <span class='ocrx_word' id='word_1_37' title='bbox 743 796 828 844; x_wconf 91' lang='lat' dir='ltr'><strong>est</strong></span> <span class='ocrx_word' id='word_1_38' title='bbox 850 789 1039 860; x_wconf 85' lang='lat' dir='ltr'><strong>itaque</strong></span> <span class='ocrx_word' id='word_1_39' title='bbox 1055 802 1354 842; x_wconf 89' lang='lat' dir='ltr'><strong>numerare</strong></span> <span class='ocrx_word' id='word_1_40' title='bbox 1383 802 1417 838; x_wconf 91' lang='lat' dir='ltr'><strong>a</strong></span> <span class='ocrx_word' id='word_1_41' title='bbox 1443 784 1667 840; x_wconf 82' lang='lat' dir='ltr'><strong>Christo</strong></span> <span class='ocrx_word' id='word_1_42' title='bbox 1700 783 1759 837; x_wconf 91' lang='lat' dir='ltr'><strong>in</strong></span> <span class='ocrx_word' id='word_1_43' title='bbox 1794 799 1904 853; x_wconf 88' lang='lat' dir='ltr'><strong>quo</strong></span> <span class='ocrx_word' id='word_1_44' title='bbox 1933 798 2064 853; x_wconf 90' lang='lat' dir='ltr'><strong>pec-</strong></span> 
     </span>
    </p>
   </div>
   <div class='ocr_carea' id='block_1_8' title="bbox 474 873 2064 946">
    <p class='ocr_par' dir='ltr' id='par_1_8' title="bbox 474 873 2064 946">
     <span class='ocr_line' id='line_1_8' title="bbox 474 873 2064 946; baseline -0.009 -9"><span class='ocrx_word' id='word_1_45' title='bbox 474 887 601 937; x_wconf 90' lang='lat' dir='ltr'><strong>cata</strong></span> <span class='ocrx_word' id='word_1_46' title='bbox 626 879 814 935; x_wconf 87' lang='lat' dir='ltr'><strong>omnia</strong></span> <span class='ocrx_word' id='word_1_47' title='bbox 843 878 1029 932; x_wconf 91' lang='lat' dir='ltr'><strong>deleta</strong></span> <span class='ocrx_word' id='word_1_48' title='bbox 1051 880 1202 941; x_wconf 91' lang='lat' dir='ltr'><strong>sunt,</strong></span> <span class='ocrx_word' id='word_1_49' title='bbox 1230 880 1289 930; x_wconf 92' lang='lat' dir='ltr'><strong>et</strong></span> <span class='ocrx_word' id='word_1_50' title='bbox 1314 873 1680 946; x_wconf 89' lang='lat' dir='ltr'><strong>pervenitper</strong></span> <span class='ocrx_word' id='word_1_51' title='bbox 1709 888 1902 925; x_wconf 90' lang='lat' dir='ltr'><strong>omnes</strong></span> <span class='ocrx_word' id='word_1_52' title='bbox 1933 887 2064 942; x_wconf 87' lang='lat' dir='ltr'><strong>pro-</strong></span> 
     </span>
    </p>
   </div>
   <div class='ocr_carea' id='block_1_9' title="bbox 476 959 2067 1040">
    <p class='ocr_par' dir='ltr' id='par_1_9' title="bbox 476 959 2067 1040">
     <span class='ocr_line' id='line_1_9' title="bbox 476 959 2067 1040; baseline -0.008 -16"><span class='ocrx_word' id='word_1_53' title='bbox 476 969 668 1040; x_wconf 89' lang='lat' dir='ltr'><strong>genies</strong></span> <span class='ocrx_word' id='word_1_54' title='bbox 698 965 1047 1021; x_wconf 88' lang='lat' dir='ltr'><strong>numerando</strong></span> <span class='ocrx_word' id='word_1_55' title='bbox 1075 980 1254 1036; x_wconf 91' lang='lat' dir='ltr'><strong>usque</strong></span> <span class='ocrx_word' id='word_1_56' title='bbox 1285 963 1357 1017; x_wconf 92' lang='lat' dir='ltr'><strong>ad</strong></span> <span class='ocrx_word' id='word_1_57' title='bbox 1383 963 1568 1034; x_wconf 91' lang='lat' dir='ltr'><strong>ipsum</strong></span> <span class='ocrx_word' id='word_1_58' title='bbox 1596 961 1794 1025; x_wconf 85' lang='lat' dir='ltr'><strong>Adam,</strong></span> <span class='ocrx_word' id='word_1_59' title='bbox 1829 959 1924 1030; x_wconf 89' lang='lat' dir='ltr'><strong>qui</strong></span> <span class='ocrx_word' id='word_1_60' title='bbox 1950 959 2067 1030; x_wconf 88' lang='lat' dir='ltr'><strong>pri-</strong></span> 
     </span>
    </p>
   </div>
   <div class='ocr_carea' id='block_1_10' title="bbox 472 1047 2064 1125">
    <p class='ocr_par' dir='ltr' id='par_1_10' title="bbox 472 1047 2064 1125">
     <span class='ocr_line' id='line_1_10' title="bbox 472 1047 2064 1125; baseline -0.006 -14"><span class='ocrx_word' id='word_1_61' title='bbox 472 1074 600 1112; x_wconf 91' lang='lat' dir='ltr'><strong>mus</strong></span> <span class='ocrx_word' id='word_1_62' title='bbox 628 1055 924 1110; x_wconf 86' lang='lat' dir='ltr'><strong>hominum</strong></span> <span class='ocrx_word' id='word_1_63' title='bbox 953 1053 1220 1125; x_wconf 87' lang='lat' dir='ltr'><strong>peccavit,</strong></span> <span class='ocrx_word' id='word_1_64' title='bbox 1254 1057 1312 1106; x_wconf 92' lang='lat' dir='ltr'><strong>et</strong></span> <span class='ocrx_word' id='word_1_65' title='bbox 1340 1068 1440 1105; x_wconf 90' lang='lat' dir='ltr'><strong>nos</strong></span> <span class='ocrx_word' id='word_1_66' title='bbox 1478 1066 1673 1105; x_wconf 92' lang='lat' dir='ltr'><strong>omnes</strong></span> <span class='ocrx_word' id='word_1_67' title='bbox 1693 1066 1821 1103; x_wconf 91' lang='lat' dir='ltr'><strong>cum</strong></span> <span class='ocrx_word' id='word_1_68' title='bbox 1850 1047 2064 1120; x_wconf 82' lang='lat' dir='ltr'><strong>peccati</strong></span> 
     </span>
    </p>
   </div>
   <div class='ocr_carea' id='block_1_11' title="bbox 473 1138 2066 1216">
    <p class='ocr_par' dir='ltr' id='par_1_11' title="bbox 473 1138 2066 1216">
     <span class='ocr_line' id='line_1_11' title="bbox 473 1138 2066 1216; baseline -0.007 -15"><span class='ocrx_word' id='word_1_69' title='bbox 473 1144 814 1216; x_wconf 83' lang='lat' dir='ltr'><strong>obligatione</strong></span> <span class='ocrx_word' id='word_1_70' title='bbox 859 1142 1168 1214; x_wconf 82' lang='lat' dir='ltr'><strong>generavit,</strong></span> <span class='ocrx_word' id='word_1_71' title='bbox 1219 1140 1353 1211; x_wconf 83' lang='lat' dir='ltr'><strong>quia</strong></span> <span class='ocrx_word' id='word_1_72' title='bbox 1382 1155 1576 1194; x_wconf 89' lang='lat' dir='ltr'><strong>omnes</strong></span> <span class='ocrx_word' id='word_1_73' title='bbox 1618 1155 1682 1193; x_wconf 86' lang='lat' dir='ltr'><strong>ac</strong></span> <span class='ocrx_word' id='word_1_74' title='bbox 1711 1138 1756 1193; x_wconf 91' lang='lat' dir='ltr'><strong>si</strong></span> <span class='ocrx_word' id='word_1_75' title='bbox 1795 1138 1851 1192; x_wconf 91' lang='lat' dir='ltr'><strong>in</strong></span> <span class='ocrx_word' id='word_1_76' title='bbox 1882 1153 2066 1191; x_wconf 80' lang='lat' dir='ltr'><strong>massa</strong></span> 
     </span>
    </p>
   </div>
   <div class='ocr_carea' id='block_1_12' title="bbox 474 1226 2070 1297">
    <p class='ocr_par' dir='ltr' id='par_1_12' title="bbox 474 1226 2070 1297">
     <span class='ocr_line' id='line_1_12' title="bbox 474 1226 2070 1297; baseline -0.006 -10"><span class='ocrx_word' id='word_1_77' title='bbox 474 1231 728 1287; x_wconf 87' lang='lat' dir='ltr'><strong>damnati</strong></span> <span class='ocrx_word' id='word_1_78' title='bbox 753 1247 967 1285; x_wconf 90' lang='lat' dir='ltr'><strong>sumus.</strong></span> <span class='ocrx_word' id='word_1_79' title='bbox 1009 1230 1079 1283; x_wconf 90' lang='lat' dir='ltr'><strong>Et</strong></span> <span class='ocrx_word' id='word_1_80' title='bbox 1104 1228 1230 1282; x_wconf 90' lang='lat' dir='ltr'><strong>ideo</strong></span> <span class='ocrx_word' id='word_1_81' title='bbox 1269 1226 1373 1282; x_wconf 88' lang='lat' dir='ltr'><strong>sub</strong></span> <span class='ocrx_word' id='word_1_82' title='bbox 1412 1242 1617 1297; x_wconf 88' lang='lat' dir='ltr'><strong>magno</strong></span> <span class='ocrx_word' id='word_1_83' title='bbox 1658 1230 2007 1283; x_wconf 87' lang='lat' dir='ltr'><strong>sacramento</strong></span> <span class='ocrx_word' id='word_1_84' title='bbox 2034 1240 2070 1278; x_wconf 88' lang='lat' dir='ltr'><strong>a</strong></span> 
     </span>
    </p>
   </div>
   <div class='ocr_carea' id='block_1_13' title="bbox 474 1314 2067 1390">
    <p class='ocr_par' dir='ltr' id='par_1_13' title="bbox 474 1314 2067 1390">
     <span class='ocr_line' id='line_1_13' title="bbox 474 1314 2067 1390; baseline -0.006 -14"><span class='ocrx_word' id='word_1_85' title='bbox 474 1320 700 1376; x_wconf 85' lang='lat' dir='ltr'><strong>Christo</strong></span> <span class='ocrx_word' id='word_1_86' title='bbox 716 1336 895 1390; x_wconf 82' lang='lat' dir='ltr'><strong>usque</strong></span> <span class='ocrx_word' id='word_1_87' title='bbox 924 1318 995 1372; x_wconf 88' lang='lat' dir='ltr'><strong>ad</strong></span> <span class='ocrx_word' id='word_1_88' title='bbox 1017 1317 1198 1372; x_wconf 85' lang='lat' dir='ltr'><strong>Adam</strong></span> <span class='ocrx_word' id='word_1_89' title='bbox 1223 1332 1323 1389; x_wconf 90' lang='lat' dir='ltr'><strong>per</strong></span> <span class='ocrx_word' id='word_1_90' title='bbox 1352 1332 1573 1370; x_wconf 90' lang='lat' dir='ltr'><strong>omnem</strong></span> <span class='ocrx_word' id='word_1_91' title='bbox 1604 1314 1809 1370; x_wconf 89' lang='lat' dir='ltr'><strong>lineam</strong></span> <span class='ocrx_word' id='word_1_92' title='bbox 1831 1330 2067 1368; x_wconf 88' lang='lat' dir='ltr'><strong>nascen-</strong></span> 
     </span>
    </p>
   </div>
   <div class='ocr_carea' id='block_1_14' title="bbox 471 1404 2060 1481">
    <p class='ocr_par' dir='ltr' id='par_1_14' title="bbox 471 1404 2060 1481">
     <span class='ocr_line' id='line_1_14' title="bbox 471 1404 2060 1481; baseline -0.006 -15"><span class='ocrx_word' id='word_1_93' title='bbox 471 1411 615 1466; x_wconf 89' lang='lat' dir='ltr'><strong>tium</strong></span> <span class='ocrx_word' id='word_1_94' title='bbox 640 1406 999 1481; x_wconf 80' lang='lat' dir='ltr'><strong>septuaginta</strong></span> <span class='ocrx_word' id='word_1_95' title='bbox 1028 1411 1243 1478; x_wconf 91' lang='lat' dir='ltr'><strong>septem</strong></span> <span class='ocrx_word' id='word_1_96' title='bbox 1273 1405 1671 1476; x_wconf 84' lang='lat' dir='ltr'><strong>generationes</strong></span> <span class='ocrx_word' id='word_1_97' title='bbox 1703 1404 2060 1475; x_wconf 88' lang='lat' dir='ltr'><strong>colliguntur,</strong></span> 
     </span>
    </p>
   </div>
   <div class='ocr_carea' id='block_1_15' title="bbox 473 1493 2068 1566">
    <p class='ocr_par' dir='ltr' id='par_1_15' title="bbox 473 1493 2068 1566">
     <span class='ocr_line' id='line_1_15' title="bbox 473 1493 2068 1566; baseline -0.004 -13"><span class='ocrx_word' id='word_1_98' title='bbox 473 1504 533 1554; x_wconf 88' lang='lat' dir='ltr'><strong>et</strong></span> <span class='ocrx_word' id='word_1_99' title='bbox 550 1498 620 1553; x_wconf 87' lang='lat' dir='ltr'><strong>ab</strong></span> <span class='ocrx_word' id='word_1_100' title='bbox 638 1497 817 1552; x_wconf 84' lang='lat' dir='ltr'><strong>Adam</strong></span> <span class='ocrx_word' id='word_1_101' title='bbox 836 1495 1096 1550; x_wconf 85' lang='lat' dir='ltr'><strong>similiter</strong></span> <span class='ocrx_word' id='word_1_102' title='bbox 1114 1511 1295 1566; x_wconf 85' lang='lat' dir='ltr'><strong>usque</strong></span> <span class='ocrx_word' id='word_1_103' title='bbox 1317 1495 1388 1548; x_wconf 90' lang='lat' dir='ltr'><strong>ad</strong></span> <span class='ocrx_word' id='word_1_104' title='bbox 1403 1494 1686 1548; x_wconf 84' lang='lat' dir='ltr'><strong>Christum</strong></span> <span class='ocrx_word' id='word_1_105' title='bbox 1710 1493 2068 1565; x_wconf 78' lang='lat' dir='ltr'><strong>septuaginta</strong></span> 
     </span>
    </p>
   </div>
   <div class='ocr_carea' id='block_1_16' title="bbox 472 1582 2062 1661">
    <p class='ocr_par' dir='ltr' id='par_1_16' title="bbox 472 1582 2062 1661">
     <span class='ocr_line' id='line_1_16' title="bbox 472 1582 2062 1661; baseline -0.005 -18"><span class='ocrx_word' id='word_1_106' title='bbox 472 1593 707 1661; x_wconf 87' lang='lat' dir='ltr'><strong>septem.</strong></span> <span class='ocrx_word' id='word_1_107' title='bbox 759 1585 817 1640; x_wconf 90' lang='lat' dir='ltr'><strong>Si</strong></span> <span class='ocrx_word' id='word_1_108' title='bbox 859 1602 992 1656; x_wconf 87' lang='lat' dir='ltr'><strong>ergo</strong></span> <span class='ocrx_word' id='word_1_109' title='bbox 1039 1584 1194 1638; x_wconf 88' lang='lat' dir='ltr'><strong>nulla</strong></span> <span class='ocrx_word' id='word_1_110' title='bbox 1219 1582 1509 1654; x_wconf 85' lang='lat' dir='ltr'><strong>generatio</strong></span> <span class='ocrx_word' id='word_1_111' title='bbox 1548 1582 1923 1654; x_wconf 85' lang='lat' dir='ltr'><strong>praetermissa</strong></span> <span class='ocrx_word' id='word_1_112' title='bbox 1960 1586 2062 1647; x_wconf 90' lang='lat' dir='ltr'><strong>est,</strong></span> 
     </span>
    </p>
   </div>
   <div class='ocr_carea' id='block_1_17' title="bbox 471 1670 2069 1747">
    <p class='ocr_par' dir='ltr' id='par_1_17' title="bbox 471 1670 2069 1747">
     <span class='ocr_line' id='line_1_17' title="bbox 471 1670 2069 1747; baseline -0.004 -15"><span class='ocrx_word' id='word_1_113' title='bbox 471 1676 629 1733; x_wconf 86' lang='lat' dir='ltr'><strong>nulla</strong></span> <span class='ocrx_word' id='word_1_114' title='bbox 657 1676 823 1747; x_wconf 91' lang='lat' dir='ltr'><strong>culpa</strong></span> <span class='ocrx_word' id='word_1_115' title='bbox 840 1673 1163 1747; x_wconf 60' lang='lat' dir='ltr'><strong>prateritur</strong></span> <span class='ocrx_word' id='word_1_116' title='bbox 1200 1689 1323 1744; x_wconf 71' lang='lat' dir='ltr'><strong>quae</strong></span> <span class='ocrx_word' id='word_1_117' title='bbox 1354 1689 1463 1726; x_wconf 90' lang='lat' dir='ltr'><strong>non</strong></span> <span class='ocrx_word' id='word_1_118' title='bbox 1496 1671 1697 1726; x_wconf 86' lang='lat' dir='ltr'><strong>debeat</strong></span> <span class='ocrx_word' id='word_1_119' title='bbox 1732 1670 1964 1741; x_wconf 86' lang='lat' dir='ltr'><strong>ignosci.</strong></span> <span class='ocrx_word' id='word_1_120' title='bbox 1996 1671 2069 1725; x_wconf 89' lang='lat' dir='ltr'><strong>Et</strong></span> 
     </span>
    </p>
   </div>
   <div class='ocr_carea' id='block_1_18' title="bbox 2146 599 3643 674">
    <p class='ocr_par' dir='ltr' id='par_1_18' title="bbox 2146 599 3643 674">
     <span class='ocr_line' id='line_1_18' title="bbox 2146 599 3643 674; baseline 0.002 -19"><span class='ocrx_word' id='word_1_121' title='bbox 2146 602 2307 667; x_wconf 84' lang='lat' dir='ltr'><strong>alter,</strong></span> <span class='ocrx_word' id='word_1_122' title='bbox 2332 601 2392 655; x_wconf 93' lang='lat' dir='ltr'><strong>in</strong></span> <span class='ocrx_word' id='word_1_123' title='bbox 2409 602 2670 656; x_wconf 91' lang='lat' dir='ltr'><strong>omnibus</strong></span> <span class='ocrx_word' id='word_1_124' title='bbox 2696 599 2940 674; x_wconf 88' lang='lat' dir='ltr'><strong>peccatis</strong></span> <span class='ocrx_word' id='word_1_125' title='bbox 2965 601 3258 655; x_wconf 74' lang='lat' dir='ltr'><strong>offenditur</strong></span> <span class='ocrx_word' id='word_1_126' title='bbox 3275 602 3421 657; x_wconf 88' lang='lat' dir='ltr'><strong>Deus.</strong></span> <span class='ocrx_word' id='word_1_127' title='bbox 3442 602 3643 658; x_wconf 82' lang='lat' dir='ltr'><strong>Fortasse</strong></span> 
     </span>
    </p>
   </div>
   <div class='ocr_carea' id='block_1_19' title="bbox 2146 690 3654 763">
    <p class='ocr_par' dir='ltr' id='par_1_19' title="bbox 2146 690 3654 763">
     <span class='ocr_line' id='line_1_19' title="bbox 2146 690 3654 763; baseline 0.001 -18"><span class='ocrx_word' id='word_1_128' title='bbox 2146 691 2440 763; x_wconf 86' lang='lat' dir='ltr'><strong>ergo,quia</strong></span> <span class='ocrx_word' id='word_1_129' title='bbox 2457 691 2586 745; x_wconf 89' lang='lat' dir='ltr'><strong>talis</strong></span> <span class='ocrx_word' id='word_1_130' title='bbox 2605 692 2775 761; x_wconf 88' lang='lat' dir='ltr'><strong>hujus</strong></span> <span class='ocrx_word' id='word_1_131' title='bbox 2793 690 3017 745; x_wconf 90' lang='lat' dir='ltr'><strong>numeri</strong></span> <span class='ocrx_word' id='word_1_132' title='bbox 3039 690 3275 744; x_wconf 90' lang='lat' dir='ltr'><strong>conditio</strong></span> <span class='ocrx_word' id='word_1_133' title='bbox 3289 697 3381 757; x_wconf 89' lang='lat' dir='ltr'><strong>est,</strong></span> <span class='ocrx_word' id='word_1_134' title='bbox 3399 698 3454 745; x_wconf 94' lang='lat' dir='ltr'><strong>ut</strong></span> <span class='ocrx_word' id='word_1_135' title='bbox 3467 693 3654 762; x_wconf 84' lang='lat' dir='ltr'><strong>pessima</strong></span> 
     </span>
    </p>
   </div>
   <div class='ocr_carea' id='block_1_20' title="bbox 2146 780 3653 852">
    <p class='ocr_par' dir='ltr' id='par_1_20' title="bbox 2146 780 3653 852">
     <span class='ocr_line' id='line_1_20' title="bbox 2146 780 3653 852; baseline 0.001 -18"><span class='ocrx_word' id='word_1_136' title='bbox 2146 781 2260 835; x_wconf 90' lang='lat' dir='ltr'><strong>sint</strong></span> <span class='ocrx_word' id='word_1_137' title='bbox 2278 780 2468 834; x_wconf 85' lang='lat' dir='ltr'><strong>omnia</strong></span> <span class='ocrx_word' id='word_1_138' title='bbox 2486 786 2714 852; x_wconf 90' lang='lat' dir='ltr'><strong>peccata</strong></span> <span class='ocrx_word' id='word_1_139' title='bbox 2739 797 2860 852; x_wconf 68' lang='lat' dir='ltr'><strong>quae</strong></span> <span class='ocrx_word' id='word_1_140' title='bbox 2881 787 3015 834; x_wconf 91' lang='lat' dir='ltr'><strong>sunt</strong></span> <span class='ocrx_word' id='word_1_141' title='bbox 3049 781 3274 852; x_wconf 84' lang='lat' dir='ltr'><strong>mystice</strong></span> <span class='ocrx_word' id='word_1_142' title='bbox 3307 797 3457 852; x_wconf 88' lang='lat' dir='ltr'><strong>supra</strong></span> <span class='ocrx_word' id='word_1_143' title='bbox 3480 787 3653 852; x_wconf 86' lang='lat' dir='ltr'><strong>septua-</strong></span> 
     </span>
    </p>
   </div>
   <div class='ocr_carea' id='block_1_21' title="bbox 2146 868 3658 940">
    <p class='ocr_par' dir='ltr' id='par_1_21' title="bbox 2146 868 3658 940">
     <span class='ocr_line' id='line_1_21' title="bbox 2146 868 3658 940; baseline 0.001 -18"><span class='ocrx_word' id='word_1_144' title='bbox 2146 869 2305 939; x_wconf 89' lang='lat' dir='ltr'><strong>ginta</strong></span> <span class='ocrx_word' id='word_1_145' title='bbox 2330 873 2386 923; x_wconf 89' lang='lat' dir='ltr'><strong>et</strong></span> <span class='ocrx_word' id='word_1_146' title='bbox 2414 874 2649 940; x_wconf 85' lang='lat' dir='ltr'><strong>septem,</strong></span> <span class='ocrx_word' id='word_1_147' title='bbox 2680 869 2739 923; x_wconf 89' lang='lat' dir='ltr'><strong>in</strong></span> <span class='ocrx_word' id='word_1_148' title='bbox 2771 886 2880 940; x_wconf 92' lang='lat' dir='ltr'><strong>quo</strong></span> <span class='ocrx_word' id='word_1_149' title='bbox 2922 886 3155 923; x_wconf 87' lang='lat' dir='ltr'><strong>numero</strong></span> <span class='ocrx_word' id='word_1_150' title='bbox 3184 868 3413 923; x_wconf 86' lang='lat' dir='ltr'><strong>remissio</strong></span> <span class='ocrx_word' id='word_1_151' title='bbox 3441 869 3590 933; x_wconf 85' lang='lat' dir='ltr'><strong>datur,</strong></span> <span class='ocrx_word' id='word_1_152' title='bbox 3615 875 3658 924; x_wconf 86' lang='lat' dir='ltr'><strong>et</strong></span> 
     </span>
    </p>
   </div>
   <div class='ocr_carea' id='block_1_22' title="bbox 2147 957 3659 1029">
    <p class='ocr_par' dir='ltr' id='par_1_22' title="bbox 2147 957 3659 1029">
     <span class='ocr_line' id='line_1_22' title="bbox 2147 957 3659 1029; baseline 0.001 -18"><span class='ocrx_word' id='word_1_153' title='bbox 2147 958 2274 1012; x_wconf 86' lang='lat' dir='ltr'><strong>ideo</strong></span> <span class='ocrx_word' id='word_1_154' title='bbox 2322 957 2759 1029; x_wconf 83' lang='lat' dir='ltr'><strong>benignissimus</strong></span> <span class='ocrx_word' id='word_1_155' title='bbox 2803 959 2964 1013; x_wconf 90' lang='lat' dir='ltr'><strong>Jesus</strong></span> <span class='ocrx_word' id='word_1_156' title='bbox 3010 958 3265 1012; x_wconf 85' lang='lat' dir='ltr'><strong>hortatur</strong></span> <span class='ocrx_word' id='word_1_157' title='bbox 3307 959 3453 1012; x_wconf 84' lang='lat' dir='ltr'><strong>Petro</strong></span> <span class='ocrx_word' id='word_1_158' title='bbox 3487 974 3568 1012; x_wconf 90' lang='lat' dir='ltr'><strong>suo</strong></span> <span class='ocrx_word' id='word_1_159' title='bbox 3613 975 3659 1013; x_wconf 89' lang='lat' dir='ltr'><strong>ac</strong></span> 
     </span>
    </p>
   </div>
   <div class='ocr_carea' id='block_1_23' title="bbox 2147 1042 3661 1119">
    <p class='ocr_par' dir='ltr' id='par_1_23' title="bbox 2147 1042 3661 1119">
     <span class='ocr_line' id='line_1_23' title="bbox 2147 1042 3661 1119; baseline 0 -18"><span class='ocrx_word' id='word_1_160' title='bbox 2147 1046 2400 1119; x_wconf 68' lang='lat' dir='ltr'><strong>prtecipit</strong></span> <span class='ocrx_word' id='word_1_161' title='bbox 2427 1064 2604 1118; x_wconf 89' lang='lat' dir='ltr'><strong>usque</strong></span> <span class='ocrx_word' id='word_1_162' title='bbox 2630 1047 2701 1101; x_wconf 90' lang='lat' dir='ltr'><strong>ad</strong></span> <span class='ocrx_word' id='word_1_163' title='bbox 2730 1047 2880 1101; x_wconf 92' lang='lat' dir='ltr'><strong>hunc</strong></span> <span class='ocrx_word' id='word_1_164' title='bbox 2911 1064 3206 1101; x_wconf 89' lang='lat' dir='ltr'><strong>numerum</strong></span> <span class='ocrx_word' id='word_1_165' title='bbox 3235 1042 3474 1101; x_wconf 85' lang='lat' dir='ltr'><strong>fratribus</strong></span> <span class='ocrx_word' id='word_1_166' title='bbox 3490 1052 3661 1116; x_wconf 86' lang='lat' dir='ltr'><strong>peccata</strong></span> 
     </span>
    </p>
   </div>
   <div class='ocr_carea' id='block_1_24' title="bbox 2149 1134 3656 1208">
    <p class='ocr_par' dir='ltr' id='par_1_24' title="bbox 2149 1134 3656 1208">
     <span class='ocr_line' id='line_1_24' title="bbox 2149 1134 3656 1208; baseline -0.001 -19"><span class='ocrx_word' id='word_1_167' title='bbox 2149 1136 2453 1203; x_wconf 88' lang='lat' dir='ltr'><strong>dimittere,</strong></span> <span class='ocrx_word' id='word_1_168' title='bbox 2486 1136 2634 1208; x_wconf 89' lang='lat' dir='ltr'><strong>quod</strong></span> <span class='ocrx_word' id='word_1_169' title='bbox 2662 1153 2902 1208; x_wconf 87' lang='lat' dir='ltr'><strong>sequens</strong></span> <span class='ocrx_word' id='word_1_170' title='bbox 2930 1136 3197 1207; x_wconf 88' lang='lat' dir='ltr'><strong>parabola</strong></span> <span class='ocrx_word' id='word_1_171' title='bbox 3224 1134 3383 1190; x_wconf 86' lang='lat' dir='ltr'><strong>etiam</strong></span> <span class='ocrx_word' id='word_1_172' title='bbox 3409 1136 3469 1189; x_wconf 89' lang='lat' dir='ltr'><strong>de</strong></span> <span class='ocrx_word' id='word_1_173' title='bbox 3494 1135 3577 1188; x_wconf 88' lang='lat' dir='ltr'><strong>hoc</strong></span> <span class='ocrx_word' id='word_1_174' title='bbox 3593 1135 3656 1205; x_wconf 87' lang='lat' dir='ltr'><strong>ip-</strong></span> 
     </span>
    </p>
   </div>
   <div class='ocr_carea' id='block_1_25' title="bbox 2150 1222 3661 1297">
    <p class='ocr_par' dir='ltr' id='par_1_25' title="bbox 2150 1222 3661 1297">
     <span class='ocr_line' id='line_1_25' title="bbox 2150 1222 3661 1297; baseline -0.003 -17"><span class='ocrx_word' id='word_1_175' title='bbox 2150 1241 2211 1280; x_wconf 90' lang='lat' dir='ltr'><strong>so</strong></span> <span class='ocrx_word' id='word_1_176' title='bbox 2241 1225 2411 1280; x_wconf 77' lang='lat' dir='ltr'><strong>latius</strong></span> <span class='ocrx_word' id='word_1_177' title='bbox 2445 1225 2830 1297; x_wconf 89' lang='lat' dir='ltr'><strong>pertractabit,</strong></span> <span class='ocrx_word' id='word_1_178' title='bbox 2885 1230 2949 1279; x_wconf 94' lang='lat' dir='ltr'><strong>ut</strong></span> <span class='ocrx_word' id='word_1_179' title='bbox 2975 1225 3109 1279; x_wconf 91' lang='lat' dir='ltr'><strong>dum</strong></span> <span class='ocrx_word' id='word_1_180' title='bbox 3156 1225 3245 1279; x_wconf 89' lang='lat' dir='ltr'><strong>hic</strong></span> <span class='ocrx_word' id='word_1_181' title='bbox 3275 1223 3459 1279; x_wconf 83' lang='lat' dir='ltr'><strong>vivitur</strong></span> <span class='ocrx_word' id='word_1_182' title='bbox 3482 1222 3661 1295; x_wconf 82' lang='lat' dir='ltr'><strong>petenti,</strong></span> 
     </span>
    </p>
   </div>
   <div class='ocr_carea' id='block_1_26' title="bbox 2149 1314 2825 1385">
    <p class='ocr_par' dir='ltr' id='par_1_26' title="bbox 2149 1314 2825 1385">
     <span class='ocr_line' id='line_1_26' title="bbox 2149 1314 2825 1385; baseline -0.001 -17"><span class='ocrx_word' id='word_1_183' title='bbox 2149 1314 2312 1369; x_wconf 88' lang='lat' dir='ltr'><strong>venia</strong></span> <span class='ocrx_word' id='word_1_184' title='bbox 2338 1314 2476 1369; x_wconf 91' lang='lat' dir='ltr'><strong>nulli</strong></span> <span class='ocrx_word' id='word_1_185' title='bbox 2496 1315 2825 1385; x_wconf 88' lang='lat' dir='ltr'><strong>denegetur.</strong></span> 
     </span>
    </p>
   </div>
   <div class='ocr_carea' id='block_1_27' title="bbox 2221 1402 3661 1475">
    <p class='ocr_par' dir='ltr' id='par_1_27' title="bbox 2221 1402 3661 1475">
     <span class='ocr_line' id='line_1_27' title="bbox 2221 1402 3661 1475; baseline -0.004 -17"><span class='ocrx_word' id='word_1_186' title='bbox 2221 1403 2572 1475; x_wconf 81' lang='lat' dir='ltr'><strong>ldeo,inquit,</strong></span> <span class='ocrx_word' id='word_1_187' title='bbox 2590 1406 2709 1458; x_wconf 90' lang='lat' dir='ltr'><strong>dico</strong></span> <span class='ocrx_word' id='word_1_188' title='bbox 2726 1405 2893 1458; x_wconf 82' lang='lat' dir='ltr'><strong>vobis:</strong></span> <span class='ocrx_word' id='word_1_189' title='bbox 2918 1402 3114 1458; x_wconf 80' lang='lat' dir='ltr'><strong>Simile</strong></span> <span class='ocrx_word' id='word_1_190' title='bbox 3132 1407 3207 1457; x_wconf 81' lang='lat' dir='ltr'><strong>est</strong></span> <span class='ocrx_word' id='word_1_191' title='bbox 3228 1418 3444 1471; x_wconf 81' lang='lat' dir='ltr'><strong>regnum</strong></span> <span class='ocrx_word' id='word_1_192' title='bbox 3461 1403 3661 1455; x_wconf 67' lang='lat' dir='ltr'><strong>calorum</strong></span> 
     </span>
    </p>
   </div>
   <div class='ocr_carea' id='block_1_28' title="bbox 2149 1491 3667 1562">
    <p class='ocr_par' dir='ltr' id='par_1_28' title="bbox 2149 1491 3667 1562">
     <span class='ocr_line' id='line_1_28' title="bbox 2149 1491 3667 1562; baseline -0.005 -16"><span class='ocrx_word' id='word_1_193' title='bbox 2149 1493 2369 1546; x_wconf 84' lang='lat' dir='ltr'><strong>homini</strong></span> <span class='ocrx_word' id='word_1_194' title='bbox 2379 1495 2696 1562; x_wconf 74' lang='lat' dir='ltr'><strong>regiquivol</strong></span> <span class='ocrx_word' id='word_1_195' title='bbox 2702 1494 2785 1545; x_wconf 86' lang='lat' dir='ltr'><strong>uit</strong></span> <span class='ocrx_word' id='word_1_196' title='bbox 2798 1495 3070 1545; x_wconf 80' lang='lat' dir='ltr'><strong>rationem</strong></span> <span class='ocrx_word' id='word_1_197' title='bbox 3077 1508 3275 1561; x_wconf 81' lang='lat' dir='ltr'><strong>ponere</strong></span> <span class='ocrx_word' id='word_1_198' title='bbox 3287 1507 3404 1545; x_wconf 85' lang='lat' dir='ltr'><strong>cum</strong></span> <span class='ocrx_word' id='word_1_199' title='bbox 3417 1491 3667 1543; x_wconf 70' lang='lat' dir='ltr'><strong>servissuis.</strong></span> 
     </span>
    </p>
   </div>
   <div class='ocr_carea' id='block_1_29' title="bbox 2149 1576 3671 1651">
    <p class='ocr_par' dir='ltr' id='par_1_29' title="bbox 2149 1576 3671 1651">
     <span class='ocr_line' id='line_1_29' title="bbox 2149 1576 3671 1651; baseline -0.004 -16"><span class='ocrx_word' id='word_1_200' title='bbox 2149 1580 2445 1635; x_wconf 86' lang='lat' dir='ltr'><strong>Conclusio</strong></span> <span class='ocrx_word' id='word_1_201' title='bbox 2461 1587 2547 1635; x_wconf 90' lang='lat' dir='ltr'><strong>est</strong></span> <span class='ocrx_word' id='word_1_202' title='bbox 2562 1581 2679 1636; x_wconf 85' lang='lat' dir='ltr'><strong>haec</strong></span> <span class='ocrx_word' id='word_1_203' title='bbox 2699 1579 2965 1651; x_wconf 88' lang='lat' dir='ltr'><strong>parabola</strong></span> <span class='ocrx_word' id='word_1_204' title='bbox 2979 1580 3380 1634; x_wconf 88' lang='lat' dir='ltr'><strong>sententiarum</strong></span> <span class='ocrx_word' id='word_1_205' title='bbox 3396 1576 3671 1648; x_wconf 78' lang='lat' dir='ltr'><strong>supradicta-</strong></span> 
     </span>
    </p>
   </div>
   <div class='ocr_carea' id='block_1_30' title="bbox 2148 1666 3676 1741">
    <p class='ocr_par' dir='ltr' id='par_1_30' title="bbox 2148 1666 3676 1741">
     <span class='ocr_line' id='line_1_30' title="bbox 2148 1666 3676 1741; baseline -0.003 -19"><span class='ocrx_word' id='word_1_206' title='bbox 2148 1686 2297 1734; x_wconf 90' lang='lat' dir='ltr'><strong>rum,</strong></span> <span class='ocrx_word' id='word_1_207' title='bbox 2329 1686 2450 1741; x_wconf 67' lang='lat' dir='ltr'><strong>quae</strong></span> <span class='ocrx_word' id='word_1_208' title='bbox 2475 1670 2543 1723; x_wconf 87' lang='lat' dir='ltr'><strong>de</strong></span> <span class='ocrx_word' id='word_1_209' title='bbox 2569 1669 2866 1723; x_wconf 87' lang='lat' dir='ltr'><strong>concordia</strong></span> <span class='ocrx_word' id='word_1_210' title='bbox 2888 1675 2945 1723; x_wconf 93' lang='lat' dir='ltr'><strong>et</strong></span> <span class='ocrx_word' id='word_1_211' title='bbox 2972 1670 3041 1723; x_wconf 91' lang='lat' dir='ltr'><strong>de</strong></span> <span class='ocrx_word' id='word_1_212' title='bbox 3065 1667 3405 1739; x_wconf 88' lang='lat' dir='ltr'><strong>indulgentia</strong></span> <span class='ocrx_word' id='word_1_213' title='bbox 3430 1666 3676 1737; x_wconf 82' lang='lat' dir='ltr'><strong>loquuntur</strong></span> 
     </span>
    </p>
   </div>
   <div class='ocr_carea' id='block_1_31' title="bbox 472 1749 3677 1834">
    <p class='ocr_par' dir='ltr' id='par_1_31' title="bbox 472 1749 3677 1834">
     <span class='ocr_line' id='line_1_31' title="bbox 472 1749 3677 1834; baseline -0.005 -14"><span class='ocrx_word' id='word_1_214' title='bbox 472 1765 594 1820; x_wconf 62' lang='lat' dir='ltr'><strong>istae</strong></span> <span class='ocrx_word' id='word_1_215' title='bbox 625 1764 879 1818; x_wconf 49' lang='lat' dir='ltr'><strong>vindictas</strong></span> <span class='ocrx_word' id='word_1_216' title='bbox 908 1767 1265 1834; x_wconf 88' lang='lat' dir='ltr'><strong>peccatorum</strong></span> <span class='ocrx_word' id='word_1_217' title='bbox 1289 1778 1411 1832; x_wconf 68' lang='lat' dir='ltr'><strong>qua:</strong></span> <span class='ocrx_word' id='word_1_218' title='bbox 1435 1760 1805 1815; x_wconf 73' lang='lat' dir='ltr'><strong>desaevierunt</strong></span> <span class='ocrx_word' id='word_1_219' title='bbox 1824 1777 1925 1831; x_wconf 91' lang='lat' dir='ltr'><strong>per</strong></span> <span class='ocrx_word' id='word_1_220' title='bbox 1952 1776 2069 1813; x_wconf 91' lang='lat' dir='ltr'><strong>om-</strong></span> <span class='ocrx_word' id='word_1_221' title='bbox 2086 1749 2134 1810; x_wconf 89' lang='grc' dir='ltr'><strong>Î’</strong></span> <span class='ocrx_word' id='word_1_222' title='bbox 2151 1757 2415 1812; x_wconf 86' lang='lat' dir='ltr'><strong>fratribus</strong></span> <span class='ocrx_word' id='word_1_223' title='bbox 2436 1758 2920 1823; x_wconf 83' lang='lat' dir='ltr'><strong>exhibenda.Quia</strong></span> <span class='ocrx_word' id='word_1_224' title='bbox 2944 1759 3088 1812; x_wconf 90' lang='lat' dir='ltr'><strong>sicut</strong></span> <span class='ocrx_word' id='word_1_225' title='bbox 3111 1755 3600 1829; x_wconf 86' lang='lat' dir='ltr'><strong>periculosissimum</strong></span> <span class='ocrx_word' id='word_1_226' title='bbox 3616 1757 3677 1805; x_wconf 87' lang='lat' dir='ltr'><strong>est</strong></span> 
     </span>
    </p>
   </div>
   <div class='ocr_carea' id='block_1_32' title="bbox 472 1847 2073 1925">
    <p class='ocr_par' dir='ltr' id='par_1_32' title="bbox 472 1847 2073 1925">
     <span class='ocr_line' id='line_1_32' title="bbox 472 1847 2073 1925; baseline -0.004 -17"><span class='ocrx_word' id='word_1_227' title='bbox 472 1870 604 1909; x_wconf 89' lang='lat' dir='ltr'><strong>nem</strong></span> <span class='ocrx_word' id='word_1_228' title='bbox 634 1851 958 1925; x_wconf 86' lang='lat' dir='ltr'><strong>progeniem</strong></span> <span class='ocrx_word' id='word_1_229' title='bbox 992 1866 1172 1921; x_wconf 89' lang='lat' dir='ltr'><strong>usque</strong></span> <span class='ocrx_word' id='word_1_230' title='bbox 1221 1850 1291 1904; x_wconf 90' lang='lat' dir='ltr'><strong>ad</strong></span> <span class='ocrx_word' id='word_1_231' title='bbox 1321 1849 1627 1915; x_wconf 86' lang='lat' dir='ltr'><strong>Christum,</strong></span> <span class='ocrx_word' id='word_1_232' title='bbox 1663 1866 1801 1920; x_wconf 90' lang='lat' dir='ltr'><strong>quas</strong></span> <span class='ocrx_word' id='word_1_233' title='bbox 1830 1847 2073 1903; x_wconf 90' lang='lat' dir='ltr'><strong>Lamech</strong></span> 
     </span>
    </p>
   </div>
   <div class='ocr_carea' id='block_1_33' title="bbox 474 1937 2073 2012">
    <p class='ocr_par' dir='ltr' id='par_1_33' title="bbox 474 1937 2073 2012">
     <span class='ocr_line' id='line_1_33' title="bbox 474 1937 2073 2012; baseline -0.004 -15"><span class='ocrx_word' id='word_1_234' title='bbox 474 1946 863 2007; x_wconf 90' lang='lat' dir='ltr'><strong>connumerat,</strong></span> <span class='ocrx_word' id='word_1_235' title='bbox 922 1938 1284 2012; x_wconf 86' lang='lat' dir='ltr'><strong>septuaginta</strong></span> <span class='ocrx_word' id='word_1_236' title='bbox 1312 1943 1462 1993; x_wconf 91' lang='lat' dir='ltr'><strong>sunt.</strong></span> <span class='ocrx_word' id='word_1_237' title='bbox 1510 1938 1638 2005; x_wconf 86' lang='lat' dir='ltr'><strong>Sed,</strong></span> <span class='ocrx_word' id='word_1_238' title='bbox 1673 1944 1737 1993; x_wconf 92' lang='lat' dir='ltr'><strong>ut</strong></span> <span class='ocrx_word' id='word_1_239' title='bbox 1781 1937 2073 1993; x_wconf 87' lang='lat' dir='ltr'><strong>obscurius</strong></span> 
     </span>
    </p>
   </div>
   <div class='ocr_carea' id='block_1_34' title="bbox 472 2027 2073 2100">
    <p class='ocr_par' dir='ltr' id='par_1_34' title="bbox 472 2027 2073 2100">
     <span class='ocr_line' id='line_1_34' title="bbox 472 2027 2073 2100; baseline -0.004 -14"><span class='ocrx_word' id='word_1_240' title='bbox 472 2034 767 2100; x_wconf 83' lang='lat' dir='ltr'><strong>tegeretur</strong></span> <span class='ocrx_word' id='word_1_241' title='bbox 792 2029 898 2083; x_wconf 92' lang='lat' dir='ltr'><strong>hoc</strong></span> <span class='ocrx_word' id='word_1_242' title='bbox 927 2032 1362 2095; x_wconf 88' lang='lat' dir='ltr'><strong>sacramentum,</strong></span> <span class='ocrx_word' id='word_1_243' title='bbox 1395 2044 1508 2082; x_wconf 91' lang='lat' dir='ltr'><strong>non</strong></span> <span class='ocrx_word' id='word_1_244' title='bbox 1540 2027 1899 2098; x_wconf 89' lang='lat' dir='ltr'><strong>septuaginta</strong></span> <span class='ocrx_word' id='word_1_245' title='bbox 1913 2031 1970 2080; x_wconf 93' lang='lat' dir='ltr'><strong>et</strong></span> <span class='ocrx_word' id='word_1_246' title='bbox 1991 2042 2073 2080; x_wconf 89' lang='lat' dir='ltr'><strong>se-</strong></span> 
     </span>
    </p>
   </div>
   <div class='ocr_carea' id='block_1_35' title="bbox 475 2116 2070 2193">
    <p class='ocr_par' dir='ltr' id='par_1_35' title="bbox 475 2116 2070 2193">
     <span class='ocr_line' id='line_1_35' title="bbox 475 2116 2070 2193; baseline -0.004 -18"><span class='ocrx_word' id='word_1_247' title='bbox 475 2125 630 2193; x_wconf 88' lang='lat' dir='ltr'><strong>ptem</strong></span> <span class='ocrx_word' id='word_1_248' title='bbox 678 2119 819 2174; x_wconf 84' lang='lat' dir='ltr'><strong>dixit</strong></span> <span class='ocrx_word' id='word_1_249' title='bbox 857 2118 1083 2172; x_wconf 88' lang='lat' dir='ltr'><strong>easdem</strong></span> <span class='ocrx_word' id='word_1_250' title='bbox 1114 2116 1384 2170; x_wconf 88' lang='lat' dir='ltr'><strong>vindictas</strong></span> <span class='ocrx_word' id='word_1_251' title='bbox 1414 2133 1535 2170; x_wconf 92' lang='lat' dir='ltr'><strong>esse</strong></span> <span class='ocrx_word' id='word_1_252' title='bbox 1573 2116 1812 2184; x_wconf 89' lang='lat' dir='ltr'><strong>futuras,</strong></span> <span class='ocrx_word' id='word_1_253' title='bbox 1843 2116 1941 2170; x_wconf 85' lang='lat' dir='ltr'><strong>sed</strong></span> <span class='ocrx_word' id='word_1_254' title='bbox 1979 2132 2070 2169; x_wconf 91' lang='lat' dir='ltr'><strong>se-</strong></span> 
     </span>
    </p>
   </div>
   <div class='ocr_carea' id='block_1_36' title="bbox 472 2202 2070 2280">
    <p class='ocr_par' dir='ltr' id='par_1_36' title="bbox 472 2202 2070 2280">
     <span class='ocr_line' id='line_1_36' title="bbox 472 2202 2070 2280; baseline -0.004 -17"><span class='ocrx_word' id='word_1_255' title='bbox 472 2207 734 2280; x_wconf 84' lang='lat' dir='ltr'><strong>ptuagies</strong></span> <span class='ocrx_word' id='word_1_256' title='bbox 762 2204 1146 2277; x_wconf 86' lang='lat' dir='ltr'><strong>septies,quod</strong></span> <span class='ocrx_word' id='word_1_257' title='bbox 1171 2209 1229 2257; x_wconf 90' lang='lat' dir='ltr'><strong>et</strong></span> <span class='ocrx_word' id='word_1_258' title='bbox 1252 2203 1310 2257; x_wconf 91' lang='lat' dir='ltr'><strong>in</strong></span> <span class='ocrx_word' id='word_1_259' title='bbox 1340 2203 1580 2275; x_wconf 91' lang='lat' dir='ltr'><strong>idipsum</strong></span> <span class='ocrx_word' id='word_1_260' title='bbox 1609 2204 1846 2275; x_wconf 86' lang='lat' dir='ltr'><strong>intelligi</strong></span> <span class='ocrx_word' id='word_1_261' title='bbox 1866 2202 2070 2257; x_wconf 91' lang='lat' dir='ltr'><strong>debere</strong></span> 
     </span>
    </p>
   </div>
   <div class='ocr_carea' id='block_1_37' title="bbox 471 2291 2072 2366">
    <p class='ocr_par' dir='ltr' id='par_1_37' title="bbox 471 2291 2072 2366">
     <span class='ocr_line' id='line_1_37' title="bbox 471 2291 2072 2366; baseline -0.004 -14"><span class='ocrx_word' id='word_1_262' title='bbox 471 2311 638 2352; x_wconf 88' lang='lat' dir='ltr'><strong>nemo</strong></span> <span class='ocrx_word' id='word_1_263' title='bbox 662 2296 757 2366; x_wconf 89' lang='lat' dir='ltr'><strong>qui</strong></span> <span class='ocrx_word' id='word_1_264' title='bbox 774 2293 1042 2364; x_wconf 87' lang='lat' dir='ltr'><strong>ambigat.</strong></span> <span class='ocrx_word' id='word_1_265' title='bbox 1078 2293 1257 2357; x_wconf 87' lang='lat' dir='ltr'><strong>Quem</strong></span> <span class='ocrx_word' id='word_1_266' title='bbox 1286 2309 1584 2347; x_wconf 87' lang='lat' dir='ltr'><strong>numerum</strong></span> <span class='ocrx_word' id='word_1_267' title='bbox 1616 2292 1888 2347; x_wconf 89' lang='lat' dir='ltr'><strong>Dominus</strong></span> <span class='ocrx_word' id='word_1_268' title='bbox 1910 2291 1967 2346; x_wconf 90' lang='lat' dir='ltr'><strong>in</strong></span> <span class='ocrx_word' id='word_1_269' title='bbox 1988 2309 2072 2346; x_wconf 90' lang='lat' dir='ltr'><strong>re-</strong></span> 
     </span>
    </p>
   </div>
   <div class='ocr_carea' id='block_1_38' title="bbox 471 2382 2073 2454">
    <p class='ocr_par' dir='ltr' id='par_1_38' title="bbox 471 2382 2073 2454">
     <span class='ocr_line' id='line_1_38' title="bbox 471 2382 2073 2454; baseline -0.002 -15"><span class='ocrx_word' id='word_1_270' title='bbox 471 2384 799 2439; x_wconf 80' lang='lat' dir='ltr'><strong>missionem</strong></span> <span class='ocrx_word' id='word_1_271' title='bbox 831 2383 1080 2437; x_wconf 90' lang='lat' dir='ltr'><strong>omnium</strong></span> <span class='ocrx_word' id='word_1_272' title='bbox 1094 2386 1447 2454; x_wconf 88' lang='lat' dir='ltr'><strong>peccatorum</strong></span> <span class='ocrx_word' id='word_1_273' title='bbox 1464 2382 2073 2454; x_wconf 88' lang='lat' dir='ltr'><strong>commendavit,quan-</strong></span> 
     </span>
    </p>
   </div>
   <div class='ocr_carea' id='block_1_39' title="bbox 472 2471 2071 2545">
    <p class='ocr_par' dir='ltr' id='par_1_39' title="bbox 472 2471 2071 2545">
     <span class='ocr_line' id='line_1_39' title="bbox 472 2471 2071 2545; baseline -0.001 -16"><span class='ocrx_word' id='word_1_274' title='bbox 472 2474 544 2530; x_wconf 91' lang='lat' dir='ltr'><strong>do</strong></span> <span class='ocrx_word' id='word_1_275' title='bbox 577 2490 611 2528; x_wconf 87' lang='lat' dir='ltr'><strong>a</strong></span> <span class='ocrx_word' id='word_1_276' title='bbox 636 2472 917 2545; x_wconf 87' lang='lat' dir='ltr'><strong>baptismo</strong></span> <span class='ocrx_word' id='word_1_277' title='bbox 948 2473 1116 2544; x_wconf 67' lang='lat' dir='ltr'><strong>cmpit</strong></span> <span class='ocrx_word' id='word_1_278' title='bbox 1144 2489 1464 2538; x_wconf 84' lang='lat' dir='ltr'><strong>numerare,</strong></span> <span class='ocrx_word' id='word_1_279' title='bbox 1495 2471 1591 2526; x_wconf 90' lang='lat' dir='ltr'><strong>ubi</strong></span> <span class='ocrx_word' id='word_1_280' title='bbox 1621 2472 1809 2526; x_wconf 90' lang='lat' dir='ltr'><strong>omnia</strong></span> <span class='ocrx_word' id='word_1_281' title='bbox 1843 2476 2071 2544; x_wconf 87' lang='lat' dir='ltr'><strong>peccata</strong></span> 
     </span>
    </p>
   </div>
   <div class='ocr_carea' id='block_1_40' title="bbox 472 2559 2073 2642">
    <p class='ocr_par' dir='ltr' id='par_1_40' title="bbox 472 2559 2073 2642">
     <span class='ocr_line' id='line_1_40' title="bbox 472 2559 2073 2642; baseline -0.002 -25"><span class='ocrx_word' id='word_1_282' title='bbox 472 2562 783 2642; x_wconf 87' lang='lat' dir='ltr'><strong>solvuntur.</strong></span> <span class='ocrx_word' id='word_1_283' title='bbox 804 2560 878 2615; x_wconf 90' lang='lat' dir='ltr'><strong>Et</strong></span> <span class='ocrx_word' id='word_1_284' title='bbox 893 2561 971 2615; x_wconf 90' lang='lat' dir='ltr'><strong>sic</strong></span> <span class='ocrx_word' id='word_1_285' title='bbox 999 2560 1068 2614; x_wconf 90' lang='lat' dir='ltr'><strong>ad</strong></span> <span class='ocrx_word' id='word_1_286' title='bbox 1099 2561 1279 2614; x_wconf 87' lang='lat' dir='ltr'><strong>Adam</strong></span> <span class='ocrx_word' id='word_1_287' title='bbox 1309 2559 1515 2613; x_wconf 78' lang='lat' dir='ltr'><strong>lineam</strong></span> <span class='ocrx_word' id='word_1_288' title='bbox 1547 2560 1891 2631; x_wconf 70' lang='lat' dir='ltr'><strong>genealogis:</strong></span> <span class='ocrx_word' id='word_1_289' title='bbox 1918 2559 2073 2615; x_wconf 88' lang='lat' dir='ltr'><strong>Chri-</strong></span> 
     </span>
    </p>
   </div>
   <div class='ocr_carea' id='block_1_41' title="bbox 472 2644 2071 2718">
    <p class='ocr_par' dir='ltr' id='par_1_41' title="bbox 472 2644 2071 2718">
     <span class='ocr_line' id='line_1_41' title="bbox 472 2644 2071 2718; baseline -0.002 -16"><span class='ocrx_word' id='word_1_290' title='bbox 472 2647 545 2702; x_wconf 87' lang='lat' dir='ltr'><strong>sti</strong></span> <span class='ocrx_word' id='word_1_291' title='bbox 576 2662 753 2718; x_wconf 88' lang='lat' dir='ltr'><strong>usque</strong></span> <span class='ocrx_word' id='word_1_292' title='bbox 786 2645 1066 2718; x_wconf 88' lang='lat' dir='ltr'><strong>perduxit,</strong></span> <span class='ocrx_word' id='word_1_293' title='bbox 1098 2650 1163 2699; x_wconf 88' lang='lat' dir='ltr'><strong>ut</strong></span> <span class='ocrx_word' id='word_1_294' title='bbox 1186 2650 1533 2699; x_wconf 86' lang='lat' dir='ltr'><strong>monstraret</strong></span> <span class='ocrx_word' id='word_1_295' title='bbox 1558 2645 1692 2716; x_wconf 86' lang='lat' dir='ltr'><strong>quia</strong></span> <span class='ocrx_word' id='word_1_296' title='bbox 1717 2645 1862 2699; x_wconf 88' lang='lat' dir='ltr'><strong>sicut</strong></span> <span class='ocrx_word' id='word_1_297' title='bbox 1890 2644 2071 2699; x_wconf 90' lang='lat' dir='ltr'><strong>vindi-</strong></span> 
     </span>
    </p>
   </div>
   <div class='ocr_carea' id='block_1_42' title="bbox 472 2734 2071 2806">
    <p class='ocr_par' dir='ltr' id='par_1_42' title="bbox 472 2734 2071 2806">
     <span class='ocr_line' id='line_1_42' title="bbox 472 2734 2071 2806; baseline -0.002 -15"><span class='ocrx_word' id='word_1_298' title='bbox 472 2741 659 2791; x_wconf 89' lang='lat' dir='ltr'><strong>catum</strong></span> <span class='ocrx_word' id='word_1_299' title='bbox 689 2741 775 2790; x_wconf 90' lang='lat' dir='ltr'><strong>est</strong></span> <span class='ocrx_word' id='word_1_300' title='bbox 798 2734 868 2789; x_wconf 90' lang='lat' dir='ltr'><strong>de</strong></span> <span class='ocrx_word' id='word_1_301' title='bbox 892 2734 1031 2789; x_wconf 86' lang='lat' dir='ltr'><strong>Cain</strong></span> <span class='ocrx_word' id='word_1_302' title='bbox 1052 2734 1277 2806; x_wconf 89' lang='lat' dir='ltr'><strong>septies,</strong></span> <span class='ocrx_word' id='word_1_303' title='bbox 1306 2734 1529 2805; x_wconf 88' lang='lat' dir='ltr'><strong>quando</strong></span> <span class='ocrx_word' id='word_1_304' title='bbox 1560 2740 1773 2806; x_wconf 91' lang='lat' dir='ltr'><strong>septem</strong></span> <span class='ocrx_word' id='word_1_305' title='bbox 1799 2734 2071 2788; x_wconf 84' lang='lat' dir='ltr'><strong>vindictas</strong></span> 
     </span>
    </p>
   </div>
   <div class='ocr_carea' id='block_1_43' title="bbox 471 2823 2073 2894">
    <p class='ocr_par' dir='ltr' id='par_1_43' title="bbox 471 2823 2073 2894">
     <span class='ocr_line' id='line_1_43' title="bbox 471 2823 2073 2894; baseline -0.001 -15"><span class='ocrx_word' id='word_1_306' title='bbox 471 2830 538 2879; x_wconf 86' lang='lat' dir='ltr'><strong>ut</strong></span> <span class='ocrx_word' id='word_1_307' title='bbox 564 2824 728 2879; x_wconf 90' lang='lat' dir='ltr'><strong>multi</strong></span> <span class='ocrx_word' id='word_1_308' title='bbox 757 2824 1008 2890; x_wconf 89' lang='lat' dir='ltr'><strong>tradunt,</strong></span> <span class='ocrx_word' id='word_1_309' title='bbox 1038 2824 1272 2878; x_wconf 83' lang='lat' dir='ltr'><strong>exsolvit</strong></span> <span class='ocrx_word' id='word_1_310' title='bbox 1292 2842 1302 2877; x_wconf 88' lang='lat'><strong><em>:</em></strong></span> <span class='ocrx_word' id='word_1_311' title='bbox 1322 2824 1403 2877; x_wconf 90' lang='lat' dir='ltr'><strong>ita</strong></span> <span class='ocrx_word' id='word_1_312' title='bbox 1433 2823 1571 2877; x_wconf 90' lang='lat' dir='ltr'><strong>etde</strong></span> <span class='ocrx_word' id='word_1_313' title='bbox 1592 2824 1834 2877; x_wconf 88' lang='lat' dir='ltr'><strong>Lamech</strong></span> <span class='ocrx_word' id='word_1_314' title='bbox 1850 2830 2073 2894; x_wconf 89' lang='lat' dir='ltr'><strong>septua-</strong></span> 
     </span>
    </p>
   </div>
   <div class='ocr_carea' id='block_1_44' title="bbox 478 2911 2072 2985">
    <p class='ocr_par' dir='ltr' id='par_1_44' title="bbox 478 2911 2072 2985">
     <span class='ocr_line' id='line_1_44' title="bbox 478 2911 2072 2985; baseline 0 -19"><span class='ocrx_word' id='word_1_315' title='bbox 478 2913 599 2983; x_wconf 91' lang='lat' dir='ltr'><strong>gies</strong></span> <span class='ocrx_word' id='word_1_316' title='bbox 629 2914 856 2985; x_wconf 87' lang='lat' dir='ltr'><strong>septies,</strong></span> <span class='ocrx_word' id='word_1_317' title='bbox 892 2930 1031 2984; x_wconf 89' lang='lat' dir='ltr'><strong>quas</strong></span> <span class='ocrx_word' id='word_1_318' title='bbox 1060 2913 1178 2983; x_wconf 90' lang='lat' dir='ltr'><strong>ipse</strong></span> <span class='ocrx_word' id='word_1_319' title='bbox 1208 2911 1465 2983; x_wconf 82' lang='lat' dir='ltr'><strong>praedixit</strong></span> <span class='ocrx_word' id='word_1_320' title='bbox 1493 2916 1551 2965; x_wconf 91' lang='lat' dir='ltr'><strong>et</strong></span> <span class='ocrx_word' id='word_1_321' title='bbox 1578 2912 1950 2983; x_wconf 84' lang='lat' dir='ltr'><strong>prophetavit,</strong></span> <span class='ocrx_word' id='word_1_322' title='bbox 1984 2930 2072 2966; x_wconf 85' lang='lat' dir='ltr'><strong>ex-</strong></span> 
     </span>
    </p>
   </div>
   <div class='ocr_carea' id='block_1_45' title="bbox 480 3000 2073 3074">
    <p class='ocr_par' dir='ltr' id='par_1_45' title="bbox 480 3000 2073 3074">
     <span class='ocr_line' id='line_1_45' title="bbox 480 3000 2073 3074; baseline 0.001 -19"><span class='ocrx_word' id='word_1_323' title='bbox 480 3002 728 3055; x_wconf 90' lang='lat' dir='ltr'><strong>solutum</strong></span> <span class='ocrx_word' id='word_1_324' title='bbox 781 3007 885 3067; x_wconf 91' lang='lat' dir='ltr'><strong>est,</strong></span> <span class='ocrx_word' id='word_1_325' title='bbox 935 3006 1000 3055; x_wconf 91' lang='lat' dir='ltr'><strong>ut</strong></span> <span class='ocrx_word' id='word_1_326' title='bbox 1043 3000 1404 3071; x_wconf 87' lang='lat' dir='ltr'><strong>septuaginta</strong></span> <span class='ocrx_word' id='word_1_327' title='bbox 1440 3004 1497 3054; x_wconf 89' lang='lat' dir='ltr'><strong>et</strong></span> <span class='ocrx_word' id='word_1_328' title='bbox 1542 3006 1755 3071; x_wconf 89' lang='lat' dir='ltr'><strong>septem</strong></span> <span class='ocrx_word' id='word_1_329' title='bbox 1795 3017 1972 3074; x_wconf 91' lang='lat' dir='ltr'><strong>usque</strong></span> <span class='ocrx_word' id='word_1_330' title='bbox 2001 3004 2073 3057; x_wconf 89' lang='lat' dir='ltr'><strong>ad</strong></span> 
     </span>
    </p>
   </div>
   <div class='ocr_carea' id='block_1_46' title="bbox 481 3088 2072 3161">
    <p class='ocr_par' dir='ltr' id='par_1_46' title="bbox 481 3088 2072 3161">
     <span class='ocr_line' id='line_1_46' title="bbox 481 3088 2072 3161; baseline 0 -18"><span class='ocrx_word' id='word_1_331' title='bbox 481 3089 771 3145; x_wconf 87' lang='lat' dir='ltr'><strong>Christum</strong></span> <span class='ocrx_word' id='word_1_332' title='bbox 806 3091 965 3156; x_wconf 84' lang='lat' dir='ltr'><strong>fiant,</strong></span> <span class='ocrx_word' id='word_1_333' title='bbox 993 3089 1050 3142; x_wconf 91' lang='lat' dir='ltr'><strong>in</strong></span> <span class='ocrx_word' id='word_1_334' title='bbox 1081 3105 1192 3158; x_wconf 89' lang='lat' dir='ltr'><strong>quo</strong></span> <span class='ocrx_word' id='word_1_335' title='bbox 1222 3088 1404 3142; x_wconf 91' lang='lat' dir='ltr'><strong>omnis</strong></span> <span class='ocrx_word' id='word_1_336' title='bbox 1448 3089 1831 3160; x_wconf 75' lang='lat' dir='ltr'><strong>praevaricatio</strong></span> <span class='ocrx_word' id='word_1_337' title='bbox 1859 3095 1917 3143; x_wconf 88' lang='lat' dir='ltr'><strong>et</strong></span> <span class='ocrx_word' id='word_1_338' title='bbox 1943 3106 2072 3161; x_wconf 88' lang='lat' dir='ltr'><strong>pec-</strong></span> 
     </span>
    </p>
   </div>
   <div class='ocr_carea' id='block_1_47' title="bbox 2155 1839 3679 1919">
    <p class='ocr_par' dir='ltr' id='par_1_47' title="bbox 2155 1839 3679 1919">
     <span class='ocr_line' id='line_1_47' title="bbox 2155 1839 3679 1919; baseline -0.004 -19"><span class='ocrx_word' id='word_1_339' title='bbox 2155 1846 2434 1919; x_wconf 87' lang='lat' dir='ltr'><strong>proximos</strong></span> <span class='ocrx_word' id='word_1_340' title='bbox 2464 1847 2872 1901; x_wconf 87' lang='lat' dir='ltr'><strong>scandalizarc:</strong></span> <span class='ocrx_word' id='word_1_341' title='bbox 2916 1847 2995 1901; x_wconf 79' lang='lat' dir='ltr'><strong>ita</strong></span> <span class='ocrx_word' id='word_1_342' title='bbox 3024 1852 3080 1901; x_wconf 90' lang='lat' dir='ltr'><strong>et</strong></span> <span class='ocrx_word' id='word_1_343' title='bbox 3108 1844 3457 1918; x_wconf 83' lang='lat' dir='ltr'><strong>peccantibus</strong></span> <span class='ocrx_word' id='word_1_344' title='bbox 3489 1843 3538 1896; x_wconf 89' lang='lat' dir='ltr'><strong>in</strong></span> <span class='ocrx_word' id='word_1_345' title='bbox 3562 1839 3679 1896; x_wconf 85' lang='lat' dir='ltr'><strong>nobis</strong></span> 
     </span>
    </p>
   </div>
   <div class='ocr_carea' id='block_1_48' title="bbox 2154 1930 3679 2008">
    <p class='ocr_par' dir='ltr' id='par_1_48' title="bbox 2154 1930 3679 2008">
     <span class='ocr_line' id='line_1_48' title="bbox 2154 1930 3679 2008; baseline -0.005 -19"><span class='ocrx_word' id='word_1_346' title='bbox 2154 1937 2374 1991; x_wconf 84' lang='lat' dir='ltr'><strong>veniam</strong></span> <span class='ocrx_word' id='word_1_347' title='bbox 2414 1937 2715 2008; x_wconf 87' lang='lat' dir='ltr'><strong>denegare.</strong></span> <span class='ocrx_word' id='word_1_348' title='bbox 2742 1937 2806 1990; x_wconf 90' lang='lat' dir='ltr'><strong>Et</strong></span> <span class='ocrx_word' id='word_1_349' title='bbox 2829 1935 2973 1990; x_wconf 90' lang='lat' dir='ltr'><strong>sicut</strong></span> <span class='ocrx_word' id='word_1_350' title='bbox 2997 1936 3066 1989; x_wconf 90' lang='lat' dir='ltr'><strong>de</strong></span> <span class='ocrx_word' id='word_1_351' title='bbox 3093 1930 3565 1990; x_wconf 89' lang='lat' dir='ltr'><strong>scandalizantibus</strong></span> <span class='ocrx_word' id='word_1_352' title='bbox 3588 1945 3679 1982; x_wconf 89' lang='lat' dir='ltr'><strong>con-</strong></span> 
     </span>
    </p>
   </div>
   <div class='ocr_carea' id='block_1_49' title="bbox 2154 2017 3681 2097">
    <p class='ocr_par' dir='ltr' id='par_1_49' title="bbox 2154 2017 3681 2097">
     <span class='ocr_line' id='line_1_49' title="bbox 2154 2017 3681 2097; baseline -0.006 -17"><span class='ocrx_word' id='word_1_353' title='bbox 2154 2026 2319 2080; x_wconf 90' lang='lat' dir='ltr'><strong>clusit</strong></span> <span class='ocrx_word' id='word_1_354' title='bbox 2346 2026 2480 2097; x_wconf 92' lang='lat' dir='ltr'><strong>quid</strong></span> <span class='ocrx_word' id='word_1_355' title='bbox 2509 2025 2621 2080; x_wconf 91' lang='lat' dir='ltr'><strong>illis</strong></span> <span class='ocrx_word' id='word_1_356' title='bbox 2651 2025 2838 2097; x_wconf 88' lang='lat' dir='ltr'><strong>potius</strong></span> <span class='ocrx_word' id='word_1_357' title='bbox 2870 2024 3168 2096; x_wconf 83' lang='lat' dir='ltr'><strong>expediat:</strong></span> <span class='ocrx_word' id='word_1_358' title='bbox 3221 2025 3300 2078; x_wconf 90' lang='lat' dir='ltr'><strong>ita</strong></span> <span class='ocrx_word' id='word_1_359' title='bbox 3337 2029 3392 2077; x_wconf 90' lang='lat' dir='ltr'><strong>et</strong></span> <span class='ocrx_word' id='word_1_360' title='bbox 3417 2017 3681 2089; x_wconf 83' lang='lat' dir='ltr'><strong>abneganti-</strong></span> 
     </span>
    </p>
   </div>
   <div class='ocr_carea' id='block_1_50' title="bbox 2152 2111 3683 2185">
    <p class='ocr_par' dir='ltr' id='par_1_50' title="bbox 2152 2111 3683 2185">
     <span class='ocr_line' id='line_1_50' title="bbox 2152 2111 3683 2185; baseline -0.006 -17"><span class='ocrx_word' id='word_1_361' title='bbox 2152 2113 2255 2168; x_wconf 92' lang='lat' dir='ltr'><strong>bus</strong></span> <span class='ocrx_word' id='word_1_362' title='bbox 2280 2114 2707 2185; x_wconf 89' lang='lat' dir='ltr'><strong>indulgentiam,</strong></span> <span class='ocrx_word' id='word_1_363' title='bbox 2743 2114 2909 2185; x_wconf 89' lang='lat' dir='ltr'><strong>quale</strong></span> <span class='ocrx_word' id='word_1_364' title='bbox 2933 2113 3247 2185; x_wconf 89' lang='lat' dir='ltr'><strong>periculum</strong></span> <span class='ocrx_word' id='word_1_365' title='bbox 3277 2111 3561 2173; x_wconf 87' lang='lat' dir='ltr'><strong>immineat,</strong></span> <span class='ocrx_word' id='word_1_366' title='bbox 3585 2122 3683 2178; x_wconf 67' lang='lat' dir='ltr'><strong>pre-</strong></span> 
     </span>
    </p>
   </div>
   <div class='ocr_carea' id='block_1_51' title="bbox 2151 2199 3684 2275">
    <p class='ocr_par' dir='ltr' id='par_1_51' title="bbox 2151 2199 3684 2275">
     <span class='ocr_line' id='line_1_51' title="bbox 2151 2199 3684 2275; baseline -0.006 -18"><span class='ocrx_word' id='word_1_367' title='bbox 2151 2202 2310 2258; x_wconf 82' lang='lat' dir='ltr'><strong>dixit.</strong></span> <span class='ocrx_word' id='word_1_368' title='bbox 2337 2204 2446 2258; x_wconf 91' lang='lat' dir='ltr'><strong>Sed</strong></span> <span class='ocrx_word' id='word_1_369' title='bbox 2469 2203 2592 2275; x_wconf 90' lang='lat' dir='ltr'><strong>quis</strong></span> <span class='ocrx_word' id='word_1_370' title='bbox 2621 2203 2726 2257; x_wconf 91' lang='lat' dir='ltr'><strong>iste</strong></span> <span class='ocrx_word' id='word_1_371' title='bbox 2756 2203 2924 2257; x_wconf 92' lang='lat' dir='ltr'><strong>homo</strong></span> <span class='ocrx_word' id='word_1_372' title='bbox 2945 2202 3020 2257; x_wconf 90' lang='lat' dir='ltr'><strong>sit</strong></span> <span class='ocrx_word' id='word_1_373' title='bbox 3045 2220 3167 2270; x_wconf 87' lang='lat' dir='ltr'><strong>rex,</strong></span> <span class='ocrx_word' id='word_1_374' title='bbox 3200 2201 3289 2257; x_wconf 93' lang='lat' dir='ltr'><strong>cui</strong></span> <span class='ocrx_word' id='word_1_375' title='bbox 3316 2199 3485 2254; x_wconf 91' lang='lat' dir='ltr'><strong>simile</strong></span> <span class='ocrx_word' id='word_1_376' title='bbox 3500 2210 3684 2267; x_wconf 81' lang='lat' dir='ltr'><strong>regnum</strong></span> 
     </span>
    </p>
   </div>
   <div class='ocr_carea' id='block_1_52' title="bbox 2153 2291 3687 2364">
    <p class='ocr_par' dir='ltr' id='par_1_52' title="bbox 2153 2291 3687 2364">
     <span class='ocr_line' id='line_1_52' title="bbox 2153 2291 3687 2364; baseline -0.007 -17"><span class='ocrx_word' id='word_1_377' title='bbox 2153 2309 2276 2347; x_wconf 89' lang='lat' dir='ltr'><strong>esse</strong></span> <span class='ocrx_word' id='word_1_378' title='bbox 2310 2291 2488 2364; x_wconf 91' lang='lat' dir='ltr'><strong>possit</strong></span> <span class='ocrx_word' id='word_1_379' title='bbox 2515 2292 2803 2359; x_wconf 70' lang='lat' dir='ltr'><strong>cmlorum,</strong></span> <span class='ocrx_word' id='word_1_380' title='bbox 2827 2298 2926 2346; x_wconf 89' lang='lat' dir='ltr'><strong>aut</strong></span> <span class='ocrx_word' id='word_1_381' title='bbox 2947 2291 3095 2363; x_wconf 90' lang='lat' dir='ltr'><strong>quod</strong></span> <span class='ocrx_word' id='word_1_382' title='bbox 3124 2291 3231 2345; x_wconf 93' lang='lat' dir='ltr'><strong>hoc</strong></span> <span class='ocrx_word' id='word_1_383' title='bbox 3251 2291 3368 2344; x_wconf 91' lang='lat' dir='ltr'><strong>loco</strong></span> <span class='ocrx_word' id='word_1_384' title='bbox 3384 2302 3593 2359; x_wconf 85' lang='lat' dir='ltr'><strong>regnum</strong></span> <span class='ocrx_word' id='word_1_385' title='bbox 3611 2299 3687 2337; x_wconf 62' lang='lat' dir='ltr'><strong>cae-</strong></span> 
     </span>
    </p>
   </div>
   <div class='ocr_carea' id='block_1_53' title="bbox 2154 2370 3686 2448">
    <p class='ocr_par' dir='ltr' id='par_1_53' title="bbox 2154 2370 3686 2448">
     <span class='ocr_line' id='line_1_53' title="bbox 2154 2370 3686 2448; baseline -0.007 -14"><span class='ocrx_word' id='word_1_386' title='bbox 2154 2381 2337 2435; x_wconf 90' lang='lat' dir='ltr'><strong>lorum</strong></span> <span class='ocrx_word' id='word_1_387' title='bbox 2387 2380 2628 2448; x_wconf 90' lang='lat' dir='ltr'><strong>dicatur,</strong></span> <span class='ocrx_word' id='word_1_388' title='bbox 2674 2380 2985 2434; x_wconf 84' lang='lat' dir='ltr'><strong>videamus.</strong></span> <span class='ocrx_word' id='word_1_389' title='bbox 3038 2380 3187 2434; x_wconf 89' lang='lat' dir='ltr'><strong>Nam</strong></span> <span class='ocrx_word' id='word_1_390' title='bbox 3230 2380 3288 2433; x_wconf 91' lang='lat' dir='ltr'><strong>in</strong></span> <span class='ocrx_word' id='word_1_391' title='bbox 3318 2379 3418 2431; x_wconf 90' lang='lat' dir='ltr'><strong>hoc</strong></span> <span class='ocrx_word' id='word_1_392' title='bbox 3444 2370 3686 2443; x_wconf 77' lang='lat' dir='ltr'><strong>Evangelia</strong></span> 
     </span>
    </p>
   </div>
   <div class='ocr_carea' id='block_1_54' title="bbox 2152 2464 3689 2541">
    <p class='ocr_par' dir='ltr' id='par_1_54' title="bbox 2152 2464 3689 2541">
     <span class='ocr_line' id='line_1_54' title="bbox 2152 2464 3689 2541; baseline -0.006 -17"><span class='ocrx_word' id='word_1_393' title='bbox 2152 2486 2390 2541; x_wconf 90' lang='lat' dir='ltr'><strong>regnum</strong></span> <span class='ocrx_word' id='word_1_394' title='bbox 2416 2470 2682 2523; x_wconf 88' lang='lat' dir='ltr'><strong>coelorum</strong></span> <span class='ocrx_word' id='word_1_395' title='bbox 2714 2468 3015 2540; x_wconf 87' lang='lat' dir='ltr'><strong>aliquando</strong></span> <span class='ocrx_word' id='word_1_396' title='bbox 3044 2485 3291 2540; x_wconf 67' lang='lat' dir='ltr'><strong>praesens</strong></span> <span class='ocrx_word' id='word_1_397' title='bbox 3321 2464 3545 2521; x_wconf 87' lang='lat' dir='ltr'><strong>Ecclesia</strong></span> <span class='ocrx_word' id='word_1_398' title='bbox 3570 2476 3689 2515; x_wconf 84' lang='lat' dir='ltr'><strong>voca-</strong></span> 
     </span>
    </p>
   </div>
   <div class='ocr_carea' id='block_1_55' title="bbox 2155 2546 3691 2631">
    <p class='ocr_par' dir='ltr' id='par_1_55' title="bbox 2155 2546 3691 2631">
     <span class='ocr_line' id='line_1_55' title="bbox 2155 2546 3691 2631; baseline -0.007 -17"><span class='ocrx_word' id='word_1_399' title='bbox 2155 2564 2268 2626; x_wconf 89' lang='lat' dir='ltr'><strong>tur,</strong></span> <span class='ocrx_word' id='word_1_400' title='bbox 2304 2558 2604 2631; x_wconf 89' lang='lat' dir='ltr'><strong>aliquando</strong></span> <span class='ocrx_word' id='word_1_401' title='bbox 2634 2558 2867 2612; x_wconf 87' lang='lat' dir='ltr'><strong>virtutes</strong></span> <span class='ocrx_word' id='word_1_402' title='bbox 2895 2565 2953 2612; x_wconf 92' lang='lat' dir='ltr'><strong>et</strong></span> <span class='ocrx_word' id='word_1_403' title='bbox 2980 2557 3308 2629; x_wconf 74' lang='lat' dir='ltr'><strong>praedicatio</strong></span> <span class='ocrx_word' id='word_1_404' title='bbox 3336 2546 3691 2625; x_wconf 88' lang='lat' dir='ltr'><strong>Evangelii,ali-</strong></span> 
     </span>
    </p>
   </div>
   <div class='ocr_carea' id='block_1_56' title="bbox 2157 2647 3692 2719">
    <p class='ocr_par' dir='ltr' id='par_1_56' title="bbox 2157 2647 3692 2719">
     <span class='ocr_line' id='line_1_56' title="bbox 2157 2647 3692 2719; baseline -0.007 -17"><span class='ocrx_word' id='word_1_405' title='bbox 2157 2649 2382 2719; x_wconf 90' lang='lat' dir='ltr'><strong>quando</strong></span> <span class='ocrx_word' id='word_1_406' title='bbox 2419 2648 2540 2719; x_wconf 90' lang='lat' dir='ltr'><strong>ipse</strong></span> <span class='ocrx_word' id='word_1_407' title='bbox 2587 2648 2864 2717; x_wconf 89' lang='lat' dir='ltr'><strong>Christus,</strong></span> <span class='ocrx_word' id='word_1_408' title='bbox 2910 2648 3179 2719; x_wconf 90' lang='lat' dir='ltr'><strong>quoniam</strong></span> <span class='ocrx_word' id='word_1_409' title='bbox 3234 2647 3354 2718; x_wconf 90' lang='lat' dir='ltr'><strong>ipse</strong></span> <span class='ocrx_word' id='word_1_410' title='bbox 3400 2649 3480 2698; x_wconf 90' lang='lat' dir='ltr'><strong>est</strong></span> <span class='ocrx_word' id='word_1_411' title='bbox 3508 2654 3692 2712; x_wconf 81' lang='lat' dir='ltr'><strong>regnum</strong></span> 
     </span>
    </p>
   </div>
   <div class='ocr_carea' id='block_1_57' title="bbox 2156 2729 3695 2807">
    <p class='ocr_par' dir='ltr' id='par_1_57' title="bbox 2156 2729 3695 2807">
     <span class='ocr_line' id='line_1_57' title="bbox 2156 2729 3695 2807; baseline -0.001 -17"><span class='ocrx_word' id='word_1_412' title='bbox 2156 2737 2444 2803; x_wconf 72' lang='lat' dir='ltr'><strong>caelorum,</strong></span> <span class='ocrx_word' id='word_1_413' title='bbox 2470 2736 2610 2790; x_wconf 84' lang='lat' dir='ltr'><strong>sicut</strong></span> <span class='ocrx_word' id='word_1_414' title='bbox 2632 2736 2751 2807; x_wconf 89' lang='lat' dir='ltr'><strong>ipse</strong></span> <span class='ocrx_word' id='word_1_415' title='bbox 2781 2741 2867 2790; x_wconf 86' lang='lat' dir='ltr'><strong>est</strong></span> <span class='ocrx_word' id='word_1_416' title='bbox 2886 2736 3166 2807; x_wconf 84' lang='lat' dir='ltr'><strong>sapientia</strong></span> <span class='ocrx_word' id='word_1_417' title='bbox 3188 2734 3390 2799; x_wconf 88' lang='lat' dir='ltr'><strong>Patris,</strong></span> <span class='ocrx_word' id='word_1_418' title='bbox 3414 2733 3523 2805; x_wconf 87' lang='lat' dir='ltr'><strong>ipse</strong></span> <span class='ocrx_word' id='word_1_419' title='bbox 3553 2729 3695 2793; x_wconf 66' lang='lat'><strong>â€œ358</strong></span> 
     </span>
    </p>
   </div>
   <div class='ocr_carea' id='block_1_58' title="bbox 2151 2817 3695 2896">
    <p class='ocr_par' dir='ltr' id='par_1_58' title="bbox 2151 2817 3695 2896">
     <span class='ocr_line' id='line_1_58' title="bbox 2151 2817 3695 2896; baseline -0.006 -17"><span class='ocrx_word' id='word_1_420' title='bbox 2151 2825 2396 2895; x_wconf 89' lang='lat' dir='ltr'><strong>justitia,</strong></span> <span class='ocrx_word' id='word_1_421' title='bbox 2424 2826 2541 2896; x_wconf 89' lang='lat' dir='ltr'><strong>ipse</strong></span> <span class='ocrx_word' id='word_1_422' title='bbox 2561 2831 2647 2879; x_wconf 89' lang='lat' dir='ltr'><strong>est</strong></span> <span class='ocrx_word' id='word_1_423' title='bbox 2663 2825 2868 2880; x_wconf 90' lang='lat' dir='ltr'><strong>veritas</strong></span> <span class='ocrx_word' id='word_1_424' title='bbox 2890 2831 2948 2879; x_wconf 91' lang='lat' dir='ltr'><strong>et</strong></span> <span class='ocrx_word' id='word_1_425' title='bbox 2967 2825 3161 2879; x_wconf 90' lang='lat' dir='ltr'><strong>virtus.</strong></span> <span class='ocrx_word' id='word_1_426' title='bbox 3187 2825 3281 2880; x_wconf 91' lang='lat' dir='ltr'><strong>Sic</strong></span> <span class='ocrx_word' id='word_1_427' title='bbox 3300 2823 3497 2896; x_wconf 87' lang='lat' dir='ltr'><strong>quippe</strong></span> <span class='ocrx_word' id='word_1_428' title='bbox 3514 2820 3614 2891; x_wconf 89' lang='lat' dir='ltr'><strong>ipse</strong></span> <span class='ocrx_word' id='word_1_429' title='bbox 3632 2817 3695 2869; x_wconf 83' lang='lat' dir='ltr'><strong>est</strong></span> 
     </span>
    </p>
   </div>
   <div class='ocr_carea' id='block_1_59' title="bbox 2154 2905 3701 2985">
    <p class='ocr_par' dir='ltr' id='par_1_59' title="bbox 2154 2905 3701 2985">
     <span class='ocr_line' id='line_1_59' title="bbox 2154 2905 3701 2985; baseline -0.005 -18"><span class='ocrx_word' id='word_1_430' title='bbox 2154 2914 2679 2984; x_wconf 89' lang='lat' dir='ltr'><strong>regnum.Regnum</strong></span> <span class='ocrx_word' id='word_1_431' title='bbox 2702 2920 2893 2969; x_wconf 89' lang='lat' dir='ltr'><strong>autem</strong></span> <span class='ocrx_word' id='word_1_432' title='bbox 2913 2930 3024 2969; x_wconf 90' lang='lat' dir='ltr'><strong>non</strong></span> <span class='ocrx_word' id='word_1_433' title='bbox 3039 2914 3287 2985; x_wconf 88' lang='lat' dir='ltr'><strong>alicujus</strong></span> <span class='ocrx_word' id='word_1_434' title='bbox 3301 2927 3487 2967; x_wconf 90' lang='lat' dir='ltr'><strong>eorum</strong></span> <span class='ocrx_word' id='word_1_435' title='bbox 3504 2907 3586 2979; x_wconf 89' lang='lat' dir='ltr'><strong>qui</strong></span> <span class='ocrx_word' id='word_1_436' title='bbox 3601 2905 3701 2957; x_wconf 72' lang='lat' dir='ltr'><strong>sunt</strong></span> 
     </span>
    </p>
   </div>
   <div class='ocr_carea' id='block_1_60' title="bbox 2156 2996 3703 3074">
    <p class='ocr_par' dir='ltr' id='par_1_60' title="bbox 2156 2996 3703 3074">
     <span class='ocr_line' id='line_1_60' title="bbox 2156 2996 3703 3074; baseline -0.008 -19"><span class='ocrx_word' id='word_1_437' title='bbox 2156 3002 2549 3067; x_wconf 89' lang='lat' dir='ltr'><strong>deorsum,nec</strong></span> <span class='ocrx_word' id='word_1_438' title='bbox 2581 3003 2953 3074; x_wconf 89' lang='lat' dir='ltr'><strong>quorumdam</strong></span> <span class='ocrx_word' id='word_1_439' title='bbox 2971 3019 3168 3057; x_wconf 89' lang='lat' dir='ltr'><strong>eorum</strong></span> <span class='ocrx_word' id='word_1_440' title='bbox 3195 3002 3293 3072; x_wconf 92' lang='lat' dir='ltr'><strong>qui</strong></span> <span class='ocrx_word' id='word_1_441' title='bbox 3314 3015 3525 3055; x_wconf 90' lang='lat' dir='ltr'><strong>sursum</strong></span> <span class='ocrx_word' id='word_1_442' title='bbox 3549 2996 3703 3049; x_wconf 79' lang='lat' dir='ltr'><strong>insere</strong></span> 
     </span>
    </p>
   </div>
   <div class='ocr_carea' id='block_1_61' title="bbox 2154 3082 3703 3158">
    <p class='ocr_par' dir='ltr' id='par_1_61' title="bbox 2154 3082 3703 3158">
     <span class='ocr_line' id='line_1_61' title="bbox 2154 3082 3703 3158; baseline -0.008 -14"><span class='ocrx_word' id='word_1_443' title='bbox 2154 3091 2261 3145; x_wconf 87' lang='lat' dir='ltr'><strong>isto</strong></span> <span class='ocrx_word' id='word_1_444' title='bbox 2294 3090 2568 3145; x_wconf 86' lang='lat' dir='ltr'><strong>dominari</strong></span> <span class='ocrx_word' id='word_1_445' title='bbox 2597 3091 2877 3158; x_wconf 88' lang='lat' dir='ltr'><strong>dicuntur,</strong></span> <span class='ocrx_word' id='word_1_446' title='bbox 2907 3092 3002 3146; x_wconf 90' lang='lat' dir='ltr'><strong>sed</strong></span> <span class='ocrx_word' id='word_1_447' title='bbox 3026 3090 3286 3145; x_wconf 89' lang='lat' dir='ltr'><strong>omnium</strong></span> <span class='ocrx_word' id='word_1_448' title='bbox 3305 3104 3493 3145; x_wconf 90' lang='lat' dir='ltr'><strong>eorum</strong></span> <span class='ocrx_word' id='word_1_449' title='bbox 3518 3082 3703 3155; x_wconf 83' lang='lat' dir='ltr'><strong>quisur-</strong></span> 
     </span>
    </p>
   </div>
   <div class='ocr_carea' id='block_1_62' title="bbox 477 3173 3706 3252">
    <p class='ocr_par' dir='ltr' id='par_1_62' title="bbox 477 3173 3706 3252">
     <span class='ocr_line' id='line_1_62' title="bbox 477 3173 3706 3252; baseline -0.003 -21"><span class='ocrx_word' id='word_1_450' title='bbox 477 3182 732 3232; x_wconf 88' lang='lat' dir='ltr'><strong>catorum</strong></span> <span class='ocrx_word' id='word_1_451' title='bbox 781 3177 1036 3232; x_wconf 84' lang='lat' dir='ltr'><strong>vindictae</strong></span> <span class='ocrx_word' id='word_1_452' title='bbox 1082 3178 1253 3232; x_wconf 88' lang='lat' dir='ltr'><strong>ï¬nem</strong></span> <span class='ocrx_word' id='word_1_453' title='bbox 1300 3178 1593 3249; x_wconf 90' lang='lat' dir='ltr'><strong>accipiant.</strong></span> <span class='ocrx_word' id='word_1_454' title='bbox 1628 3178 1903 3242; x_wconf 87' lang='lat' dir='ltr'><strong>Quoniam</strong></span> <span class='ocrx_word' id='word_1_455' title='bbox 1932 3173 2136 3234; x_wconf 85' lang='lat' dir='ltr'><strong>sicutC</strong></span> <span class='ocrx_word' id='word_1_456' title='bbox 2157 3196 2282 3233; x_wconf 91' lang='lat' dir='ltr'><strong>sum</strong></span> <span class='ocrx_word' id='word_1_457' title='bbox 2314 3185 2465 3247; x_wconf 90' lang='lat' dir='ltr'><strong>sunt,</strong></span> <span class='ocrx_word' id='word_1_458' title='bbox 2501 3180 2597 3252; x_wconf 90' lang='lat' dir='ltr'><strong>qui</strong></span> <span class='ocrx_word' id='word_1_459' title='bbox 2627 3180 2981 3251; x_wconf 89' lang='lat' dir='ltr'><strong>appellantur</strong></span> <span class='ocrx_word' id='word_1_460' title='bbox 3006 3180 3131 3234; x_wconf 86' lang='lat' dir='ltr'><strong>coeli</strong></span> <span class='ocrx_word' id='word_1_461' title='bbox 3166 3185 3227 3234; x_wconf 91' lang='lat' dir='ltr'><strong>et</strong></span> <span class='ocrx_word' id='word_1_462' title='bbox 3255 3179 3326 3233; x_wconf 90' lang='lat' dir='ltr'><strong>ad</strong></span> <span class='ocrx_word' id='word_1_463' title='bbox 3356 3173 3585 3232; x_wconf 81' lang='lat' dir='ltr'><strong>coelestia</strong></span> <span class='ocrx_word' id='word_1_464' title='bbox 3612 3174 3706 3223; x_wconf 84' lang='lat' dir='ltr'><strong>ten-</strong></span> 
     </span>
    </p>
   </div>
   <div class='ocr_carea' id='block_1_63' title="bbox 479 3265 2070 3340">
    <p class='ocr_par' dir='ltr' id='par_1_63' title="bbox 479 3265 2070 3340">
     <span class='ocr_line' id='line_1_63' title="bbox 479 3265 2070 3340; baseline 0.001 -18"><span class='ocrx_word' id='word_1_465' title='bbox 479 3265 709 3340; x_wconf 89' lang='lat' dir='ltr'><strong>quidam</strong></span> <span class='ocrx_word' id='word_1_466' title='bbox 736 3268 990 3328; x_wconf 88' lang='lat' dir='ltr'><strong>tradunt,</strong></span> <span class='ocrx_word' id='word_1_467' title='bbox 1023 3266 1234 3322; x_wconf 86' lang='lat' dir='ltr'><strong>sciebat</strong></span> <span class='ocrx_word' id='word_1_468' title='bbox 1247 3266 1500 3322; x_wconf 89' lang='lat' dir='ltr'><strong>Christus</strong></span> <span class='ocrx_word' id='word_1_469' title='bbox 1530 3266 1826 3321; x_wconf 86' lang='lat' dir='ltr'><strong>extendere</strong></span> <span class='ocrx_word' id='word_1_470' title='bbox 1852 3267 2070 3338; x_wconf 87' lang='lat' dir='ltr'><strong>aliquos</strong></span> 
     </span>
    </p>
   </div>
   <div class='ocr_carea' id='block_1_64' title="bbox 460 3345 2073 3427">
    <p class='ocr_par' dir='ltr' id='par_1_64' title="bbox 460 3345 2073 3427">
     <span class='ocr_line' id='line_1_64' title="bbox 460 3345 2073 3427; baseline -0.001 -17"><span class='ocrx_word' id='word_1_471' title='bbox 460 3345 821 3427; x_wconf 55' lang='lat' dir='ltr'><strong>&#39;peccatasua</strong></span> <span class='ocrx_word' id='word_1_472' title='bbox 851 3355 1020 3409; x_wconf 89' lang='lat' dir='ltr'><strong>etiam</strong></span> <span class='ocrx_word' id='word_1_473' title='bbox 1049 3355 1196 3409; x_wconf 91' lang='lat' dir='ltr'><strong>ultra</strong></span> <span class='ocrx_word' id='word_1_474' title='bbox 1214 3354 1359 3409; x_wconf 89' lang='lat' dir='ltr'><strong>hanc</strong></span> <span class='ocrx_word' id='word_1_475' title='bbox 1386 3353 1798 3417; x_wconf 87' lang='lat' dir='ltr'><strong>remissionem,</strong></span> <span class='ocrx_word' id='word_1_476' title='bbox 1822 3361 2073 3426; x_wconf 88' lang='lat' dir='ltr'><strong>propter-</strong></span> 
     </span>
    </p>
   </div>
   <div class='ocr_carea' id='block_1_65' title="bbox 478 3442 2073 3516">
    <p class='ocr_par' dir='ltr' id='par_1_65' title="bbox 478 3442 2073 3516">
     <span class='ocr_line' id='line_1_65' title="bbox 478 3442 2073 3516; baseline 0.001 -18"><span class='ocrx_word' id='word_1_477' title='bbox 478 3460 547 3498; x_wconf 90' lang='lat' dir='ltr'><strong>ea</strong></span> <span class='ocrx_word' id='word_1_478' title='bbox 576 3445 648 3498; x_wconf 91' lang='lat' dir='ltr'><strong>ad</strong></span> <span class='ocrx_word' id='word_1_479' title='bbox 694 3448 908 3516; x_wconf 85' lang='lat' dir='ltr'><strong>septem</strong></span> <span class='ocrx_word' id='word_1_480' title='bbox 954 3443 1235 3498; x_wconf 87' lang='lat' dir='ltr'><strong>addidisse</strong></span> <span class='ocrx_word' id='word_1_481' title='bbox 1284 3442 1571 3498; x_wconf 86' lang='lat' dir='ltr'><strong>Christum</strong></span> <span class='ocrx_word' id='word_1_482' title='bbox 1600 3444 1975 3514; x_wconf 89' lang='lat' dir='ltr'><strong>septuaginta,</strong></span> <span class='ocrx_word' id='word_1_483' title='bbox 2010 3450 2073 3499; x_wconf 89' lang='lat' dir='ltr'><strong>ut</strong></span> 
     </span>
    </p>
   </div>
   <div class='ocr_carea' id='block_1_66' title="bbox 483 3532 2074 3603">
    <p class='ocr_par' dir='ltr' id='par_1_66' title="bbox 483 3532 2074 3603">
     <span class='ocr_line' id='line_1_66' title="bbox 483 3532 2074 3603; baseline 0.001 -16"><span class='ocrx_word' id='word_1_484' title='bbox 483 3533 704 3588; x_wconf 90' lang='lat' dir='ltr'><strong>dicatin</strong></span> <span class='ocrx_word' id='word_1_485' title='bbox 732 3550 798 3588; x_wconf 90' lang='lat' dir='ltr'><strong>eo</strong></span> <span class='ocrx_word' id='word_1_486' title='bbox 809 3539 1029 3589; x_wconf 87' lang='lat' dir='ltr'><strong>tantum</strong></span> <span class='ocrx_word' id='word_1_487' title='bbox 1049 3549 1283 3587; x_wconf 90' lang='lat' dir='ltr'><strong>numero</strong></span> <span class='ocrx_word' id='word_1_488' title='bbox 1308 3532 1695 3588; x_wconf 89' lang='lat' dir='ltr'><strong>remissionem</strong></span> <span class='ocrx_word' id='word_1_489' title='bbox 1719 3544 2074 3603; x_wconf 84' lang='lat' dir='ltr'><strong>peccatorum</strong></span> 
     </span>
    </p>
   </div>
   <div class='ocr_carea' id='block_1_67' title="bbox 480 3620 2077 3694">
    <p class='ocr_par' dir='ltr' id='par_1_67' title="bbox 480 3620 2077 3694">
     <span class='ocr_line' id='line_1_67' title="bbox 480 3620 2077 3694; baseline 0.001 -17"><span class='ocrx_word' id='word_1_490' title='bbox 480 3623 603 3678; x_wconf 91' lang='lat' dir='ltr'><strong>ï¬eri</strong></span> <span class='ocrx_word' id='word_1_491' title='bbox 634 3628 891 3694; x_wconf 90' lang='lat' dir='ltr'><strong>oportere</strong></span> <span class='ocrx_word' id='word_1_492' title='bbox 921 3623 978 3676; x_wconf 89' lang='lat' dir='ltr'><strong>in</strong></span> <span class='ocrx_word' id='word_1_493' title='bbox 1021 3622 1127 3677; x_wconf 92' lang='lat' dir='ltr'><strong>hoc</strong></span> <span class='ocrx_word' id='word_1_494' title='bbox 1156 3622 1364 3677; x_wconf 87' lang='lat' dir='ltr'><strong>mundo</strong></span> <span class='ocrx_word' id='word_1_495' title='bbox 1394 3621 1577 3676; x_wconf 91' lang='lat' dir='ltr'><strong>adhuc</strong></span> <span class='ocrx_word' id='word_1_496' title='bbox 1622 3620 1972 3692; x_wconf 85' lang='lat' dir='ltr'><strong>degentibus,</strong></span> <span class='ocrx_word' id='word_1_497' title='bbox 2020 3629 2077 3678; x_wconf 91' lang='lat' dir='ltr'><strong>et</strong></span> 
     </span>
    </p>
   </div>
   <div class='ocr_carea' id='block_1_68' title="bbox 480 3708 2075 3782">
    <p class='ocr_par' dir='ltr' id='par_1_68' title="bbox 480 3708 2075 3782">
     <span class='ocr_line' id='line_1_68' title="bbox 480 3708 2075 3782; baseline 0 -16"><span class='ocrx_word' id='word_1_498' title='bbox 480 3711 789 3767; x_wconf 89' lang='lat' dir='ltr'><strong>secundum</strong></span> <span class='ocrx_word' id='word_1_499' title='bbox 818 3726 907 3765; x_wconf 87' lang='lat' dir='ltr'><strong>res</strong></span> <span class='ocrx_word' id='word_1_500' title='bbox 937 3711 1106 3782; x_wconf 87' lang='lat' dir='ltr'><strong>hujus</strong></span> <span class='ocrx_word' id='word_1_501' title='bbox 1133 3710 1329 3765; x_wconf 91' lang='lat' dir='ltr'><strong>mundi</strong></span> <span class='ocrx_word' id='word_1_502' title='bbox 1370 3708 1727 3781; x_wconf 89' lang='lat' dir='ltr'><strong>peccantibus</strong></span> <span class='ocrx_word' id='word_1_503' title='bbox 1751 3729 1764 3778; x_wconf 89' lang='lat'><strong>;</strong></span> <span class='ocrx_word' id='word_1_504' title='bbox 1808 3711 2075 3781; x_wconf 88' lang='lat' dir='ltr'><strong>quoniam</strong></span> 
     </span>
    </p>
   </div>
   <div class='ocr_carea' id='block_1_69' title="bbox 481 3800 2078 3873">
    <p class='ocr_par' dir='ltr' id='par_1_69' title="bbox 481 3800 2078 3873">
     <span class='ocr_line' id='line_1_69' title="bbox 481 3800 2078 3873; baseline 0.001 -18"><span class='ocrx_word' id='word_1_505' title='bbox 481 3800 743 3856; x_wconf 89' lang='lat' dir='ltr'><strong>senarius</strong></span> <span class='ocrx_word' id='word_1_506' title='bbox 772 3817 1040 3856; x_wconf 91' lang='lat' dir='ltr'><strong>numerus</strong></span> <span class='ocrx_word' id='word_1_507' title='bbox 1064 3801 1119 3856; x_wconf 91' lang='lat' dir='ltr'><strong>in</strong></span> <span class='ocrx_word' id='word_1_508' title='bbox 1135 3817 1244 3873; x_wconf 93' lang='lat' dir='ltr'><strong>quo</strong></span> <span class='ocrx_word' id='word_1_509' title='bbox 1265 3800 1444 3855; x_wconf 87' lang='lat' dir='ltr'><strong>factus</strong></span> <span class='ocrx_word' id='word_1_510' title='bbox 1471 3806 1558 3856; x_wconf 91' lang='lat' dir='ltr'><strong>est</strong></span> <span class='ocrx_word' id='word_1_511' title='bbox 1576 3801 1839 3867; x_wconf 90' lang='lat' dir='ltr'><strong>mundus,</strong></span> <span class='ocrx_word' id='word_1_512' title='bbox 1858 3802 2078 3857; x_wconf 89' lang='lat' dir='ltr'><strong>videtur</strong></span> 
     </span>
    </p>
   </div>
   <div class='ocr_carea' id='block_1_70' title="bbox 482 3888 2072 3961">
    <p class='ocr_par' dir='ltr' id='par_1_70' title="bbox 482 3888 2072 3961">
     <span class='ocr_line' id='line_1_70' title="bbox 482 3888 2072 3961; baseline 0 -18"><span class='ocrx_word' id='word_1_513' title='bbox 482 3889 666 3961; x_wconf 89' lang='lat' dir='ltr'><strong>operis</strong></span> <span class='ocrx_word' id='word_1_514' title='bbox 697 3906 761 3944; x_wconf 91' lang='lat' dir='ltr'><strong>ac</strong></span> <span class='ocrx_word' id='word_1_515' title='bbox 789 3889 1015 3957; x_wconf 88' lang='lat' dir='ltr'><strong>laboris,</strong></span> <span class='ocrx_word' id='word_1_516' title='bbox 1051 3891 1326 3961; x_wconf 90' lang='lat' dir='ltr'><strong>septimus</strong></span> <span class='ocrx_word' id='word_1_517' title='bbox 1353 3888 1567 3961; x_wconf 88' lang='lat' dir='ltr'><strong>requiei</strong></span> <span class='ocrx_word' id='word_1_518' title='bbox 1623 3894 1679 3943; x_wconf 92' lang='lat' dir='ltr'><strong>et</strong></span> <span class='ocrx_word' id='word_1_519' title='bbox 1706 3888 2072 3943; x_wconf 90' lang='lat' dir='ltr'><strong>remissionis.</strong></span> 
     </span>
    </p>
   </div>
   <div class='ocr_carea' id='block_1_71' title="bbox 489 3978 2078 4051">
    <p class='ocr_par' dir='ltr' id='par_1_71' title="bbox 489 3978 2078 4051">
     <span class='ocr_line' id='line_1_71' title="bbox 489 3978 2078 4051; baseline -0.002 -16"><span class='ocrx_word' id='word_1_520' title='bbox 489 3982 669 4044; x_wconf 54' lang='lat'><strong>15&quot;</strong></span> <span class='ocrx_word' id='word_1_521' title='bbox 699 3978 859 4033; x_wconf 91' lang='lat' dir='ltr'><strong>Unde</strong></span> <span class='ocrx_word' id='word_1_522' title='bbox 877 3979 922 4034; x_wconf 94' lang='lat' dir='ltr'><strong>si</strong></span> <span class='ocrx_word' id='word_1_523' title='bbox 955 3979 1080 4051; x_wconf 91' lang='lat' dir='ltr'><strong>quis</strong></span> <span class='ocrx_word' id='word_1_524' title='bbox 1101 3979 1286 4050; x_wconf 88' lang='lat' dir='ltr'><strong>diligit</strong></span> <span class='ocrx_word' id='word_1_525' title='bbox 1313 3978 1608 4044; x_wconf 90' lang='lat' dir='ltr'><strong>mundum,</strong></span> <span class='ocrx_word' id='word_1_526' title='bbox 1629 3982 1686 4033; x_wconf 91' lang='lat' dir='ltr'><strong>et</strong></span> <span class='ocrx_word' id='word_1_527' title='bbox 1715 3995 1781 4031; x_wconf 90' lang='lat' dir='ltr'><strong>ea</strong></span> <span class='ocrx_word' id='word_1_528' title='bbox 1802 3994 1924 4049; x_wconf 75' lang='lat' dir='ltr'><strong>quae</strong></span> <span class='ocrx_word' id='word_1_529' title='bbox 1945 3983 2078 4032; x_wconf 86' lang='lat' dir='ltr'><strong>sunt</strong></span> 
     </span>
    </p>
   </div>
   <div class='ocr_carea' id='block_1_72' title="bbox 484 4066 2074 4139">
    <p class='ocr_par' dir='ltr' id='par_1_72' title="bbox 484 4066 2074 4139">
     <span class='ocr_line' id='line_1_72' title="bbox 484 4066 2074 4139; baseline 0.001 -19"><span class='ocrx_word' id='word_1_530' title='bbox 484 4066 542 4120; x_wconf 90' lang='lat' dir='ltr'><strong>in</strong></span> <span class='ocrx_word' id='word_1_531' title='bbox 575 4067 785 4121; x_wconf 92' lang='lat' dir='ltr'><strong>mundo</strong></span> <span class='ocrx_word' id='word_1_532' title='bbox 815 4074 1101 4139; x_wconf 90' lang='lat' dir='ltr'><strong>operatur,</strong></span> <span class='ocrx_word' id='word_1_533' title='bbox 1149 4073 1206 4123; x_wconf 92' lang='lat' dir='ltr'><strong>et</strong></span> <span class='ocrx_word' id='word_1_534' title='bbox 1233 4068 1527 4123; x_wconf 73' lang='lat' dir='ltr'><strong>saecularia</strong></span> <span class='ocrx_word' id='word_1_535' title='bbox 1551 4072 1772 4122; x_wconf 90' lang='lat' dir='ltr'><strong>tantum</strong></span> <span class='ocrx_word' id='word_1_536' title='bbox 1812 4066 2074 4138; x_wconf 84' lang='lat' dir='ltr'><strong>intendit,</strong></span> 
     </span>
    </p>
   </div>
   <div class='ocr_carea' id='block_1_73' title="bbox 484 4153 2078 4229">
    <p class='ocr_par' dir='ltr' id='par_1_73' title="bbox 484 4153 2078 4229">
     <span class='ocr_line' id='line_1_73' title="bbox 484 4153 2078 4229; baseline 0.004 -23"><span class='ocrx_word' id='word_1_537' title='bbox 484 4153 622 4207; x_wconf 89' lang='lat' dir='ltr'><strong>dicit</strong></span> <span class='ocrx_word' id='word_1_538' title='bbox 648 4169 760 4206; x_wconf 90' lang='lat' dir='ltr'><strong>non</strong></span> <span class='ocrx_word' id='word_1_539' title='bbox 777 4155 1080 4225; x_wconf 88' lang='lat' dir='ltr'><strong>incongrue</strong></span> <span class='ocrx_word' id='word_1_540' title='bbox 1110 4157 1288 4210; x_wconf 83' lang='lat' dir='ltr'><strong>sexies</strong></span> <span class='ocrx_word' id='word_1_541' title='bbox 1318 4172 1568 4227; x_wconf 86' lang='lat' dir='ltr'><strong>peccare,</strong></span> <span class='ocrx_word' id='word_1_542' title='bbox 1598 4161 1656 4210; x_wconf 88' lang='lat' dir='ltr'><strong>et</strong></span> <span class='ocrx_word' id='word_1_543' title='bbox 1683 4157 1851 4210; x_wconf 89' lang='lat' dir='ltr'><strong>ï¬nem</strong></span> <span class='ocrx_word' id='word_1_544' title='bbox 1881 4174 2078 4229; x_wconf 90' lang='lat' dir='ltr'><strong>pecca-</strong></span> 
     </span>
    </p>
   </div>
   <div class='ocr_carea' id='block_1_74' title="bbox 483 4243 2077 4316">
    <p class='ocr_par' dir='ltr' id='par_1_74' title="bbox 483 4243 2077 4316">
     <span class='ocr_line' id='line_1_74' title="bbox 483 4243 2077 4316; baseline 0.005 -22"><span class='ocrx_word' id='word_1_545' title='bbox 483 4246 673 4296; x_wconf 88' lang='lat' dir='ltr'><strong>torum</strong></span> <span class='ocrx_word' id='word_1_546' title='bbox 704 4243 762 4296; x_wconf 89' lang='lat' dir='ltr'><strong>in</strong></span> <span class='ocrx_word' id='word_1_547' title='bbox 791 4247 1108 4315; x_wconf 89' lang='lat' dir='ltr'><strong>septenario</strong></span> <span class='ocrx_word' id='word_1_548' title='bbox 1136 4247 1387 4316; x_wconf 89' lang='lat' dir='ltr'><strong>accipere</strong></span> <span class='ocrx_word' id='word_1_549' title='bbox 1416 4262 1672 4312; x_wconf 90' lang='lat' dir='ltr'><strong>numero,</strong></span> <span class='ocrx_word' id='word_1_550' title='bbox 1706 4252 1767 4301; x_wconf 89' lang='lat' dir='ltr'><strong>ut</strong></span> <span class='ocrx_word' id='word_1_551' title='bbox 1796 4248 1853 4301; x_wconf 90' lang='lat' dir='ltr'><strong>in</strong></span> <span class='ocrx_word' id='word_1_552' title='bbox 1882 4248 2077 4302; x_wconf 91' lang='lat' dir='ltr'><strong>eodem</strong></span> 
     </span>
    </p>
   </div>
   <div class='ocr_carea' id='block_1_75' title="bbox 486 4331 2080 4405">
    <p class='ocr_par' dir='ltr' id='par_1_75' title="bbox 486 4331 2080 4405">
     <span class='ocr_line' id='line_1_75' title="bbox 486 4331 2080 4405; baseline 0.004 -21"><span class='ocrx_word' id='word_1_553' title='bbox 486 4331 557 4385; x_wconf 89' lang='lat' dir='ltr'><strong>ad</strong></span> <span class='ocrx_word' id='word_1_554' title='bbox 604 4331 821 4386; x_wconf 91' lang='lat' dir='ltr'><strong>veniam</strong></span> <span class='ocrx_word' id='word_1_555' title='bbox 869 4335 1045 4405; x_wconf 89' lang='lat' dir='ltr'><strong>possit</strong></span> <span class='ocrx_word' id='word_1_556' title='bbox 1073 4335 1409 4405; x_wconf 87' lang='lat' dir='ltr'><strong>pertingere.</strong></span> <span class='ocrx_word' id='word_1_557' title='bbox 1461 4335 1619 4397; x_wconf 87' lang='lat' dir='ltr'><strong>Quod</strong></span> <span class='ocrx_word' id='word_1_558' title='bbox 1648 4337 1894 4390; x_wconf 89' lang='lat' dir='ltr'><strong>sentiens</strong></span> <span class='ocrx_word' id='word_1_559' title='bbox 1938 4338 2080 4391; x_wconf 87' lang='lat' dir='ltr'><strong>forte</strong></span> 
     </span>
    </p>
   </div>
   <div class='ocr_carea' id='block_1_76' title="bbox 486 4418 2084 4495">
    <p class='ocr_par' dir='ltr' id='par_1_76' title="bbox 486 4418 2084 4495">
     <span class='ocr_line' id='line_1_76' title="bbox 486 4418 2084 4495; baseline 0.004 -22"><span class='ocrx_word' id='word_1_560' title='bbox 486 4418 706 4487; x_wconf 90' lang='lat' dir='ltr'><strong>Petrus,</strong></span> <span class='ocrx_word' id='word_1_561' title='bbox 738 4421 865 4476; x_wconf 91' lang='lat' dir='ltr'><strong>ideo</strong></span> <span class='ocrx_word' id='word_1_562' title='bbox 896 4422 1225 4492; x_wconf 88' lang='lat' dir='ltr'><strong>interrogat,</strong></span> <span class='ocrx_word' id='word_1_563' title='bbox 1261 4421 1309 4475; x_wconf 91' lang='lat' dir='ltr'><strong>si</strong></span> <span class='ocrx_word' id='word_1_564' title='bbox 1342 4421 1544 4476; x_wconf 87' lang='lat' dir='ltr'><strong>debeat</strong></span> <span class='ocrx_word' id='word_1_565' title='bbox 1571 4439 1747 4494; x_wconf 92' lang='lat' dir='ltr'><strong>usque</strong></span> <span class='ocrx_word' id='word_1_566' title='bbox 1773 4424 1978 4495; x_wconf 89' lang='lat' dir='ltr'><strong>septies</strong></span> <span class='ocrx_word' id='word_1_567' title='bbox 2003 4426 2084 4480; x_wconf 90' lang='lat' dir='ltr'><strong>di-</strong></span> 
     </span>
    </p>
   </div>
   <div class='ocr_carea' id='block_1_77' title="bbox 2152 3259 3706 3340">
    <p class='ocr_par' dir='ltr' id='par_1_77' title="bbox 2152 3259 3706 3340">
     <span class='ocr_line' id='line_1_77' title="bbox 2152 3259 3706 3340; baseline -0.009 -17"><span class='ocrx_word' id='word_1_568' title='bbox 2152 3268 2309 3323; x_wconf 90' lang='lat' dir='ltr'><strong>dunt.</strong></span> <span class='ocrx_word' id='word_1_569' title='bbox 2348 3269 2667 3323; x_wconf 91' lang='lat' dir='ltr'><strong>Secundum</strong></span> <span class='ocrx_word' id='word_1_570' title='bbox 2698 3268 2803 3339; x_wconf 89' lang='lat' dir='ltr'><strong>hoc</strong></span> <span class='ocrx_word' id='word_1_571' title='bbox 2831 3269 3005 3340; x_wconf 90' lang='lat' dir='ltr'><strong>igitur</strong></span> <span class='ocrx_word' id='word_1_572' title='bbox 3027 3268 3308 3324; x_wconf 90' lang='lat' dir='ltr'><strong>dicuntur</strong></span> <span class='ocrx_word' id='word_1_573' title='bbox 3335 3259 3706 3335; x_wconf 68' lang='lat' dir='ltr'><strong>caeli,quoniam</strong></span> 
     </span>
    </p>
   </div>
   <div class='ocr_carea' id='block_1_78' title="bbox 2152 3353 3709 3429">
    <p class='ocr_par' dir='ltr' id='par_1_78' title="bbox 2152 3353 3709 3429">
     <span class='ocr_line' id='line_1_78' title="bbox 2152 3353 3709 3429; baseline -0.006 -19"><span class='ocrx_word' id='word_1_574' title='bbox 2152 3358 2401 3429; x_wconf 91' lang='lat' dir='ltr'><strong>ipsorum</strong></span> <span class='ocrx_word' id='word_1_575' title='bbox 2451 3363 2537 3413; x_wconf 91' lang='lat' dir='ltr'><strong>est</strong></span> <span class='ocrx_word' id='word_1_576' title='bbox 2579 3358 2849 3426; x_wconf 85' lang='lat' dir='ltr'><strong>Lhristus,</strong></span> <span class='ocrx_word' id='word_1_577' title='bbox 2882 3358 3200 3413; x_wconf 89' lang='lat' dir='ltr'><strong>secundum</strong></span> <span class='ocrx_word' id='word_1_578' title='bbox 3230 3356 3382 3429; x_wconf 88' lang='lat' dir='ltr'><strong>quod</strong></span> <span class='ocrx_word' id='word_1_579' title='bbox 3408 3355 3525 3426; x_wconf 88' lang='lat' dir='ltr'><strong>ipse</strong></span> <span class='ocrx_word' id='word_1_580' title='bbox 3549 3353 3625 3404; x_wconf 91' lang='lat' dir='ltr'><strong>est</strong></span> <span class='ocrx_word' id='word_1_581' title='bbox 3647 3362 3709 3400; x_wconf 85' lang='lat' dir='ltr'><strong>re-</strong></span> 
     </span>
    </p>
   </div>
   <div class='ocr_carea' id='block_1_79' title="bbox 2152 3438 3711 3518">
    <p class='ocr_par' dir='ltr' id='par_1_79' title="bbox 2152 3438 3711 3518">
     <span class='ocr_line' id='line_1_79' title="bbox 2152 3438 3711 3518; baseline -0.009 -18"><span class='ocrx_word' id='word_1_582' title='bbox 2152 3463 2329 3516; x_wconf 88' lang='lat' dir='ltr'><strong>gnum</strong></span> <span class='ocrx_word' id='word_1_583' title='bbox 2358 3463 2600 3517; x_wconf 88' lang='lat' dir='ltr'><strong>regnans</strong></span> <span class='ocrx_word' id='word_1_584' title='bbox 2629 3447 2878 3518; x_wconf 88' lang='lat' dir='ltr'><strong>quotidie</strong></span> <span class='ocrx_word' id='word_1_585' title='bbox 2907 3448 2966 3501; x_wconf 90' lang='lat' dir='ltr'><strong>in</strong></span> <span class='ocrx_word' id='word_1_586' title='bbox 2995 3446 3264 3502; x_wconf 89' lang='lat' dir='ltr'><strong>cordibus</strong></span> <span class='ocrx_word' id='word_1_587' title='bbox 3288 3438 3711 3507; x_wconf 84' lang='lat' dir='ltr'><strong>eorum,sicutest</strong></span> 
     </span>
    </p>
   </div>
   <div class='ocr_carea' id='block_1_80' title="bbox 2150 3536 3712 3608">
    <p class='ocr_par' dir='ltr' id='par_1_80' title="bbox 2150 3536 3712 3608">
     <span class='ocr_line' id='line_1_80' title="bbox 2150 3536 3712 3608; baseline -0.006 -18"><span class='ocrx_word' id='word_1_588' title='bbox 2150 3536 2374 3606; x_wconf 89' lang='lat' dir='ltr'><strong>justitia</strong></span> <span class='ocrx_word' id='word_1_589' title='bbox 2416 3552 2676 3606; x_wconf 87' lang='lat' dir='ltr'><strong>regnans,</strong></span> <span class='ocrx_word' id='word_1_590' title='bbox 2710 3541 2767 3590; x_wconf 89' lang='lat' dir='ltr'><strong>et</strong></span> <span class='ocrx_word' id='word_1_591' title='bbox 2794 3536 3070 3608; x_wconf 88' lang='lat' dir='ltr'><strong>sapientia</strong></span> <span class='ocrx_word' id='word_1_592' title='bbox 3095 3542 3154 3590; x_wconf 90' lang='lat' dir='ltr'><strong>et</strong></span> <span class='ocrx_word' id='word_1_593' title='bbox 3176 3536 3408 3601; x_wconf 83' lang='lat' dir='ltr'><strong>veritas,</strong></span> <span class='ocrx_word' id='word_1_594' title='bbox 3439 3536 3712 3596; x_wconf 66' lang='lat' dir='ltr'><strong>cmterzeque</strong></span> 
     </span>
    </p>
   </div>
   <div class='ocr_carea' id='block_1_81' title="bbox 2154 3615 3713 3696">
    <p class='ocr_par' dir='ltr' id='par_1_81' title="bbox 2154 3615 3713 3696">
     <span class='ocr_line' id='line_1_81' title="bbox 2154 3615 3713 3696; baseline -0.002 -19"><span class='ocrx_word' id='word_1_595' title='bbox 2154 3624 2391 3679; x_wconf 84' lang='lat' dir='ltr'><strong>virtutes</strong></span> <span class='ocrx_word' id='word_1_596' title='bbox 2422 3624 2480 3678; x_wconf 90' lang='lat' dir='ltr'><strong>in</strong></span> <span class='ocrx_word' id='word_1_597' title='bbox 2515 3641 2600 3689; x_wconf 90' lang='lat' dir='ltr'><strong>eo,</strong></span> <span class='ocrx_word' id='word_1_598' title='bbox 2634 3625 2729 3696; x_wconf 88' lang='lat' dir='ltr'><strong>qui</strong></span> <span class='ocrx_word' id='word_1_599' title='bbox 2749 3624 2927 3679; x_wconf 87' lang='lat' dir='ltr'><strong>factus</strong></span> <span class='ocrx_word' id='word_1_600' title='bbox 2952 3630 3039 3678; x_wconf 91' lang='lat' dir='ltr'><strong>est</strong></span> <span class='ocrx_word' id='word_1_601' title='bbox 3067 3624 3235 3679; x_wconf 91' lang='lat' dir='ltr'><strong>nobis</strong></span> <span class='ocrx_word' id='word_1_602' title='bbox 3266 3624 3488 3686; x_wconf 73' lang='lat' dir='ltr'><strong>coelum,</strong></span> <span class='ocrx_word' id='word_1_603' title='bbox 3526 3633 3614 3690; x_wconf 84' lang='lat' dir='ltr'><strong>per</strong></span> <span class='ocrx_word' id='word_1_604' title='bbox 3634 3615 3713 3666; x_wconf 59' lang='lat' dir='ltr'><strong>hx</strong></span> 
     </span>
    </p>
   </div>
   <div class='ocr_carea' id='block_1_82' title="bbox 2159 3710 3714 3785">
    <p class='ocr_par' dir='ltr' id='par_1_82' title="bbox 2159 3710 3714 3785">
     <span class='ocr_line' id='line_1_82' title="bbox 2159 3710 3714 3785; baseline -0.005 -19"><span class='ocrx_word' id='word_1_605' title='bbox 2159 3713 2307 3784; x_wconf 89' lang='lat' dir='ltr'><strong>quod</strong></span> <span class='ocrx_word' id='word_1_606' title='bbox 2352 3714 2596 3784; x_wconf 87' lang='lat' dir='ltr'><strong>portavit</strong></span> <span class='ocrx_word' id='word_1_607' title='bbox 2639 3713 2757 3785; x_wconf 91' lang='lat' dir='ltr'><strong>ipse</strong></span> <span class='ocrx_word' id='word_1_608' title='bbox 2796 3714 3036 3769; x_wconf 79' lang='lat' dir='ltr'><strong>caelestis</strong></span> <span class='ocrx_word' id='word_1_609' title='bbox 3082 3713 3422 3785; x_wconf 89' lang='lat' dir='ltr'><strong>imaginem.</strong></span> <span class='ocrx_word' id='word_1_610' title='bbox 3472 3710 3580 3764; x_wconf 85' lang='lat' dir='ltr'><strong>Hoc</strong></span> <span class='ocrx_word' id='word_1_611' title='bbox 3611 3716 3714 3772; x_wconf 82' lang='lat' dir='ltr'><strong>ergo</strong></span> 
     </span>
    </p>
   </div>
   <div class='ocr_carea' id='block_1_83' title="bbox 2158 3789 3714 3871">
    <p class='ocr_par' dir='ltr' id='par_1_83' title="bbox 2158 3789 3714 3871">
     <span class='ocr_line' id='line_1_83' title="bbox 2158 3789 3714 3871; baseline -0.003 -16"><span class='ocrx_word' id='word_1_612' title='bbox 2158 3818 2394 3871; x_wconf 88' lang='lat' dir='ltr'><strong>regnum</strong></span> <span class='ocrx_word' id='word_1_613' title='bbox 2440 3803 2708 3857; x_wconf 66' lang='lat' dir='ltr'><strong>caelorum</strong></span> <span class='ocrx_word' id='word_1_614' title='bbox 2763 3803 2970 3857; x_wconf 88' lang='lat' dir='ltr'><strong>factum</strong></span> <span class='ocrx_word' id='word_1_615' title='bbox 3017 3809 3103 3857; x_wconf 92' lang='lat' dir='ltr'><strong>est</strong></span> <span class='ocrx_word' id='word_1_616' title='bbox 3152 3803 3348 3857; x_wconf 89' lang='lat' dir='ltr'><strong>simile</strong></span> <span class='ocrx_word' id='word_1_617' title='bbox 3381 3789 3714 3861; x_wconf 66' lang='lat' dir='ltr'><strong>hominiregi.</strong></span> 
     </span>
    </p>
   </div>
   <div class='ocr_carea' id='block_1_84' title="bbox 2160 3878 3716 3960">
    <p class='ocr_par' dir='ltr' id='par_1_84' title="bbox 2160 3878 3716 3960">
     <span class='ocr_line' id='line_1_84' title="bbox 2160 3878 3716 3960; baseline -0.008 -16"><span class='ocrx_word' id='word_1_618' title='bbox 2160 3890 2382 3960; x_wconf 90' lang='lat' dir='ltr'><strong>quando</strong></span> <span class='ocrx_word' id='word_1_619' title='bbox 2425 3892 2648 3945; x_wconf 79' lang='lat' dir='ltr'><strong>Verbum</strong></span> <span class='ocrx_word' id='word_1_620' title='bbox 2683 3908 2810 3945; x_wconf 85' lang='lat' dir='ltr'><strong>caro</strong></span> <span class='ocrx_word' id='word_1_621' title='bbox 2831 3894 3043 3959; x_wconf 76' lang='lat' dir='ltr'><strong>factum</strong></span> <span class='ocrx_word' id='word_1_622' title='bbox 3066 3895 3199 3954; x_wconf 68' lang='lat' dir='ltr'><strong>astu</strong></span> <span class='ocrx_word' id='word_1_623' title='bbox 3212 3895 3382 3946; x_wconf 89' lang='lat' dir='ltr'><strong>Joan.</strong></span> <span class='ocrx_word' id='word_1_624' title='bbox 3404 3878 3716 3958; x_wconf 78' lang='lat' dir='ltr'><strong>1),etquando</strong></span> 
     </span>
    </p>
   </div>
   <div class='ocr_carea' id='block_1_85' title="bbox 2157 3970 3721 4051">
    <p class='ocr_par' dir='ltr' id='par_1_85' title="bbox 2157 3970 3721 4051">
     <span class='ocr_line' id='line_1_85' title="bbox 2157 3970 3721 4051; baseline 0.003 -19"><span class='ocrx_word' id='word_1_625' title='bbox 2157 3979 2310 4033; x_wconf 89' lang='lat' dir='ltr'><strong>venit</strong></span> <span class='ocrx_word' id='word_1_626' title='bbox 2328 3982 2390 4033; x_wconf 88' lang='lat' dir='ltr'><strong>in</strong></span> <span class='ocrx_word' id='word_1_627' title='bbox 2420 3982 2794 4035; x_wconf 68' lang='lat' dir='ltr'><strong>similitudine</strong></span> <span class='ocrx_word' id='word_1_628' title='bbox 2829 3997 2964 4035; x_wconf 81' lang='lat' dir='ltr'><strong>earn</strong></span> <span class='ocrx_word' id='word_1_629' title='bbox 2974 3984 3018 4034; x_wconf 81' lang='lat' dir='ltr'><strong>is</strong></span> <span class='ocrx_word' id='word_1_630' title='bbox 3032 3984 3250 4049; x_wconf 79' lang='lat' dir='ltr'><strong>peccati</strong></span> <span class='ocrx_word' id='word_1_631' title='bbox 3269 3983 3449 4051; x_wconf 85' lang='lat' dir='ltr'><strong>(Rom.</strong></span> <span class='ocrx_word' id='word_1_632' title='bbox 3468 3989 3573 4042; x_wconf 70' lang='lat' dir='ltr'><strong>VIII,</strong></span> <span class='ocrx_word' id='word_1_633' title='bbox 3591 3970 3655 4043; x_wconf 68' lang='grc'><strong>3),</strong></span> <span class='ocrx_word' id='word_1_634' title='bbox 3679 3970 3721 4020; x_wconf 66' lang='grc' dir='ltr'><strong>Îµá½·</strong></span> 
     </span>
    </p>
   </div>
   <div class='ocr_carea' id='block_1_86' title="bbox 2161 4062 3720 4140">
    <p class='ocr_par' dir='ltr' id='par_1_86' title="bbox 2161 4062 3720 4140">
     <span class='ocr_line' id='line_1_86' title="bbox 2161 4062 3720 4140; baseline -0.008 -18"><span class='ocrx_word' id='word_1_635' title='bbox 2161 4067 2228 4122; x_wconf 90' lang='lat' dir='ltr'><strong>de</strong></span> <span class='ocrx_word' id='word_1_636' title='bbox 2259 4074 2485 4139; x_wconf 90' lang='lat' dir='ltr'><strong>peccato</strong></span> <span class='ocrx_word' id='word_1_637' title='bbox 2513 4068 2801 4123; x_wconf 86' lang='lat' dir='ltr'><strong>damnavit</strong></span> <span class='ocrx_word' id='word_1_638' title='bbox 2830 4075 3140 4140; x_wconf 89' lang='lat' dir='ltr'><strong>peccatum.</strong></span> <span class='ocrx_word' id='word_1_639' title='bbox 3158 4071 3327 4124; x_wconf 89' lang='lat' dir='ltr'><strong>Tunc</strong></span> <span class='ocrx_word' id='word_1_640' title='bbox 3349 4067 3540 4138; x_wconf 88' lang='lat' dir='ltr'><strong>utique</strong></span> <span class='ocrx_word' id='word_1_641' title='bbox 3555 4062 3720 4116; x_wconf 85' lang='lat' dir='ltr'><strong>factum</strong></span> 
     </span>
    </p>
   </div>
   <div class='ocr_carea' id='block_1_87' title="bbox 2126 4147 3720 4229">
    <p class='ocr_par' dir='ltr' id='par_1_87' title="bbox 2126 4147 3720 4229">
     <span class='ocr_line' id='line_1_87' title="bbox 2126 4147 3720 4229; baseline -0.001 -18"><span class='ocrx_word' id='word_1_642' title='bbox 2126 4192 2139 4199; x_wconf 59' lang='grc' dir='ltr'>Î·</span> <span class='ocrx_word' id='word_1_643' title='bbox 2163 4167 2249 4211; x_wconf 89' lang='lat' dir='ltr'><strong>est</strong></span> <span class='ocrx_word' id='word_1_644' title='bbox 2270 4157 2470 4212; x_wconf 90' lang='lat' dir='ltr'><strong>similis</strong></span> <span class='ocrx_word' id='word_1_645' title='bbox 2486 4157 2698 4212; x_wconf 89' lang='lat' dir='ltr'><strong>homini</strong></span> <span class='ocrx_word' id='word_1_646' title='bbox 2712 4158 3058 4229; x_wconf 89' lang='lat' dir='ltr'><strong>regi,uniens</strong></span> <span class='ocrx_word' id='word_1_647' title='bbox 3079 4175 3211 4213; x_wconf 90' lang='lat' dir='ltr'><strong>eum</strong></span> <span class='ocrx_word' id='word_1_648' title='bbox 3227 4158 3340 4213; x_wconf 87' lang='lat' dir='ltr'><strong>sibi</strong></span> <span class='ocrx_word' id='word_1_649' title='bbox 3361 4164 3418 4211; x_wconf 91' lang='lat' dir='ltr'><strong>et</strong></span> <span class='ocrx_word' id='word_1_650' title='bbox 3438 4172 3534 4228; x_wconf 89' lang='lat' dir='ltr'><strong>per</strong></span> <span class='ocrx_word' id='word_1_651' title='bbox 3552 4147 3720 4209; x_wconf 62' lang='lat' dir='ltr'><strong>omnia:</strong></span> 
     </span>
    </p>
   </div>
   <div class='ocr_carea' id='block_1_88' title="bbox 2161 4242 3722 4315">
    <p class='ocr_par' dir='ltr' id='par_1_88' title="bbox 2161 4242 3722 4315">
     <span class='ocr_line' id='line_1_88' title="bbox 2161 4242 3722 4315; baseline -0.003 -14"><span class='ocrx_word' id='word_1_652' title='bbox 2161 4247 2281 4302; x_wconf 91' lang='lat' dir='ltr'><strong>sine</strong></span> <span class='ocrx_word' id='word_1_653' title='bbox 2304 4252 2634 4302; x_wconf 88' lang='lat' dir='ltr'><strong>naturarum</strong></span> <span class='ocrx_word' id='word_1_654' title='bbox 2651 4247 3059 4315; x_wconf 89' lang='lat' dir='ltr'><strong>commistione,</strong></span> <span class='ocrx_word' id='word_1_655' title='bbox 3074 4248 3293 4302; x_wconf 82' lang='lat' dir='ltr'><strong>faciens</strong></span> <span class='ocrx_word' id='word_1_656' title='bbox 3306 4263 3438 4301; x_wconf 88' lang='lat' dir='ltr'><strong>eum</strong></span> <span class='ocrx_word' id='word_1_657' title='bbox 3450 4242 3547 4298; x_wconf 89' lang='lat' dir='ltr'><strong>sibi</strong></span> <span class='ocrx_word' id='word_1_658' title='bbox 3564 4250 3722 4297; x_wconf 53' lang='lat' dir='ltr'><strong>unum,</strong></span> 
     </span>
    </p>
   </div>
   <div class='ocr_carea' id='block_1_89' title="bbox 2162 4329 3727 4399">
    <p class='ocr_par' dir='ltr' id='par_1_89' title="bbox 2162 4329 3727 4399">
     <span class='ocr_line' id='line_1_89' title="bbox 2162 4329 3727 4399; baseline -0.004 -9"><span class='ocrx_word' id='word_1_659' title='bbox 2162 4337 2241 4390; x_wconf 90' lang='lat' dir='ltr'><strong>ita</strong></span> <span class='ocrx_word' id='word_1_660' title='bbox 2273 4342 2336 4390; x_wconf 92' lang='lat' dir='ltr'><strong>ut</strong></span> <span class='ocrx_word' id='word_1_661' title='bbox 2363 4337 2511 4391; x_wconf 89' lang='lat' dir='ltr'><strong>Deus</strong></span> <span class='ocrx_word' id='word_1_662' title='bbox 2556 4343 2613 4391; x_wconf 92' lang='lat' dir='ltr'><strong>et</strong></span> <span class='ocrx_word' id='word_1_663' title='bbox 2651 4336 2820 4391; x_wconf 89' lang='lat' dir='ltr'><strong>homo</strong></span> <span class='ocrx_word' id='word_1_664' title='bbox 2847 4353 2992 4391; x_wconf 91' lang='lat' dir='ltr'><strong>unus</strong></span> <span class='ocrx_word' id='word_1_665' title='bbox 3021 4337 3096 4391; x_wconf 91' lang='lat' dir='ltr'><strong>sit</strong></span> <span class='ocrx_word' id='word_1_666' title='bbox 3121 4337 3397 4392; x_wconf 89' lang='lat' dir='ltr'><strong>Christus</strong></span> <span class='ocrx_word' id='word_1_667' title='bbox 3425 4350 3519 4389; x_wconf 87' lang='lat' dir='ltr'><strong>rex</strong></span> <span class='ocrx_word' id='word_1_668' title='bbox 3544 4329 3727 4399; x_wconf 80' lang='lat' dir='ltr'><strong>regilm-</strong></span> 
     </span>
    </p>
   </div>
   <div class='ocr_carea' id='block_1_90' title="bbox 2162 4412 3729 4497">
    <p class='ocr_par' dir='ltr' id='par_1_90' title="bbox 2162 4412 3729 4497">
     <span class='ocr_line' id='line_1_90' title="bbox 2162 4412 3729 4497; baseline -0.01 -17"><span class='ocrx_word' id='word_1_669' title='bbox 2162 4427 2240 4480; x_wconf 86' lang='lat' dir='ltr'><strong>Ac</strong></span> <span class='ocrx_word' id='word_1_670' title='bbox 2268 4443 2370 4497; x_wconf 91' lang='lat' dir='ltr'><strong>per</strong></span> <span class='ocrx_word' id='word_1_671' title='bbox 2398 4427 2500 4480; x_wconf 89' lang='lat' dir='ltr'><strong>hoc</strong></span> <span class='ocrx_word' id='word_1_672' title='bbox 2520 4427 2667 4480; x_wconf 91' lang='lat' dir='ltr'><strong>Deus</strong></span> <span class='ocrx_word' id='word_1_673' title='bbox 2689 4426 2856 4480; x_wconf 91' lang='lat' dir='ltr'><strong>homo</strong></span> <span class='ocrx_word' id='word_1_674' title='bbox 2880 4426 3154 4493; x_wconf 88' lang='lat' dir='ltr'><strong>Christus,</strong></span> <span class='ocrx_word' id='word_1_675' title='bbox 3174 4426 3321 4497; x_wconf 90' lang='lat' dir='ltr'><strong>quia</strong></span> <span class='ocrx_word' id='word_1_676' title='bbox 3342 4442 3439 4480; x_wconf 84' lang='lat' dir='ltr'><strong>rex</strong></span> <span class='ocrx_word' id='word_1_677' title='bbox 3468 4427 3549 4477; x_wconf 90' lang='lat' dir='ltr'><strong>est</strong></span> <span class='ocrx_word' id='word_1_678' title='bbox 3565 4412 3729 4473; x_wconf 81' lang='lat' dir='ltr'><strong>consti-</strong></span> 
     </span>
    </p>
   </div>
   <div class='ocr_carea' id='block_1_91' title="bbox 485 4491 3732 4584">
    <p class='ocr_par' dir='ltr' id='par_1_91' title="bbox 485 4491 3732 4584">
     <span class='ocr_line' id='line_1_91' title="bbox 485 4491 3732 4584; baseline 0 -23"><span class='ocrx_word' id='word_1_679' title='bbox 485 4509 732 4565; x_wconf 89' lang='lat' dir='ltr'><strong>mittere.</strong></span> <span class='ocrx_word' id='word_1_680' title='bbox 777 4510 888 4567; x_wconf 89' lang='lat' dir='ltr'><strong>Sed</strong></span> <span class='ocrx_word' id='word_1_681' title='bbox 930 4510 1201 4565; x_wconf 92' lang='lat' dir='ltr'><strong>Dominus</strong></span> <span class='ocrx_word' id='word_1_682' title='bbox 1252 4511 1431 4565; x_wconf 87' lang='lat' dir='ltr'><strong>sciens</strong></span> <span class='ocrx_word' id='word_1_683' title='bbox 1475 4511 1532 4565; x_wconf 91' lang='lat' dir='ltr'><strong>in</strong></span> <span class='ocrx_word' id='word_1_684' title='bbox 1560 4511 1647 4567; x_wconf 91' lang='lat' dir='ltr'><strong>his</strong></span> <span class='ocrx_word' id='word_1_685' title='bbox 1698 4530 1820 4584; x_wconf 68' lang='lat' dir='ltr'><strong>quae</strong></span> <span class='ocrx_word' id='word_1_686' title='bbox 1856 4515 2075 4570; x_wconf 90' lang='lat' dir='ltr'><strong>senario</strong></span> <span class='ocrx_word' id='word_1_687' title='bbox 2094 4491 2145 4552; x_wconf 81' lang='lat' dir='ltr'><strong>D</strong></span> <span class='ocrx_word' id='word_1_688' title='bbox 2163 4520 2319 4569; x_wconf 90' lang='lat' dir='ltr'><strong>tutus</strong></span> <span class='ocrx_word' id='word_1_689' title='bbox 2340 4532 2371 4568; x_wconf 90' lang='lat' dir='ltr'><strong>a</strong></span> <span class='ocrx_word' id='word_1_690' title='bbox 2393 4515 2507 4569; x_wconf 93' lang='lat' dir='ltr'><strong>Deo</strong></span> <span class='ocrx_word' id='word_1_691' title='bbox 2536 4515 2704 4569; x_wconf 87' lang='lat' dir='ltr'><strong>Patre</strong></span> <span class='ocrx_word' id='word_1_692' title='bbox 2732 4532 2896 4584; x_wconf 79' lang='lat' dir='ltr'><strong>super</strong></span> <span class='ocrx_word' id='word_1_693' title='bbox 2924 4515 3059 4571; x_wconf 89' lang='lat' dir='ltr'><strong>Sion</strong></span> <span class='ocrx_word' id='word_1_694' title='bbox 3088 4522 3350 4569; x_wconf 77' lang='lat' dir='ltr'><strong>montem</strong></span> <span class='ocrx_word' id='word_1_695' title='bbox 3379 4516 3623 4568; x_wconf 77' lang='lat' dir='ltr'><strong>sanctum</strong></span> <span class='ocrx_word' id='word_1_696' title='bbox 3641 4507 3732 4572; x_wconf 62' lang='lat' dir='ltr'><strong>ejus</strong></span> 
     </span>
    </p>
   </div>
   <div class='ocr_carea' id='block_1_92' title="bbox 486 4597 2076 4673">
    <p class='ocr_par' dir='ltr' id='par_1_92' title="bbox 486 4597 2076 4673">
     <span class='ocr_line' id='line_1_92' title="bbox 486 4597 2076 4673; baseline 0.003 -23"><span class='ocrx_word' id='word_1_697' title='bbox 486 4597 827 4653; x_wconf 89' lang='lat' dir='ltr'><strong>clauduntur</strong></span> <span class='ocrx_word' id='word_1_698' title='bbox 856 4615 1113 4667; x_wconf 90' lang='lat' dir='ltr'><strong>numero,</strong></span> <span class='ocrx_word' id='word_1_699' title='bbox 1165 4606 1358 4656; x_wconf 89' lang='lat' dir='ltr'><strong>contra</strong></span> <span class='ocrx_word' id='word_1_700' title='bbox 1386 4601 1577 4655; x_wconf 89' lang='lat' dir='ltr'><strong>decem</strong></span> <span class='ocrx_word' id='word_1_701' title='bbox 1615 4608 1893 4673; x_wconf 65' lang='lat' dir='ltr'><strong>praecepta</strong></span> <span class='ocrx_word' id='word_1_702' title='bbox 1921 4616 2076 4655; x_wconf 90' lang='lat' dir='ltr'><strong>man-</strong></span> 
     </span>
    </p>
   </div>
   <div class='ocr_carea' id='block_1_93' title="bbox 486 4686 2073 4762">
    <p class='ocr_par' dir='ltr' id='par_1_93' title="bbox 486 4686 2073 4762">
     <span class='ocr_line' id='line_1_93' title="bbox 486 4686 2073 4762; baseline 0.003 -23"><span class='ocrx_word' id='word_1_703' title='bbox 486 4686 746 4740; x_wconf 84' lang='lat' dir='ltr'><strong>datorum</strong></span> <span class='ocrx_word' id='word_1_704' title='bbox 775 4686 875 4740; x_wconf 94' lang='lat' dir='ltr'><strong>Dei</strong></span> <span class='ocrx_word' id='word_1_705' title='bbox 903 4687 1139 4757; x_wconf 87' lang='lat' dir='ltr'><strong>agendo,</strong></span> <span class='ocrx_word' id='word_1_706' title='bbox 1175 4690 1423 4759; x_wconf 91' lang='lat' dir='ltr'><strong>quotidie</strong></span> <span class='ocrx_word' id='word_1_707' title='bbox 1453 4707 1553 4744; x_wconf 92' lang='lat' dir='ltr'><strong>nos</strong></span> <span class='ocrx_word' id='word_1_708' title='bbox 1582 4707 1829 4762; x_wconf 88' lang='lat' dir='ltr'><strong>peccare,</strong></span> <span class='ocrx_word' id='word_1_709' title='bbox 1859 4690 1980 4744; x_wconf 87' lang='lat' dir='ltr'><strong>ï¬xit</strong></span> <span class='ocrx_word' id='word_1_710' title='bbox 2004 4689 2073 4743; x_wconf 87' lang='lat' dir='ltr'><strong>1i-</strong></span> 
     </span>
    </p>
   </div>
   <div class='ocr_carea' id='block_1_94' title="bbox 485 4773 2075 4851">
    <p class='ocr_par' dir='ltr' id='par_1_94' title="bbox 485 4773 2075 4851">
     <span class='ocr_line' id='line_1_94' title="bbox 485 4773 2075 4851; baseline 0.004 -23"><span class='ocrx_word' id='word_1_711' title='bbox 485 4773 680 4828; x_wconf 89' lang='lat' dir='ltr'><strong>mitem</strong></span> <span class='ocrx_word' id='word_1_712' title='bbox 711 4779 767 4829; x_wconf 91' lang='lat' dir='ltr'><strong>et</strong></span> <span class='ocrx_word' id='word_1_713' title='bbox 803 4776 971 4830; x_wconf 85' lang='lat' dir='ltr'><strong>ï¬nem</strong></span> <span class='ocrx_word' id='word_1_714' title='bbox 1002 4777 1282 4846; x_wconf 89' lang='lat' dir='ltr'><strong>peccandi,</strong></span> <span class='ocrx_word' id='word_1_715' title='bbox 1318 4785 1383 4833; x_wconf 89' lang='lat' dir='ltr'><strong>ut</strong></span> <span class='ocrx_word' id='word_1_716' title='bbox 1410 4779 1468 4833; x_wconf 89' lang='lat' dir='ltr'><strong>in</strong></span> <span class='ocrx_word' id='word_1_717' title='bbox 1497 4795 1562 4833; x_wconf 93' lang='lat' dir='ltr'><strong>eo</strong></span> <span class='ocrx_word' id='word_1_718' title='bbox 1594 4796 1830 4834; x_wconf 90' lang='lat' dir='ltr'><strong>numero</strong></span> <span class='ocrx_word' id='word_1_719' title='bbox 1861 4780 1958 4851; x_wconf 89' lang='lat' dir='ltr'><strong>qui</strong></span> <span class='ocrx_word' id='word_1_720' title='bbox 1990 4796 2075 4834; x_wconf 89' lang='lat' dir='ltr'><strong>re-</strong></span> 
     </span>
    </p>
   </div>
   <div class='ocr_carea' id='block_1_95' title="bbox 485 4863 2081 4940">
    <p class='ocr_par' dir='ltr' id='par_1_95' title="bbox 485 4863 2081 4940">
     <span class='ocr_line' id='line_1_95' title="bbox 485 4863 2081 4940; baseline 0.004 -24"><span class='ocrx_word' id='word_1_721' title='bbox 485 4863 770 4918; x_wconf 93' lang='lat' dir='ltr'><strong>missionis</strong></span> <span class='ocrx_word' id='word_1_722' title='bbox 791 4866 1285 4938; x_wconf 85' lang='lat' dir='ltr'><strong>est,unusquisque</strong></span> <span class='ocrx_word' id='word_1_723' title='bbox 1304 4868 1464 4922; x_wconf 86' lang='lat' dir='ltr'><strong>fratri</strong></span> <span class='ocrx_word' id='word_1_724' title='bbox 1489 4885 1554 4923; x_wconf 91' lang='lat' dir='ltr'><strong>ac</strong></span> <span class='ocrx_word' id='word_1_725' title='bbox 1572 4869 1824 4940; x_wconf 89' lang='lat' dir='ltr'><strong>proximo</strong></span> <span class='ocrx_word' id='word_1_726' title='bbox 1840 4868 2081 4923; x_wconf 90' lang='lat' dir='ltr'><strong>libenter</strong></span> 
     </span>
    </p>
   </div>
   <div class='ocr_carea' id='block_1_96' title="bbox 484 4956 2078 5033">
    <p class='ocr_par' dir='ltr' id='par_1_96' title="bbox 484 4956 2078 5033">
     <span class='ocr_line' id='line_1_96' title="bbox 484 4956 2078 5033; baseline 0.003 -22"><span class='ocrx_word' id='word_1_727' title='bbox 484 4956 791 5029; x_wconf 88' lang='lat' dir='ltr'><strong>indulgeat.</strong></span> <span class='ocrx_word' id='word_1_728' title='bbox 818 4958 977 5023; x_wconf 89' lang='lat' dir='ltr'><strong>Quod</strong></span> <span class='ocrx_word' id='word_1_729' title='bbox 1006 4959 1052 5012; x_wconf 91' lang='lat' dir='ltr'><strong>si</strong></span> <span class='ocrx_word' id='word_1_730' title='bbox 1079 4960 1281 5031; x_wconf 89' lang='lat' dir='ltr'><strong>aliquis</strong></span> <span class='ocrx_word' id='word_1_731' title='bbox 1308 4962 1735 5033; x_wconf 88' lang='lat' dir='ltr'><strong>supergrediens</strong></span> <span class='ocrx_word' id='word_1_732' title='bbox 1765 4979 1829 5016; x_wconf 90' lang='lat' dir='ltr'><strong>ea</strong></span> <span class='ocrx_word' id='word_1_733' title='bbox 1850 4968 2078 5033; x_wconf 90' lang='lat' dir='ltr'><strong>peccata</strong></span> 
     </span>
    </p>
   </div>
   <div class='ocr_carea' id='block_1_97' title="bbox 484 5048 2074 5120">
    <p class='ocr_par' dir='ltr' id='par_1_97' title="bbox 484 5048 2074 5120">
     <span class='ocr_line' id='line_1_97' title="bbox 484 5048 2074 5120; baseline 0.003 -19"><span class='ocrx_word' id='word_1_734' title='bbox 484 5065 609 5120; x_wconf 66' lang='lat' dir='ltr'><strong>quae</strong></span> <span class='ocrx_word' id='word_1_735' title='bbox 638 5048 760 5102; x_wconf 86' lang='lat' dir='ltr'><strong>ï¬eri</strong></span> <span class='ocrx_word' id='word_1_736' title='bbox 779 5049 961 5102; x_wconf 90' lang='lat' dir='ltr'><strong>solent</strong></span> <span class='ocrx_word' id='word_1_737' title='bbox 981 5048 1037 5102; x_wconf 90' lang='lat' dir='ltr'><strong>in</strong></span> <span class='ocrx_word' id='word_1_738' title='bbox 1058 5048 1224 5105; x_wconf 88' lang='lat' dir='ltr'><strong>rebus</strong></span> <span class='ocrx_word' id='word_1_739' title='bbox 1244 5050 1623 5105; x_wconf 89' lang='lat' dir='ltr'><strong>mundialibus</strong></span> <span class='ocrx_word' id='word_1_740' title='bbox 1647 5056 1703 5104; x_wconf 90' lang='lat' dir='ltr'><strong>et</strong></span> <span class='ocrx_word' id='word_1_741' title='bbox 1716 5051 2074 5106; x_wconf 73' lang='lat' dir='ltr'><strong>saecularibus</strong></span> 
     </span>
    </p>
   </div>
   <div class='ocr_carea' id='block_1_98' title="bbox 483 5138 2072 5213">
    <p class='ocr_par' dir='ltr' id='par_1_98' title="bbox 483 5138 2072 5213">
     <span class='ocr_line' id='line_1_98' title="bbox 483 5138 2072 5213; baseline 0.004 -23"><span class='ocrx_word' id='word_1_742' title='bbox 483 5138 633 5191; x_wconf 91' lang='lat' dir='ltr'><strong>ultra</strong></span> <span class='ocrx_word' id='word_1_743' title='bbox 656 5138 891 5192; x_wconf 87' lang='lat' dir='ltr'><strong>volendo</strong></span> <span class='ocrx_word' id='word_1_744' title='bbox 925 5155 1173 5209; x_wconf 88' lang='lat' dir='ltr'><strong>peccare,</strong></span> <span class='ocrx_word' id='word_1_745' title='bbox 1206 5140 1253 5194; x_wconf 93' lang='lat' dir='ltr'><strong>si</strong></span> <span class='ocrx_word' id='word_1_746' title='bbox 1284 5141 1547 5212; x_wconf 89' lang='lat' dir='ltr'><strong>possibile</strong></span> <span class='ocrx_word' id='word_1_747' title='bbox 1576 5146 1812 5207; x_wconf 89' lang='lat' dir='ltr'><strong>esset,ut</strong></span> <span class='ocrx_word' id='word_1_748' title='bbox 1833 5142 2072 5213; x_wconf 91' lang='lat' dir='ltr'><strong>amplius</strong></span> 
     </span>
    </p>
   </div>
   <div class='ocr_carea' id='block_1_99' title="bbox 484 5224 2073 5298">
    <p class='ocr_par' dir='ltr' id='par_1_99' title="bbox 484 5224 2073 5298">
     <span class='ocr_line' id='line_1_99' title="bbox 484 5224 2073 5298; baseline 0.005 -20"><span class='ocrx_word' id='word_1_749' title='bbox 484 5224 707 5293; x_wconf 91' lang='lat' dir='ltr'><strong>viveret,</strong></span> <span class='ocrx_word' id='word_1_750' title='bbox 750 5227 883 5298; x_wconf 87' lang='lat' dir='ltr'><strong>quia</strong></span> <span class='ocrx_word' id='word_1_751' title='bbox 931 5228 989 5281; x_wconf 91' lang='lat' dir='ltr'><strong>in</strong></span> <span class='ocrx_word' id='word_1_752' title='bbox 1026 5229 1265 5298; x_wconf 86' lang='lat' dir='ltr'><strong>peccatis</strong></span> <span class='ocrx_word' id='word_1_753' title='bbox 1311 5231 1428 5285; x_wconf 91' lang='lat' dir='ltr'><strong>suis</strong></span> <span class='ocrx_word' id='word_1_754' title='bbox 1456 5232 1626 5284; x_wconf 87' lang='lat' dir='ltr'><strong>ï¬nem</strong></span> <span class='ocrx_word' id='word_1_755' title='bbox 1656 5247 1767 5285; x_wconf 90' lang='lat' dir='ltr'><strong>non</strong></span> <span class='ocrx_word' id='word_1_756' title='bbox 1797 5231 1941 5297; x_wconf 80' lang='lat' dir='ltr'><strong>fecit,</strong></span> <span class='ocrx_word' id='word_1_757' title='bbox 1972 5249 2073 5286; x_wconf 90' lang='lat' dir='ltr'><strong>nec</strong></span> 
     </span>
    </p>
   </div>
   <div class='ocr_carea' id='block_1_100' title="bbox 483 5314 2075 5390">
    <p class='ocr_par' dir='ltr' id='par_1_100' title="bbox 483 5314 2075 5390">
     <span class='ocr_line' id='line_1_100' title="bbox 483 5314 2075 5390; baseline 0.004 -23"><span class='ocrx_word' id='word_1_758' title='bbox 483 5314 553 5367; x_wconf 93' lang='lat' dir='ltr'><strong>de</strong></span> <span class='ocrx_word' id='word_1_759' title='bbox 581 5314 739 5369; x_wconf 87' lang='lat' dir='ltr'><strong>factis</strong></span> <span class='ocrx_word' id='word_1_760' title='bbox 760 5315 930 5385; x_wconf 89' lang='lat' dir='ltr'><strong>digne</strong></span> <span class='ocrx_word' id='word_1_761' title='bbox 957 5317 1173 5371; x_wconf 89' lang='lat' dir='ltr'><strong>veniam</strong></span> <span class='ocrx_word' id='word_1_762' title='bbox 1205 5319 1474 5389; x_wconf 62' lang='lat' dir='ltr'><strong>quaesivit,</strong></span> <span class='ocrx_word' id='word_1_763' title='bbox 1490 5321 1606 5390; x_wconf 89' lang='lat' dir='ltr'><strong>jam</strong></span> <span class='ocrx_word' id='word_1_764' title='bbox 1620 5320 1768 5374; x_wconf 89' lang='lat' dir='ltr'><strong>ultra</strong></span> <span class='ocrx_word' id='word_1_765' title='bbox 1794 5321 2075 5375; x_wconf 87' lang='lat' dir='ltr'><strong>remissio-</strong></span> 
     </span>
    </p>
   </div>
   <div class='ocr_carea' id='block_1_101' title="bbox 352 5407 2070 5480">
    <p class='ocr_par' dir='ltr' id='par_1_101' title="bbox 352 5407 2070 5480">
     <span class='ocr_line' id='line_1_101' title="bbox 352 5407 2070 5480; baseline 0.003 -23"><span class='ocrx_word' id='word_1_766' title='bbox 352 5409 377 5421; x_wconf 79' lang='lat'><strong>â€˜</strong></span> <span class='ocrx_word' id='word_1_767' title='bbox 482 5417 610 5458; x_wconf 89' lang='lat' dir='ltr'><strong>nem</strong></span> <span class='ocrx_word' id='word_1_768' title='bbox 642 5412 994 5475; x_wconf 89' lang='lat' dir='ltr'><strong>peccatorum</strong></span> <span class='ocrx_word' id='word_1_769' title='bbox 1016 5423 1244 5460; x_wconf 88' lang='lat' dir='ltr'><strong>suorum</strong></span> <span class='ocrx_word' id='word_1_770' title='bbox 1252 5408 1404 5477; x_wconf 89' lang='lat' dir='ltr'><strong>juste</strong></span> <span class='ocrx_word' id='word_1_771' title='bbox 1425 5424 1533 5461; x_wconf 92' lang='lat' dir='ltr'><strong>non</strong></span> <span class='ocrx_word' id='word_1_772' title='bbox 1552 5407 2070 5480; x_wconf 87' lang='lat' dir='ltr'><strong>habebit;quoniam</strong></span> 
     </span>
    </p>
   </div>
   <div class='ocr_carea' id='block_1_102' title="bbox 486 5492 2068 5563">
    <p class='ocr_par' dir='ltr' id='par_1_102' title="bbox 486 5492 2068 5563">
     <span class='ocr_line' id='line_1_102' title="bbox 486 5492 2068 5563; baseline 0.003 -16"><span class='ocrx_word' id='word_1_773' title='bbox 486 5492 757 5563; x_wconf 84' lang='lat' dir='ltr'><strong>quidquid</strong></span> <span class='ocrx_word' id='word_1_774' title='bbox 784 5493 841 5547; x_wconf 91' lang='lat' dir='ltr'><strong>in</strong></span> <span class='ocrx_word' id='word_1_775' title='bbox 874 5495 1083 5549; x_wconf 89' lang='lat' dir='ltr'><strong>mundo</strong></span> <span class='ocrx_word' id='word_1_776' title='bbox 1102 5500 1298 5549; x_wconf 91' lang='lat' dir='ltr'><strong>contra</strong></span> <span class='ocrx_word' id='word_1_777' title='bbox 1317 5495 1538 5550; x_wconf 90' lang='lat' dir='ltr'><strong>Domini</strong></span> <span class='ocrx_word' id='word_1_778' title='bbox 1560 5497 1824 5551; x_wconf 88' lang='lat' dir='ltr'><strong>mandata</strong></span> <span class='ocrx_word' id='word_1_779' title='bbox 1846 5503 2068 5551; x_wconf 84' lang='lat' dir='ltr'><strong>contra-</strong></span> 
     </span>
    </p>
   </div>
   <div class='ocr_carea' id='block_1_103' title="bbox 484 5579 2071 5656">
    <p class='ocr_par' dir='ltr' id='par_1_103' title="bbox 484 5579 2071 5656">
     <span class='ocr_line' id='line_1_103' title="bbox 484 5579 2071 5656; baseline 0.004 -22"><span class='ocrx_word' id='word_1_780' title='bbox 484 5579 660 5648; x_wconf 89' lang='lat' dir='ltr'><strong>hitur,</strong></span> <span class='ocrx_word' id='word_1_781' title='bbox 707 5581 758 5636; x_wconf 91' lang='lat' dir='ltr'><strong>ei</strong></span> <span class='ocrx_word' id='word_1_782' title='bbox 794 5582 954 5637; x_wconf 87' lang='lat' dir='ltr'><strong>venia</strong></span> <span class='ocrx_word' id='word_1_783' title='bbox 992 5589 1311 5654; x_wconf 83' lang='lat' dir='ltr'><strong>praestatur,</strong></span> <span class='ocrx_word' id='word_1_784' title='bbox 1338 5584 1468 5656; x_wconf 91' lang='lat' dir='ltr'><strong>quia</strong></span> <span class='ocrx_word' id='word_1_785' title='bbox 1489 5589 1554 5639; x_wconf 91' lang='lat' dir='ltr'><strong>ut</strong></span> <span class='ocrx_word' id='word_1_786' title='bbox 1573 5584 1736 5639; x_wconf 89' lang='lat' dir='ltr'><strong>citius</strong></span> <span class='ocrx_word' id='word_1_787' title='bbox 1758 5602 1816 5640; x_wconf 91' lang='lat' dir='ltr'><strong>se</strong></span> <span class='ocrx_word' id='word_1_788' title='bbox 1846 5602 2071 5640; x_wconf 90' lang='lat' dir='ltr'><strong>conver-</strong></span> 
     </span>
    </p>
   </div>
   <div class='ocr_carea' id='block_1_104' title="bbox 484 5670 2072 5739">
    <p class='ocr_par' dir='ltr' id='par_1_104' title="bbox 484 5670 2072 5739">
     <span class='ocr_line' id='line_1_104' title="bbox 484 5670 2072 5739; baseline 0.003 -13"><span class='ocrx_word' id='word_1_789' title='bbox 484 5670 617 5726; x_wconf 88' lang='lat' dir='ltr'><strong>terit</strong></span> <span class='ocrx_word' id='word_1_790' title='bbox 654 5676 753 5727; x_wconf 88' lang='lat' dir='ltr'><strong>aut</strong></span> <span class='ocrx_word' id='word_1_791' title='bbox 781 5671 1017 5739; x_wconf 85' lang='lat' dir='ltr'><strong>tardius,</strong></span> <span class='ocrx_word' id='word_1_792' title='bbox 1048 5672 1129 5727; x_wconf 86' lang='lat' dir='ltr'><strong>ita</strong></span> <span class='ocrx_word' id='word_1_793' title='bbox 1157 5679 1348 5729; x_wconf 88' lang='lat' dir='ltr'><strong>tamen</strong></span> <span class='ocrx_word' id='word_1_794' title='bbox 1393 5675 1437 5729; x_wconf 89' lang='lat' dir='ltr'><strong>si</strong></span> <span class='ocrx_word' id='word_1_795' title='bbox 1488 5673 1818 5730; x_wconf 87' lang='lat' dir='ltr'><strong>satisfecerit</strong></span> <span class='ocrx_word' id='word_1_796' title='bbox 1854 5675 2072 5730; x_wconf 87' lang='lat' dir='ltr'><strong>veniam</strong></span> 
     </span>
    </p>
   </div>
   <div class='ocr_carea' id='block_1_105' title="bbox 2159 4592 3731 4675">
    <p class='ocr_par' dir='ltr' id='par_1_105' title="bbox 2159 4592 3731 4675">
     <span class='ocr_line' id='line_1_105' title="bbox 2159 4592 3731 4675; baseline -0.011 -17"><span class='ocrx_word' id='word_1_797' title='bbox 2159 4606 2325 4674; x_wconf 79' lang='lat' dir='ltr'><strong>(Psat.</strong></span> <span class='ocrx_word' id='word_1_798' title='bbox 2351 4618 2413 4669; x_wconf 84' lang='lat' dir='ltr'><strong>II,</strong></span> <span class='ocrx_word' id='word_1_799' title='bbox 2437 4603 2511 4674; x_wconf 86' lang='lat'><strong>6),</strong></span> <span class='ocrx_word' id='word_1_800' title='bbox 2535 4603 2710 4658; x_wconf 89' lang='lat' dir='ltr'><strong>voluit</strong></span> <span class='ocrx_word' id='word_1_801' title='bbox 2737 4603 3010 4657; x_wconf 89' lang='lat' dir='ltr'><strong>rationem</strong></span> <span class='ocrx_word' id='word_1_802' title='bbox 3034 4620 3249 4675; x_wconf 90' lang='lat' dir='ltr'><strong>ponere</strong></span> <span class='ocrx_word' id='word_1_803' title='bbox 3278 4620 3412 4658; x_wconf 92' lang='lat' dir='ltr'><strong>cum</strong></span> <span class='ocrx_word' id='word_1_804' title='bbox 3442 4598 3606 4656; x_wconf 89' lang='lat' dir='ltr'><strong>servis</strong></span> <span class='ocrx_word' id='word_1_805' title='bbox 3622 4592 3731 4649; x_wconf 89' lang='lat' dir='ltr'><strong>suis.</strong></span> 
     </span>
    </p>
   </div>
   <div class='ocr_carea' id='block_1_106' title="bbox 2156 4691 3737 4764">
    <p class='ocr_par' dir='ltr' id='par_1_106' title="bbox 2156 4691 3737 4764">
     <span class='ocr_line' id='line_1_106' title="bbox 2156 4691 3737 4764; baseline -0.004 -18"><span class='ocrx_word' id='word_1_806' title='bbox 2156 4691 2247 4746; x_wconf 88' lang='lat' dir='ltr'><strong>Ad</strong></span> <span class='ocrx_word' id='word_1_807' title='bbox 2280 4693 2384 4746; x_wconf 92' lang='lat' dir='ltr'><strong>hoc</strong></span> <span class='ocrx_word' id='word_1_808' title='bbox 2402 4692 2607 4764; x_wconf 90' lang='lat' dir='ltr'><strong>quippe</strong></span> <span class='ocrx_word' id='word_1_809' title='bbox 2636 4693 2975 4747; x_wconf 88' lang='lat' dir='ltr'><strong>constitutus</strong></span> <span class='ocrx_word' id='word_1_810' title='bbox 2991 4699 3076 4746; x_wconf 90' lang='lat' dir='ltr'><strong>est</strong></span> <span class='ocrx_word' id='word_1_811' title='bbox 3095 4709 3214 4759; x_wconf 82' lang='lat' dir='ltr'><strong>rex,</strong></span> <span class='ocrx_word' id='word_1_812' title='bbox 3246 4698 3317 4747; x_wconf 90' lang='lat' dir='ltr'><strong>ut</strong></span> <span class='ocrx_word' id='word_1_813' title='bbox 3338 4708 3437 4746; x_wconf 89' lang='lat' dir='ltr'><strong>eos</strong></span> <span class='ocrx_word' id='word_1_814' title='bbox 3457 4692 3609 4760; x_wconf 87' lang='lat' dir='ltr'><strong>regat</strong></span> <span class='ocrx_word' id='word_1_815' title='bbox 3626 4696 3737 4756; x_wconf 80' lang='lat' dir='ltr'><strong>quos</strong></span> 
     </span>
    </p>
   </div>
   <div class='ocr_carea' id='block_1_107' title="bbox 2159 4773 3736 4861">
    <p class='ocr_par' dir='ltr' id='par_1_107' title="bbox 2159 4773 3736 4861">
     <span class='ocr_line' id='line_1_107' title="bbox 2159 4773 3736 4861; baseline -0.003 -26"><span class='ocrx_word' id='word_1_816' title='bbox 2159 4781 2422 4849; x_wconf 92' lang='lat' dir='ltr'><strong>condidit,</strong></span> <span class='ocrx_word' id='word_1_817' title='bbox 2456 4782 2656 4836; x_wconf 91' lang='lat' dir='ltr'><strong>deinde</strong></span> <span class='ocrx_word' id='word_1_818' title='bbox 2684 4788 2740 4836; x_wconf 93' lang='lat' dir='ltr'><strong>et</strong></span> <span class='ocrx_word' id='word_1_819' title='bbox 2764 4799 2902 4854; x_wconf 89' lang='lat' dir='ltr'><strong>quos</strong></span> <span class='ocrx_word' id='word_1_820' title='bbox 2923 4781 3182 4836; x_wconf 90' lang='lat' dir='ltr'><strong>redemit.</strong></span> <span class='ocrx_word' id='word_1_821' title='bbox 3222 4782 3341 4836; x_wconf 89' lang='lat' dir='ltr'><strong>Sed</strong></span> <span class='ocrx_word' id='word_1_822' title='bbox 3381 4798 3454 4835; x_wconf 85' lang='lat' dir='ltr'><strong>ne</strong></span> <span class='ocrx_word' id='word_1_823' title='bbox 3483 4779 3616 4861; x_wconf 83' lang='lat' dir='ltr'><strong>forte</strong></span> 
     </span>
    </p>
   </div>
   <div class='ocr_carea' id='block_1_108' title="bbox 2159 4860 3737 4942">
    <p class='ocr_par' dir='ltr' id='par_1_108' title="bbox 2159 4860 3737 4942">
     <span class='ocr_line' id='line_1_108' title="bbox 2159 4860 3737 4942; baseline -0.004 -18"><span class='ocrx_word' id='word_1_824' title='bbox 2159 4872 2437 4925; x_wconf 88' lang='lat' dir='ltr'><strong>sententia</strong></span> <span class='ocrx_word' id='word_1_825' title='bbox 2467 4871 2753 4926; x_wconf 86' lang='lat' dir='ltr'><strong>obscurior</strong></span> <span class='ocrx_word' id='word_1_826' title='bbox 2780 4871 2881 4926; x_wconf 88' lang='lat' dir='ltr'><strong>tibi</strong></span> <span class='ocrx_word' id='word_1_827' title='bbox 2897 4871 3151 4925; x_wconf 87' lang='lat' dir='ltr'><strong>videatur</strong></span> <span class='ocrx_word' id='word_1_828' title='bbox 3180 4887 3305 4942; x_wconf 89' lang='lat' dir='ltr'><strong>qua</strong></span> <span class='ocrx_word' id='word_1_829' title='bbox 3336 4860 3577 4940; x_wconf 84' lang='lat' dir='ltr'><strong>ait,quia</strong></span> <span class='ocrx_word' id='word_1_830' title='bbox 3592 4860 3737 4919; x_wconf 60' lang='lat' dir='ltr'><strong>volui!</strong></span> 
     </span>
    </p>
   </div>
   <div class='ocr_carea' id='block_1_109' title="bbox 2158 4951 3738 5029">
    <p class='ocr_par' dir='ltr' id='par_1_109' title="bbox 2158 4951 3738 5029">
     <span class='ocr_line' id='line_1_109' title="bbox 2158 4951 3738 5029; baseline -0.006 -17"><span class='ocrx_word' id='word_1_831' title='bbox 2158 4963 2433 5014; x_wconf 79' lang='lat' dir='ltr'><strong>rationem</strong></span> <span class='ocrx_word' id='word_1_832' title='bbox 2450 4977 2650 5029; x_wconf 79' lang='lat' dir='ltr'><strong>ponere</strong></span> <span class='ocrx_word' id='word_1_833' title='bbox 2677 4978 2801 5015; x_wconf 86' lang='lat' dir='ltr'><strong>cum</strong></span> <span class='ocrx_word' id='word_1_834' title='bbox 2822 4964 2991 5015; x_wconf 76' lang='lat' dir='ltr'><strong>servis</strong></span> <span class='ocrx_word' id='word_1_835' title='bbox 3019 4963 3134 5015; x_wconf 82' lang='lat' dir='ltr'><strong>suis</strong></span> <span class='ocrx_word' id='word_1_836' title='bbox 3159 4977 3170 5012; x_wconf 90' lang='lat'>:</span> <span class='ocrx_word' id='word_1_837' title='bbox 3209 4960 3495 5013; x_wconf 88' lang='lat' dir='ltr'><strong>nimirum</strong></span> <span class='ocrx_word' id='word_1_838' title='bbox 3524 4951 3738 5027; x_wconf 84' lang='lat' dir='ltr'><strong>quiahoc</strong></span> 
     </span>
    </p>
   </div>
   <div class='ocr_carea' id='block_1_110' title="bbox 2156 5045 3742 5121">
    <p class='ocr_par' dir='ltr' id='par_1_110' title="bbox 2156 5045 3742 5121">
     <span class='ocr_line' id='line_1_110' title="bbox 2156 5045 3742 5121; baseline -0.002 -19"><span class='ocrx_word' id='word_1_839' title='bbox 2156 5048 2364 5102; x_wconf 86' lang='lat' dir='ltr'><strong>factum</strong></span> <span class='ocrx_word' id='word_1_840' title='bbox 2389 5049 2624 5104; x_wconf 90' lang='lat' dir='ltr'><strong>necdum</strong></span> <span class='ocrx_word' id='word_1_841' title='bbox 2658 5051 2930 5117; x_wconf 89' lang='lat' dir='ltr'><strong>novimus,</strong></span> <span class='ocrx_word' id='word_1_842' title='bbox 2962 5050 3103 5104; x_wconf 88' lang='lat' dir='ltr'><strong>scias</strong></span> <span class='ocrx_word' id='word_1_843' title='bbox 3124 5049 3412 5121; x_wconf 87' lang='lat' dir='ltr'><strong>profecto,</strong></span> <span class='ocrx_word' id='word_1_844' title='bbox 3445 5045 3577 5119; x_wconf 87' lang='lat' dir='ltr'><strong>quia</strong></span> <span class='ocrx_word' id='word_1_845' title='bbox 3607 5053 3742 5114; x_wconf 73' lang='lat' dir='ltr'><strong>para-</strong></span> 
     </span>
    </p>
   </div>
   <div class='ocr_carea' id='block_1_111' title="bbox 2154 5132 3737 5210">
    <p class='ocr_par' dir='ltr' id='par_1_111' title="bbox 2154 5132 3737 5210">
     <span class='ocr_line' id='line_1_111' title="bbox 2154 5132 3737 5210; baseline -0.001 -20"><span class='ocrx_word' id='word_1_846' title='bbox 2154 5136 2331 5192; x_wconf 91' lang='lat' dir='ltr'><strong>bolice</strong></span> <span class='ocrx_word' id='word_1_847' title='bbox 2363 5155 2464 5210; x_wconf 91' lang='lat' dir='ltr'><strong>per</strong></span> <span class='ocrx_word' id='word_1_848' title='bbox 2493 5139 2948 5210; x_wconf 88' lang='lat' dir='ltr'><strong>anticipationem</strong></span> <span class='ocrx_word' id='word_1_849' title='bbox 2991 5138 3268 5210; x_wconf 87' lang='lat' dir='ltr'><strong>loquitur,</strong></span> <span class='ocrx_word' id='word_1_850' title='bbox 3322 5138 3518 5208; x_wconf 89' lang='lat' dir='ltr'><strong>sicque</strong></span> <span class='ocrx_word' id='word_1_851' title='bbox 3553 5132 3737 5189; x_wconf 52' lang='lat' dir='ltr'><strong>narrat,</strong></span> 
     </span>
    </p>
   </div>
   <div class='ocr_carea' id='block_1_112' title="bbox 2155 5219 3738 5300">
    <p class='ocr_par' dir='ltr' id='par_1_112' title="bbox 2155 5219 3738 5300">
     <span class='ocr_line' id='line_1_112' title="bbox 2155 5219 3738 5300; baseline -0.006 -18"><span class='ocrx_word' id='word_1_852' title='bbox 2155 5228 2287 5300; x_wconf 90' lang='lat' dir='ltr'><strong>quia</strong></span> <span class='ocrx_word' id='word_1_853' title='bbox 2318 5228 2491 5282; x_wconf 89' lang='lat' dir='ltr'><strong>voluit</strong></span> <span class='ocrx_word' id='word_1_854' title='bbox 2516 5234 2581 5282; x_wconf 90' lang='lat' dir='ltr'><strong>ut</strong></span> <span class='ocrx_word' id='word_1_855' title='bbox 2603 5228 2937 5300; x_wconf 89' lang='lat' dir='ltr'><strong>quandoque</strong></span> <span class='ocrx_word' id='word_1_856' title='bbox 2986 5227 3348 5300; x_wconf 86' lang='lat' dir='ltr'><strong>implendum</strong></span> <span class='ocrx_word' id='word_1_857' title='bbox 3378 5242 3496 5281; x_wconf 90' lang='lat' dir='ltr'><strong>non</strong></span> <span class='ocrx_word' id='word_1_858' title='bbox 3523 5219 3738 5281; x_wconf 78' lang='lat' dir='ltr'><strong>dubites,</strong></span> 
     </span>
    </p>
   </div>
   <div class='ocr_carea' id='block_1_113' title="bbox 2159 5312 3743 5389">
    <p class='ocr_par' dir='ltr' id='par_1_113' title="bbox 2159 5312 3743 5389">
     <span class='ocr_line' id='line_1_113' title="bbox 2159 5312 3743 5389; baseline -0.006 -16"><span class='ocrx_word' id='word_1_859' title='bbox 2159 5317 2305 5389; x_wconf 91' lang='lat' dir='ltr'><strong>quod</strong></span> <span class='ocrx_word' id='word_1_860' title='bbox 2327 5317 2486 5388; x_wconf 89' lang='lat' dir='ltr'><strong>quasi</strong></span> <span class='ocrx_word' id='word_1_861' title='bbox 2507 5318 2625 5387; x_wconf 87' lang='lat' dir='ltr'><strong>jam</strong></span> <span class='ocrx_word' id='word_1_862' title='bbox 2654 5317 2848 5372; x_wconf 86' lang='lat' dir='ltr'><strong>fecisse</strong></span> <span class='ocrx_word' id='word_1_863' title='bbox 2875 5315 3335 5389; x_wconf 65' lang='lat' dir='ltr'><strong>praedixitQuod</strong></span> <span class='ocrx_word' id='word_1_864' title='bbox 3358 5315 3589 5370; x_wconf 90' lang='lat' dir='ltr'><strong>omnino</strong></span> <span class='ocrx_word' id='word_1_865' title='bbox 3616 5312 3743 5365; x_wconf 83' lang='lat' dir='ltr'><strong>recte</strong></span> 
     </span>
    </p>
   </div>
   <div class='ocr_carea' id='block_1_114' title="bbox 2158 5407 3743 5479">
    <p class='ocr_par' dir='ltr' id='par_1_114' title="bbox 2158 5407 3743 5479">
     <span class='ocr_line' id='line_1_114' title="bbox 2158 5407 3743 5479; baseline -0.004 -18"><span class='ocrx_word' id='word_1_866' title='bbox 2158 5407 2378 5471; x_wconf 89' lang='lat' dir='ltr'><strong>dicitur,</strong></span> <span class='ocrx_word' id='word_1_867' title='bbox 2413 5407 2546 5477; x_wconf 89' lang='lat' dir='ltr'><strong>quia</strong></span> <span class='ocrx_word' id='word_1_868' title='bbox 2571 5407 2762 5474; x_wconf 89' lang='lat' dir='ltr'><strong>voluit,</strong></span> <span class='ocrx_word' id='word_1_869' title='bbox 2789 5424 2854 5462; x_wconf 90' lang='lat' dir='ltr'><strong>eo</strong></span> <span class='ocrx_word' id='word_1_870' title='bbox 2885 5407 3032 5479; x_wconf 91' lang='lat' dir='ltr'><strong>quod</strong></span> <span class='ocrx_word' id='word_1_871' title='bbox 3064 5407 3142 5461; x_wconf 92' lang='lat' dir='ltr'><strong>sic</strong></span> <span class='ocrx_word' id='word_1_872' title='bbox 3162 5421 3226 5458; x_wconf 89' lang='lat' dir='ltr'><strong>se</strong></span> <span class='ocrx_word' id='word_1_873' title='bbox 3249 5421 3480 5475; x_wconf 86' lang='lat' dir='ltr'><strong>suaque</strong></span> <span class='ocrx_word' id='word_1_874' title='bbox 3512 5422 3525 5470; x_wconf 85' lang='lat'><strong>;</strong></span> <span class='ocrx_word' id='word_1_875' title='bbox 3554 5412 3743 5475; x_wconf 65' lang='lat' dir='ltr'><strong>praepa-</strong></span> 
     </span>
    </p>
   </div>
   <div class='ocr_carea' id='block_1_115' title="bbox 2153 5489 3746 5568">
    <p class='ocr_par' dir='ltr' id='par_1_115' title="bbox 2153 5489 3746 5568">
     <span class='ocr_line' id='line_1_115' title="bbox 2153 5489 3746 5568; baseline -0.008 -16"><span class='ocrx_word' id='word_1_876' title='bbox 2153 5495 2297 5552; x_wconf 86' lang='lat' dir='ltr'><strong>ravit</strong></span> <span class='ocrx_word' id='word_1_877' title='bbox 2319 5496 2527 5559; x_wconf 88' lang='lat' dir='ltr'><strong>omnia,</strong></span> <span class='ocrx_word' id='word_1_878' title='bbox 2552 5495 2631 5548; x_wconf 92' lang='lat' dir='ltr'><strong>sic</strong></span> <span class='ocrx_word' id='word_1_879' title='bbox 2658 5500 2860 5549; x_wconf 88' lang='lat' dir='ltr'><strong>cuncta</strong></span> <span class='ocrx_word' id='word_1_880' title='bbox 2886 5496 3158 5568; x_wconf 87' lang='lat' dir='ltr'><strong>disposuit</strong></span> <span class='ocrx_word' id='word_1_881' title='bbox 3176 5500 3556 5547; x_wconf 80' lang='lat' dir='ltr'><strong>sacramenta</strong></span> <span class='ocrx_word' id='word_1_882' title='bbox 3583 5498 3634 5546; x_wconf 90' lang='lat' dir='ltr'><strong>et</strong></span> <span class='ocrx_word' id='word_1_883' title='bbox 3652 5489 3746 5543; x_wconf 86' lang='lat' dir='ltr'><strong>sin-</strong></span> 
     </span>
    </p>
   </div>
   <div class='ocr_carea' id='block_1_116' title="bbox 2154 5578 3743 5657">
    <p class='ocr_par' dir='ltr' id='par_1_116' title="bbox 2154 5578 3743 5657">
     <span class='ocr_line' id='line_1_116' title="bbox 2154 5578 3743 5657; baseline -0.006 -17"><span class='ocrx_word' id='word_1_884' title='bbox 2154 5585 2302 5657; x_wconf 90' lang='lat' dir='ltr'><strong>gulis</strong></span> <span class='ocrx_word' id='word_1_885' title='bbox 2331 5601 2431 5638; x_wconf 90' lang='lat' dir='ltr'><strong>sua</strong></span> <span class='ocrx_word' id='word_1_886' title='bbox 2452 5584 2597 5638; x_wconf 90' lang='lat' dir='ltr'><strong>dona</strong></span> <span class='ocrx_word' id='word_1_887' title='bbox 2627 5584 2915 5641; x_wconf 90' lang='lat' dir='ltr'><strong>distribuit</strong></span> <span class='ocrx_word' id='word_1_888' title='bbox 2952 5586 3325 5651; x_wconf 85' lang='lat' dir='ltr'><strong>talentorum,</strong></span> <span class='ocrx_word' id='word_1_889' title='bbox 3344 5587 3530 5641; x_wconf 90' lang='lat' dir='ltr'><strong>donec</strong></span> <span class='ocrx_word' id='word_1_890' title='bbox 3548 5578 3743 5636; x_wconf 79' lang='lat' dir='ltr'><strong>redeat.</strong></span> 
     </span>
    </p>
   </div>
   <div class='ocr_carea' id='block_1_117' title="bbox 2155 5673 3748 5749">
    <p class='ocr_par' dir='ltr' id='par_1_117' title="bbox 2155 5673 3748 5749">
     <span class='ocr_line' id='line_1_117' title="bbox 2155 5673 3748 5749; baseline -0.007 -19"><span class='ocrx_word' id='word_1_891' title='bbox 2155 5676 2224 5730; x_wconf 88' lang='lat' dir='ltr'><strong>Et</strong></span> <span class='ocrx_word' id='word_1_892' title='bbox 2250 5680 2384 5732; x_wconf 90' lang='lat' dir='ltr'><strong>tunc</strong></span> <span class='ocrx_word' id='word_1_893' title='bbox 2412 5674 2580 5747; x_wconf 90' lang='lat' dir='ltr'><strong>coepit</strong></span> <span class='ocrx_word' id='word_1_894' title='bbox 2606 5673 2881 5730; x_wconf 89' lang='lat' dir='ltr'><strong>rationem</strong></span> <span class='ocrx_word' id='word_1_895' title='bbox 2912 5692 3119 5748; x_wconf 88' lang='lat' dir='ltr'><strong>ponere</strong></span> <span class='ocrx_word' id='word_1_896' title='bbox 3138 5692 3274 5731; x_wconf 89' lang='lat' dir='ltr'><strong>cum</strong></span> <span class='ocrx_word' id='word_1_897' title='bbox 3309 5678 3398 5733; x_wconf 86' lang='lat' dir='ltr'><strong>eis</strong></span> <span class='ocrx_word' id='word_1_898' title='bbox 3420 5675 3626 5749; x_wconf 88' lang='lat' dir='ltr'><strong>quibus</strong></span> <span class='ocrx_word' id='word_1_899' title='bbox 3660 5682 3748 5724; x_wconf 85' lang='lat' dir='ltr'><strong>sua</strong></span> 
     </span>
    </p>
   </div>
  </div>
