3888 6172
191 343 291 399 629

895 343 1275 399 EXPOSITIO
1316 344 1394 399 IN
1431 345 1874 402 MATTHAEUM.
1909 378 1975 391 —
2013 348 2150 403 LIB.
2197 349 2342 417 VIII,
2386 350 2544 408 CAP.
2586 352 2787 409 XVIII.

3354 354 3462 415 630

185 466 414 537 largitus
442 472 532 522 est
558 467 792 531 talenta,
822 468 1046 540 quando
1076 468 1268 535 voluit,
1297 470 1632 543 quandoque
1650 471 2035 544 ipseAsolvit,
2071 474 2297 529 veniens
2327 474 2387 530 in
2406 491 2635 530 sensum
2663 492 2859 531 eorum
2891 482 2949 531 et
2966 477 3227 550 aperiens
3246 478 3328 533 eis
3353 494 3456 550 pa-

187 555 459 610 discrevit.
488 556 558 610 Et
575 562 709 611 tunc
731 557 976 611 ﬁnienda
995 562 1080 611 est
1100 557 1214 612 haec
1235 558 1398 623 ratio,
1414 560 1639 629 quando
1656 559 1778 613 uni-

185 660 335 697 versa
381 645 614 716 negotia
641 646 931 716 praesentis
958 645 1082 700 vitae
1134 646 1296 701 ﬁnita
1329 653 1514 713 erunt,
1550 653 1614 702 ut
1643 653 1777 702 tunc

1859 560 2064 616 rabolae
2091 562 2388 617 thesauros
2417 561 2700 628 obscuros,
2723 569 2782 619 et
2810 571 3053 620 secretos
3081 571 3268 632 160
3287 572 3456 637 atque

1859 650 2180 716 invisibiles,
2199 653 2538 706 conﬁrmans
2571 668 2666 706 eos
2694 653 3268 709 demonstrationibus
3296 655 3458 710 indu-

182 731 407 803 incipiat
425 732 679 804 singulos
707 733 985 789 discutere
1019 734 1089 788 de
1118 740 1415 805 apportato
1445 736 1619 803 lucro,
1649 753 1778 791 cum
1859 736 2182 793 bitabilibus
2207 758 2219 806 ;
2260 740 2462 794 deinde
2512 756 2583 794 ne
2621 740 2762 794 alios
2791 742 3108 796 excluderet
3140 742 3211 796 ab
3243 743 3346 797 hac
3374 742 3455 797 le-

178 822 288 891 jam
318 822 646 890 negotiandi
678 827 898 894 tempus
929 823 1078 877 ultra
1103 839 1214 877 non
1245 824 1378 879 erit.

244 910 462 964 Etcum
493 915 746 979 cepisset,
770 911 971 982 inquit,
1008 915 1277 966 rationem
1310 929 1529 982 ponere,
1558 914 1771 967 oblatus

181 1003 248 1051 est
270 1001 321 1052 ei
340 1014 496 1052 unus
518 1003 618 1068 qui
631 1001 846 1054 debebat
861 1001 1038 1055 decem
1059 1003 1244 1055 millia
1264 1002 1768 1069 talenta.Audistis,

178 1085 391 1153 fratres,
427 1103 598 1158 quam
625 1105 772 1159 saepe
813 1088 872 1143 in
902 1089 1006 1143 hoc
1035 1089 1155 1159 ipso
1196 1090 1516 1160 Evangelio,
1551 1091 1770 1162 quoties

178 1175 432 1229 Salvator
448 1176 508 1231 in
529 1176 809 1248 parabolis
829 1176 901 1231 ad
926 1177 1331 1248 negotiandum
1349 1195 1482 1233 suas
1504 1180 1772 1250 pecunias

176 1280 384 1335 suaque
404 1266 625 1320 talenta
642 1266 760 1321 suis
777 1267 1056 1321 commisit
1068 1268 1229 1338 juxta
1252 1284 1573 1322 mensuram
1583 1268 1773 1339 singu-

175 1354 370 1419 lorum,
390 1354 589 1426 sicque
610 1354 763 1409 abiit.
793 1356 862 1410 Et
885 1372 1030 1410 unus
1061 1356 1187 1427 plus
1206 1356 1438 1427 accepit,
1472 1357 1616 1411 alius
1641 1375 1769 1413 vero

175 1442 372 1498 minus.
405 1444 605 1514 Itaque
636 1444 1016 1516 unusquisque
1036 1444 1342 1500 secundum
1362 1446 1645 1517 propriam
1665 1446 1771 1501 vir-

172 1536 360 1586 tutem.
381 1532 664 1595 Quoniam
678 1526 797 1604 ipse
817 1534 1227 1605 quidistribuit,
1251 1535 1606 1605 singulorum
1625 1536 1768 1591 vires

171 1621 310 1675 solus
321 1622 490 1675 novit
513 1628 572 1676 et
597 1630 871 1693 quantum
893 1624 1194 1695 unicuique
1212 1630 1398 1690 σευ
1410 1625 1544 1679 dare
1568 1625 1773 1681 debue-

168 1710 252 1763 rit.
294 1711 427 1765 Αἰξί
458 1711 685 1781 quidem
722 1714 869 1765 dedit
909 1716 1156 1782 quinque
1199 1717 1427 1780 talenta,
1461 1712 1602 1767 forte
1635 1716 1771 1785 quia

1859 826 2041 881 ctione
2062 827 2338 894 doctores,
2369 829 2577 899 adjecit
2596 829 2804 893 dicens,
2830 835 2929 884 aut
2956 830 3097 884 forte
3126 847 3255 884 eum
3286 848 3455 902 quem

1853 916 2094 969 voluerit
2114 917 2431 971 illuminare
2448 917 2656 972 lumine
2680 918 2926 972 scientiae
2944 922 3078 984 suae,
3093 925 3158 972 ut
3173 919 3455 989 intelligat

1855 1004 2044 1058 omnia
2065 1004 2342 1076 parabolae
2362 1006 2457 1076 buj
2467 1023 2549 1059 us.
2578 1006 2647 1061 Et
2663 1023 2789 1060 cum
2807 1007 3187 1078 proposuisset
3202 1008 3452 1077 singulas

1854 1108 2141 1162 personas,
2165 1094 2395 1164 quinam
2425 1099 2573 1148 esset
2601 1111 2695 1148 rex
2712 1094 2837 1161 iste,
2857 1096 2951 1166 qui
2969 1112 3160 1150 servus
3184 1096 3280 1168 qui
3298 1096 3449 1150 obla-

1854 1187 1944 1235 tus
1972 1187 2074 1247 est,
2112 1182 2276 1253 quive
2316 1182 2397 1236 illi
2428 1182 2524 1252 qui
2555 1198 2683 1236 eum
2713 1182 3054 1249 obtulerunt,
3085 1200 3208 1255 quae
3234 1201 3373 1239 uxor
3392 1190 3450 1239 et

1854 1269 1949 1340 qui
1975 1270 2093 1335 ﬁlii,
2124 1276 2181 1325 et
2201 1288 2325 1341 qua:
2350 1270 2542 1325 omnia
2563 1272 2704 1341 ejus,
2729 1288 2828 1325 seu
2854 1277 3054 1326 caetera
3074 1289 3196 1343 quae
3216 1272 3449 1343 longum

1852 1364 1940 1412 est
1967 1376 2313 1414 enumerare.
2345 1360 2442 1414 Est
2471 1359 2642 1427 enim,
2674 1359 2877 1431 inquit,
2902 1360 3191 1431 sapientiae
3213 1361 3312 1415 Dei
3342 1362 3447 1415 hoc

1853 1465 2012 1518 opus,
2038 1454 2102 1503 ut
2118 1449 2199 1503 ita
2217 1448 2419 1513 dicam,
2450 1465 2517 1502 ea
2546 1448 2740 1503 omnia
2767 1448 3059 1502 disserere.
3093 1448 3447 1520 Quapropter

1852 1536 2162 1607 perpendat
2198 1537 2379 1591 fidelis
2418 1537 2663 1603 animus,
2697 1542 2909 1608 quanta
2936 1537 3239 1592 difﬁcultas
3266 1537 3326 1591 in
3358 1536 3447 1592 his

1854 1641 1975 1679 esse
2015 1626 2210 1696 possit,
2243 1625 2339 1680 ubi
2371 1626 2641 1695 magister
2686 1627 2943 1682 Ecclesiae
2982 1626 3135 1680 illius
3177 1627 3448 1697 temporis

1850 1718 1968 1767 tam
1996 1713 2183 1769 divina
2208 1715 2384 1769 sensit
2407 1720 2465 1769 et
2490 1715 2724 1771 eximia.
2754 1715 2909 1770 Licet
2935 1715 3028 1770 ille
3056 1715 3227 1770 altius
3254 1732 3322 1770 ea
3350 1732 3446 1771 vo-

166 1804 377 1853 lantum
411 1800 602 1870 potuit
628 1806 889 1855 tractare.
923 1804 1039 1856 Alii
1077 1808 1263 1855 autem
1304 1804 1430 1867 duo,
1468 1802 1627 1873 quasi
1667 1804 1763 1874 qui
1791 1786 2025 1856 Bluerit
2053 1803 2337 1867 extollere,
2382 1804 2743 1875 allegorizare
2782 1821 2951 1875 quam
2990 1805 3129 1859 ﬁdes
3171 1805 3449 1860 catholica

167 1886 341 1941 minus
354 1888 630 1958 potuerit.
647 1891 765 1944 Alii
779 1906 902 1943 vero
918 1907 1115 1956 unum,
1134 1891 1296 1960 juxta
1316 1890 1459 1945 vires
1475 1891 1763 1961 qualitatis

165 1992 289 2029 sum.
323 1976 425 2030 Sic
457 1982 515 2031 et
536 1977 596 2032 in
622 1978 747 2032 aliis
777 1978 937 2046 locis,
969 1978 1062 2033 ubi
1086 1979 1247 2050 plura
1275 1979 1393 2033 suis
1421 1980 1630 2045 divisit,
1663 1996 1763 2051 pro

161 2064 350 2135 quibus
373 2065 646 2120 omnibus
670 2067 943 2121 rationem
974 2067 1268 2121 habiturus
1299 2085 1426 2123 cum
1457 2068 1555 2133 eis,
1591 2069 1757 2124 redit.

165 2153 259 2207 Sed
291 2154 431 2225 quis
468 2155 563 2220 sit,
595 2173 720 2210 cum
774 2157 1031 2228 coepisset
1084 2156 1361 2211 rationem
1406 2173 1614 2227 ponere
1659 2158 1764 2214 iste

165 2258 316 2308 unus,
359 2243 470 2315 qui
501 2247 715 2299 oblatus
746 2252 819 2299 est
866 2248 933 2311 ei,
985 2261 1097 2299 non
1145 2245 1425 2300 immerito
1467 2246 1757 2316 quaeritur.

164 2331 296 2394 Quia
333 2332 455 2386 etsi
494 2333 565 2387 de
620 2320 727 2387 illo.
747 2334 946 2389 ultimo
976 2334 1251 2399 examine,
1284 2335 1507 2405 quando
1536 2335 1606 2389 de
1650 2336 1764 2390 sin-

160 2421 296 2490 gulis
324 2422 605 2492 operibus
634 2422 842 2493 singuli
866 2424 981 2477 Deo
1011 2423 1289 2477 rationem
1312 2423 1586 2477 reddituri
1606 2430 1757 2490 sunt,

160 2510 254 2563 hoc
299 2510 530 2564 dictum
587 2511 909 2582 accipimus,
954 2518 1018 2565 ut
1062 2518 1199 2566 tunc
1248 2512 1318 2578 ei,
1364 2528 1493 2565 cum
1531 2512 1763 2583 coeperit

157 2598 433 2654 rationem
471 2616 700 2670 ponere,
731 2600 1047 2654 efferendus
1096 2601 1172 2655 sit
1213 2600 1319 2655 iste
1361 2600 1555 2655 decem
1584 2601 1762 2655 talen-

157 2692 330 2742 torum
360 2688 615 2753 debitor,
644 2689 990 2760 impossibile
1042 2689 1170 2754 crit,
1199 2694 1264 2744 ut
1307 2688 1396 2743 hic
1441 2688 1571 2743 talis
1606 2689 1761 2743 dein-

157 2791 273 2847 ceps
294 2794 443 2832 suos
471 2793 768 2832 conservos
796 2777 1046 2848 affligere
1076 2777 1271 2849 possit,
1306 2782 1406 2831 aut
1433 2793 1610 2832 unum
1662 2794 1760 2832 eo-

154 2881 288 2929 rum,
328 2882 458 2920 non
487 2865 616 2922 dico
645 2867 938 2929 suffocare,
971 2882 1163 2920 verum
1192 2882 1294 2920 nec
1324 2866 1394 2920 ab
1425 2883 1491 2921 eo
1538 2872 1603 2921 ut
1638 2867 1756 2922 exi-

1848 1891 2142 1961 permittit,
2175 1892 2309 1962 quia
2328 1895 2426 1961 qui
2453 1894 2657 1960 fortius
2669 1896 2877 1962 premit
2899 1895 3091 1960 ubera,
3119 1898 3265 1949 teste
3293 1894 3444 1949 Scri-

1847 1984 2031 2049 ptura,
2054 1995 2164 2033 non
2183 1982 2358 2033 eliciet
2383 1983 2486 2046 lac,
2509 1982 2601 2034 sed
2619 1984 2951 2048 sanguinem
2971 1983 3150 2047 (Prov.
3181 1998 3304 2047 xxx,
3330 1980 3441 2047 33}.

1848 2068 1918 2122 Et
1945 2068 2068 2122 ideo
2089 2084 2191 2123 nos
2226 2069 2299 2122 ad
2323 2074 2544 2123 nosmet
2575 2069 2895 2133 redeamus,
2930 2069 3134 2123 deinde
3176 2070 3248 2123 ad
3272 2071 3444 2125 ﬁnem

1845 2155 2122 2226 parabolae
2139 2161 2195 2211 et
2212 2158 2283 2211 ad
2305 2158 2718 2212 conclusionem
2744 2157 3066 2224 Salvatoris;
3087 2157 3219 2229 quia
3239 2175 3353 2212 non
3370 2158 3445 2214 ad

1845 2261 2118 2316 supernas
2137 2251 2195 2300 et
2213 2247 2493 2316 angelicas
2514 2246 2707 2302 ruinas
2723 2247 2840 2301 haec
2860 2245 3127 2318 parabola
3150 2246 3446 2303 referenda

1844 2339 1947 2399 est,
1979 2334 2079 2388 sed
2106 2334 2177 2388 ad
2206 2351 2306 2390 nos
2336 2335 2538 2407 quibus
2564 2335 2773 2391 dicitur
2805 2353 2819 2390 :
2861 2336 2954 2391 Sic
2993 2339 3042 2390 et
3091 2337 3254 2390 Pater
3292 2352 3443 2391 meus

1844 2425 2061 2477 caelestis
2089 2425 2254 2490 faciet
2282 2426 2447 2491 vobis,
2478 2428 2528 2479 si
2558 2441 2669 2479 non
2696 2427 3027 2479 remiseritis
3064 2427 3443 2494 unusquisque

1842 2512 1906 2564 de
1934 2512 2188 2564 cordibus
2216 2517 2428 2566 vestris.
2471 2512 2825 2584 Quapropter
2852 2513 2976 2584 ipsa
3011 2512 3094 2567 vis
3143 2511 3445 2568 verborum

1844 2598 2250 2654 consideranda
2266 2605 2369 2665 est,
2383 2600 2431 2655 si
2450 2600 2591 2655 forte
2613 2618 2678 2656 ex
2693 2601 2869 2672 ipsius
2891 2600 3115 2656 Domini
3135 2601 3299 2656 dictis
3319 2618 3447 2657 sen-

1842 2704 1938 2742 sus
1958 2688 2122 2743 nobis
2136 2688 2439 2743 illucescat.
2455 2689 2549 2743 Ait
2563 2689 2712 2744 enim
2732 2707 2743 2742 :
2761 2690 2896 2744 Cum
2916 2693 3150 2759 cepisset
3164 2693 3441 2745 rationem

1838 2793 2058 2846 ponere,
2088 2778 2303 2832 oblatus
2328 2782 2403 2832 est
2422 2780 2475 2832 ei
2504 2795 2651 2832 unus
2682 2781 2782 2848 qui
2808 2780 3025 2833 debebat
3053 2781 3231 2833 decem
3252 2780 3443 2833 millia

1841 2868 2069 2919 talenta.
2098 2865 2242 2930 Quid
2272 2883 2405 2937 ergo
2432 2873 2596 2938 putas
2626 2867 2831 2922 dixisse
2871 2867 3173 2922 Dominum
3215 2868 3440 2939 quando

152 2969 273 3022 gere
293 2954 604 3024 pecuniam
625 2955 897 3025 possit.Et
913 2955 1038 3009 ideo
1056 2956 1419 3026 quaerendum
1432 2961 1518 3010 est
1530 2957 1755 3027 quando
1839 2953 1920 3008 ait
1946 2972 1958 3007 :
1994 2954 2134 3008 Cum
2160 2958 2393 3025 coepisset
2422 2958 2698 3010 rationem
2722 2972 2921 3025 ponere
2949 2962 2973 3010 Ρ
2995 2957 3119 3011 Non
3153 2956 3302 3011 enim
3332 2956 3433 3024 ait,

155 3042 261 3096 haec
290 3043 448 3097 ratio
475 3060 598 3097 esse
617 3043 804 3114 cmpit,
833 3048 897 3098 ut
916 3052 973 3098 et
997 3050 1121 3115 post
1152 3044 1558 3114 indulgentiam
1582 3046 1760 3100 talen-
1839 3042 2061 3097 oblatus
2118 3049 2204 3098 est
2260 3044 2312 3098 ei
2344 3060 2509 3111 unus,
2541 3050 2783 3116 ponente
2807 3046 2927 3115 jam
2975 3061 3040 3099 eo
3073 3045 3348 3100 rationem
3377 3045 3439 3101 in

154 3136 347 3197 torum,
404 3149 610 3187 rursus
659 3132 765 3186 iste
812 3149 939 3187 cum
988 3150 1090 3188 suo
1132 3150 1397 3188 conservo
1441 3134 1754 3205 disceptare
1776 3119 1819 3179 C
1841 3132 1960 3204 ipso
1984 3132 2215 3202 judicio,
2247 3133 2344 3187 sed
2376 3149 2502 3187 cum
2532 3133 2791 3205 cmpisset
2826 3133 3105 3188 rationem
3135 3150 3341 3205 ponere
3371 3139 3436 3190 ut

151 3228 314 3290 queat
330 3238 440 3293 pro
469 3221 695 3275 debitis.
724 3223 802 3275 Ac
825 3221 1029 3275 deinde
1060 3222 1328 3276 Dominus
1357 3239 1483 3276 cum
1511 3223 1755 3278 audierit
1836 3220 2437 3292 subaudiaturjudicii.
2454 3221 2730 3286 Quoniam
2749 3222 2901 3277 aliud
2920 3229 3144 3293 tempus
3162 3222 3438 3279 estfuturi

151 3324 267 3378 quae
284 3312 470 3364 relata
497 3316 687 3364 sunta
717 3312 1013 3375 conservis,
1041 3311 1265 3381 quando
1289 3328 1390 3382 pro
1423 3311 1508 3366 his
1534 3329 1663 3365 eum
1695 3312 1754 3366 in
1830 3309 2050 3379 judicii,
2096 3316 2154 3364 et
2190 3310 2345 3364 aliud
2387 3310 2610 3381 quando
2663 3311 2846 3382 posita
2896 3316 2981 3366 est
3009 3312 3154 3366 ratio
3183 3312 3436 3383 ejusdem

143 3398 418 3466 judicium
454 3415 718 3453 revocare
746 3399 938 3470 possit.
971 3400 1125 3454 Alias
1151 3406 1360 3466 autem,
1385 3400 1492 3455 nisi
1513 3407 1641 3472 post
1661 3418 1754 3455 ve-
1830 3397 2032 3467 judicii
2083 3415 2094 3450 :
2130 3397 2405 3452 rationem
2440 3398 2646 3470 quippe
2686 3398 2884 3469 judicii
2917 3415 3012 3453 rex
3051 3404 3244 3453 noster
3272 3400 3434 3455 Iesus

148 3486 288 3541 niam
318 3488 439 3541 sibi
463 3487 740 3541 indultum
764 3488 992 3559 aliquod
1020 3495 1242 3559 tempus
1270 3496 1435 3556 esset,
1464 3506 1574 3560 quo
1595 3495 1753 3544 tanta
1836 3485 2108 3553 Christus,
2154 3485 2284 3557 quia
2313 3487 2479 3541 homo
2504 3486 2683 3542 factus
2710 3492 2814 3551 est,
2850 3492 2970 3541 tum
3001 3487 3170 3559 cepit
3196 3504 3424 3560 ponere,

142 3577 498 3630 committere
530 3576 763 3642 valeret,
799 3576 947 3648 quod
978 3584 1105 3648 post
1125 3577 1399 3647 judicium
1435 3583 1744 3648 peractum,
1832 3574 2055 3645 quando
2083 3574 2201 3645 ipse
2230 3591 2331 3646 pro
2360 3575 2522 3630 nobis
2549 3575 2609 3630 in
2642 3575 2825 3646 primo
2853 3575 3095 3630 adventu
3123 3592 3226 3630 suo
3256 3577 3433 3632 voluit

145 3665 282 3732 quod
308 3665 578 3719 futurum
604 3670 709 3729 est,
742 3665 971 3719 omnino
998 3682 1111 3719 non
1141 3665 1268 3731 erit,
1291 3682 1645 3736 nequaquam
1676 3666 1748 3720 ad
1825 3662 2086 3733 judicari,
2111 3669 2168 3718 et
2194 3679 2295 3735 pro
2320 3663 2480 3718 nobis
2509 3664 2644 3735 pati,
2676 3664 2764 3718 vel
2793 3663 3017 3735 quando
3042 3664 3224 3733 legem
3250 3664 3426 3731 dedit,

146 3756 356 3807 tantum
404 3753 610 3807 infelix
641 3753 943 3808 discrimen
988 3753 1130 3808 forte
1163 3754 1527 3824 pervenisset.
1564 3754 1741 3820 Unde,
1830 3750 2052 3821 quando
2076 3750 2145 3804 de
2173 3751 2337 3804 caelo:
2368 3754 2649 3821 Prospexit
2670 3768 2836 3821 super
2862 3746 3006 3820 ﬁlios
3030 3752 3343 3818 hominum,
3367 3757 3433 3806 ut

145 3842 265 3911 quia
290 3843 469 3897 aliter
491 3859 617 3897 esse
647 3860 758 3897 non
777 3843 977 3913 potuit,
1009 3842 1151 3897 forte
1182 3842 1472 3913 signanter
1502 3843 1746 3914 Evange-
1829 3842 2031 3893 videret
2059 3843 2108 3893 si
2133 3844 2261 3894 esset
2282 3842 2594 3907 intelligens
2617 3845 2717 3894 aut
2740 3842 3027 3909 requirens
3052 3841 3223 3894 Deum
3244 3858 3262 3904 ;
3293 3842 3430 3909 quia

144 3929 280 3997 lista,
310 3932 439 3986 imo
458 3931 582 4002 ipse
613 3930 904 3996 Dominus,
938 3930 1033 4002 qui
1064 3932 1208 3985 hanc
1239 3930 1399 3985 nobis
1419 3931 1746 4003 parabolam
1828 3930 2452 3993 omnesdeclinaverant,
2471 3944 2583 3982 non
2597 3930 2825 3997 eratqui
2836 3929 3039 3995 faceret
3064 3929 3288 3997 bonum,
3315 3944 3429 3983 non

142 4021 454 4092 proposuit,
488 4020 574 4074 ait
604 4038 617 4073 :

214 4110 484 4178 Egressus
502 4114 691 4163 autem
713 4125 899 4162 servus
919 4112 1030 4174 ille,
1046 4111 1255 4162 invenit
1277 4125 1453 4162 unum
1468 4111 1531 4163 de
1542 4126 1752 4164 conser-

148 4201 220 4251 ris
232 4203 373 4256 suis.
389 4198 505 4263 Qui
525 4198 700 4251 miser
716 4197 827 4251 nisi
847 4214 1104 4268 egressus
1125 4203 1290 4267 esset,
1311 4202 1368 4251 et
1384 4204 1509 4269 post
1526 4198 1749 4253 veniam

147 4286 633 4358 indulgentiarum
655 4303 691 4340 a
711 4286 963 4349 Domino,
981 4293 1038 4340 et
1056 4285 1125 4339 ab
1147 4284 1500 4340 observantia
1522 4287 1749 4341 manda-

1832 4022 1951 4071 erat
1980 4033 2147 4086 usque
2166 4018 2240 4071 ad
2272 4033 2449 4071 unum
2473 4018 2637 4088 (Psal.
2669 4030 2787 4081 xm,
2808 4014 2863 4080 2,
2888 4015 2968 4083 3).
2992 4016 3101 4082 Qui
3122 4016 3430 4089 unus,quia

1833 4122 2026 4160 omnes
2065 4120 2239 4160 unum
2261 4104 2391 4159 facti
2423 4110 2586 4160 erant
2625 4106 2685 4160 in
2716 4122 2901 4160 massa
2930 4106 3162 4178 peccati,
3195 4112 3425 4178 propter

1832 4194 2343 4265 praevaricationem
2372 4194 2536 4266 primi
2566 4194 2810 4249 hominis
2830 4194 3050 4250 oblatus
3075 4200 3161 4250 est
3176 4196 3227 4250 ei
3246 4200 3419 4262 totus,

1830 4283 2108 4354 obligatus
2136 4283 2387 4350 vinculis,
2421 4288 2478 4338 et
2507 4283 2789 4338 involutus
2818 4284 3167 4351 criminibus,
3200 4288 3300 4355 qui
3327 4287 3423 4340 de-

148 4381 326 4430 torum
359 4378 512 4448 ejus,
562 4392 853 4446 nunquam
885 4375 1021 4429 talia
1059 4382 1172 4428 tam
1218 4374 1519 4429 crudeliter
1549 4392 1748 4447 perpe-
1772 4436 1808 4448 Π
1832 4374 1979 4426 bebat
2007 4374 2184 4427 decem
2209 4375 2394 4427 millia
2416 4374 2645 4438 talenta,
2663 4373 2928 4444 quoniam
2947 4373 3004 4427 in
3033 4374 3186 4428 omni
3214 4390 3421 4445 genere

148 4468 365 4518 trasset.
388 4436 510 4518 Sed
526 4463 660 4533 quia
679 4436 795 4516 liaac
814 4462 1080 4534 parabola
1096 4462 1493 4517 obscurissima
1510 4436 1744 4531 videtur,
1772 4436 1813 4493 υ
1830 4462 2075 4516 humano
2101 4462 2217 4517 haec
2261 4461 2530 4534 iniquitas
2558 4436 2815 4534 respersa
2855 4467 2994 4516 erat.
3030 4462 3165 4526 Quae
3215 4436 3425 4534 iniqui-

146 4558 197 4605 et
220 4552 276 4606 in
297 4552 504 4607 multis
525 4551 878 4615 difﬁcillima,
895 4551 1357 4622 qualitercumque
1380 4552 1747 4624 requirendus

147 4647 224 4694 est
250 4642 484 4705 modus,
519 4646 582 4694 ut
612 4657 747 4694 sane
772 4640 1144 4709 intelligatur.
1178 4640 1322 4704 Quia
1350 4642 1601 4695 nonnulli
1624 4642 1745 4695 fue-

146 4739 268 4785 runt
293 4731 401 4801 qui
430 4746 533 4801 pro
561 4730 684 4799 ejus
703 4729 1033 4783 difﬁcultate
1060 4729 1117 4782 in
1140 4728 1419 4800 aliquibus
1446 4730 1581 4783 locis
1600 4747 1749 4785 erra-

145 4827 339 4874 verunt
370 4837 410 4873 ιι
438 4836 591 4883 vero,
634 4824 691 4871 et
719 4818 822 4889 ipsi
858 4818 1212 4889 interpretes,
1246 4818 1342 4889 qui
1376 4835 1568 4873 eorum
1601 4819 1747 4873 dicta

140 4904 204 4961 de
232 4908 438 4963 Graeco
466 4907 539 4961 ad
571 4906 803 4961 Latinas
822 4923 987 4961 aures
1010 4908 1441 4971 transtulerunt,
1475 4925 1586 4961 non
1612 4908 1748 4963 satis

144 5011 337 5051 eorum
371 5013 599 5050 errores
618 5001 953 5067 purgarunt,
984 5012 1053 5049 ne
1082 4996 1387 5050 offenderet
1404 4995 1461 5050 in
1496 4997 1579 5050 his
1610 4996 1747 5050 sim-

146 5084 261 5154 plex
302 5086 507 5151 lector,
557 5101 739 5156 neque
782 5100 843 5137 os
896 5083 1050 5156 putei
1088 5084 1428 5139 clauserunt.
1471 5085 1746 5149 Quoniam

145 5174 267 5227 talis
291 5180 577 5244 tantaque
594 5173 896 5228 difficultas
922 5179 1008 5227 est
1028 5173 1084 5226 in
1104 5173 1190 5226 his
1214 5172 1380 5228 rebus
1402 5190 1524 5245 qua:
1545 5190 1748 5245 propo-

146 5269 381 5328 nuntur,
422 5269 485 5317 ut
511 5264 850 5317 conﬁteatur
890 5262 1160 5333 Origenes
1191 5262 1249 5316 in
1278 5262 1395 5317 suis
1443 5263 1743 5333 opusculis,

146 5353 439 5406 neminem
478 5352 648 5421 hujus
675 5349 955 5422 parabole:
997 5356 1213 5406 textum
1245 5351 1317 5404 ad
1354 5350 1628 5421 liquidum
1658 5351 1747 5406 in-

146 5440 406 5512 telligere
431 5457 618 5511 posse;
639 5447 695 5494 et
707 5445 769 5494 ut
789 5439 1030 5510 propriis
1051 5440 1172 5510 ejus
1195 5445 1321 5493 utar
1332 5438 1617 5504 verbis,ait
1636 5439 1743 5493 ita:

146 5528 286 5583 Vere
313 5530 597 5583 conﬁteor
627 5528 908 5584 neminem
942 5529 1086 5582 hanc
1121 5545 1397 5599 exponere
1429 5545 1608 5599 posse,
1640 5528 1748 5583 nisi

148 5617 325 5672 solum
360 5618 676 5685 Christum,
708 5617 804 5688 qui
832 5617 1125 5690 discipulis
1169 5617 1285 5671 suis
1319 5617 1509 5672 omnia
1537 5624 1748 5672 secrete

1829 4557 1914 4605 tas
1937 4553 2100 4622 juxta
2128 4551 2453 4606 Zachariam
2500 4553 2830 4622 prophetam
2861 4551 3019 4605 sedet
3047 4567 3215 4622 super
3245 4552 3419 4607 talen-

1828 4646 1948 4694 tum
1967 4640 2198 4711 plumbi.
2221 4640 2331 4694 Sed
2350 4640 2542 4694 decem
2566 4639 2738 4693 millia
2756 4640 2967 4693 talenta
2988 4639 3111 4693 ideo
3130 4639 3416 4707 dicuntur,

1830 4730 1963 4800 quia
1984 4730 2067 4783 lex
2096 4729 2153 4782 in
2183 4728 2376 4782 decem
2420 4728 2710 4799 praeceptis
2747 4728 3190 4783 commendatur.
3232 4734 3403 4795 θυι

1831 4818 1889 4872 Si
1917 4817 2067 4872 enim
2096 4816 2420 4887 diligentius
2447 4822 2729 4870 scrutatus
2772 4816 2947 4870 fueris
2994 4816 3170 4889 ipsius
3198 4818 3420 4873 numeri

1830 4909 2059 4970 secreta,
2111 4905 2464 4976 latebrasque
2511 4906 2632 4976 ejus
2688 4904 3025 4976 inquisieris,
3085 4908 3418 4962 monstrabi-

1828 5002 1923 5049 tur
1968 4994 2071 5049 tibi
2112 4994 2337 5066 justitia
2388 4994 2508 5064 lege
2554 4993 2653 5048 Dei
2702 4994 3025 5061 constituta,
3061 5013 3227 5067 quam
3270 4997 3419 5068 quis-

1830 5101 1936 5155 que
1964 5084 2059 5155 qui
2092 5082 2507 5154 contempserit,
2539 5082 2699 5154 quasi
2730 5083 2965 5138 violator
3012 5090 3417 5156 praeceptorum

1830 5174 1931 5227 Dei
1961 5189 2090 5227 reus
2117 5177 2360 5237 tenetur,
2393 5171 2527 5226 dum
2572 5188 2673 5226 nec
2701 5173 3017 5228 naturalem
3056 5173 3237 5244 legem
3286 5173 3420 5228 insi-

1829 5268 1946 5315 tam
1972 5261 2153 5332 primo
2182 5260 2395 5315 homini
2423 5261 2746 5328 servaverit,
2778 5278 2881 5316 nec
2909 5261 3098 5316 datam
3130 5278 3233 5333 per
3258 5262 3419 5336 Moy-

1830 5366 1928 5403 sen
1958 5348 2302 5404 custodierit.
2346 5350 2416 5404 Et
2445 5349 2569 5404 ideo
2605 5349 2699 5404 ille
2729 5348 2967 5405 debebat
3003 5350 3195 5405 decem
3243 5351 3421 5407 millia

1829 5439 2189 5504 talentorum,
2221 5438 2486 5510 quoniam
2517 5438 2935 5493 memorabilem
2978 5439 3137 5494 illum
3196 5440 3418 5496 decalo-

1828 5545 1984 5599 gum,
2010 5527 2278 5599 scriptum
2308 5528 2484 5599 digito
2502 5528 2621 5593 Dei,
2638 5528 2906 5582 traditum
2928 5530 3133 5601 populo
3157 5530 3278 5594 Dei,
3301 5544 3418 5582 cor-

1829 5623 2079 5689 ruperat.
2122 5615 2368 5672 Debebat
2398 5631 2530 5686 ergo
2575 5615 2766 5669 decem
2819 5616 2996 5670 millia
3049 5617 3411 5681 talentorum,
