3888 6172
457 276 557 334 631
1235 279 1292 334 S.
1334 276 1711 335 PASCIIASII
1751 272 2111 329 RADBERTI
2150 270 2455 326 ABBATIS
2495 264 2986 325 CORBEIENSIS.
3566 262 3649 318 632

455 407 687 475 propter
704 419 1004 459 numerum
1025 403 1183 474 legis,
1211 404 1344 474 quia
1362 404 1695 458 criminosus
1713 400 1898 455 omnia
1928 415 2049 470 pec-
2066 399 2111 457 A
2132 397 2446 451 ostendere.
2474 394 2579 458 Qui
2608 392 2855 484 profecto
2872 398 3081 484 tropus
3109 388 3165 484 in
3192 385 3467 484 Scripturis
3489 387 3650 484 divinis

455 498 576 546 cata
608 482 981 556 contraxerat,
1016 511 1138 565 qua;
1168 494 1223 546 in
1255 494 1376 562 lege
1409 493 1769 545 damnantur,
1805 488 2054 544 Debebat
2139 485 2463 539 notissimus
2488 490 2573 537 est
2600 490 2655 536 et
2685 480 2917 535 diversis
2944 479 3217 531 formatur
3244 475 3423 538 modis,
3463 475 3583 529 sicut
3609 482 3652 530 et

456 585 515 634 et
546 581 638 635 ille
660 584 781 649 ejus
812 599 1108 636 conservus
1129 587 1351 635 centum
1382 580 1661 641 denarios,
1697 580 1835 633 nihil
1869 578 2053 631 minus
2136 575 2240 628 hoc
2268 576 2406 631 loco.
2448 590 2546 645 per
2594 575 2697 626 hoc
2744 570 2891 642 quod
2933 570 3096 639 jubet
3122 568 3315 629 facere,
3342 567 3520 620 factum
3557 567 3651 636 jam

460 668 532 722 ab
561 671 754 724 eodem
782 687 1049 732 numero;
1082 687 1209 724 nam
1242 669 1424 722 decies
1449 677 1672 722 centum
1712 670 1856 722 ﬁunt
1880 666 2048 733 mille,
2130 664 2284 734 justo
2324 680 2424 718 suo
2464 662 2676 733 judicio
2713 661 3080 715 demonstrat.
3131 656 3363 710 Necdum
3410 661 3568 708 tamen
3605 671 3649 708 in

460 757 607 813 sicut
623 765 679 811 et
702 759 885 812 decies
911 758 1062 812 mille
1090 759 1279 829 decem
1313 756 1506 823 millia,
1532 757 1609 810 sic
1629 761 1686 810 et
1709 756 1892 810 decies
1923 754 2051 809 deni
2136 769 2356 807 carcere
2382 752 2546 823 jubet
2594 750 2764 812 mitti,
2804 749 2953 820 quod
2993 747 3065 802 ad
3091 746 3226 799 illud
3256 744 3488 798 ultimum
3502 749 3653 833 .restat

459 853 682 901 centum
711 848 868 900 ﬁunt.
889 848 1003 900 Nec
1030 846 1087 899 in
1117 847 1211 899 illo
1240 845 1417 916 igitur
1438 845 1628 899 decem
1666 845 1841 899 millia
1877 845 2054 898 talen-
2129 843 2422 913 judicium.
2471 843 2644 896 Porro
2693 841 2763 894 de
2813 854 2986 892 uxore
3037 842 3094 891 et
3130 835 3275 899 ﬁliis,
3309 833 3544 903 quidquid
3580 833 3650 885 ille

456 940 642 989 torum
670 934 921 988 debitore
944 951 978 987 a
1015 933 1264 1003 legitimo
1294 950 1531 988 numero
1560 950 1841 988 recessum
1868 938 1971 999 est,
1997 938 2053 986 et
2135 933 2436 1004 praedictus
2487 932 2682 984 doctor
2732 927 2988 991 senserit,
3039 941 3150 979 non
3212 923 3356 977 aliud
3404 921 3657 990 intelligam

454 1022 716 1093 perfecto,
742 1038 844 1075 nec
874 1022 932 1076 in
956 1022 1052 1075 illo
1075 1023 1169 1094 qui
1196 1022 1379 1076 decies
1411 1023 1584 1076 denos
1612 1021 1852 1076 debebat
1881 1022 2053 1075 dena-
2135 1027 2373 1090 oportet,
2407 1037 2575 1091 quam
2606 1018 2756 1088 quod
2783 1017 2853 1070 ad
2884 1016 3069 1087 ipsum
3097 1013 3449 1082 eumdemque
3479 1025 3652 1063 servum

456 1110 588 1164 rios.
618 1111 682 1164 In
704 1127 813 1181 quo
835 1116 1074 1182 utroque
1094 1111 1347 1165 invenies
1367 1116 1606 1182 utraque
1624 1116 1869 1181 peccata.
1895 1112 2054 1165 Uter-
2136 1110 2416 1181 pertinere
2452 1108 2645 1180 possit,
2674 1107 2729 1160 id
2774 1110 2859 1160 est
2885 1122 3034 1170 caro,
3065 1120 3163 1158 seu
3189 1099 3416 1155 carnalis
3440 1099 3647 1153 allectus.

461 1215 569 1269 que
615 1199 805 1270 itaque
848 1199 1086 1267 debitor,
1118 1205 1177 1255 et
1230 1204 1466 1270 uterque
1497 1201 1671 1254 veniae
1703 1199 2049 1271 implorator,
2137 1200 2293 1254 Sicut
2331 1215 2498 1269 quam
2528 1213 2674 1267 saepe
2703 1196 2761 1250 in
2811 1193 3114 1285 Scripturis
3141 1191 3365 1285 tropice,
3416 1202 3658 1285 mens-seu

452 1288 777 1359 pariterque
811 1290 981 1342 etiam
1029 1305 1063 1342 a
1108 1289 1347 1342 Domino
1395 1288 1745 1359 impetrator.
1793 1289 1901 1343 Sed
1959 1290 2053 1343 ille
2137 1288 2366 1359 spiritus
2395 1303 2522 1358 qua;
2553 1286 2743 1340 Graece
2776 1290 2886 1346 νοῦς
2921 1283 3144 1348 dicitur,
3170 1297 3269 1353 pro
3293 1280 3405 1333 viro
3424 1276 3658 1347 accipitur,

454 1392 647 1431 servus
678 1378 858 1432 malus
898 1394 1203 1448 servusque
1249 1377 1474 1448 iniquus
1504 1382 1561 1430 et
1590 1377 1847 1448 ingratus
1875 1377 2056 1431 noluit
2136 1393 2264 1431 caro
2294 1392 2423 1430 vero
2454 1391 2555 1446 pro
2586 1389 2775 1437 uxore,
2797 1378 2863 1427 ut
2882 1372 2996 1426 sint
3016 1373 3125 1424 duo
3145 1374 3210 1424 in
3239 1384 3398 1423 carne
3423 1381 3525 1419 una
3546 1363 3657 1431 (Gen.

452 1481 719 1520 conservo
747 1467 1054 1537 rependere
1080 1466 1229 1536 quod
1250 1466 1370 1537 ipse
1402 1471 1692 1536 acceperat
1718 1482 1752 1520 a
1779 1466 2041 1533 Domino,
2136 1482 2197 1535 ιι,
2220 1463 2330 1533 24),
2357 1464 2501 1518 sicut
2531 1463 2788 1517 Christus
2810 1465 2869 1515 et
2898 1459 3159 1525 Ecclesia,
3183 1459 3264 1512 ita
3287 1462 3350 1512 ut
3374 1470 3515 1510 mens
3536 1456 3664 1521 regat

456 1554 636 1608 noluit
678 1560 943 1625 praestare
994 1555 1141 1626 quod
1184 1554 1267 1609 illi
1308 1555 1539 1624 indigno
1576 1556 1889 1626 praestitum
1942 1561 2047 1612 est.
2134 1570 2354 1625 corpus,
2389 1557 2446 1607 et
2473 1568 2604 1606 caro
2633 1551 2709 1605 sit
2754 1549 2979 1603 subdita
3013 1566 3078 1602 ac
3110 1548 3159 1601 si
3198 1546 3396 1600 mulier
3433 1544 3534 1599 viro
3566 1557 3660 1595 suo.

460 1642 607 1697 Nam
650 1642 702 1696 ei
732 1643 981 1698 relaxata
1009 1648 1143 1698 sunt
1169 1644 1365 1698 decem
1394 1643 1570 1697 millia
1606 1643 1837 1698 talenta.
1875 1645 1944 1698 Et
1981 1661 2054 1699 ne
2140 1644 2283 1708 Quia
2310 1648 2446 1695 tunc
2472 1646 2658 1695 rectus
2679 1639 2815 1694 ordo
2838 1643 3095 1693 servatur
3114 1637 3161 1691 si
3187 1651 3342 1691 mens
3360 1633 3558 1689 subdita
3579 1632 3665 1685 Deo

458 1736 623 1802 putes
642 1731 775 1802 quia
794 1748 994 1803 parum
1024 1737 1109 1787 est
1128 1733 1271 1787 forte
1291 1737 1540 1796 centum,
1559 1733 1691 1804 quia
1711 1737 1796 1787 tot
1829 1739 2056 1805 peccata
2075 1712 2122 1770 Β
2141 1732 2328 1798 fuerit,
2363 1735 2420 1785 et
2456 1730 2658 1784 animae
2690 1745 2787 1783 seu
2828 1727 3050 1799 spiritui
3079 1742 3211 1781 caro
3241 1725 3403 1795 digne
3430 1720 3666 1777 obedierit.

463 1825 598 1875 sunt
625 1819 828 1891 quibus
854 1837 984 1876 reus
1027 1821 1327 1876 tenebatur
1356 1821 1648 1887 obnoxius,
1682 1827 1827 1893 quot
1868 1827 1925 1876 et
1961 1839 2062 1893 per
2141 1823 2223 1877 De
2252 1820 2456 1892 quibus
2477 1819 2577 1874 filii
2606 1819 2702 1891 qui
2729 1822 3092 1889 generantur,
3116 1816 3171 1870 id
3195 1819 3282 1869 est
3305 1813 3530 1868 actiones
3551 1810 3673 1864 bona

461 1909 580 1964 haec
598 1908 789 1964 decem
812 1910 1007 1971 millia,
1032 1910 1090 1965 in
1114 1910 1315 1982 quibus
1329 1911 1696 1965 nihilominus
1721 1911 1913 1965 omnia
1932 1929 2060 1983 pec-

461 2002 586 2052 cata
604 2003 737 2053 sunt
765 1999 1105 2071 accipienda.
1126 2000 1267 2054 Nolo
1293 2000 1442 2054 enim
1473 2000 1658 2054 dicere
1684 2017 1861 2055 unum
1887 2002 2063 2055 talen-

458 2091 602 2149 tum,
642 2088 791 2158 quod
843 2090 1033 2143 omnia
1067 2094 1295 2161 peccata
1324 2090 1429 2144 hoc
1460 2090 1579 2144 loco
1615 2091 1934 2157 concludat,
1967 2091 2061 2145 sed

463 2174 657 2230 decem
688 2176 868 2231 millia
918 2178 1152 2244 talenta,
1189 2179 1322 2249 quia
1349 2195 1515 2232 nemo
1546 2184 1632 2232 est
1679 2178 1774 2250 qui
1817 2178 2068 2248 ambigat

464 2280 594 2318 eum
626 2264 722 2335 qui
751 2264 971 2320 oblatus
991 2274 1098 2334 est,
1129 2267 1317 2320 omnia
1336 2267 1613 2321 debuisse.
1638 2268 1843 2321 Servus
1873 2273 2063 2322 autem

467 2351 564 2406 ille
616 2352 712 2422 qui
752 2359 979 2408 centum
1024 2354 1286 2409 denarios
1334 2354 1590 2415 debebat.
1626 2355 1795 2410 etiam
1848 2362 1905 2410 et
1946 2356 2066 2427 ipse

2143 1909 2507 1983 operationis,
2538 1908 2768 1980 perfecti
2807 1925 2872 1962 ac
2913 1906 3069 1977 digni
3103 1907 3215 1959 Deo
3246 1908 3422 1958 erunt.
3454 1901 3548 1955 Sed
3580 1898 3679 1970 quia

2144 2001 2251 2055 iste
2281 2000 2462 2054 malus
2488 2015 2680 2053 servus
2706 1997 2944 2052 necdum
2979 1996 3303 2066 redemptus
3332 1997 3463 2053 erat,
3500 1995 3555 2043 ut
3579 1988 3680 2055 dixi,

2148 2106 2331 2161 neque
2357 2088 2617 2143 libertate
2660 2087 2920 2148 donatus,
2953 2101 3066 2139 non
3096 2088 3320 2156 poterat
3344 2081 3445 2136 nisi
3480 2078 3682 2133 venditus

2149 2194 2376 2233 manere
2402 2178 2507 2231 sub
2532 2193 2619 2242 eo,
2643 2176 2731 2231 cui
2760 2176 2816 2230 in
2852 2175 3034 2246 primo
3062 2178 3297 2245 parente
3324 2188 3382 2225 se
3407 2167 3678 2230 tradiderat,

2148 2273 2205 2321 et
2232 2267 2357 2321 ideo
2387 2283 2499 2321 non
2542 2264 2785 2320 habebat
2821 2265 2970 2319 unde
3009 2263 3291 2324 redderet,
3325 2259 3452 2331 quia
3473 2265 3575 2312 tam
3597 2255 3685 2326 ipse

2149 2372 2318 2426 quam
2347 2371 2486 2408 uxor
2513 2359 2571 2407 et
2598 2353 2719 2419 ﬁlii,
2744 2369 2844 2407 seu
2873 2370 2997 2424 quae
3028 2352 3097 2405 ad
3123 2367 3256 2406 eum
3286 2348 3547 2421 pertinere
3566 2348 3685 2416 pote-

466 2439 595 2511 plus
620 2456 790 2511 quam
822 2447 879 2495 et
898 2443 1258 2512 septuaginta
1300 2449 1355 2497 et
1383 2449 1599 2515 septem
1644 2444 1908 2502 debebat.
1957 2446 2066 2500 Sed

465 2527 657 2582 omnia
682 2528 779 2583 illa
806 2530 999 2585 decem
1029 2531 1204 2586 millia
1238 2532 1470 2594 talenta,
1503 2533 1643 2587 nulli
1672 2534 1905 2588 dubium
1934 2536 2068 2607 quia

465 2615 699 2672 dimissa
717 2619 917 2673 suntin
937 2618 1235 2691 baptismo,
1258 2622 1481 2693 quando
1504 2621 1938 2693 benignissimus
1951 2624 2068 2679 Sal-

464 2709 625 2760 vator
649 2706 808 2761 nobis
830 2708 1147 2764 libertatem
1171 2710 1414 2764 reddidit
1443 2728 1477 2765 a
1504 2712 1688 2783 culpa,
1725 2729 1836 2783 qua
1867 2713 1947 2767 rei
1978 2718 2064 2767 te-

465 2794 741 2850 nebamur
767 2796 870 2851 sub
900 2805 1142 2869 peccato.
1178 2798 1292 2854 Sub
1322 2816 1431 2871 quo
1459 2806 1687 2871 peccato
1703 2802 1825 2871 jam
1858 2802 2065 2856 venditi
2148 2798 2485 2870 dispartiens
2516 2798 2771 2868 singulis,
2804 2798 2862 2852 in
2894 2798 3099 2869 quibus
3126 2796 3405 2867 negotiari
3434 2810 3603 2850 rursus
3632 2790 3700 2844 de-

467 2900 710 2951 eramus,
736 2891 794 2941 et
834 2903 937 2941 nos
977 2892 1035 2941 et
1062 2903 1201 2941 uxor
1238 2893 1451 2954 nostra,
1487 2888 1747 2943 videlicet
1776 2906 1906 2943 caro
1934 2908 2065 2961 pec-
2152 2888 2349 2942 berent
2372 2888 2442 2941 ad
2471 2889 2691 2942 lucrum
2715 2887 2942 2942 Domini
2965 2887 3173 2945 sui.ita
3204 2893 3268 2940 ut
3295 2887 3477 2940 omnia
3500 2885 3696 2954 illaprm-

467 2973 596 3037 cati,
631 2979 689 3028 et
728 2973 827 3027 filii
859 2982 1027 3046 atque
1074 2975 1266 3029 omnia
1313 2993 1436 3047 quae
1467 2982 1600 3031 sunt
1653 2994 1824 3048 opera
1861 2979 2064 3046 carnis,
2151 2983 2312 3050 cepta
2356 2993 2577 3032 servare
2634 2977 2863 3031 deberet
2909 2977 2999 3030 hic
3050 2976 3236 3031 malus
3272 2991 3476 3038 servus,
3508 2988 3611 3043 quae
3642 2967 3694 3022 ad

469 3077 592 3131 quae
612 3068 908 3133 pepererat
937 3063 1096 3117 nobis
1143 3065 1302 3134 quasi
1336 3066 1480 3119 ﬁlios
1510 3066 1629 3137 ipsa
1661 3068 1903 3122 carnalis
1933 3070 2068 3122 all'e-
2087 3066 2131 3127 C
2151 3070 2329 3123 Deum
2358 3067 2660 3138 pertinent,
2686 3072 2742 3120 et
2778 3083 2901 3137 quae
2928 3066 2997 3120 ad
3026 3066 3368 3137 proximum.
3394 3063 3524 3128 Quia
3550 3059 3694 3132 profe-

468 3149 598 3214 ctio,
639 3165 740 3204 seu
768 3151 1023 3220 voluptas
1054 3153 1258 3218 carnis,
1290 3170 1413 3225 quae
1452 3155 1598 3208 male
1627 3156 1884 3210 adultera
1926 3157 2070 3212 facta
2150 3164 2239 3212 cto
2279 3157 2374 3210 illa
2402 3156 2591 3210 decem
2636 3156 2816 3210 millia
2852 3156 3067 3209 talenta
3095 3155 3166 3208 ad
3205 3155 3384 3209 Deum
3421 3156 3543 3207 sunt
3580 3147 3693 3203 reie-

468 3241 556 3291 est
578 3236 799 3308 spiritui
825 3243 1016 3291 nostro
1042 3255 1183 3294 uxor
1210 3241 1279 3295 de
1323 3258 1434 3313 qua
1464 3243 1815 3314 suscepimus
1844 3246 2067 3300 eosdem
2151 3247 2346 3307 renda,
2398 3251 2626 3300 centum
2663 3261 2790 3298 vero
2836 3245 3054 3299 denarii
3102 3244 3172 3298 ad
3208 3242 3455 3298 debitum
3483 3236 3693 3313 proximi.

470 3323 662 3398 plures
686 3331 744 3380 et
768 3326 1039 3397 pessimos
1061 3328 1225 3397 ﬁlios,
1251 3347 1391 3401 quos
1420 3348 1517 3385 rex
1545 3332 1714 3386 simul
1734 3350 1859 3387 cum
1892 3340 2070 3389 matre
2153 3335 2262 3390 Sed
2293 3334 2398 3389 iste
2431 3339 2547 3388 tam
2586 3333 2886 3387 immemor
2921 3333 3325 3389 beneficinrum
3356 3333 3469 3398 Dei,
3500 3345 3590 3384 nec
3625 3326 3697 3380 illa

468 3414 777 3469 venundari
803 3414 983 3486 jubet,
1011 3434 1123 3472 non
1154 3420 1302 3489 quod
1333 3437 1464 3475 suos
1494 3438 1597 3475 nos
1626 3420 1864 3494 imperio
1891 3424 2071 3495 perdi-
2154 3440 2276 3495 quae
2304 3424 2375 3477 ad
2405 3424 2580 3478 Deum
2609 3428 2742 3477 sunt
2768 3423 3031 3487 servavit,
3049 3439 3151 3477 nec
3182 3424 3295 3479 ista
3327 3440 3445 3495 quae
3474 3420 3536 3475 ad
3557 3415 3699 3490 proxi-

472 3504 638 3569 derit,
672 3509 772 3559 aut
810 3506 1140 3571 vendiderit,
1176 3510 1272 3563 sed
1322 3510 1455 3581 quia
1493 3527 1595 3565 nos
1626 3516 1682 3565 et
1720 3513 1909 3567 omnia
1950 3530 2071 3585 quae

476 3598 660 3660 σθω
690 3594 758 3648 ad
791 3611 893 3649 nos
950 3598 1230 3667 pertinere
1272 3599 1621 3664 videbantur,
1662 3602 1780 3672 jam
1819 3602 2071 3657 venditas

472 3682 577 3739 sub
618 3682 830 3739 eisdem
861 3685 1079 3741 delictis
1110 3687 1424 3758 parabolice
1453 3690 1718 3755 ostendit,
1752 3709 1818 3745 ac
1840 3709 1942 3763 per
1969 3693 2072 3747 hoc

470 3772 787 3829 vendidisse
816 3779 919 3840 est,
962 3793 1089 3830 cum
1130 3778 1384 3833 venditos
1414 3796 1536 3833 esse
1565 3781 1913 3836 monstravit.
1946 3783 2072 3836 Non

2147 2449 2296 2509 rant,
2318 2442 2505 2496 omnia
2524 2446 2687 2496 erant
2706 2442 2931 2496 vendita
2959 2440 3063 2495 sub
3088 2456 3263 2494 manu
3285 2436 3503 2502 diaboli,
3524 2451 3609 2489 nec
3622 2448 3690 2504 po-

2147 2537 2296 2587 terat
2315 2530 2529 2602 aliquid
2554 2531 2624 2585 de
2656 2547 2733 2597 se,
2762 2535 2947 2597 063
2975 2531 3122 2601 quod
3150 2529 3390 2583 liberum
3418 2530 3550 2581 esset
3564 2537 3690 2593 gene-

2149 2637 2295 2686 rare,
2315 2621 2490 2674 donec
2505 2619 2765 2675 libertate
2780 2625 3024 2691 recepta,
3047 2619 3277 2690 quando
3293 2618 3454 2689 ccepit
3466 2632 3549 2669 rex
3564 2611 3693 2667 ratio-

2149 2726 2279 2764 nem
2300 2726 2507 2781 ponere
2536 2726 2662 2763 cum
2694 2709 2867 2763 servis
2891 2709 3026 2772 suis,
3060 2724 3382 2762 mensuram
3410 2706 3693 2760 talentorum

2155 3529 2329 3575 mum,
2359 3512 2610 3583 quinimo
2630 3512 2931 3566 crudeliter
2959 3513 3159 3583 exegit,
3181 3513 3332 3584 quod
3365 3513 3477 3584 ipse
3502 3509 3698 3582 primum

2152 3618 2418 3657 conservo
2450 3602 2774 3674 impendere
2801 3601 3090 3655 debuerat.
3124 3602 3361 3657 Debitor
3380 3614 3599 3669 namque
3621 3592 3703 3648 fuit

2152 3692 2313 3746 alteri
2338 3692 2538 3755 facere,
2570 3692 2717 3763 quod
2745 3691 2863 3763 ipse
2894 3691 3070 3745 voluit
3089 3698 3152 3746 ut
3171 3692 3284 3764 ipsi
3310 3691 3510 3746 faceret
3533 3693 3583 3741 et
3605 3699 3702 3737 con-

2152 3797 2363 3836 servus.
2390 3782 2584 3852 Neque
2610 3797 2877 3836 conservo
2899 3781 3157 3852 inﬂigere
3178 3799 3377 3854 poenas
3408 3778 3701 3851 oportuerat.

471 3861 625 3917 enim
656 3862 846 3916 omnia
891 3864 948 3918 in
990 3864 1269 3936 parabolis
1299 3867 1377 3921 sic
1420 3874 1656 3938 possunt
1687 3870 1927 3940 ﬁgurate
1978 3886 2072 3923 co-

474 3952 685 4022 aequari
714 3953 901 4015 rebus,
950 3961 1013 4010 ut
1044 3954 1275 4010 historia
1302 3956 1578 4023 videatur,
1631 3957 1729 4012 sed
1768 3958 1848 4011 sic
1877 3963 1940 4011 ut
1969 3958 2074 4011 hoc

475 4045 545 4100 ad
562 4046 790 4117 plenum
819 4044 1106 4099 insinuent
1134 4044 1204 4098 ad
1225 4046 1373 4115 quod
1401 4046 1697 4118 propositae
1736 4046 2066 4118 probantur.

474 4134 649 4204 Cujus
678 4136 844 4205 plane
872 4150 1099 4187 causam
1121 4134 1519 4205 propositionis
1543 4136 1816 4191 Dominus
1844 4136 2075 4192 demon-

478 4227 639 4283 strat,
664 4239 788 4276 cum
816 4222 898 4275 ait
925 4236 938 4274 :

546 4308 640 4364 Sic
668 4315 716 4364 et
745 4313 906 4364 Pater
936 4326 1088 4363 meus
1130 4310 1293 4377 faciet
1326 4312 1489 4375 vobis,
1515 4315 1566 4365 si
1595 4329 1705 4367 non
1741 4319 2070 4370 remiseritis

478 4400 795 4455 hominibus
809 4404 1024 4468 peccata
1049 4400 1327 4463 eorum,de
1349 4401 1600 4453 cordibus
1621 4406 1830 4457 castris.
1856 4405 1960 4458 Ubi
1980 4406 2072 4460 de-

480 4488 659 4544 clarat
677 4488 810 4560 quia
826 4504 859 4541 a
878 4487 1058 4558 primo
1078 4486 1320 4541 adventu
1342 4503 1444 4541 suo
1469 4488 1645 4543 multa
1670 4490 1830 4545 nobis
1857 4493 2072 4548 dimisit

480 4577 696 4632 talenta
725 4582 1097 4648 peccatorum,
1122 4576 1269 4630 unde
1290 4581 1348 4631 et
1375 4582 1476 4631 nes
1498 4578 1674 4632 multa
1702 4576 1970 4637 debemus
1991 4583 2073 4637 di-

481 4665 705 4720 mittere
736 4682 858 4737 quae
884 4665 941 4719 in
989 4664 1148 4719 nobis
1178 4666 1626 4722 committuntur.
1660 4669 1914 4742 Namque
1965 4674 2072 4744 pri-

483 4770 639 4809 mum
677 4771 835 4808 reum
865 4754 1138 4809 exihibuit
1165 4760 1222 4809 et
1249 4755 1485 4810 absolvit
1511 4758 1707 4827 gratis,
1740 4761 1955 4815 talenta
1990 4779 2074 4817 re-

480 4844 702 4907 laxavit,
732 4860 962 4898 uxorem
993 4844 1161 4899 etiam
1201 4844 1402 4917 ipsam,
1432 4862 1503 4900 ne
1549 4847 1605 4901 in
1635 4849 1959 4904 servitutem
1989 4868 2075 4905 ve-

480 4932 662 4987 niens.
695 4941 1066 5004 permaneret.
1090 4934 1321 5001 dimisit,
1348 4936 1492 4990 filios
1519 4953 1589 4990 ne
1618 4953 1840 5009 semper
1860 4956 2072 4994 venun-

481 5023 599 5078 dati
627 5020 813 5077 essent
838 5023 1090 5089 absolvit,
1124 5029 1181 5078 et
1235 5025 1425 5079 omnia
1477 5027 1600 5097 ejus
1652 5045 1772 5098 qua:
1820 5029 2073 5084 servituti

483 5118 645 5167 erant
672 5111 896 5166 addicta
913 5114 1066 5182 justo
1094 5113 1194 5167 Dei
1217 5113 1427 5183 judicio
1457 5113 1561 5169 sub
1577 5116 2074 5189 diabolo.peccatis

484 5200 848 5272 exigentibus,
908 5200 1034 5272 pius
1089 5208 1145 5255 et
1189 5203 1434 5258 clemens
1470 5221 1565 5258 rex
1607 5207 1894 5260 concessit.
1940 5208 2074 5272 Quae

487 5290 676 5344 omnia
706 5290 777 5344 ad
810 5306 1029 5361 pmnam
1063 5289 1233 5360 hujus
1282 5292 1508 5362 pessimi
1556 5294 1696 5348 servi
1746 5294 1870 5349 ideo
1914 5297 2076 5367 jussa

486 5384 621 5433 sunt
665 5380 992 5456 venundari,
1039 5381 1173 5450 quia
1212 5380 1329 5451 ipse
1365 5382 1610 5452 primum
1650 5401 1752 5439 sua
1788 5391 1986 5456 sponte
2015 5403 2074 5440 sc

483 5467 751 5533 vendidit,
785 5473 843 5521 et
870 5454 1104 5523 tradidit
1125 5469 1229 5523 sub
1258 5461 1498 5525 diabolo.
1535 5472 1602 5526 Et
1637 5472 1740 5527 hoc
1766 5454 1851 5529 est
1874 5474 2074 5545 jubere

487 5556 668 5623 vendi,
697 5561 759 5612 ut
788 5556 1040 5613 dixeram
1070 5575 1172 5629 pro
1201 5563 1372 5614 certo.
1401 5561 1551 5629 quod
1576 5566 1662 5617 est
1695 5564 2075 5619 venundatum

2156 3886 2294 3941 quas
2322 3870 2549 3924 omnino
2574 3871 2749 3925 nollet
2778 3876 2842 3925 ut
2868 3871 3015 3925 alter
3039 3871 3089 3925 ei
3119 3870 3380 3925 interret.
3405 3867 3598 3933 Quibus
3611 3875 3704 3916 rur-

2156 3976 2251 4013 sus
2279 3958 2483 4013 debitis
2511 3959 2656 4013 male
2686 3959 3051 4027 reinvolutus,
3074 3966 3392 4015 accusatur.
3412 3958 3526 4023 Qua
3549 3950 3704 4008 crude-

2154 4049 2313 4103 litate
2350 4055 2641 4103 accusatus
2689 4054 2747 4103 et
2796 4048 3098 4112 convictus,
3150 4050 3286 4119 jure
3324 4046 3701 4103 condemnatur.

2156 4138 2252 4209 qui
2281 4154 2393 4192 non
2423 4137 2529 4191 sibi
2557 4154 2659 4192 nec
2684 4137 2785 4192 ulli
2814 4154 3042 4208 parcere
3063 4138 3245 4195 voluit
3268 4161 3283 4206 ς
3312 4139 3534 4209 insuper
3553 4148 3639 4188 nec
3653 4129 3704 4183 de

2155 4227 2403 4288 talentis,
2424 4243 2619 4281 rursus
2634 4226 2760 4292 sibi,
2781 4232 2908 4298 post
2938 4226 3219 4282 indultam
3249 4228 3466 4283 veniam
3492 4218 3705 4280 commis-

2085 4347 2132 4405 Β
2154 4318 2249 4383 sis,
2279 4316 2542 4387 cogitare.
2582 4316 2858 4380 Quoniam
2883 4317 3200 4388 pecuniam,
3231 4335 3403 4390 quam
3429 4310 3707 4390 primumin

2151 4408 2332 4462 Adam
2363 4405 2700 4478 perdiderat,
2724 4407 2950 4460 demum
2980 4406 3040 4460 in
3061 4407 3286 4463 Christo
3311 4407 3704 4476 concorporatus

2152 4497 2223 4551 ad
2255 4497 2467 4550 lucrum
2485 4496 2793 4568 expendere
2819 4496 3120 4553 debuisset.
3133 4497 3213 4551 De
3233 4497 3437 4568 quibus
3457 4488 3709 4568 probabili-

2156 4585 2257 4640 bus
2289 4585 2557 4657 pecuniis,
2602 4587 2723 4656 jam
2768 4586 2929 4656 plura
2978 4603 3151 4657 supra
3200 4587 3463 4640 diximus.
3510 4586 3708 4652 Propter

2150 4675 2302 4747 quod
2326 4692 2437 4729 non
2471 4675 2551 4729 ait
2592 4680 2832 4745 ponente
2863 4690 2928 4728 eo
2953 4676 3069 4745 jam
3102 4676 3384 4730 rationem
3414 4674 3619 4730 oblatus
3642 4672 3709 4721 est

2156 4765 2207 4819 ei
2236 4781 2400 4827 unus,
2448 4763 2544 4817 sed
2575 4780 2700 4817 cum
2730 4766 2963 4832 cepisset
3008 4768 3287 4819 rationem
3329 4780 3543 4835 ponere,
3572 4760 3621 4814 id
3645 4759 3712 4810 est

2154 4870 2279 4907 cum
2299 4853 2488 4906 omnia
2498 4852 2714 4906 semina
2743 4852 2975 4907 rationis
2992 4853 3196 4908 futurae
3216 4854 3347 4909 vita:
3375 4848 3713 4926 proposuisset

2156 4941 2213 4995 in
2235 4958 2292 4995 se
2315 4946 2372 4994 et
2397 4941 2454 4994 in
2485 4947 2665 4996 morte
2695 4958 2816 5009 sua,
2839 4959 2939 5013 per
2959 4959 3127 5013 quam
3154 4943 3397 4998 dimissa
3415 4948 3541 4997 sunt
3558 4934 3713 4992 omnia

2156 5029 2348 5083 debita
2372 5030 2657 5085 servitutis
2682 5037 2904 5097 nostrae,
2938 5040 2995 5087 et
3023 5032 3241 5088 reddita
3275 5038 3362 5087 est
3391 5032 3544 5086 nobis
3571 5023 3713 5100 perfer

2157 5124 2246 5172 cta
2274 5118 2503 5172 libertas
2535 5120 2591 5172 in
2624 5120 2864 5175 Christo.
2898 5121 2972 5176 Ut
3000 5121 3084 5174 vir
3121 5129 3179 5177 et
3216 5139 3379 5186 uxor,
3413 5120 3628 5193 spiritus
3652 5112 3715 5165 vi-

2156 5207 2358 5262 delicet
2386 5213 2554 5279 atque
2583 5225 2712 5263 caro
2758 5210 2890 5280 quia
2919 5215 3051 5265 sunt
3065 5211 3176 5265 duo
3202 5212 3259 5265 in
3291 5228 3460 5266 carne
3488 5216 3715 5270 una;sell

2159 5296 2502 5360 ﬁlii,scilicct
2516 5297 2642 5351 fidei
2673 5315 2841 5369 opera
2872 5299 2928 5352 in
2948 5299 3168 5355 Christo
3198 5301 3241 5354 si
3270 5292 3714 5371 permanserintin

2156 5385 2456 5456 adoptione
2488 5385 2727 5440 filiorum
2770 5387 2869 5442 Dei
2912 5388 3150 5444 servitus
3181 5394 3451 5451 transeat,
3485 5382 3715 5459 quoniam

2157 5480 2308 5529 retro
2348 5475 2525 5529 multa
2558 5475 2732 5530 millia
2773 5477 3110 5533 talentorum
3158 5478 3491 5551 pertulimus
3517 5476 3711 5534 damnas

2156 5580 2261 5621 nec
2286 5564 2463 5621 ullum
2493 5565 2607 5620 Deo
2635 5565 2791 5638 prius
2820 5567 3113 5626 attulimus
3143 5567 3496 5625 lucrum.Sed
3524 5570 3578 5621 et
3597 5576 3714 5635 quo-
