3888 6172
189 293 278 350 633

858 299 1239 360 EXPOSITIO
1280 304 1358 360 IN
1397 305 1841 365 MATTHEUM.
1886 340 1950 350 —
1991 286 2128 365 'LIB.
2172 310 2322 378 VIII,
2366 309 2523 364 CAP.
2565 307 2765 365 xvnI.

3340 298 3445 360 634

188 419 310 472 tidie
334 422 554 491 majora
573 422 733 477 nobis
753 440 1161 481 coacervamus.
1188 434 1244 482 et
1261 430 1519 500 graviora
1542 438 1766 502 peccata
1787 435 1838 493 A
1856 434 2099 489 Charitas
2117 435 2364 489 fraterna
2383 432 2627 488 tenenda
2648 436 2787 491 erat.
2808 430 2929 485 sine
2951 445 3063 501 qua
3081 444 3246 483 nemo
3266 428 3446 484 absol-

186 509 603 575 committimus,
622 512 755 583 quia
783 515 1073 586 sequimur
1094 517 1387 572 mulierem
1418 538 1587 591 super
1603 522 1773 575 talen-

186 602 291 651 tum
344 599 563 669 plumbi
594 602 899 668 sedentem,
923 606 1083 671 cuius
1111 622 1312 660 nomen
1360 615 1446 661 est
1470 609 1763 680 iniquitas.

185 687 353 750 Quam
388 688 658 743 nimirum
691 692 963 746 rationem
994 700 1127 747 tunc
1156 696 1325 767 coepit
1352 698 1610 761 Jesus,ut
1638 716 1773 770 prae-

186 775 410 830 missum
443 784 546 841 est,
581 796 676 833 rex
706 787 896 835 noster
939 799 1165 854 ponere,
1197 786 1420 855 quando
1450 785 1771 841 incarnatus

182 863 324 918 venit
356 866 417 920 in
467 868 759 932 mundum,
792 876 850 923 et
890 871 1071 925 adhuc
1111 873 1275 926 hodie
1303 874 1424 944 ipsa
1464 876 1771 947 eademque

181 954 315 1007 ratio
342 963 601 1010 versatur
618 958 676 1011 in
703 958 811 1012 isto
831 960 1049 1014 saeculo.
1079 962 1221 1015 Nam
1251 968 1308 1015 et
1336 964 1583 1033 quotidie
1606 965 1770 1018 offer-

180 1048 262 1096 tur
288 1043 402 1096 iste
417 1062 564 1099 unus
578 1046 713 1100 dum
734 1048 1050 1103 accedimus
1071 1050 1141 1104 ad
1164 1051 1445 1105 Christum
1465 1070 1565 1123 per
1580 1054 1765 1115 fidem.

179 1137 229 1185 et
253 1133 565 1187 venundati
596 1136 751 1206 prius
781 1136 884 1191 sub
905 1144 1152 1209 peccato,
1183 1139 1576 1212 debitoresque
1596 1144 1771 1197 talen-

178 1224 357 1274 torum
389 1223 789 1278 convincimur.
823 1226 931 1280 Sed
963 1228 1096 1297 quia
1143 1243 1255 1282 non
1292 1228 1591 1285 habuimus
1622 1232 1769 1286 unde

177 1309 429 1375 reddere,
470 1329 650 1382 neque
679 1314 827 1368 ullus
858 1316 1180 1371 mortalium
1213 1316 1473 1373 habuisse
1502 1320 1766 1389 creditur,

177 1397 454 1452 ﬂectimus
489 1404 671 1465 9M
703 1417 835 1472 ergo
856 1402 925 1456 ad
954 1403 1138 1474 ipsum
1162 1404 1534 1478 eumdemque
1555 1424 1765 1479 regem,

177 1491 226 1539 et
250 1485 584 1553 adoramus,
629 1495 893 1560 rogantes
923 1492 1246 1560 clementer,
1280 1500 1344 1548 ut
1390 1501 1579 1550 nostra
1610 1497 1770 1551 nobis

181 1574 433 1629 dimittat
475 1575 682 1632 debita.
724 1581 798 1633 At
843 1579 940 1633 ubi
987 1597 1114 1635 cum
1162 1582 1352 1647 oblati,
1396 1585 1771 1655 quorumlibet

181 1662 357 1718 ofﬁcio
386 1664 798 1732 ministrorum,
832 1670 1157 1740 angelorum
1187 1671 1443 1727 videlicet
1472 1674 1555 1727 vel
1585 1691 1770 1729 sacer-

1853 522 2022 589 vitur,
2050 524 2268 578 etiamsi
2291 540 2492 593 corpus
2520 539 2686 576 suum
2715 518 3009 573 tradiderit
3033 527 3096 571 ut
3120 516 3333 581 ardeat,
3366 517 3446 570 ita

1853 616 1916 664 ut
1936 612 2269 682 quibusdam
2302 617 2518 682 martyr
2544 609 2638 663 Dei
2662 609 2931 662 videatur.
2956 607 3062 661 Sed
3088 606 3204 659 haec
3224 620 3446 659 summa

1852 700 2026 754 totius
2044 701 2319 771 parabolae
2333 700 2534 753 melius
2546 715 2715 767 super
2728 696 3001 768 baptismo
3018 695 3441 766 interpretatur,

1856 790 2079 859 quando
2106 790 2322 860 plenius
2353 795 2409 843 et
2436 787 2735 859 perfectius
2764 784 2955 839 omnia
2978 784 3260 837 donantur
3288 781 3447 837 nobis

1852 886 2096 948 peccata.
2131 885 2187 931 et
2218 878 2459 932 Charitas
2505 875 2876 930 fraternitatis
2920 879 3090 943 atque
3129 872 3356 943 adoptio
3390 876 3448 925 et

1854 968 2080 1021 libertas
2110 968 2369 1022 omnibus
2397 966 2633 1039 amplior
2660 966 2959 1019 relaxatur.
2986 962 3196 1016 Idcirco
3221 968 3444 1032 tempus

1854 1074 1963 1128 quo
1993 1057 2263 1128 accipitur
2289 1056 2639 1126 indulgentia
2665 1060 2931 1126 tanquam
2954 1058 3179 1122 tempus
3200 1054 3286 1103 est
3314 1049 3443 1103 red-

1853 1147 2046 1200 dendae
2078 1146 2331 1206 rationis,
2373 1152 2437 1199 ut
2486 1143 2676 1197 omnia
2710 1142 2899 1196 debita
2929 1156 3051 1212 quae
3106 1144 3164 1193 et
3220 1138 3448 1192 inventa

1853 1234 2061 1287 fuerint
2087 1234 2465 1287 dimittantur.
2494 1232 2618 1285 Non
2645 1235 2838 1283 tamen
2883 1228 2978 1281 ille
3007 1243 3197 1281 servus
3235 1225 3443 1279 dicitur

1852 1330 2047 1394 postea
2087 1323 2306 1377 dedisse
2350 1336 2615 1375 conservo
2660 1334 2760 1372 suo
2809 1320 3066 1371 mutuam
3124 1314 3441 1386 pecuniam,

1853 1429 2020 1483 quam
2044 1429 2168 1465 cum
2190 1411 2282 1465 ille
2302 1426 2412 1464 non
2437 1412 2625 1480 posset
2644 1406 2895 1469 reddere,
2912 1408 2976 1458 ut
2994 1405 3133 1473 ejus‘
3148 1403 3446 1456 miserere-

1851 1506 1966 1568 tur,
1998 1501 2095 1554 sed
2122 1500 2201 1553 sic
2227 1499 2362 1553 dicit
2381 1497 2537 1570 quasi
2553 1498 2670 1567 jam
2702 1495 2753 1549 ei
2777 1493 3006 1547 deberet
3026 1492 3119 1545 ille
3147 1506 3445 1545 conservus

1854 1591 1995 1659 ejus,
2012 1588 2235 1660 quando
2255 1588 2373 1659 ipse
2406 1586 2679 1641 rationem
2702 1583 2940 1639 Domino
2970 1597 3072 1635 suo
3102 1579 3342 1633 reddens
3360 1594 3450 1633 co-

1851 1678 2090 1749 gebatur
2118 1678 2259 1732 tanti
2290 1676 2511 1731 numeri
2538 1674 2788 1729 debitum
2820 1671 3120 1726 exsolvere.
3152 1669 3269 1723 Nec
3296 1667 3446 1722 enim

181 1751 372 1807 dotum
419 1770 519 1808 seu
572 1755 958 1811 ministrorum
1003 1758 1393 1813 descendimus
1438 1762 1497 1815 in
1539 1762 1769 1830 fontem,
1789 1752 1836 1811 Β
1855 1767 1989 1821 dicit
2018 1767 2165 1838 quod
2189 1765 2464 1820 dimiserit
2483 1779 2749 1818 conservo
2796 1778 2898 1815 suo
2929 1759 3074 1831 quod
3102 1758 3155 1812 ei
3184 1755 3445 1822 debebat,

183 1857 283 1911 quo
316 1841 499 1896 abluti
530 1850 585 1897 et
613 1846 915 1899 consecrati
948 1847 1003 1900 in
1033 1848 1304 1918 sanguine
1335 1850 1562 1916 Christi,
1586 1853 1776 1906 omnia

182 1930 523 1985 talentorum
554 1933 925 2006 chirographa
944 1936 1254 2003 solvuntur,
1282 1939 1537 1993 redditur
1557 1941 1774 1995 univer-

182 2018 250 2071 sis
275 2020 619 2076 murtalibus
648 2040 747 2093 per
787 2024 994 2078 Christi
1037 2026 1278 2095 gratiam
1319 2027 1565 2093 libertas,
1598 2035 1656 2083 et
1703 2029 1773 2084 de

181 2108 448 2163 servitute
479 2111 686 2165 transit
731 2112 819 2166 hic
843 2130 990 2167 unus
1020 2113 1258 2177 oblatus,
1290 2117 1437 2187 quod
1485 2124 1570 2171 est
1607 2135 1772 2173 omne

181 2212 375 2268 corpus
423 2196 703 2266 Ecclesiae,
736 2201 792 2254 in
835 2202 1191 2273 adeptionem
1249 2204 1490 2260 filiorum
1536 2207 1656 2261 Dei.
1703 2209 1773 2262 Et

179 2286 290 2341 ideo
302 2304 487 2357 quam
506 2288 646 2343 bene
666 2289 765 2355 ait,
786 2291 918 2361 quia
936 2294 1151 2345 dimisit
1171 2309 1315 2345 cum.
1335 2294 1558 2348 Dimisit
1579 2300 1769 2349 autem

179 2390 291 2428 eum
321 2376 513 2445 gratis
534 2376 790 2441 liberum,
818 2378 1049 2448 insuper
1068 2384 1125 2432 et
1152 2379 1411 2433 universa
1428 2382 1769 2436 talentorum

176 2462 356 2518 debita
388 2465 608 2519 dimisit
633 2465 704 2519 ei.
750 2466 818 2519 Et
844 2482 970 2520 cum
1000 2466 1089 2521 hic
1118 2466 1294 2522 factus
1321 2474 1406 2522 est
1433 2469 1591 2533 liber,
1617 2472 1773 2525 nulla

175 2552 434 2624 deinceps
464 2552 535 2607 de
562 2570 734 2608 uxore
773 2570 836 2608 ac
866 2554 1056 2609 liberis
1083 2556 1231 2610 facta
1259 2563 1342 2610 est
1372 2559 1601 2625 mentio,
1636 2550 1767 2629 quia

176 2640 227 2694 in
245 2642 372 2711 ejus
394 2641 660 2695 libertate
679 2643 888 2696 donata
906 2648 992 2697 est
1015 2643 1243 2699 libertas
1263 2645 1467 2716 integri
1495 2647 1762 2718 corporis,

176 2736 231 2783 ut
254 2731 456 2784 anima
476 2737 535 2784 et
552 2730 783 2801 spiritus
808 2738 976 2802 atque
991 2749 1120 2786 caro
1146 2738 1298 2787 totus
1314 2741 1483 2805 atque
1500 2736 1762 2803 mundus,

174 2818 236 2872 ab
258 2819 422 2873 omni
454 2819 640 2873 debito
669 2818 976 2888 absolutus,
1018 2820 1160 2875 liber
1197 2822 1270 2875 sit
1318 2823 1504 2877 homo.
1540 2825 1647 2879 Sed
1676 2825 1767 2879 hic

175 2926 432 2979 egressus
448 2926 484 2962 a
502 2910 653 2963 fonte
671 2912 1055 2971 unus,invenit
1070 2927 1247 2965 unum
1266 2914 1329 2965 de
1348 2917 1762 2968 eonscrvissuis.

175 2997 309 3052 Proh
352 2998 549 3053 dolor!
578 3015 613 3052 a
641 2998 793 3053 fonte
831 3015 1087 3069 egressus
1116 3006 1199 3054 est
1226 3016 1389 3064 unus,
1414 3008 1471 3055 et
1496 3019 1622 3057 ecce
1646 3005 1764 3075 jam
1784 3067 1823 3087 ἡ

175 3087 292 3141 facti
321 3093 466 3141 sunt
493 3088 624 3141 duo.
660 3088 766 3152 Qui
806 3087 915 3150 nisi
961 3105 1157 3143 rursus
1204 3089 1364 3143 divisi
1395 3092 1601 3155 essent,
1652 3074 1765 3147 non
1783 3074 1824 3123 (ί

175 3176 274 3229 nisi
316 3195 380 3231 se
432 3193 607 3230 unum
654 3176 988 3244 invenisset;
1021 3177 1153 3248 quia
1196 3178 1340 3233 sicut
1388 3179 1542 3250 prius
1572 3198 1766 3236 omnes

174 3280 339 3319 unum
364 3283 575 3336 corpus
589 3266 798 3321 diaboli
825 3272 1004 3331 erant,
1030 3267 1281 3337 quamvis
1296 3269 1473 3323 multa
1492 3250 1759 3334 membra,

172 3353 248 3408 ita
274 3362 328 3409 et
355 3355 420 3409 in
452 3355 677 3410 Christo
725 3355 905 3410 renati
935 3372 1129 3410 omnes
1174 3356 1231 3410 in
1277 3357 1494 3412 unitate
1521 3359 1768 3430 corporis

173 3444 371 3500 Christi
415 3452 550 3499 sunt
578 3446 806 3516 recepti,
837 3461 1075 3516 quorum
1108 3446 1225 3517 ipse
1255 3447 1435 3502 factus
1465 3455 1551 3502 est
1577 3456 1763 3521 caput,

173 3532 367 3605 singuli
387 3542 583 3588 autem
605 3535 750 3589 alter
769 3534 999 3589 alterius
1016 3535 1286 3601 membra,
1323 3537 1472 3591 unde
1501 3544 1558 3591 et
1580 3538 1639 3592 in
1664 3539 1768 3593 eis-

172 3623 287 3677 dem
305 3624 576 3679 omnibus
589 3640 766 3678 unum
787 3624 1416 3695 corpus.Verumtamen
1449 3627 1552 3681 etsi
1575 3644 1769 3682 rursus

173 3711 253 3765 hic
274 3714 372 3783 qui
400 3714 583 3767 factus
622 3719 708 3767 est
735 3729 882 3767 unus
903 3730 963 3766 se
984 3713 1197 3768 dividat
1225 3715 1281 3768 in
1304 3714 1465 3775 duos.
1498 3732 1608 3771 non
1639 3733 1766 3771 eum

170 3818 335 3857 unum
365 3802 571 3856 dividit
599 3802 694 3872 qui
724 3818 869 3856 unus
899 3801 956 3856 in
986 3802 1209 3857 Christo
1239 3805 1565 3875 permansit,
1597 3805 1765 3859 homo

170 3893 441 3963 cujusque
474 3907 650 3945 unum
678 3895 765 3945 est
797 3897 982 3962 caput,
1017 3897 1075 3946 et
1105 3893 1283 3947 multa
1327 3900 1460 3948 sunt
1491 3893 1761 3952 membra.

172 3980 347 4035 adhuc
378 3997 561 4035 unum
593 3985 681 4034 est
700 3996 920 4051 corpus.
946 3981 1122 4044 Quem
1151 3997 1328 4035 unum
1356 3982 1568 4037 invenit
1596 3983 1767 4037 miser

170 4084 322 4131 unus,
354 4070 460 4141 qui
502 4085 760 4140 egressus
807 4075 894 4123 est
921 4086 955 4123 a
982 4086 1233 4140 corpore,
1267 4088 1522 4141 egressus
1552 4072 1767 4127 unitate

168 4158 439 4226 fmterna,
455 4175 716 4229 egressus
736 4176 770 4213 a
786 4159 971 4229 gratia
1000 4158 1119 4225 Dei,
1143 4176 1401 4230 egressus
1421 4177 1456 4215 a
1474 4161 1764 4226 charitate,

170 4251 380 4303 invenit
401 4265 587 4303 unum
603 4250 947 4303 deconservis
960 4251 1094 4301 suis.
1114 4248 1293 4302 Ambo
1306 4250 1582 4320 siquidem
1601 4252 1763 4310 servi.

171 4342 223 4391 et
247 4338 378 4392 ideo
394 4338 493 4392 ille
512 4353 829 4392 conservus.
853 4338 960 4392 Sed
987 4337 1152 4391 aliter
1171 4338 1264 4392 illo
1288 4355 1499 4403 servus,
1524 4345 1582 4394 et
1604 4341 1770 4395 aliter

1856 1863 1913 1911 et
1939 1856 2019 1910 sic
2048 1857 2274 1910 demum
2306 1853 2603 1908 accesserit
2638 1857 2701 1906 ut
2730 1851 2780 1905 ei
2811 1849 3122 1904 dimitteret
3150 1846 3444 1904 Dominus.

1856 1946 2000 2000 Vere
2021 1945 2152 2016 quia
2179 1944 2237 1997 in
2266 1944 2369 1997 hac
2390 1930 2922 2011 exactioneutrique
2948 1937 3230 1991 debitores
3261 1940 3443 2000 erant,

1857 2034 1988 2105 quia
2032 2034 2256 2105 utrique
2302 2048 2476 2086 unum
2521 2046 2723 2101 corpus
2767 2029 2836 2081 de
2885 2041 3070 2080 massa
3113 2022 3343 2095 peccati,
3387 2026 3445 2076 et

1853 2122 2107 2194 utrisque
2130 2122 2422 2175 dimissum
2449 2125 2587 2173 esta
2626 2118 2714 2190 pio
2765 2116 3002 2171 Domino
3045 2113 3204 2168 Unde
3236 2110 3442 2165 rectius

1853 2212 2054 2275 fuerat,
2082 2217 2250 2282 atque
2278 2209 2381 2263 hoc
2409 2207 2594 2279 potius
2615 2203 2977 2276 congruebat.
3015 2208 3173 2257 tanto
3204 2197 3444 2254 debitori

1853 2300 2142 2354 reddituro
2189 2298 2483 2361 rationem,
2517 2303 2574 2351 et
2628 2292 2971 2366 exspectanti
3005 2288 3443 2346 misericordiam

1852 2388 2074 2444 Domini
2096 2388 2202 2451 sui,
2231 2397 2294 2441 ut
2323 2387 2475 2459 prior
2501 2385 2619 2457 ipse
2650 2399 2916 2438 conservo
2942 2380 3252 2434 dimitteret
3280 2376 3444 2448 quid-

1854 2478 1987 2549 quid
2011 2477 2061 2531 ei
2084 2476 2342 2540 debebat,
2374 2481 2431 2529 et
2460 2474 2538 2529 sic
2569 2473 2637 2527 ad
2660 2472 2937 2527 rationem
2968 2467 3331 2527 reddendam,
3350 2463 3447 2520 ubi

1851 2565 2237 2620 misericordia
2266 2564 2490 2618 Domini
2515 2560 2867 2633 imploranda
2891 2564 3014 2613 erat
3032 2554 3442 2621 rationabilius,

1850 2661 1907 2709 et
1925 2655 1995 2709 ad
2013 2653 2425 2725 impetrandam
2450 2652 2666 2705 veniam
2689 2650 2938 2704 securior
2956 2647 3261 2701 accederet.
3283 2644 3447 2699 Nunc

1848 2750 2037 2799 autem
2057 2743 2203 2814 quod
2228 2744 2277 2797 ei
2297 2759 2407 2796 non
2424 2740 2703 2796 dimiserit
2721 2739 2972 2793 indicant
2983 2736 3151 2790 verba
3169 2731 3440 2798 conservi,

1848 2832 2179 2904 simpliciter
2191 2830 2456 2886 dicentis:
2486 2831 2816 2884 Patientiam
2842 2828 2975 2881 habe
2992 2828 3055 2879 in
3076 2828 3233 2888 me,et
3255 2824 3444 2875 omnia

1849 2924 2077 2977 reddam
2106 2924 2224 2975 tibi.
2257 2920 2524 2991 Alioquin
2557 2919 2786 2980 diceret,
2814 2918 2931 2987 jam
2980 2914 3085 2968 hoc
3129 2911 3439 2975 dimiseras,

1852 3028 1952 3065 cur
1973 3011 2178 3064 iterum
2208 3010 2417 3081 repetis
2450 3025 2571 3080 quin
2598 3006 2856 3061 donasti?
2881 3010 2938 3059 et
2964 3004 3090 3058 ideo
3126 3002 3270 3056 forte
3300 2998 3448 3053 vide-

1846 3106 1942 3154 tur
1986 3100 2188 3164 dicere,
2222 3106 2285 3152 ut
2339 3098 2394 3151 in
2428 3097 2700 3168 baptismo
2731 3094 3015 3149 dimittere
3043 3090 3363 3153 debeamus,
3400 3088 3449 3142 si

1848 3189 1982 3260 quid
2014 3187 2174 3242 nobis
2205 3186 2459 3253 debetur,
2488 3203 2588 3240 nec
2620 3187 2771 3240 ultra
2798 3183 3102 3255 quidquam
3125 3180 3195 3234 de
3218 3183 3449 3251 printer-

1847 3278 1941 3332 itis
1975 3277 2376 3349 repetere.Hoc
2397 3281 2455 3329 et
2474 3275 2650 3346 ipsius
2668 3272 2889 3329 Domini
2911 3269 3081 3326 verba
3099 3267 3448 3322 manifestius

1849 3366 2129 3438 aperiunt.
2156 3365 2251 3419 Ait
2275 3365 2424 3418 enim
2450 3383 2465 3418 :
2497 3365 2756 3431 Egressus
2794 3367 2979 3416 autem
3008 3374 3196 3413 servus
3230 3361 3325 3411 ille
3354 3359 3447 3409 in-

1849 3458 1996 3509 venit
2018 3470 2195 3507 unum
2227 3455 2288 3505 de
2322 3456 2593 3506 conservis
2624 3454 2758 3515 suis,
2785 3453 2885 3519 qui
2909 3449 3127 3503 debebat
3153 3448 3204 3501 ei
3224 3450 3446 3500 centum

1848 3544 2125 3605 denarios,
2151 3547 2208 3595 et
2238 3558 2350 3595 non
2383 3541 2540 3600 dixit,
2574 3540 2663 3595 cui
2695 3541 2814 3611 jam
2846 3537 3098 3593 debitum
3126 3534 3441 3589 dimiserat.

1842 3631 1912 3685 Si
1942 3630 2091 3684 enim
2122 3630 2446 3693 dimisisset,
2472 3646 2584 3683 non
2614 3629 2664 3682 ei
2686 3629 2880 3698 utique
2895 3626 3146 3691 deberet;
3172 3640 3321 3678 nunc
3349 3638 3448 3676 au-

1849 3725 1963 3774 tem
1996 3719 2127 3790 quia
2161 3719 2301 3772 dixit
2337 3717 2591 3781 debebat,
2635 3716 2993 3770 manifestum
3036 3714 3256 3767 videtur
3297 3710 3447 3782 quod

1822 3790 1961 3863 'non
1991 3808 2300 3873 dimiserat,
2333 3813 2390 3860 et
2429 3806 2555 3860 ideo
2585 3805 2723 3859 nihil
2750 3804 2820 3858 de
2873 3804 2957 3857 his
3009 3803 3151 3857 forte
3194 3799 3449 3871 cogimur

1849 3897 2182 3967 intelligere,
2202 3913 2324 3967 quae
2342 3900 2535 3967 postea
2553 3893 2656 3948 sibi
2678 3893 2749 3947 ad
2770 3892 3002 3946 invicem
3033 3889 3289 3945 homines
3309 3903 3443 3942 con-

1850 3988 2101 4041 trahunt.
2130 3986 2236 4040 Sed
2266 3984 2543 4039 conclusio
2573 3984 2743 4053 hujus
2786 3981 3064 4053 parabolae
3093 3980 3259 4049 longe
3280 3978 3447 4031 aliter

1850 4094 1910 4131 se
1933 4076 2121 4140 habet,
2153 4092 2279 4129 cum
2314 4074 2428 4128 ait:
2458 4074 2548 4129 Sic
2580 4078 2628 4127 et
2662 4075 2821 4127 Pater
2848 4086 3000 4125 meus
3031 4071 3252 4124 calestis
3280 4068 3446 4135 faciet

1849 4167 2074 4227 vobis,si
2088 4181 2199 4218 non
2214 4165 2539 4217 dimiseritis
2552 4164 2928 4230 unusquisque
2944 4158 3219 4226 fratribus
3231 4158 3444 4220 vestris,

1849 4260 2078 4325 peccata
2098 4269 2292 4306 eorum
2316 4253 2379 4306 de
2398 4252 2651 4305 cordibus
2671 4252 2879 4303 vestris.
2908 4246 3014 4303 Ubi
3035 4245 3282 4301 ostendit
3302 4250 3361 4299 et
3380 4261 3449 4299 ea

1851 4360 1973 4414 quae
1984 4350 2113 4396 ante
2125 4341 2398 4413 baptisma
2413 4340 2709 4395 commissa
2721 4342 2938 4403 sunt,et
2948 4353 3013 4391 ea
3027 4334 3449 4408 quaeﬁﬁﬁde—

172 4424 274 4479 ille.
308 4427 533 4481 Tamen
563 4442 757 4480 eorum
805 4442 951 4479 unus
981 4431 1067 4479 est
1111 4426 1400 4481 Dominus.
1435 4428 1540 4482 Sed
1574 4428 1767 4483 infelix
1786 4417 1832 4474 Ῑ)
1851 4448 2003 4486 mum
2031 4438 2224 4503 postea
2246 4431 2315 4485 ad
2341 4431 2577 4484 invicem
2597 4428 3026 4492 contrahuntur,
3048 4424 3447 4495 benignissime

172 4514 410 4569 nimium
436 4525 607 4586 atque
632 4514 804 4568 miser
822 4514 980 4579 Cain,
1004 4514 1137 4585 quia
1157 4514 1292 4569 exiit
1310 4532 1344 4569 a
1363 4515 1504 4571 facie
1520 4517 1763 4572 Domini:

172 4602 367 4658 beatus
388 4610 583 4658 autem
599 4602 737 4657 Abel
753 4609 809 4656 et
826 4609 1053 4674 accepta
1068 4603 1249 4657 hostia
1270 4604 1544 4676 Deo,quia
1563 4608 1769 4661 mansit

172 4691 321 4747 intus
332 4710 468 4747 cum
489 4692 834 4747 Deo.Etideo
852 4708 1044 4746 omnes
1064 4692 1337 4758 homines,
1356 4695 1607 4765 quamvis
1623 4696 1767 4750 servi

172 4780 278 4835 sint
304 4783 484 4836 unius
514 4780 753 4845 Domini,
786 4785 977 4834 tamen
1033 4780 1200 4835 aliter
1227 4787 1315 4839 est
1351 4782 1530 4837 factus
1576 4800 1768 4839 servus

173 4868 313 4924 Esau
344 4870 446 4942 qui
477 4869 763 4941 afﬂigebat
789 4869 959 4942 Iacob
1014 4869 1246 4924 fratrem
1290 4888 1474 4935 suum,
1506 4877 1560 4925 et
1605 4872 1770 4927 aliter

173 4957 288 5028 ipse
309 4958 489 5013 Iacob
510 4958 953 5030 persecutionem
983 4957 1201 5031 patiens
1226 4959 1433 5025 fratris,
1456 4978 1556 5031 pro
1584 4977 1694 5031 quo
1714 4967 1772 5016 et

172 5046 359 5116 fugam
414 5048 543 5102 iniit
596 5048 864 5118 exsulque
906 5054 989 5102 est
1026 5047 1222 5101 factus.
1267 5048 1426 5103 Unde
1476 5049 1607 5104 licet
1654 5052 1771 5105 haec

172 5136 313 5189 ratio
343 5152 519 5206 quam
572 5136 742 5207 cepit
790 5153 995 5207 ponere
1043 5152 1170 5190 cum
1221 5135 1393 5189 servis
1422 5137 1557 5195 suis.
1591 5139 1770 5209 magis

172 5224 458 5292 pertineat
501 5226 572 5279 ad
613 5230 835 5297 tempus
886 5224 1168 5296 baptismi,
1208 5225 1432 5295 quando
1476 5226 1535 5279 in
1574 5243 1640 5281 eo
1669 5228 1770 5282 do-

170 5319 386 5368 nantur
433 5315 623 5369 omnia
666 5314 852 5368 debita
901 5320 1018 5367 tam
1076 5331 1199 5385 quae
1261 5314 1641 5369 contraximus
1701 5316 1771 5371 ab

171 5403 378 5468 Adam,
419 5420 585 5474 quam
624 5420 690 5458 ea
728 5420 850 5475 quae
872 5409 1064 5475 postea
1092 5403 1197 5474 ipsi
1226 5403 1627 5459 commisimus.
1661 5406 1769 5461 Ta-

171 5506 298 5547 men
330 5499 397 5547 et
427 5492 482 5548 in
511 5494 684 5563 priori
713 5493 918 5566 populo
948 5495 1034 5548 lex
1077 5499 1295 5549 naturae
1340 5495 1613 5549 servanda
1642 5494 1765 5562 fuit,

177 5585 372 5649 '65
402 5582 546 5639 sicut
571 5587 631 5639 et
677 5583 762 5639 lex
792 5584 978 5657 Moysi.
1019 5585 1099 5639 Ac
1126 5589 1399 5657 pmterea
1425 5584 1485 5641 in
1531 5589 1770 5657 utraque

1848 4520 2233 4574 condonanda.
2269 4520 2544 4584 Quoniam
2576 4534 2718 4572 nova
2743 4515 3005 4570 nativitas
3040 4521 3097 4569 et
3125 4513 3307 4568 cordis
3334 4512 3443 4567 im-

1852 4609 2087 4662 mutatio
2118 4609 2173 4662 id
2202 4610 2369 4662 aﬂert
2394 4614 2457 4662 ut
2487 4606 2626 4661 nihil
2655 4606 2881 4660 demum
2934 4604 3084 4659 aliud
3117 4603 3440 4668 debeamus,

1850 4697 1958 4750 nisi
1986 4703 2051 4750 ut
2078 4695 2311 4749 invicem
2342 4695 2660 4766 diligamus.
2689 4694 3089 4748 Verumtamen
3115 4692 3174 4745 in
3195 4691 3301 4746 hoc
3332 4708 3446 4746 ma-

1847 4802 2019 4857 gnum
2053 4784 2369 4839 ostenditur
2397 4783 2622 4856 pietatis
2658 4788 3095 4847 sacramentum,
3127 4798 3253 4836 cum
3284 4780 3442 4846 illud,

1851 4875 1997 4946 quod
2027 4874 2273 4928 nondum
2316 4889 2579 4927 conservo
2608 4871 2918 4936 dimiserat,
2952 4887 3134 4942 neque
3174 4870 3322 4942 quod
3351 4886 3448 4924 cor

1852 4964 2057 5018 durum
2079 4963 2347 5017 hactenus
2371 4961 2541 5016 etiam
2572 4961 2630 5015 in
2654 4961 2806 5015 fonte
2830 4959 3081 5032 gerebat,
3105 4960 3245 5014 nihil
3265 4960 3445 5031 impe-

1851 5053 1974 5107 dire
1994 5052 2177 5124 potuit
2196 5051 2451 5105 Domino.
2483 5050 2783 5122 quominus
2810 5049 2905 5103 illo
2938 5050 2996 5104 in
3026 5055 3280 5121 tempore
3304 5048 3445 5102 inci-

1852 5142 2068 5214 piendae
2099 5139 2333 5194 rationis
2359 5139 2670 5193 dimitteret
2697 5138 2747 5193 ei
2768 5139 2961 5193 omnia
2979 5156 3101 5211 quae
3120 5137 3380 5202 debebat,
3399 5136 3446 5191 si

1852 5231 2019 5285 vellet
2033 5230 2282 5300 accipere
2296 5245 2419 5300 quae
2435 5228 2846 5283 dabantur.Sed
2866 5227 2997 5299 quid
3018 5226 3226 5298 profuit
3241 5225 3445 5281 misero

1853 5320 1998 5391 quod
2021 5320 2289 5374 donatum
2313 5324 2416 5381 est,
2436 5316 2888 5388 quandoquidem
2912 5316 2967 5369 in
2990 5320 3160 5387 caput
3183 5315 3305 5385 ejus
3321 5331 3447 5387 pro-

1852 5413 1977 5479 pter
2007 5407 2273 5461 duritiam
2302 5406 2503 5468 cordis,
2536 5412 2593 5461 et
2641 5405 2897 5460 odiorum
2948 5404 3442 5476 perseverantiam,

1851 5512 2046 5551 rursus
2074 5496 2265 5551 omnia
2292 5497 2557 5553 continuo
2587 5495 2930 5567 replicantur
2958 5499 3017 5548 et
3046 5494 3349 5565 exiguntur
3376 5492 3447 5547 ab

1851 5602 1919 5642 eo
1931 5586 2191 5642 universa
2200 5587 2611 5660 prmteritorum
2626 5589 2684 5640 et
2696 5582 3059 5656 praesentium
3074 5580 3445 5639 debita?Unde
