3888 6172
453 339 557 399 635

1204 343 1260 397 S.
1304 343 1686 400 PASCHASII
1723 345 2084 403 RADBERTI
2121 347 2424 403 ABBATIS
2463 348 2951 405 CORBEIENSIS.

3552 358 3629 415 636

452 470 604 521 recte
633 465 901 537 quieritur
921 466 1222 537 quomodo,
1253 466 1298 520 si
1327 467 1555 522 dimissa
1579 474 1727 534 sunt,
1770 470 2114 532 redeunt?A
2132 477 2327 545 aperto
2358 472 2540 529 factus
2567 477 2670 541 est,
2706 474 2789 528 vel
2827 473 3133 546 permansit
3180 477 3363 532 malus.
3393 478 3634 551 Propterea

457 556 542 611 Ne
571 555 713 609 forte
734 554 995 626 impediri
1027 555 1203 627 possit
1229 555 1491 626 baptismi
1511 558 1714 626 gratia,
1747 561 2048 630 quominus

461 643 651 698 omnia
666 651 889 715 peccata
910 644 1176 708 dimittat,
1202 644 1441 698 maxime
1463 645 1506 698 si
1527 646 1715 700 odium
1735 648 2046 705 fraternum

460 732 521 786 in
552 734 692 804 ejus,
725 733 812 787 cui
865 732 1247 798 dimittuntur,
1279 734 1468 788 animo
1508 744 1845 806 perseverat.
1889 739 2047 793 Unde

462 827 699 887 constat,
733 827 789 876 et
817 821 1087 875 catholica
1104 824 1403 876 conﬁtetur
1424 824 1685 891 Ecclesia,
1707 827 1855 897 quod
1884 828 2050 881 solvi-

463 917 558 965 tur
586 911 881 965 hesternus
901 911 1039 977 dies,
1066 917 1123 964 et
1145 912 1427 984 quidquid.
1446 914 1502 968 in
1533 931 1599 968 eo
1623 921 1907 970 contracta
1919 923 2053 972 sunt

461 1000 546 1053 vel
575 1016 761 1070 supra,
791 999 1024 1054 solvitur
1054 1000 1221 1054 etiam
1250 1008 1307 1055 et
1351 1002 1473 1074 ipsa
1500 1003 1640 1058 hora
1668 1012 2048 1061 momentum-

462 1103 569 1158 que
593 1094 724 1141 ante
754 1087 1118 1159 baptismum,
1138 1096 1196 1144 et
1214 1091 1271 1144 in
1292 1089 1588 1163 baptismo.
1603 1093 1775 1148 Porro
1791 1095 2048 1166 deinceps

455 1175 719 1230 continuo
759 1193 890 1231 reus
916 1194 1038 1231 esse
1080 1179 1298 1251 incipit,
1328 1198 1453 1235 cum
1485 1181 1553 1235 de
1582 1182 1841 1238 libertate
1881 1201 2049 1239 ruens

457 1282 650 1321 servus
670 1283 791 1320 esse
821 1269 1035 1338 peccati
1055 1268 1267 1341 incipit.
1284 1271 1364 1324 Ac
1390 1276 1705 1343 propterea,
1730 1289 1840 1326 non
1869 1273 2050 1327 solum

461 1357 951 1428 consequentium,
978 1375 1168 1411 verum
1194 1358 1367 1412 etiam
1382 1361 1791 1431 praeteritorum
1809 1362 2048 1430 dierum,

459 1445 726 1500 horarum
747 1451 801 1499 et
815 1451 1251 1511 momentorum,
1272 1448 1636 1503 redeuntibus
1657 1451 1915 1505 omnibus
1930 1470 2052 1523 quae

460 1534 694 1589 dimissa
719 1541 869 1601 sunt,
900 1541 1127 1589 tenetur
1154 1553 1281 1591 reus
1308 1543 1364 1591 et
1404 1537 1645 1609 exigitur
1681 1538 1749 1592 ab
1794 1556 1878 1606 eo,
1911 1556 1975 1593 ac
2005 1540 2053 1594 si

460 1623 768 1677 redivivum
796 1623 1116 1678 universum
1141 1623 1409 1684 debitum.
1425 1626 1482 1680 in
1506 1633 1723 1681 tantum
1748 1634 1812 1683 ut
1831 1629 2053 1683 videan-

460 1717 555 1766 tur
585 1712 641 1766 in
673 1712 1007 1783 quibusdam
1032 1720 1261 1786 peccata
1282 1732 1393 1770 non
1422 1716 1673 1783 dimissa,
1706 1717 1850 1772 sicut
1869 1718 1926 1772 in
1963 1718 2051 1773 Si-

2130 582 2230 637 per
2267 580 2433 618 omne
2461 567 2683 633 tempus
2714 563 2837 617 vita:
2875 568 3078 619 nostra:
3104 581 3226 619 cum
3270 566 3447 621 timore
3472 574 3519 622 et
3538 579 3633 624 tre-

2130 670 2284 708 more
2296 653 2535 707 salutem
2550 656 2800 705 nostram
2813 651 3032 723 operari
3044 658 3273 723 oportet,
3289 670 3352 708 ne
3372 655 3422 708 in
3436 657 3529 709 ullo
3541 674 3639 712 con-

2131 742 2421 796 tristemur
2437 740 2671 812 Spiritui
2689 747 2881 795 sancto
2901 741 2958 794 in
2981 758 3090 812 quo
3109 742 3305 812 signati
3323 759 3515 810 sumus;
3541 747 3640 816 quia

2132 848 2316 903 neque
2337 830 2432 901 qui
2452 830 2579 883 ﬁcte
2600 829 2812 884 accedit
2832 830 2900 883 ad
2929 830 3072 885 hanc
3097 831 3327 900 gratiam
3344 832 3640 899 remissionis,

2131 938 2313 992 neque
2343 919 2439 991 qui
2466 924 2660 990 postea
2681 921 2802 989 jam
2841 919 3066 973 adultus
3095 919 3151 973 in
3182 919 3284 973 ﬁde
3322 922 3570 975 recesserit
3589 922 3641 976 ab

2130 1010 2348 1065 unitate
2371 1007 2678 1074 charitatis,
2709 1014 2765 1061 et
2792 1024 2824 1061 a
2855 1007 3074 1062 vinculo
3098 1009 3345 1063 fraternae
3372 1009 3641 1076 dilectionis,

2133 1105 2314 1170 potest
2336 1096 2557 1151 salvari.
2586 1096 2781 1167 Neque
2813 1096 2992 1166 igitur
3022 1097 3172 1151 intus
3199 1104 3292 1151 aut
3316 1097 3435 1151 foris
3463 1099 3647 1152 reitera-

2133 1194 2227 1242 tur
2255 1193 2671 1242 sacramentum
2700 1185 2974 1239 donorum
3002 1185 3123 1249 Dei,
3147 1192 3204 1241 et
3227 1187 3547 1252 consecratio,
3573 1188 3646 1242 sed

2134 1282 2490 1349 exspectatur
2519 1281 2582 1330 ut
2616 1274 2808 1329 redeat
2827 1274 2896 1328 ad
2929 1274 3202 1329 unitatem
3229 1275 3509 1341 charitatis,
3535 1276 3649 1331 etad

2133 1366 2419 1420 vinculum
2457 1364 2763 1419 concordiae
2796 1369 2965 1435 atque
2992 1364 3161 1435 pacis,
3185 1371 3247 1419 ut
3289 1364 3452 1418 discat
3475 1370 3523 1418 et
3544 1364 3650 1418 inci-

2134 1455 2254 1527 piat
2273 1454 2454 1524 magis
2472 1454 2759 1524 ignoscere
2779 1458 2837 1506 et
2862 1458 3128 1524 praestare
3156 1453 3279 1507 aliis
3298 1468 3451 1523 quam
3479 1452 3651 1523 exigere

2135 1561 2202 1599 ea
2233 1561 2355 1615 quae
2384 1542 2609 1615 pietatis
2639 1548 2772 1596 sunt
2818 1558 2884 1595 ac
2921 1541 3231 1596 dilectionis
3260 1547 3315 1595 et
3346 1541 3520 1611 gratiae
3545 1557 3557 1594 ;
3581 1540 3654 1594 sed

2136 1632 2497 1705 quaerendum
2537 1631 2581 1685 si
2611 1631 2790 1685 solum
2822 1630 2896 1684 sit
2935 1631 3175 1702 proximi
3203 1630 3382 1684 odium
3411 1646 3506 1700 quo
3532 1628 3653 1682 nobis

2133 1724 2324 1778 omnia
2347 1724 2469 1793 jam
2500 1721 2720 1775 indulta
2754 1724 3087 1775 revocantur
3134 1719 3336 1780 debita,
3364 1735 3430 1772 an
3456 1719 3595 1772 etiam
3617 1721 3659 1770 et

461 1817 629 1856 mone
658 1801 839 1873 Mago,
874 1808 931 1856 et
961 1803 1017 1856 in
1057 1805 1486 1875 quamplurimis
1516 1807 1610 1878 qui
1654 1809 1778 1861 ficte
1809 1790 2112 1862 accesse-B
2132 1790 2615 1883 reliquavcrimina
2646 1827 2767 1880 quae
2815 1809 3123 1880 Apostolus
3151 1808 3472 1865 dinumerat.
3503 1807 3544 1861 si
3565 1805 3659 1877 quis

459 1895 611 1955 runt,
647 1890 733 1944 vel
779 1891 1053 1946 accedunt
1100 1893 1171 1946 ad
1224 1894 1454 1960 fontem,
1504 1896 1767 1966 quoniam
1826 1903 2051 1952 sanctus
2135 1918 2202 1955 ea
2226 1900 2322 1972 qui
2350 1906 2527 1970 agunt
2549 1902 2629 1968 (ut
2646 1899 2765 1971 ipse
2786 1902 3047 1964 testatur)
3069 1914 3305 1968 regnum
3336 1897 3428 1950 Dei
3451 1912 3547 1951 non
3565 1910 3661 1949 con-

460 1978 704 2050 Spiritus
733 1979 1038 2051 disciplinae
1067 1982 1295 2052 effugiet
1336 1983 1548 2037 ﬁctum.
1581 1985 1724 2056 Ergo
1754 1987 1884 2057 quia
1923 1987 2052 2041 talis
2134 1995 2458 2061 sequentur.
2478 1989 2638 2053 Quod
2658 1988 2885 2042 omnino
2906 2003 3074 2041 nemo
3091 1987 3189 2058 qui
3208 1986 3437 2055 abneget
3459 1985 3529 2039 ita
3549 1998 3660 2037 esse.

461 2070 587 2122 ﬁcte
616 2068 848 2136 accedit,
877 2068 1002 2124 ideo
1060 2070 1201 2124 forte
1246 2088 1356 2125 non
1388 2072 1439 2126 ei
1472 2073 1837 2130 dimittuntur
1863 2076 2054 2131 debita
2137 2080 2245 2134 Sed
2266 2077 2616 2132 solummodo
2632 2077 2821 2130 odium
2840 2081 2897 2130 et
2918 2076 3170 2130 fraterna
3189 2074 3463 2130 sufiocatio
3482 2072 3552 2126 vel
3566 2087 3687 2148 αιτιοι

459 2173 579 2224 sua,
611 2158 759 2228 quod
785 2160 1014 2213 omnino
1035 2159 1234 2214 falsum
1267 2167 1369 2215 est.
1401 2162 1559 2217 Unde
1588 2165 1886 2235 Apostolus
1923 2166 2002 2218 ait
2038 2185 2049 2218 :
2135 2167 2274 2222 delis
2296 2167 2508 2221 exactio
2532 2171 2714 2231 αδδ
2732 2165 2822 2218 hic
2848 2164 2905 2218 in
2932 2182 3104 2219 causa
3118 2164 3360 2235 ponitur:
3381 2162 3500 2233 quia
3523 2159 3662 2213 omnis

462 2248 784 2316 Quicunque
808 2250 869 2301 in
891 2248 1101 2302 Christo
1122 2252 1387 2318 baptizati
1406 2256 1548 2317 estis,
1567 2253 1847 2307 Christum
1866 2256 2054 2309 indui-
2133 2255 2401 2327 iniquitas
2429 2255 2516 2309 sui
2544 2260 2631 2308 est
2644 2254 2836 2308 odium
2868 2254 2950 2307 vel
2980 2253 3240 2324 proximi,
3263 2258 3318 2307 et
3344 2252 3409 2305 de
3425 2250 3535 2304 odio
3551 2247 3664 2301 venit

461 2338 558 2390 stis
583 2336 830 2406 (Gal.1n,
865 2334 974 2407 27).
1011 2337 1154 2408 Ergo
1189 2338 1506 2410 quicunque
1535 2341 1819 2397 Christum
1845 2343 2047 2406 induit,
2128 2343 2363 2414 justitiae
2403 2348 2461 2397 et
2496 2342 2798 2413 aequitatis.
2834 2342 2993 2397 Unde
3046 2342 3243 2406 David,
3281 2341 3475 2402 Omnis,
3504 2335 3661 2406 inquit,

463 2424 521 2479 in
551 2442 781 2496 corpore
812 2426 1017 2481 Christi
1063 2434 1438 2495 consecratur,
1475 2435 1533 2483 et
1572 2429 1697 2485 ideo
1727 2448 1839 2485 non
1871 2437 2056 2504 potest
2137 2435 2235 2502 qui
2259 2433 2446 2500 diligit
2478 2433 2856 2499 iniquitatem,
2885 2432 2998 2484 odit
3030 2432 3287 2483 animam
3302 2444 3452 2483 suam
3467 2426 3663 2497 (PSGLX:

464 2514 606 2579 ﬁeri,
641 2521 705 2569 ut
735 2532 836 2587 per
864 2522 1114 2570 sanctam
1146 2517 1254 2570 vim
1285 2517 1427 2572 tanti
1461 2520 1798 2575 sacramenti
1832 2527 2057 2592 peccata
2139 2519 2213 2590 5).
2248 2521 2391 2591 Ergo
2412 2521 2653 2574 alterum
2674 2535 2841 2574 nemo
2859 2523 3009 2573 recte
3039 2517 3230 2589 diligit
3249 2517 3343 2590 qui
3364 2514 3667 2583 semetipsum

463 2603 513 2657 ei
535 2620 646 2658 non
662 2604 1247 2672 dimittantur,saltem
1268 2607 1326 2661 in
1351 2601 1523 2678 ipsius
1539 2609 1808 2680 temporis
1827 2618 2052 2681 puncto.
2140 2609 2275 2664 odit.
2294 2610 2435 2663 Hinc
2461 2625 2683 2680 quoque
2707 2607 2999 2679 Scriptura
3025 2613 3254 2662 revocat
3274 2615 3669 2675 unumquemque

466 2692 574 2747 Sed
607 2710 708 2765 per
732 2694 1012 2749 ﬁctionem
1042 2701 1209 2768 atque
1232 2696 1498 2751 duritiam
1525 2715 1592 2752 eo
1622 2699 1772 2769 quod
1801 2700 2058 2772 impceni-
2138 2704 2391 2753 nostrum
2439 2698 2510 2751 ad
2564 2697 2949 2768 semetipsum,
2983 2698 3260 2762 Miserere,
3297 2695 3484 2766 inquit,
3512 2692 3670 2745 anima

464 2788 591 2837 telis
627 2800 722 2836 cor
767 2783 817 2837 ei
858 2790 1104 2851 maneat,
1152 2785 1363 2840 redisse
1414 2787 1677 2842 continuo
1726 2789 2052 2860 probantur,
2140 2804 2266 2842 mea:
2280 2791 2503 2857 placens
2521 2788 2817 2852 Deo(Eccli.
2835 2782 3263 2852 xxx,24l-Quia
3283 2783 3376 2855 (ιιιὶ
3393 2780 3473 2837 δαί
3492 2779 3671 2835 misere‘

464 2876 694 2943 propter
721 2874 1191 2944 perseverantiam
1225 2875 1478 2941 lasciviae,
1503 2893 1601 2930 seu
1632 2878 1890 2943 ﬁctionis,
1925 2879 2057 2950 quia
2138 2883 2251 2942 tur,
2283 2882 2345 2930 ut
2377 2880 2614 2947 oportet,
2639 2875 2779 2929 nulli
2805 2873 2968 2929 alteri
2995 2874 3243 2929 crudelis
3273 2873 3377 2928 erit
3397 2875 3603 2926 exactor.
3623 2865 3673 2920 Et

464 2968 693 3016 sanctus
726 2961 966 3032 Spiritus
996 2962 1322 3034 disciplinae,
1344 2971 1407 3018 ut
1425 2965 1557 3031 dixi,
1592 2966 1821 3037 effugiet
1839 2969 2054 3038 ﬁctum,
2140 2965 2232 3036 qui
2256 2966 2315 3019 in
2336 2982 2395 3019 se
2416 2965 2604 3033 diligit
2622 2964 2996 3034 iniquitatem,
3014 2963 3071 3016 in
3097 2963 3257 3017 nullo
3285 2960 3509 3034 perfecte
3526 2970 3674 3011 ainare

465 3067 530 3104 eo
561 3050 709 3121 quod
740 3051 862 3121 ejus
892 3051 1135 3105 noluerit
1153 3053 1432 3124 suscipere
1464 3055 1547 3108 vel
1576 3072 1798 3110 servare
1824 3057 2053 3123 donum,
2080 3109 2122 3139 ρ
2140 3059 2322 3126 potest
2350 3053 2692 3125 aequitatem,
2728 3053 2859 3123 quia
2888 3051 3275 3123 aequissimum
3312 3055 3409 3114 est,
3439 3056 3493 3139 ut
3517 3063 3568 3100 se
3591 3042 3675 3139 pri-

458 3141 578 3211 jam
611 3139 942 3211 baptizatus.
969 3140 1075 3204 Qui
1098 3142 1345 3212 profecto
1374 3142 1604 3213 spiritus
1626 3161 1753 3198 cum
1777 3146 2053 3216 effugerit,
2080 3136 2291 3198 Umum
2315 3143 2551 3214 quisque
2570 3143 2874 3197 secundum
2895 3142 3071 3195 Deum
3093 3140 3316 3211 diligat,
3340 3136 3522 3193 deinde
3537 3136 3677 3206 proxi-

465 3229 570 3282 etsi
599 3229 830 3284 dimissa
865 3233 999 3284 sunt
1023 3228 1231 3296 debita,
1266 3230 1522 3294 redeunt,
1559 3234 1822 3303 quoniam
1874 3240 2052 3301 θεὶς
2139 3249 2296 3287 mum
2318 3232 2462 3287 sicut
2484 3232 2750 3302 seipsum.
2785 3229 3045 3301 Alioquin
3069 3229 3216 3283 sciat
3250 3245 3347 3299 pro
3381 3232 3517 3280 certo
3543 3236 3678 3276 unus-

465 3318 610 3372 oculi
660 3320 782 3390 ejus
836 3320 906 3373 ad
946 3319 1204 3373 tenebras
1243 3320 1301 3373 in
1340 3327 1671 3392 perpetuum
1712 3323 2052 3393 diriguntur.

466 3408 867 3462 Verumtamen
900 3408 1044 3462 sicut
1072 3408 1269 3463 beatus
1300 3410 1647 3480 Augustinus
1671 3412 1771 3477 ait,
1803 3413 1926 3467 Non
1957 3430 2057 3484 po-

465 3501 576 3552 test
604 3513 731 3551 cum
765 3498 857 3552 lux
887 3496 991 3551 nisi
1017 3498 1353 3569 pertundere
1381 3504 1790 3569 transeuntem,
1809 3501 1943 3555 dum
1958 3519 2059 3573 per

464 3585 644 3658 ipsam
675 3586 877 3641 transit
912 3585 1114 3644 lucem.
1161 3586 1382 3641 etiamsi
1412 3594 1662 3643 transeat
1699 3589 1769 3643 ad
1809 3591 2056 3645 destina-

465 3676 636 3731 tionis
665 3692 779 3730 suae
805 3676 1085 3743 tenebras,
1117 3678 1381 3732 continuo
1402 3678 1644 3749 peccatis
1670 3679 2052 3746 redeuntibus,

468 3782 590 3837 quae
625 3764 885 3838 baptismi
905 3765 1174 3820 sanctitas
1212 3765 1271 3819 in
1318 3766 1411 3821 illo
1441 3768 1710 3839 temporis
1734 3776 1941 3839 puncto
1971 3769 2057 3823 di-

468 3856 718 3920 miserat,
737 3859 1005 3927 tanquam
1028 3856 1300 3910 redeunte
1323 3855 1682 3921 obscuritate,
1703 3874 1870 3928 quam
1888 3858 1981 3911 lux
2003 3858 2061 3913 in

463 3947 707 4022 transitu
739 3945 808 3999 ab
853 3962 918 4000 eo
960 3950 1280 4000 excusserat
1329 3946 1413 3999 vel
1467 3947 1776 4017 pepulerat.
1811 3947 1969 4011 Quod
2002 3952 2059 4001 et

465 4052 711 4105 praesens
743 4036 897 4089 locus
926 4035 1295 4101 demonstrat,
1337 4051 1463 4088 cum
1494 4041 1722 4107 propter
1744 4036 2053 4091 fraternum

465 4123 678 4187 odium,
693 4123 778 4176 vel
799 4122 973 4177 debiti
997 4123 1340 4177 exactionem
1363 4130 1589 4193 peccata
1620 4124 1803 4178 redire
1823 4125 2057 4179 dimissa

466 4210 736 4264 Dominus
767 4215 1128 4281 protestatur,
1157 4229 1283 4266 cum
1309 4212 1705 4282 exigerejubet
1732 4214 1801 4267 ab
1832 4232 1897 4268 eo
1926 4214 2055 4268 uni-

2139 3322 2375 3392 quisque
2404 3321 2634 3375 dimissa
2679 3320 2863 3374 redire
2908 3323 3154 3391 peccata,
3196 3316 3291 3371 ubi
3334 3332 3430 3371 nec
3479 3313 3681 3366 fraterna

2139 3411 2383 3465 Charitas
2408 3416 2511 3475 est,
2528 3426 2630 3463 nec
2656 3425 2759 3464 sua
2779 3408 3083 3463 secundum
3108 3408 3290 3461 Deum
3314 3403 3538 3459 dilectio.
3568 3400 3681 3462 QUO'

2139 3500 2289 3554 niam
2317 3500 2380 3562 si,
2416 3502 2596 3553 omnis
2623 3500 2723 3567 qui
2750 3499 2865 3551 odit
2886 3498 3126 3563 fratrem
3150 3513 3340 3559 suum,
3366 3490 3609 3547 homicida
3625 3488 3680 3538 est

2140 3590 2194 3659 (I
2226 3592 2388 3644 Joan.
2423 3602 2506 3652 IlI,
2542 3587 2645 3653 l5),
2680 3586 2857 3640 multo
2885 3585 3065 3655 magis
3095 3584 3144 3638 is
3176 3584 3273 3655 qui
3300 3600 3359 3638 se
3392 3582 3469 3636 ita
3493 3577 3609 3639 odit,
3634 3576 3683 3627 ut

2139 3694 2242 3732 nec
2257 3678 2345 3732 sui
2363 3677 2698 3731 misereatur
2716 3690 2818 3728 nec
2838 3673 3022 3738 alteri,
3043 3690 3151 3744 quo
3174 3674 3292 3728 Deo
3308 3673 3513 3743 placere
3524 3662 3679 3737 possit.

2139 3766 2372 3830 Idcirco,
2397 3765 2597 3819 fratres
2622 3762 2957 3827 charissimi,
2988 3761 3426 3828 considerandus
3453 3762 3529 3811 est
3552 3752 3684 3821 huius

2144 3854 2420 3928 parabolae
2459 3859 2663 3918 textus,
2698 3851 3104 3906 consideranda
3149 3850 3346 3906 aeterni
3393 3845 3576 3918 judicis
3606 3838 3685 3894 cri-

2140 3944 2394 4010 minatio;
2424 3943 2558 4014 quia
2584 3941 2642 3995 in
2676 3940 2918 3995 Ecclesia
2947 3939 3157 3994 Christi
3187 3956 3304 3994 non
3332 3937 3436 3993 nisi
3460 3936 3558 3989 duo
3580 3932 3684 3984 sunt

2139 4032 2331 4105 populi
2357 4032 2591 4102 duaeque
2617 4035 2835 4100 gentes,
2869 4028 3122 4100 quamvis
3150 4028 3445 4083 videantur
3478 4038 3581 4077 esse
3611 4033 3683 4088 ge-

2139 4121 2298 4188 mini,
2330 4120 2493 4175 sicuti
2521 4119 2691 4173 etiam
2744 4123 2799 4173 et
2830 4118 2887 4171 in
2927 4123 3087 4172 utero
3117 4117 3397 4181 Rebeccae,
3428 4118 3682 4181 antequam

2138 4215 2520 4273 nascerentur,
2551 4208 2661 4262 duo
2693 4205 3081 4274 luctabantur;
3108 4223 3174 4259 ex
3205 4205 3407 4277 quibus
3434 4194 3679 4274 prophetia

467 4314 627 4351 versa
674 4298 875 4369 prioris
926 4299 1053 4352 vitae
1098 4305 1155 4353 et
1209 4300 1493 4369 sequentis
1538 4300 1744 4354 debita.
1778 4303 2054 4366 Quoniam
2137 4306 2241 4367 est,
2266 4299 2413 4370 quod
2437 4299 2618 4368 major
2645 4295 2849 4350 serviet
2877 4294 3082 4349 minori
3114 4295 3266 4361 (Gen.
3300 4309 3421 4357 xxv,
3451 4288 3552 4383 2.3):
3580 4285 3680 4383 fit?“

463 4386 644 4441 omnis
672 4389 772 4456 qui
806 4402 918 4440 non
956 4388 1163 4455 diligit,
1190 4391 1373 4439 manet
1397 4391 1457 4440 in
1499 4394 1690 4451 morte,
1718 4394 1793 4452 et,
1817 4395 1915 4458 qui
1942 4393 2119 4461 odith
2137 4406 2204 4444 ea
2217 4388 2441 4461 quidem
2466 4385 2784 4441 conditione
2807 4401 2917 4455 qua
2952 4384 3206 4439 serviunt
3226 4383 3417 4437 ﬁdeles
3436 4376 3618 4434 Christi
3637 4376 3682 4423 in

462 4479 699 4546 fratrem
728 4492 895 4530 suum
925 4477 1200 4529 homicida
1227 4480 1321 4540 cst,
1350 4480 1398 4528 et
1438 4478 1500 4529 in.
1532 4477 1762 4529 tenebris
1781 4479 2050 4546 ambulat,
2074 4462 2119 4493 υ
2139 4477 2384 4532 Ecclesia
2436 4475 2645 4530 Christi
2675 4472 2778 4528 sub
2833 4473 3036 4527 timore
3068 4472 3188 4539 Dei,
3221 4488 3335 4526 non
3384 4468 3454 4523 ad
3499 4462 3684 4520 oculum

464 4569 598 4636 quia
621 4569 790 4621 nescit
809 4582 914 4635 quo
934 4570 1018 4618 eat
1048 4568 1098 4633 (Ι
1120 4567 1281 4619 Joan.
1307 4579 1392 4625 III,
1419 4564 1508 4633 14,
1544 4563 1656 4637 15).
1701 4566 1825 4620 Haec
1851 4566 2055 4622 idcirco
2137 4567 2462 4630 servientes,
2486 4565 2581 4618 sed
2604 4580 2670 4618 ea
2689 4561 2956 4617 servitute
2985 4577 3096 4633 qua
3119 4559 3347 4615 servivit
3391 4559 3528 4613 Esau
3549 4546 3683 4651 i800!)

463 4654 718 4718 dixerim,
752 4659 817 4708 ut
844 4654 1124 4724 intelligat
1153 4653 1556 4726 unusquisque,
1574 4655 1707 4726 quia
1735 4656 1922 4710 nullus
1947 4661 2052 4722 est,
2137 4656 2296 4710 fratri
2353 4670 2474 4717 suo,
2519 4653 2776 4723 afﬂigens
2823 4667 2951 4705 eum
3011 4656 3067 4704 et
3112 4649 3454 4712 excrucians,
3496 4649 3685 4737 suisque

463 4742 676 4798 cuinon
700 4742 1059 4799 dimittantur
1074 4743 1190 4798 haec
1206 4743 1410 4808 debita,
1427 4744 1814 4816 ubicunquein
1831 4746 2056 4799 nomine
2141 4744 2283 4798 odiis
2323 4759 2528 4813 cogens
2558 4740 2925 4813 peregrinari,
2957 4744 3235 4810 quatenus
3273 4738 3395 4808 ejus
3431 4729 3687 4788 crudelitas

466 4832 669 4899 Patris,
694 4837 751 4886 et
788 4832 936 4898 Filii,
967 4837 1024 4886 et
1049 4832 1289 4904 Spiritus
1319 4834 1496 4888 sancti
1523 4833 1835 4905 baptizatus
1865 4834 2051 4888 fuerit.
2138 4832 2297 4886 fratri
2328 4830 2779 4885 mansuetissimo
2816 4829 3112 4901 proficeret
3136 4827 3208 4917 ad
3256 4823 3617 4917 probationem
3643 4817 3689 4917 εξ

467 4922 574 4977 Sed
599 4920 704 4975 nisi
728 4921 788 4976 in
811 4921 1028 4976 unitate
1057 4900 1330 4987 Ecclesiae,
1367 4928 1424 4976 et
1468 4900 1798 4995 compagine
1820 4922 2057 4978 charita-
2138 4921 2209 4975 ad
2234 4921 2541 4992 profectum
2576 4935 2688 4974 suae
2712 4900 2930 4984 salutis,
2964 4922 3022 4971 et
3041 4915 3205 4970 alteri
3226 4931 3333 4969 sua
3359 4900 3688 5002 inf‘estatiofiltl

464 5012 538 5066 tis
567 5010 668 5065 Dei
698 5016 753 5065 et
783 5010 1042 5082 proximi,
1066 5028 1178 5065 non
1199 5018 1452 5067 servatur
1479 5013 1595 5067 haec
1616 5012 1799 5083 gratia
1825 5012 2055 5066 liberta-
2137 5011 2426 5067 cumulum
2458 5026 2572 5063 suae
2628 5007 3023 5063 damnationis.
3054 5005 3293 5076 Utrique
3330 5010 3514 5057 tamen
3553 5006 3688 5089 limits

464 5101 556 5167 tis,
591 5117 689 5155 seu
719 5100 871 5154 intus
900 5100 1155 5155 videatur
1184 5117 1304 5155 esse
1326 5118 1423 5155 seu
1452 5101 1602 5156 foris.
1630 5101 1788 5156 Unde
1818 5101 1907 5154 hic
1935 5118 2055 5155 ser-
2137 5099 2361 5155 Domini
2386 5101 2520 5152 sunt
2547 5096 2709 5151 servi.
2749 5096 2857 5150 Sed
2888 5096 3053 5166 longe
3081 5094 3247 5148 aliter
3269 5085 3688 5185 servi-untelecti,

468 5207 588 5254 vus,
607 5189 702 5261 qui
731 5206 1059 5245 conservum
1083 5206 1247 5243 suum
1279 5195 1495 5257 tenens,
1525 5192 1776 5257 suffocat,
1797 5207 2054 5261 egressus
2137 5190 2272 5244 dum
2306 5187 2698 5243 excruciantur
2726 5185 2973 5238 fraterno
3001 5183 3129 5237 odio
3177 5190 3235 5236 et
3263 5175 3580 5235 inimicitiis,
3605 5169 3689 5261 all-

469 5283 527 5333 et
544 5260 661 5351 ipse
680 5280 904 5346 dicitur,
929 5279 1062 5351 quia
1080 5296 1336 5349 egressus
1364 5285 1451 5334 est
1478 5280 1548 5334 ab
1576 5280 1792 5335 unitate
1820 5260 2056 5334 charita-
2136 5281 2227 5334 ter
2250 5295 2378 5332 vero
2402 5276 2485 5331 illi
2512 5276 2609 5347 qui
2637 5291 2733 5330 eos
2752 5274 2904 5329 intus
2927 5274 3126 5328 forisve
3157 5260 3692 5360 pei‘sequunturznlm‘

470 5349 581 5435 tis,‘
613 5374 672 5422 et
698 5386 731 5423 a
756 5349 973 5424 vinculo
1003 5370 1310 5425 concordiae
1341 5375 1398 5424 et
1433 5370 1605 5441 pacis.
1659 5370 1870 5425 Idcirco
1928 5371 2055 5425 licet
2147 5384 2256 5441 que
2285 5368 2535 5421 serviunt
2568 5364 2716 5429 boni,
2740 5364 2838 5417 sed
2883 5363 2954 5418 ad
2986 5363 3207 5417 laudem
3244 5359 3344 5415 Dei
3374 5363 3429 5412 et
3451 5349 3691 5441 juslfﬁcé‘

471 5458 626 5513 intus
673 5457 748 5512 sit
796 5474 1030 5513 numero
1063 5465 1120 5512 et
1176 5474 1425 5530 corpore,
1458 5459 1591 5512 foris
1637 5465 1824 5513 tamen
1874 5465 1975 5523 est,
2010 5463 2067 5512 et
2146 5458 2356 5512 tionem
2387 5470 2545 5508 suam
2575 5472 2585 5506 ε
2622 5452 2874 5506 serviunt
2919 5457 2976 5505 et
3004 5450 3156 5515 mali,
3189 5448 3287 5503 sed
3325 5444 3427 5500 sibi
3455 5441 3519 5496 ad
3544 5438 3689 5537 det":

473 5563 587 5603 non
612 5551 705 5602 'est
730 5548 789 5602 in
809 5547 1027 5602 unitate
1056 5528 1304 5620 spiritus,
1332 5554 1390 5602 et
1416 5548 1474 5601 in
1494 5547 1710 5601 vinculo
1741 5547 1911 5619 pacis,
1934 5548 2066 5619 quia
2149 5550 2403 5601 mentum
2429 5541 2648 5606 salutis,
2674 5548 2732 5597 et
2761 5558 2982 5613 poenam
3011 5537 3407 5600 damnationis,
3428 5538 3489 5587 ut
3513 5528 3691 5596 etJuSU

476 5635 708 5708 spiritus
731 5634 1038 5707 disciplinae
1065 5636 1297 5692 recessit
1338 5653 1372 5691 a
1396 5636 1542 5703 ficto,
1572 5636 1655 5689 vel
1687 5635 1755 5689 ab
1787 5653 1851 5690 eo
1882 5635 1977 5706 qui
2006 5635 2064 5690 in
2150 5636 2373 5690 illorum
2420 5630 2730 5705 probentur
2774 5629 3132 5695 cruciatibus,
3170 5625 3371 5699 quibus
3399 5632 3576 5728 eorum
3614 5625 3693 5666 au-
