3888 6172
184 377 273 442 637

855 380 1234 438 EXPOSlTlO
1273 383 1352 439 IN
1390 383 1836 441 MA'l'I‘HIEUM.
1879 416 1943 427 —
1984 386 2121 441 LIB.
2163 384 2313 451 VIII,
2356 383 2514 440 CAP.
2553 384 2753 439 XVIII.

3325 339 3429 434 eis
3452 360 3457 369 ‘

181 510 415 580 geantur
439 506 664 568 merita,
714 509 772 560 et
807 505 940 559 mali
987 521 1052 560 ac
1094 507 1354 562 scelerati
1384 515 1596 565 aeterna
1641 528 1753 566 non
1772 514 1819 572 Α
1839 512 2093 582 ingratus
2115 516 2172 565 et
2202 511 2400 573 malus,
2428 509 2518 564 cui
2540 509 2693 563 nulla
2712 508 2823 562 alia
2846 522 3015 563 causa
3031 499 3137 561 fuit
3163 466 3428 559 utdimit—

184 597 403 653 evadant
416 594 523 649 sibi
553 594 822 666 supplicia
844 601 1172 666 praeparata.
1195 597 1481 669 Siquidem
1508 600 1759 655 serviunt

185 702 359 743 omnes
408 701 550 756 quos
590 683 863 756 praescivit
908 685 1182 752 Christus,
1236 692 1294 741 et
1338 689 1759 758 praedestinavit

183 777 241 831 ad
273 775 465 838 vitam,
499 774 752 828 serviunt
776 778 833 828 et
859 774 941 828 illi
966 775 1061 846 qui
1088 775 1225 830 foris
1249 777 1477 847 egressi,
1503 779 1757 849 quamvis

184 867 315 921 intus
353 863 669 922 videantur.
711 862 805 934 qui
855 862 1115 934 aﬂligunt
1162 866 1462 936 proximos.
1516 867 1621 922 Sed
1666 884 1761 923 eos

184 971 301 1026 quos
344 952 489 1007 falso
530 952 733 1007 fratres
785 958 1002 1019 vocant,
1049 952 1250 1024 quibus
1286 960 1342 1008 et
1378 955 1602 1025 quantis
1637 973 1762 1010 mo-

183 1043 255 1097 dis
279 1041 541 1112 afﬂigant
588 1047 643 1095 et
687 1046 919 1095 teneant
965 1041 1109 1096 infra
1157 1043 1455 1097 Ecclesiam
1501 1044 1602 1098 Dei
1651 1043 1759 1099 diri

183 1132 452 1182 exactores
506 1125 761 1180 membra
816 1126 1043 1191 Christi,
1102 1128 1331 1198 longum
1376 1136 1464 1183 est
1518 1129 1758 1184 dissere-

181 1233 248 1281 re,
280 1219 472 1281 τω
501 1213 813 1286 quibusque
856 1215 1035 1269 modis
1081 1216 1446 1286 suﬁocantur,
1477 1222 1534 1272 et
1560 1217 1618 1272 in
1647 1234 1765 1272 car-

181 1304 383 1361 ceribus
426 1304 766 1359 clauduntur
809 1303 956 1371 boni,
989 1311 1123 1376 puto
1163 1306 1312 1376 quod
1358 1323 1522 1362 nemo
1566 1307 1641 1362 sit
1669 1299 1765 1379 qui

187 1395 389 1449 edicere
423 1410 489 1447 ac
530 1393 890 1447 dinumerare
927 1401 1112 1465 queat.
1161 1395 1267 1459 Qui
1295 1395 1437 1450 forte
1468 1413 1766 1452 conservus

183 1482 370 1537 debeat
396 1488 624 1536 centum
651 1482 942 1547 denarios;
985 1499 1124 1553 quos
1163 1483 1294 1553 quia
1321 1484 1560 1540 debebat
1586 1486 1767 1540 noluit

185 1571 480 1643 rependere
510 1587 777 1625 conservo
797 1570 1070 1626 beneﬁcia
1090 1573 1270 1627 malus
1298 1590 1491 1628 servus
1530 1591 1652 1645 quae
1670 1592 1762 1629 ac-

183 1664 396 1731 ceperat
424 1659 766 1730 gratissima,
799 1677 834 1714 a
863 1660 1325 1731 praestantissimo
1363 1663 1609 1718 domino.
1651 1665 1767 1719 Uti-

1838 606 1984 655 teret
2005 600 2074 664 ei,
2109 600 2217 654 nisi
2245 599 2377 671 quia
2405 598 2584 652 bonus
2611 598 2882 652 Dominus
2917 601 3058 662 erat,
3101 600 3158 649 et
3185 592 3317 664 quia
3346 608 3433 645 ro-

1837 690 1990 760 gavit
2008 689 2247 743 adorans
2267 688 2529 743 eum.Sed
2553 687 2642 741 hic
2665 688 2845 741 malus
2874 701 3067 740 servus
3083 690 3139 738 et
3152 682 3429 753 ingratus,

1840 778 2250 848 indulgentiam
2293 781 2642 840 consecutus,
2673 777 2863 830 exiens
2908 792 2942 828 a
2969 791 3100 845 rege
3128 770 3438 826 suifocabat

1842 885 1969 923 eum
2001 867 2190 920 dicens
2224 884 2235 919 :
2288 868 2457 921 Redde
2494 866 2637 934 quod
2682 866 2849 918 debes.
2884 860 3202 918 Suﬂ‘ocabat
3244 864 3435 914 autem

1843 973 1992 1021 eum,
2018 962 2075 1009 et
2091 955 2325 1009 suifocat
2339 954 2520 1008 adhuc
2543 952 2727 1018 hodie,
2743 950 3007 1023 quoniam
3028 949 3282 1005 exierata
3303 962 3435 1017 rege

1843 1052 1899 1101 et
1919 1063 1951 1099 a
1972 1044 2263 1117 praeceptis
2275 1044 2416 1113 ejus,
2438 1048 2502 1096 ut
2518 1041 2745 1095 fratrem
2778 1040 3052 1110 affligeret
3067 1044 3123 1092 et
3149 1036 3432 1108 probaret.

1842 1135 1995 1190 Alias
2042 1139 2230 1187 autem
2277 1148 2386 1185 non
2436 1131 2760 1184 sull'ocasset
2800 1143 3127 1182 conservum
3168 1142 3353 1189 suum,
3389 1122 3436 1176 si

1843 1241 1956 1279 non
1984 1223 2188 1277 exisset
2228 1237 2262 1274 a
2299 1236 2449 1290 rege.
2485 1219 2836 1289 Quapropter
2865 1232 3069 1288 quaeso,
3100 1213 3338 1285 diligens
3365 1211 3440 1265 le-

1848 1318 1985 1376 ctor,
2017 1311 2312 1366 considera
2349 1306 2715 1363 subtilitatem
2758 1306 3054 1369 dictorum,
3089 1302 3220 1374 quia
3248 1317 3441 1356 servus

1850 1403 2157 1456 multorum
2187 1399 2529 1453 talentorum
2576 1394 2815 1458 debitor,
2848 1392 3088 1465 procidit
3141 1396 3197 1445 et
3244 1389 3444 1444 adorat

1853 1508 2060 1560 regem,
2085 1488 2348 1560 quoniam
2370 1487 2489 1558 ipse
2519 1489 2605 1539 est
2633 1485 2743 1539 Rex
2761 1499 2974 1551 regum,
2999 1487 3046 1534 et
3066 1481 3333 1534 Dominus
3353 1478 3442 1530 do-

1857 1577 2397 1647 minantium(Apuc.
2418 1590 2530 1642 xIx,
2552 1572 2655 1643 i6).
2680 1572 2966 1644 Siquidem
2988 1586 3183 1646 regem
3216 1568 3444 1622 demon-

1851 1675 1995 1724 strat
2042 1685 2192 1734 eum,
2226 1672 2283 1721 et
2318 1666 2445 1720 ideo
2487 1664 2753 1719 adorasse
2796 1678 2925 1716 eum
2962 1657 3306 1725 introducit;
3348 1655 3446 1726 qui

185 1765 276 1820 (lue
302 1764 445 1820 qm“
474 1748 656 1802 malus
694 1765 889 1802 Servus
929 1754 987 1803 et
1022 1749 1296 1820 ίηενδιιιε,
1336 1751 1512 1806 durus
1555 1758 1613 1807 et
1654 1753 1762 1807 ini-
1786 1763 2141 1830 Bacceperat
2169 1774 2200 1810 a
2230 1757 2399 1810 Patre
2429 1770 2686 1824 regnum,
2719 1758 2777 1806 et
2815 1754 3044 1804 venerat
3070 1748 3141 1802 ad
3168 1744 3445 1801 rationem

185 1854 327 1909 quas,
350 1836 541 1891 noluit
568 1840 833 1908 praestare
862 1853 1143 1903 conservo,
1174 1840 1320 1909 quod
1350 1839 1428 1893 illi
1457 1841 1767 1912 priestitum

184 1929 370 1982 fuerat.
397 1925 561 1990 Quod
592 1925 640 1980 si
669 1926 799 1980 talis
830 1925 955 1981 ideo
984 1943 1111 1982 reus
1129 1934 1370 1993 tenetur,
1396 1929 1528 1999 quia
1550 1947 1659 1984 non
1682 1931 1770 1985 in-

183 2016 337 2069 dulsit
365 2014 616 2069 debitori
666 2031 768 2070 suo
797 2016 1070 2087 poscenti,
1098 2017 1229 2088 quid
1252 2023 1417 2088 putas
1445 2019 1515 2072 de
1556 2019 1645 2074 his
1677 2020 1773 2091 qui

183 2105 333 2158 etiam
361 2120 486 2158 non
529 2104 864 2159 debentibus
894 2106 1043 2159 mala
1085 2123 1185 2178 pro
1227 2106 1387 2161 bonis
1415 2108 1676 2173 reddunt,
1718 2115 1774 2163 et

184 2201 441 2265 torquere
462 2210 559 2247 eos
586 2210 754 2265 quam
780 2211 925 2266 saepe
952 2195 1129 2264 gratis
1156 2202 1451 2251 conantur.
1478 2196 1619 2251 Hinc
1641 2214 1773 2267 ergo

185 2282 471 2338 estomnis
502 2282 733 2337 afflictio
774 2284 833 2337 in
864 2284 1109 2351 Ecclesia
1145 2285 1266 2351 Dei,
1302 2285 1429 2340 hinc
1470 2286 1651 2340 omnis
1680 2303 1774 2340 ca-

185 2372 423 2437 lamitas,
464 2377 524 2427 et
556 2371 724 2427 nimis
760 2372 902 2427 dura
931 2374 1216 2444 oppressio
1244 2392 1257 2441 ;
1291 2374 1422 2446 quia
1454 2392 1644 2429 servus
1682 2375 1777 2429 ille

183 2462 350 2515 malus
394 2466 460 2515 et
493 2461 738 2516 crudelis
774 2478 1101 2517 conservum
1159 2479 1322 2517 suum
1371 2480 1623 2534 premere
1666 2480 1778 2517 non

185 2557 365 2617 cessat,
418 2566 571 2604 nunc
598 2550 657 2605 in
686 2567 877 2606 rerum
909 2551 1146 2615 damnis,
1181 2559 1239 2606 et
1267 2553 1323 2607 in
1355 2552 1519 2607 rebus
1548 2552 1781 2606 exterio-

186 2639 515 2705 ribus,nunc
532 2640 837 2694 secundum
856 2640 1182 2695 interiorem
1210 2642 1494 2697 hominem
1510 2641 1567 2695 in
1589 2641 1779 2695 multis

185 2729 583 2795 vexationibus,
605 2729 739 2784 dum
766 2746 879 2784 non
900 2731 1237 2785 erubescunt
1255 2732 1310 2785 hi
1338 2731 1477 2785 tales
1493 2730 1781 2785 conscien-

185 2818 280 2873 tias
308 2825 615 2895 percutere
661 2819 1034 2890 singulorum.
1070 2821 1174 2875 Sed
1206 2820 1337 2891 quia
1363 2821 1479 2874 haec
1515 2819 1782 2891 parabola

187 2908 249 2962 ad
265 2925 331 2962 ea
367 2908 611 2978 respicit
639 2924 761 2979 quae
791 2909 1049 2981 superius
1077 2910 1295 2964 dixerat
1322 2911 1488 2964 Petro
1510 2910 1782 2980 quaerenti

189 2996 229 3050 si
256 2997 498 3052 deberet
551 2998 804 3069 peccanti
850 2998 907 3052 in
955 3015 1015 3052 se
1058 2998 1218 3052 fratri
1262 3015 1440 3069 usque
1468 2998 1674 3070 septies
1702 2998 1782 3052 di-

1853 1847 2190 1920 ponendam.
2224 1845 2357 1909 Quae
2387 1843 2548 1909 ratio,
2576 1847 2641 1895 ut
2668 1840 2801 1907 dixi,
2821 1840 2881 1893 in
2901 1838 3052 1892 omni
3070 1837 3177 1891 isto
3193 1841 3446 1906 tempore

1854 1936 2101 2009 ponitur,
2134 1933 2357 2005 quando
2397 1938 2454 1987 et
2484 1930 2721 2003 pecunia
2749 1928 3040 1983 Dominica
3066 1926 3442 1995 dispensatur,

1856 2034 1913 2081 et
1942 2041 2134 2079 servus
2175 2023 2243 2076 de
2269 2022 2480 2075 talento
2509 2024 2734 2090 accepto
2764 2018 2979 2071 lucrum
3003 2013 3249 2086 pecuniae
3272 2027 3446 2081 nego-

1856 2114 2049 2169 tiando
2082 2115 2348 2166 sectatur.
2383 2109 2541 2174 Quod
2570 2108 2618 2165 si
2645 2112 2910 2161 causatur
2938 2103 3142 2174 aliquis
3170 2102 3447 2155 talentum

1857 2221 1915 2257 se
1954 2219 2067 2257 non
2111 2199 2411 2271 accepisse,
2445 2213 2654 2267 negare
2699 2212 2811 2249 non
2838 2198 3042 2265 potest,
3088 2190 3221 2262 quia
3248 2189 3449 2242 saltem

1862 2292 1967 2346 hoc
1996 2290 2226 2361 accepit,
2260 2287 2407 2359 quod
2450 2285 2744 2340 dimissum
2775 2286 2861 2336 est
2887 2281 2957 2335 ei.
2995 2280 3063 2334 Et
3091 2278 3137 2333 si
3165 2294 3275 2331 non
3328 2292 3450 2329 am-

1863 2381 2009 2453 plius
2034 2378 2180 2450 quod
2200 2383 2257 2431 et
2278 2377 2397 2448 ipse
2414 2374 2652 2430 debitori
2678 2372 2872 2427 debuit
2896 2368 3183 2424 remittere
3206 2364 3450 2437 gratiam

1863 2451 2031 2541 quam
2065 2466 2299 2538 accepit,
2348 2470 2405 2519 et
2449 2481 2563 2518 non
2592 2462 2845 2516 debitum
2876 2459 3098 2528 exigere
3144 2456 3264 2527 ipse
3303 2451 3452 2525 quod

1863 2556 2121 2612 debebat.
2156 2557 2281 2610 Non
2309 2554 2457 2608 enim
2502 2558 2685 2624 potest
2729 2565 2937 2619 negare
2963 2545 3167 2617 aliquis
3202 2549 3267 2598 ut
3294 2541 3451 2597 debi-

1860 2653 2041 2702 torem
2072 2661 2184 2699 non
2208 2642 2430 2707 habeat,
2476 2641 2571 2712 qui
2615 2639 2666 2694 ei
2703 2643 2927 2694 centum
2957 2634 3125 2690 debet
3171 2630 3449 2687 denarios.

1863 2735 1969 2800 Qui
1997 2734 2233 2799 debitor,
2259 2732 2367 2786 etsi
2399 2747 2510 2785 non
2549 2729 2843 2801 procidens
2882 2726 3082 2779 adorat
3109 2722 3268 2793 (quia
3287 2734 3453 2774 nemo

1863 2826 2005 2879 alter
2034 2829 2119 2877 est
2146 2821 2465 2877 adorandus
2514 2836 2685 2891 quam
2731 2834 2829 2871 rex
2868 2816 3037 2878 Deus,
3071 2812 3230 2881 cujus
3259 2825 3455 2864 omnes

1865 2918 1999 2968 sunt
2018 2911 2161 2967 servi
2186 2917 2301 2965 tam
2326 2909 2457 2965 boni
2489 2924 2658 2980 quam
2689 2911 2745 2960 et
2763 2904 2903 2971 alii),
2926 2905 3092 2973 rogat
3118 2906 3311 2954 tamen
3328 2914 3457 2952 con-

1865 3019 2087 3057 servum
2126 3007 2191 3055 ut
2229 2999 2559 3071 patientiam
2601 2995 2808 3050 habeat
2842 2994 2902 3047 in
2949 3008 3028 3058 se,
3060 2991 3237 3044 donec
3275 2987 3325 3042 ei
3354 3003 3458 3041 sua

186 3086 430 3152 mittere,
464 3092 524 3141 et
549 3086 643 3141 ille
671 3087 963 3159 respondit
994 3106 1005 3141 :
1040 3089 1161 3143 Non
1201 3091 1319 3142 (lico
1362 3090 1466 3141 tibi
1512 3105 1679 3157 usque
1706 3104 1781 3141 sc-
1799 3098 1841 3156 Ο
1863 3091 2052 3147 omnia
2074 3090 2290 3143 reddat.
2319 3088 2426 3152 Qui
2464 3087 2511 3141 si
2541 3102 2653 3140 non
2682 3083 2972 3138 habuisset
3000 3079 3149 3134 unde
3177 3076 3455 3143 redderet,

188 3178 331 3243 pties,
352 3178 455 3230 sed
484 3193 658 3246 usque
698 3181 1004 3246 sepiuagies
1049 3181 1257 3246 septies,
1290 3176 1556 3232 debemus
1587 3177 1642 3231 in
1673 3178 1784 3230 fine

190 3279 438 3333 quaerere
467 3267 751 3337 quomodo
799 3266 1011 3321 eisdem
1053 3267 1348 3321 conveniat
1375 3283 1661 3333 numerus,
1690 3266 1786 3319 id-

186 3352 323 3423 .circo
342 3360 663 3426 utrumque
696 3355 928 3410 observa
967 3372 1284 3422 numerum,
1308 3356 1540 3410 observa
1572 3362 1631 3409 et
1657 3370 1791 3426 pec-.

186 3448 362 3497 catum
382 3443 566 3498 unius
592 3443 791 3498 talenti
814 3463 825 3511 ;
851 3461 982 3498 nam
999 3461 1268 3499 numerus
1287 3444 1632 3499 undenarius
1648 3444 1787 3515 legis

187 3533 566 3604 transgressio
596 3538 704 3596 est.
742 3533 828 3587 lex
882 3534 943 3588 in
979 3534 1209 3588 denario
1257 3539 1480 3588 constat
1528 3549 1780 3597 numero,

184 3628 480 3692 peccatum
510 3639 644 3677 vero
683 3639 785 3694 per
809 3623 1182 3678 undenarium
1214 3623 1566 3694 exprimitur.
1601 3623 1786 3686 Quare

188 3717 478 3780 peccatum
512 3728 617 3783 per
646 3712 952 3766 undecim?
998 3713 1142 3777 Quia
1168 3712 1540 3783 transgressio
1571 3710 1787 3765 denarii

186 3804 281 3865 est,
310 3808 380 3854 ut
408 3800 613 3854 venias
642 3799 712 3854 ad
730 3801 1122 3855 undenarium.
1140 3802 1204 3855 In
1224 3802 1347 3871 lege
1368 3806 1556 3855 autem
1588 3800 1788 3854 modus

188 3889 321 3943 ﬁxus
349 3894 792 3961 praeceptorum,
823 3890 1192 3962 transgressio
1209 3896 1395 3945 autem
1412 3890 1582 3961 hujus
1595 3888 1790 3943 limitis

189 3985 625 4051 praeceptorum,
658 3985 949 4050 peccatum
982 3986 1085 4034 est.
1119 3981 1188 4034 Et
1226 3979 1352 4034 ideo
1392 3978 1450 4033 in
1480 3977 1790 4033 undenario

187 4082 424 4124 numero
448 4085 725 4140 magnum
757 4068 1088 4141 mysterium
1117 4070 1422 4140 figuratum
1448 4074 1551 4134 est,
1568 4067 1791 4139 quando

188 4157 301 4212 vela
321 4158 563 4213 cilicina
590 4158 649 4212 in
680 4157 1043 4213 tabernaculo
1079 4158 1337 4213 undecim
1367 4157 1629 4212 fabricari
1668 4158 1792 4227 jus-

189 4262 305 4301 sum
338 4254 451 4303 est.
487 4247 700 4302 Omnia
746 4247 895 4301 enim
940 4253 1170 4319 peccata
1191 4247 1331 4301 dixit
1376 4264 1478 4301 nos
1509 4246 1793 4299 dimittere

187 4334 413 4403 debere,
450 4336 685 4409 quando
716 4337 1033 4408 septuagies
1067 4336 1272 4408 septies
1301 4335 1459 4398 dixit,
1494 4334 1640 4389 sicut
1676 4331 1796 4387 etsi

1866 3180 2139 3234 debuerat
2169 3178 2416 3249 cogitare
2453 3176 2634 3230 malus
2665 3190 2876 3237 servus,
2910 3175 3183 3242 quantum
3199 3166 3250 3221 ei
3271 3164 3461 3219 dimis-

1868 3286 1993 3323 sum
2010 3268 2207 3323 fuisset
2224 3266 2403 3338 gratis
2433 3283 2465 3320 a
2493 3262 2776 3320 communi
2805 3260 3064 3323 Domino,
3096 3263 3153 3311 et
3177 3255 3307 3328 quia
3325 3270 3460 3308 con-i

1871 3375 2063 3413 servus
2094 3357 2307 3411 essetis
2345 3355 2439 3427 qui
2485 3352 2725 3409 debebat
2762 3349 2909 3422 quod
2941 3354 2999 3403 et
3022 3349 3142 3419 ipse
3164 3344 3457 3409 debuerat,

1868 3448 1957 3503 cui
1986 3446 2118 3518 quia
2157 3445 2389 3500 dimissa
2423 3444 2646 3499 fuerant
2686 3440 2894 3504 omnia,
2928 3437 3214 3492 debuisset
3243 3437 3300 3487 et
3341 3431 3460 3503 ipse

1867 3537 2088 3591 debitor
2116 3535 2377 3589 universa
2405 3532 2643 3587 debitori
2682 3546 2784 3584 suo
2815 3528 3067 3582 relaxare
3096 3523 3199 3578 sub
3232 3538 3330 3594 spe
3355 3520 3463 3574 sal-

1866 3631 1981 3680 tem
2011 3630 2232 3679 mternze
2254 3620 2660 3677 retributionis.
2680 3618 2788 3673 Sed
2821 3610 3463 3675 misertenens,suﬂ”ocat

1869 3731 2018 3770 eum.
2053 3714 2212 3778 Quod
2260 3711 2478 3766 utinam
2509 3725 2621 3763 non
2653 3720 2944 3760 nossemus
2973 3701 3093 3757 fieri
3132 3702 3191 3755 in
3227 3700 3334 3753 hoc
3359 3714 3463 3751 sa:-

1868 3804 2012 3869 culo,
2046 3802 2103 3856 in
2122 3806 2341 3856 tantum
2365 3806 2429 3854 ut
2457 3814 2565 3853 non
2596 3797 2762 3850 liceat
2793 3793 3025 3847 miseros
3046 3790 3117 3844 ad
3140 3788 3358 3842 veniam
3373 3801 3464 3839 re-

1871 3893 2104 3964 spirare.
2134 3896 2182 3956 ιτ
2199 3895 2245 3955 τ
2264 3895 2310 3957 ι
2347 3905 2485 3959 quos
2507 3902 2652 3958 saepe
2683 3882 2983 3938 retrudunt
3008 3880 3066 3933 in
3086 3893 3325 3941 carcere,
3345 3880 3465 3929 tam

1872 3980 2174 4036 crudeliter
2190 3984 2252 4033 ut
2268 3978 2346 4033 eis
2366 3982 2518 4031 totus
2553 3973 2796 4029 mundus
2817 3987 2962 4025 unus
2985 3968 3059 4022 sit
3086 3981 3292 4020 carcer.
3324 3964 3394 4018 Et
3416 3960 3467 4017 si
3542 4004 3557 4015 κ

1874 4070 1945 4123 ad
1992 4069 2194 4123 delicta
2245 4065 2580 4139 pertinuerit
2617 4061 2888 4126 debitum,
2937 4058 3120 4113 adhuc
3172 4058 3458 4108 exactores

1875 4158 2180 4213 atrociores
2210 4158 2368 4222 fiunt,
2402 4156 2535 4210 dum
2563 4151 2820 4207 laborant
2850 4149 2907 4203 in
2930 4146 3115 4211 corde,
3146 4161 3217 4199 ne
3249 4142 3467 4197 veniam

1877 4264 1979 4319 pro
2009 4245 2233 4301 offensis
2273 4244 2386 4299 suis
2433 4261 2555 4314 qua;
2586 4241 2956 4304 admiserunt,
2991 4236 3050 4290 in
3094 4233 3175 4288 eis
3217 4228 3467 4285 invenire

1878 4337 2111 4408 possint,
2146 4334 2291 4406 quod
2323 4338 2407 4388 est
2436 4350 2530 4387 eos
2562 4331 2784 4385 mittere
2814 4328 2871 4382 in
2893 4340 3192 4403 carcerem,
3220 4320 3356 4375 dum
3385 4316 3466 4373 eis

186 4426 395 4497 septies
411 4408 675 4491 dixisset,
709 4424 841 4497 quia
864 4426 1184 4497 septuplum
1214 4442 1314 4496 pro
1342 4431 1462 4479 toto
1483 4424 1624 4478 solet
1653 4439 1992 4516 com-Dnon
2023 4424 2296 4490 misereri,
2339 4422 2437 4476 sed
2473 4419 2781 4492 rependere
2821 4415 3071 4488 cupiunt,
3106 4412 3278 4467 etiam
3318 4408 3470 4463 ultra

185 4516 394 4585 putari,
428 4516 704 4587 quoniam
735 4521 949 4587 septem
968 4515 1163 4569 diebus
1186 4515 1425 4569 volvitur
1453 4529 1617 4567 omne
1645 4518 1791 4566 tem-

185 4620 303 4673 pus,
338 4611 403 4659 et
436 4604 607 4659 ﬁnito
636 4604 952 4676 septenario
991 4620 1187 4658 rursus
1228 4602 1299 4657 ad
1348 4608 1516 4674 caput
1552 4601 1786 4656 reditur.

185 4692 390 4748 Omnia
421 4694 584 4750 enim
609 4699 838 4766 peccata
857 4694 997 4748 dixit
1024 4693 1246 4765 quando
1268 4693 1474 4764 septies
1492 4690 1794 4762 dixit,quia

181 4782 317 4839 illud
338 4784 619 4839 undecim
640 4784 845 4855 septies
864 4784 1005 4838 fiunt
1018 4783 1340 4855 septuagies
1360 4780 1797 4854 septies.0mnia

184 4889 316 4945 ergo
334 4879 587 4947 peccata
614 4873 826 4927 dimitti
854 4874 1027 4927 voluit
1055 4872 1149 4944 qui
1169 4889 1237 4927 ea
1262 4870 1676 4943 septuagesimo
1705 4886 1795 4923 se-

180 4964 358 5033 ptimo
388 4978 642 5018 numero
668 4961 1045 5034 praesignavit.
1084 4960 1294 5030 Idcirco
1332 4977 1496 5015 nemo
1513 4966 1707 5014 contra
1736 4973 1796 5012 se

180 5057 374 5108 teneat
389 5070 516 5108 non
533 5052 971 5124 ignoscendo,ne
986 5056 1180 5106 contra
1198 5050 1353 5104 illum
1371 5055 1629 5104 teneatur
1649 5048 1797 5119 quod

183 5147 375 5210 αθο
404 5149 557 5198 erat.
581 5142 728 5207 Quia
756 5142 863 5196 etsi
891 5147 1115 5196 centum
1142 5139 1401 5194 denarios
1431 5138 1683 5211 proximo
1706 5153 1795 5190 re-

181 5232 415 5287 mittere
449 5237 699 5300 recusat,
712 5231 902 5285 decem
932 5231 1110 5284 millia
1136 5230 1349 5284 talenta
1381 5227 1453 5291 ei,
1482 5244 1604 5298 quae
1638 5225 1798 5280 dimi-

181 5331 335 5377 serat
354 5324 423 5377 in
447 5321 650 5375 faciem
667 5320 1149 5392 representatAit
1168 5319 1315 5373 enim
1333 5318 1517 5373 :Serve
1538 5331 1793 5384 nequam,

182 5429 342 5466 omne
361 5412 625 5465 debitum
647 5411 841 5464 dimisi
854 5412 1246 5479 tibi,quoniam
1267 5407 1474 5476 rogasti
1493 5405 1666 5459 me.In
1686 5420 1797 5475 quo

181 5503 474 5564 declarat,
503 5501 651 5571 quod
680 5500 755 5553 sit
772 5499 963 5553 decem
986 5498 1161 5552 millia
1176 5497 1534 5550 talentorum.
1558 5494 1719 5559 Quod
1752 5493 1798 5548 si

182 5592 292 5648 ista
313 5592 574 5647 veniunt
598 5590 656 5644 in
685 5587 1066 5661 opprobrium,
1093 5604 1215 5658 qua:
1257 5585 1473 5640 dimisit
1498 5583 1678 5639 bonus
1704 5600 1800 5639 rex

182 5684 241 5738 et
269 5682 661 5756 pius,quanto
682 5678 861 5750 magis
871 5694 938 5736 ea
953 5694 1075 5749 qua:
1092 5682 1287 5749 postea
1305 5673 1590 5731 commisit
1608 5690 1801 5729 servus

1880 4531 2047 4587 quam
2068 4513 2377 4569 retribuere
2392 4511 2475 4565 vel
2493 4508 2824 4574 evindicare,
2847 4509 3075 4578 queant.
3100 4499 3260 4566 Quod
3277 4501 3469 4553 autem

1878 4605 1977 4671 ait,
2000 4604 2134 4674 quia
2154 4604 2304 4656 Misit
2324 4617 2449 4654 eum
2469 4598 2532 4653 in
2552 4613 2846 4662 carcerem,
2871 4597 3036 4648 donec
3064 4591 3310 4645 redderet
3337 4586 3469 4640 uni-

1879 4710 2097 4748 versum
2117 4693 2499 4753 debitum,non
2515 4687 2594 4741 ita
2607 4685 2744 4740 dicit
2763 4683 2921 4756 quasi
2937 4672 3471 4748 obliviscatur,quod

1878 4781 2008 4836 boni
2027 4780 2173 4835 servi
2201 4780 2260 4833 in
2291 4793 2512 4832 carcere
2546 4792 2659 4830 non
2682 4771 3108 4846 permanebunt,
3141 4768 3301 4823 ﬁnito
3332 4781 3470 4837 prae-

1878 4871 2024 4926 senti
2053 4869 2254 4925 szeculo
2305 4886 2316 4921 :
2366 4865 2606 4920 maxime
2648 4864 2780 4935 quia
2825 4859 3127 4919 intervenit
3172 4851 3468 4912 redhibitio

1876 4959 2106 5033 pessimi
2135 4955 2438 5023 exactoris;
2461 4954 2558 5008 sed
2592 4953 2715 5007 ideo
2728 4952 2806 5006 sic
2834 4950 2988 5017 dicit,
3018 4948 3150 5021 quia
3172 4947 3324 5001 Misit
3341 4959 3467 4998 eum

1880 5054 1941 5104 in
1955 5064 2245 5110 carcerem,
2265 5046 2764 5099 donecuniversum
2785 5042 3028 5095 debitum
3052 5031 3469 5097 redderet.Quia

1876 5143 2036 5193 tanta
2080 5133 2382 5190 crudelitas
2421 5128 2793 5203 quorumdam
2838 5125 3149 5183 exardescit
3173 5137 3389 5187 eorum,
3408 5119 3470 5173 in

1876 5243 2068 5299 poenas
2083 5222 2438 5278 inimicorum
2458 5224 2777 5277 suorum,ut
2796 5232 3082 5288 nunquam
3099 5230 3193 5268 eas
3208 5210 3369 5265 ﬁnire
3380 5224 3469 5263 ve-

1874 5315 1999 5369 lint.
2025 5314 2327 5384 PrOpterea
2362 5315 2419 5364 et
2460 5309 2578 5381 ipse
2602 5325 2666 5363 ac
2696 5307 2742 5363 si
2775 5322 2840 5362 ex
2863 5305 3143 5377 reciproca
3165 5298 3465 5367 sententia,

1874 5405 2027 5475 juste
2041 5418 2163 5455 mox
2178 5417 2213 5454 a
2230 5398 2465 5454 Domino
2487 5398 2911 5462 condemnatur,
2926 5400 2989 5450 ut
3014 5393 3162 5466 quod
3183 5389 3467 5447 saeviendo

1880 5492 2042 5548 alteri
2062 5490 2358 5563 poenaliter
2390 5487 2598 5553 intulit,
2630 5488 2747 5559 ipse
2782 5484 3090 5541 secundum
3121 5479 3469 5538 crudelitatis

1880 5599 1995 5637 suae
2025 5578 2361 5635 sententiam
2394 5594 2560 5649 quam
2594 5576 2762 5646 digne
2801 5575 3100 5629 damnatus
3116 5570 3369 5643 excipiat.
3396 5566 3468 5623 Et

1881 5670 2188 5729 notandum
2211 5667 2481 5740 quodnon
2491 5665 2589 5734 ait,
2605 5680 2771 5719 omne
2789 5661 3038 5717 debitum
3067 5657 3300 5723 dimisit,
3324 5669 3467 5726 quo-
