3888 6172
421 340 528 400 63!

1172 340 1231 396 ε.
1272 338 1650 395 PASCHASII
1690 333 2051 393 RADBEBTI
2089 331 2394 389 ABBATIS
2433 325 2933 386 CORBEIENSIS.
2964 391 2976 397 ξ

3539 329 3626 390 640

426 465 581 522 niam
606 464 854 520 adorasti
892 481 1002 530 me,
1035 480 1106 519 ne
1135 462 1277 517 forte
1305 462 1590 517 videretur
1630 461 1681 516 ei
1721 459 2019 515 indulcisse
2036 459 2086 518 A
2106 458 2597 527 busrquoadusque
2616 455 3194 510 reddewtuniversum
3206 455 3523 510 debitum.De
3540 472 3632 527 qua

424 555 495 611 ob
525 554 752 626 aliquod
785 553 1113 624 obsequium
1145 551 1430 605 servitutis
1458 568 1596 615 suis.
1621 550 1717 603 sed
1749 549 1883 621 quia
1923 565 2016 602 ro-

354 686 359 691 .
424 644 570 716 gasti
602 659 711 697 me.
754 642 946 696 Voluit
975 640 1123 695 enim
1169 657 1270 693 nos
1316 639 1632 709 intelligere
1654 639 1932 702 Christus,
1960 637 2019 691 in

426 734 534 788 hoc
561 731 748 796 verbo,
764 730 897 802 quia
924 734 1105 783 totum
1130 728 1306 797 gratis
1327 727 1487 781 nobis
1504 726 1856 782 debitumind
1868 725 2014 789 ulsit,

425 822 596 877 nullis
632 816 1135 874 intervenientibus
1183 816 1469 871 actionum
1500 822 1819 871 nostrarum
1853 815 2020 869 meri-

431 912 523 970 tis.
552 911 597 965 Ο
643 924 810 980 quam
843 908 1001 976 justa
1028 906 1506 977 recompensatio!
1539 905 1734 960 Noluit
1761 904 1907 958 enim
1930 920 2021 958 re-

427 997 649 1053 minisci
680 995 1076 1050 beneﬁciorum
1115 994 1234 1058 Dei,
1272 994 1452 1049 noluit
1481 994 1735 1048 misereri
1769 993 2021 1048 conservi

425 1087 535 1148 sui,
569 1086 713 1141 sicut
750 1084 800 1138 ei
840 1084 1109 1138 misertus
1154 1083 1341 1138 fuerat
1367 1082 1628 1137 dominus
1656 1100 1810 1148 suus,
1844 1082 2026 1137 noluit

2099 547 2379 604 sententia
2405 545 2501 618 qui
2529 545 2723 599 volunt
2742 549 2869 615 post
2886 544 3228 599 exactionem
3240 544 3506 613 culparum
3531 546 3631 600 red-

2100 637 2182 692 ire
2202 635 2407 690 debere
2432 635 2502 689 ad
2521 634 2763 695 veniam.
2779 634 3013 688 multam
3045 633 3148 688 sibi
3167 632 3545 703 dogmatizandi
3564 649 3634 688 as.

2102 732 2335 780 sumunt
2364 724 2658 779 materiam
2721 723 2893 787 Quasi
2936 740 3002 777 eo
3032 738 3209 794 usque
3245 721 3518 776 tradantur
3537 726 3633 776 tor-

2100 814 2319 871 toribus
2367 813 2732 885 quoadusque
2759 811 3099 867 cruciatibus
3131 811 3430 866 exsolutum
3456 809 3521 864 sit
3540 810 3636 864 uni-

2103 920 2323 959 versum
2354 902 2627 958 debitum.
2671 902 2861 972 sicque
2898 902 3127 956 demum
3157 899 3355 955 debeat
3379 898 3565 953 homini
3586 899 3637 953 li-

2104 993 2295 1049 bertas
2333 992 2517 1048 redire
2536 991 2605 1046 ad
2637 991 2941 1061 integrum,
2980 990 3127 1061 quod
3166 988 3387 1043 omnino
3410 987 3641 1043 catholica

2105 1084 2244 1139 ﬁdes
2284 1099 2395 1137 non
2449 1081 2668 1152 recipit.
2718 1081 2797 1135 De
2840 1097 2950 1151 quo
2990 1095 3127 1135 sane
3156 1076 3443 1132 locutionis
3472 1092 3641 1147 genere

425 1174 668 1247 spatium
700 1174 835 1228 dare
864 1173 1195 1245 paenitendi,
1228 1172 1409 1226 noluit
1437 1172 1738 1226 vindictam
1769 1171 2024 1226 remitte-

428 1279 490 1318 re
520 1268 577 1318 et
596 1263 846 1318 debitum
879 1261 1155 1315 relaxare.
2106 1262 2329 1317 dixisse.
2358 1260 2453 1315 ubi
2483 1259 2562 1314 ait
2588 1278 2600 1311 :
2622 1260 2742 1313 Esto
2766 1261 3105 1312 consentiens
3132 1257 3639 1318 adversariotuocito,

507 1353 750 1407 Videntes
769 1355 956 1404 autem
988 1351 1233 1404 conserui
1270 1351 1386 1418 ejus
1416 1365 1535 1419 qua
1561 1350 1783 1418 ﬁebant,
1811 1351 2021 1403 contri-
2105 1353 2240 1404 dum
2277 1367 2328 1404 es
2359 1352 2421 1403 in
2451 1353 2543 1403 rta
2573 1364 2699 1403 cuni
2720 1365 2795 1409 eo,
2827 1363 2894 1400 ne
2912 1349 3052 1414 forte
3074 1346 3260 1399 tradat
3282 1349 3328 1398 te
3343 1345 3645 1397 adversarius

428 1443 565 1496 stati
582 1440 902 1494 sums-atde.
930 1439 994 1491 Et
1021 1440 1293 1492 venientes
1334 1440 1741 1493 nuntiaverunt
1789 1438 1898 1492 hac
1934 1439 2024 1492 do-
2097 1442 2300 1509 judici,
2332 1444 2381 1492 et
2403 1439 2577 1506 judex
2606 1438 2793 1490 tradat
2837 1442 2883 1488 te
2926 1437 3206 1497 ministro,
3246 1439 3293 1487 et
3336 1434 3395 1486 in
3420 1447 3646 1486 carcerem

428 1532 584 1584 mino
600 1539 716 1582 suo.
755 1527 918 1581 Dives
948 1543 1081 1597 ergo
1110 1526 1391 1594 dominus,
1435 1526 1530 1598 qui
1558 1527 1699 1581 tales
1723 1532 2022 1598 tantosque
2106 1530 2370 1582 mittaris.
2390 1529 2563 1582 Amen
2593 1528 2711 1579 dico
2728 1527 2847 1587 tibi,
2865 1540 2974 1577 non
3002 1526 3141 1577 βείω
3162 1523 3308 1586 inde,
3322 1522 3477 1575 donec
3497 1523 3647 1584 '53

427 1615 599 1671 habet
619 1631 828 1670 servos.
858 1614 1042 1675 Habet
1080 1631 1324 1686 namque
1353 1615 1645 1687 plurimos,
1681 1615 1776 1686 qui
1805 1615 2024 1670 diversa
2108 1618 2301 1671 reddas
2325 1618 2685 1676 novissimmn
2700 1614 3093 1682 quadrantem.
3126 1611 3268 1666 Nam
3300 1609 3407 1664 tale
3432 1613 3510 1663 est
3529 1606 3647 1678 quod

429 1705 706 1761 donorum
736 1704 951 1759 talenta
979 1704 1257 1758 conservis
1287 1704 1404 1759 suis
1440 1705 1500 1759 in
1542 1705 1761 1759 lucrum
1810 1704 2024 1759 domini
2107 1705 2223 1760 ait:

429 1793 518 1849 sui
548 1792 797 1864 quotidie
818 1793 1163 1864 dispensant,
1179 1798 1236 1847 et
1260 1793 1656 1848 nummulariis
1684 1810 1750 1848 ac
1779 1793 2028 1864 negotia-
2043 1814 2089 1874 Β
2184 1794 2439 1849 Tradidit
2468 1809 2594 1846 eum
2616 1793 2914 1845 tortoribus
2926 1804 3208 1858 quousque
3223 1787 3648 1842 redderetuniner—

427 1882 645 1938 toribus
674 1882 745 1936 ad
792 1881 1192 1952 negotiandum
1242 1898 1312 1936 ea
1340 1882 1719 1936 committunt.
1762 1881 1945 1936 Habet
1973 1887 2030 1936 et
2108 1901 2231 1938 sum
2263 1884 2526 1936 debitum.
2550 1881 2725 1945 Quale
2744 1880 2926 1934 ethoc
2944 1879 3118 1949 judex
3137 1874 3646 1938 tradatteministm,

428 1971 589 2039 alios,
633 1987 773 2043 quos
798 1970 905 2025 iste
943 1986 1136 2025 servus
1180 1970 1422 2042 pessime
1463 1971 1729 2042 ﬂagellat.
1762 1970 1946 2025 Habet
1973 1976 2031 2024 et
2111 1979 2168 2029 et
2191 1973 2251 2027 in
2271 1987 2549 2026 carcerem
2583 1969 2844 2032 mittaris,
2879 1984 2981 2022 nec
3009 1967 3160 2022 exies
3189 1965 3338 2030 inde,
3359 1964 3520 2018 donec
3549 1961 3649 2016 red-

426 2060 601 2115 istum
632 2059 959 2132 pessimum,
990 2059 1047 2114 in
1079 2076 1189 2131 quo
1219 2065 1352 2115 sunt
1379 2076 1576 2115 omnes
1597 2061 1690 2131 qui
1710 2060 2045 2114 universam
2111 2062 2212 2116 das
2236 2060 2598 2116 novissimum
2617 2058 3006 2130 quadrantem.
3028 2055 3190 2121 Quia,
3217 2055 3467 2122 donec,et
3483 2065 3650 2123 quous-

2106 1190 2197 1228 me
2238 1172 2442 1230 recolo.
2470 1171 2588 1240 jam
2620 1186 2788 1240 supra
2834 1168 2891 1223 in
2937 1169 3041 1223 hoc
3071 1169 3193 1239 ipso
3222 1166 3504 1236 Evangelia
3533 1166 3642 1219 satis

428 2149 532 2204 Dei
559 2147 860 2203 Ecclesiam
885 2147 1223 2202 conturbant
1250 2165 1314 2203 ac
1354 2148 1642 2212 divellunt,
1684 2154 1740 2201 et
1785 2148 2033 2202 conscin-

431 2236 564 2292 dere
588 2253 702 2291 non
734 2242 999 2290 metuunt
1054 2235 1236 2290 Habet
1264 2240 1322 2290 et
1354 2236 1492 2291 istos
1522 2236 1617 2307 qui
1644 2237 1767 2306 ejus
1797 2236 2032 2307 injurias

429 2324 577 2380 ferre
607 2330 913 2396 nequeunt,
938 2324 1033 2396 qui
1064 2324 1468 2380 contristantur
1496 2342 1595 2396 pro
1622 2324 1827 2379 talibus
1841 2325 1899 2378 in
1928 2325 2024 2378 Ee-

429 2414 601 2469 clesia
638 2431 760 2485 quae
791 2414 951 2468 ﬁunt.
995 2413 1121 2468 Non
1173 2414 1321 2484 quod
1357 2414 1590 2468 tristitia
1635 2414 1871 2485 poenalis
1916 2413 2028 2467 ulla

429 2503 595 2558 cadat
612 2504 668 2558 in
693 2503 940 2573 angelos,
975 2502 1073 2557 sed
1102 2503 1236 2574 quia
1254 2502 1336 2557 eis
1360 2519 1471 2557 non
1490 2503 1712 2574 placent
1739 2503 1887 2556 mala
1908 2518 2030 2573 quae

431 2592 916 2663 ﬂunt.Propterea
938 2590 1258 2646 contristari
1290 2591 1450 2645 valde
1484 2592 1767 2657 dicuntur,
1800 2608 1902 2646 nec
1922 2591 2029 2644 im-

432 2680 657 2744 merito,
682 2697 807 2735 cum
826 2686 882 2736 et
901 2680 1173 2736 Dominus
1191 2680 1353 2736 irasci
1374 2681 1594 2735 dicatur
1620 2685 1668 2746 τ
1684 2685 1803 2746 τοι
1824 2696 2032 2750 acgau-

436 2770 590 2837 dere,
622 2769 980 2841 reliquasque
1014 2770 1336 2825 affectiones
1369 2770 1628 2824 humanae
1677 2769 1882 2823 mentis
1935 2769 2032 2822 ha-

431 2858 583 2914 bere.
619 2859 792 2913 Porro
822 2859 971 2931 quod
1001 2858 1071 2913 ab
1095 2860 1308 2929 angelis
1333 2859 1529 2913 factori
1559 2866 1749 2912 nostro
1765 2864 1933 2929 atque
1943 2859 2032 2928 ju-

433 2948 543 3003 dici
583 2947 832 3019 quotidie
861 2952 1057 3001 nostra
1101 2948 1501 3001 renuntiantur
1539 2964 1729 3018 opera.
1756 2963 1856 3000 seu
1888 2945 2033 3000 bona

432 3036 662 3101 fuerint,
695 3052 795 3089 seu
824 3035 991 3101 mala,
1018 3035 1212 3089 multis
1239 3035 1295 3090 in
1328 3035 1461 3090 locis
1491 3035 1904 3106 Scripturarum
1941 3035 2033 3088 de-

2114 2169 2240 2223 que,
2282 2166 2456 2205 unum
2495 2163 2719 2203 sensum
2751 2146 2957 2201 habere
2990 2145 3300 2217 probantur
3319 2143 3375 2197 in
3400 2139 3653 2212 Scripturis

2114 2240 2336 2294 divinis.
2368 2239 2512 2293 Nam
2537 2242 2596 2292 et
2623 2237 2849 2291 Graecus
2882 2235 3270 2290 indifferenter
3307 2248 3402 2305 pro
3426 2233 3586 2296 donec,
3609 2231 3653 2282 et

2112 2344 2394 2399 quousque
2421 2327 2513 2389 ἕως
2529 2332 2749 2381 tantum
2769 2324 2957 2379 habet.
2987 2324 3124 2389 Qum
3163 2327 3350 2395 partes
3371 2335 3522 2392 quam
3540 2331 3653 2388 sape

2111 2434 2213 2490 pro
2242 2417 2461 2471 inﬁnito
2493 2420 2799 2486 ponuntur,
2824 2414 2969 2468 sicut
2996 2413 3103 2468 hoc
3128 2414 3342 2476 loco,eo
3361 2409 3496 2481 quod
3512 2421 3652 2478 pcena

2112 2506 2479 2579 reproborum
2505 2504 2737 2559 inﬁnita
2762 2502 3089 2561 creduntur.
3120 2502 3230 2557 Sed
3269 2499 3412 2572 quod
3438 2497 3539 2552 illic
3559 2495 3651 2549 ait:

2112 2598 2487 2651 Nouissimam
2524 2594 2915 2662 quadrantem,
2960 2591 3067 2646 hoc
3096 2591 3189 2645 hic
3215 2592 3520 2644 universum
3543 2584 3655 2638 debi-

2114 2691 2229 2739 tum
2262 2686 2409 2738 dixit
2434 2703 2446 2743 ;
2478 2682 2610 2754 quia
2640 2681 2753 2735 illic
2779 2680 3062 2753 persolvet
3091 2680 3353 2735 universa
3377 2675 3656 2731 delictorum

2112 2773 2315 2829 debita.
2342 2774 2427 2827 Ita
2448 2776 2513 2826 ut
2538 2771 2686 2826 sicut
2713 2769 2803 2824 hic
2833 2786 2993 2824 suam
3016 2769 3205 2824 noluit
3230 2767 3390 2823 ﬁnire
3406 2762 3657 2819 crudelita-

2112 2868 2248 2924 tem.
2268 2878 2370 2916 nee
2388 2861 2500 2915 illic
2516 2860 2788 2914 finiantur
2816 2857 3018 2913 debite
3047 2873 3248 2929 pernm.
3266 2852 3584 2912 Manifestius
3596 2856 3660 2905 ta-

2113 2967 2243 3006 men
2282 2950 2373 3005 hic
2415 2948 2724 3004 tortoribus
2767 2948 3013 3003 traditur
3041 2963 3216 3018 quam
3258 2960 3421 3016 supra
3447 2938 3655 2998 cumait.

2114 3040 2184 3094 Et
2207 3038 2376 3109 judex
2409 3038 2597 3092 tradet
2623 3042 2680 3092 te
2710 3036 2987 3100 ministro,
3022 3035 3154 3106 quia
3188 3051 3289 3107 per
3313 3031 3597 3087 ministrum
3616 3030 3661 3080 et

437 3123 687 3177 claratur
713 3128 1055 3184 sanctarum.
1099 3138 1132 3175 a
1179 3123 1371 3177 multis
1420 3139 1642 3193 quoque
1701 3117 2094 3194 praedicaturC
2119 3133 2353 3199 possunt
2389 3126 2521 3181 boni
2569 3125 2753 3196 angeli
2796 3124 3059 3194 intelligi,
3092 3139 3335 3194 quorum
3363 3119 3526 3176 ofﬁcio
3546 3112 3653 3170 illud

436 3209 778 3276 doctoribus,
803 3227 1062 3282 quorum,
1097 3215 1162 3265 ut
1180 3228 1351 3282 supra
1374 3212 1493 3282 jam
1515 3211 1645 3274 dixi,
1669 3212 1865 3267 ofﬁciis
1892 3229 2027 3283 prze-
2109 3214 2600 3271 administrabitur
2620 3231 2873 3279 examen,
2907 3230 3035 3269 cum
3080 3211 3485 3284 separabuntur
3499 3203 3611 3260 boni
3631 3217 3659 3255 a

433 3316 562 3355 sens
590 3299 806 3370 regitur
833 3304 891 3352 et
918 3299 1217 3370 adjuvetur
1242 3300 1487 3355 Ecclesia
1526 3301 1682 3364 Quod
1716 3301 1867 3355 enim
1893 3301 1939 3355 si
1969 3301 2026 3354 in
2110 3306 2367 3367 malis,et
2399 3304 2532 3359 mali
2563 3310 2845 3359 exactores
2866 3318 3184 3374 poenarum,
3227 3299 3420 3372 quibus
3440 3289 3656 3351 tradendi

432 3388 602 3457 terris
626 3388 814 3443 nullus
841 3405 936 3442 rex
966 3392 1069 3455 est,
1102 3389 1199 3459 qui
1226 3406 1336 3443 non
1368 3388 1484 3443 suis
1513 3389 1774 3443 fulciatur
1802 3390 2027 3461 appari-
2109 3400 2243 3449 sunt
2266 3410 2460 3449 omnes
2493 3391 2734 3464 reprobi,
2768 3391 2991 3463 quando
3028 3391 3287 3445 dicturus
3319 3393 3402 3443 est
3420 3384 3570 3457 judex
3590 3380 3660 3434 his

433 3476 668 3543 toribus,
701 3476 790 3532 cui
817 3493 930 3531 non
958 3476 1250 3547 condignis
1279 3477 1572 3543 serviatur,
1606 3483 1660 3532 et
1692 3494 1804 3532 non
1848 3477 2028 3531 admi-
2112 3483 2209 3555 qui
2238 3499 2272 3537 α
2309 3481 2552 3537 sinistris
2580 3487 2785 3536 erunt:
2818 3481 3081 3535 Discedite
3119 3495 3154 3533 a
3198 3496 3302 3542 me,
3330 3471 3660 3535 maledicti,in

434 3565 710 3622 nistretur
732 3565 1025 3627 ministris.
1051 3571 1259 3638 quanto
1285 3566 1464 3637 magis
1503 3567 1889 3622 universorum
1920 3567 2031 3621 Do-

435 3655 592 3711 mino
630 3656 972 3710 credendum
1002 3660 1105 3720 est,
1140 3656 1290 3727 quod
1319 3655 1504 3726 angeli
1551 3654 1949 3721 obsecundent,
1979 3662 2037 3710 et

435 3743 758 3801 ministrent
786 3745 844 3799 in
874 3745 1083 3800 auxilio
1115 3744 1369 3800 Ecclesiae
1423 3745 1695 3817 deputati,
1730 3753 1787 3799 et
1830 3746 1889 3800 in
1939 3746 2038 3799 de-

435 3832 689 3889 fensione
718 3835 1225 3899 sanctorum.Quos
1240 3836 1373 3906 quia
1394 3835 1535 3889 tales
1562 3850 1673 3888 non
1700 3834 1919 3899 timent,
1941 3834 2037 3905 qui

434 3923 555 3991 Dei,
597 3923 824 3996 suisque
856 3923 1217 3995 vectigalibus
1247 3930 1302 3978 et
1343 3923 1637 3996 pressuris.
1666 3928 1953 3977 coarctant
1981 3929 2037 3977 et

433 4014 831 4084 constringunt
879 4030 1087 4080 servos,
1116 4013 1290 4068 velint
1316 4013 1515 4071 nolint.
1546 4012 1793 4068 sentient
1815 4028 2037 4066 accusa-

436 4103 589 4155 tores
619 4101 789 4155 etiam
821 4105 879 4154 et
918 4107 1234 4168 exactores;
1278 4101 1543 4172 quoniam
1578 4100 1685 4172 ipsi
1718 4099 1936 4155 venturi
1958 4099 2038 4154 di-

436 4193 642 4242 cuntur
671 4188 727 4241 in
759 4189 864 4241 hoc
882 4188 1002 4258 ipso
1034 4190 1351 4260 Evangelia,
1385 4197 1450 4244 ut
1484 4190 1751 4260 colligant
1778 4190 2038 4245 universa

438 4275 705 4329 scandala
721 4275 791 4328 de
819 4291 993 4344 regno
1024 4276 1249 4335 Christi.
1284 4292 1409 4346 quae
1442 4276 1535 4330 isti
1563 4277 1789 4346 pessimi
1818 4278 1962 4332 servi
1981 4283 2039 4332 et

437 4362 575 4416 mali
599 4362 903 4417 crudeliter
948 4362 1283 4418 intulerunt.
1320 4364 1387 4417 Et
1430 4364 1739 4418 notandum
1772 4367 1905 4436 quia
1940 4384 2036 4421 vo-

437 4451 618 4507 lentes
650 4451 915 4523 adjuvare
937 4467 1065 4506 eum
1098 4452 1194 4523 qui
1225 4451 1429 4506 missus
1454 4452 1638 4506 fuerat
1659 4452 1718 4507 in
1733 4470 2032 4522 carcerem,

440 4541 590 4613 quod
618 4557 729 4595 non
744 4539 883 4595 dixit
912 4539 1279 4595 detraxerunt
1294 4540 1380 4595 vel
1406 4540 1748 4608 inﬂixerunt,
1780 4543 1877 4597 sed
1907 4559 2036 4598 nar-

439 4636 709 4684 raverunt
737 4646 860 4701 quae
888 4628 1114 4684 fuerant
1132 4642 1277 4698 acta,
1295 4630 1453 4702 quasi
1475 4648 1595 4685 rem
1614 4638 1830 4702 gestam
1848 4638 1905 4688 et
1924 4650 2036 4689 non

439 4717 630 4773 ﬁctam
655 4718 740 4772 vel
770 4718 986 4773 falsam.

512 4808 580 4863 Et
621 4813 754 4862 tunc
798 4825 992 4863 vocans
1020 4825 1142 4863 eum
1189 4811 1449 4864 dominus
1479 4827 1613 4864 suus
1654 4813 1736 4864 ait
1800 4812 1926 4866 Non
1973 4816 2038 4866 ut

441 4896 598 4969 prius
640 4913 741 4969 pro
771 4897 996 4965 damno,
1028 4899 1124 4952 sed
1164 4899 1407 4954 atrocius
1438 4916 1539 4971 pro
1568 4917 1832 4955 conservo
1866 4901 2035 4956 misso

438 4984 499 5041 in
528 5002 768 5041 carcere.
804 4987 1057 5042 Primum
1087 4988 1237 5042 enim
1264 4989 1481 5043 locutus
1506 4994 1593 5043 est
1620 4989 1763 5045 sicut
1786 4990 1909 5061 pius
1942 5007 2037 5044 rex

440 5079 496 5130 et
541 5075 887 5150 misericors,»
914 5092 1094 5147 neque
1141 5079 1543 5149 improperavit
1595 5078 1806 5150 aliquid
1852 5085 1915 5134 ut
1955 5079 2038 5133 di-

439 5170 593 5220 ceret
620 5165 670 5221 ei
694 5181 848 5220 serve
879 5148 1120 5236 nequam
1177 5174 1234 5220 et
1279 5148 1444 5220 male.
1494 5168 1600 5222 Sed
1633 5148 1760 5222 eum
1791 5185 1902 5223 non
1932 5168 2035 5223 ha-

437 5251 599 5309 beret
618 5255 765 5309 unde
793 5254 1073 5319 redderet,
1096 5255 1268 5324 jussit
1286 5272 1415 5310 eum
1447 5273 1547 5327 pro
1569 5255 1755 5312 debito
1774 5258 2032 5323 vendere,

438 5345 504 5397 ut
520 5341 796 5409 dixeram,
830 5341 885 5396 id
917 5348 1003 5397 est
1041 5343 1328 5398 venditum
1357 5345 1689 5400 denuntiare
1735 5348 1813 5400 Ac
1833 5347 2036 5401 deinde

438 5440 566 5481 cum
592 5426 851 5499 precibus
889 5444 1016 5482 eum
1043 5429 1338 5499 pulsasset.
1369 5430 1581 5485 dimisit
1611 5447 1737 5485 eum
1769 5431 2029 5495 liberum,

438 5518 498 5571 et
524 5515 714 5570 omnia
742 5514 954 5571 dimisit
978 5517 1049 5571 ei.
1086 5519 1247 5572 Nunc
1269 5525 1456 5573 autem
1484 5519 1830 5591 improperat
1858 5526 1915 5576 et
1943 5519 2036 5575 ob-

432 5605 649 5679 iurgat,
682 5620 850 5679 quem
887 5608 1007 5680 jam
1039 5608 1289 5677 tandem,
1324 5611 1524 5677 iratus,
1559 5611 1793 5664 tradidit
1818 5613 2038 5665 tortori-

2116 3575 2299 3641 ignem
2321 3572 2956 3639 aternum,quiparatus
2971 3573 3046 3622 est
3057 3568 3275 3623 diabolo
3293 3571 3340 3621 et
3358 3563 3549 3629 angelis
3558 3560 3649 3627 ejus

2122 3661 2333 3729 (Matth.
2355 3676 2476 3725 xxv,
2497 3658 2610 3726 4|).
2643 3657 2895 3714 Servavit
2925 3663 3118 3713 autem
3139 3655 3513 3728 metaphoram
3532 3660 3658 3703 suam

2119 3766 2154 3805 a
2181 3748 2474 3821 principio.
2505 3764 2570 3803 ex
2616 3764 2726 3819 quo
2756 3763 2995 3818 regnum
3031 3745 3302 3801 caelorum
3358 3740 3525 3798 simile
3566 3748 3661 3791 esse

2118 3838 2260 3893 dixit
2283 3839 2503 3891 homini
2522 3839 2764 3905 regi,qui
2786 3838 2941 3903 capit
2962 3837 3241 3890 rationem
3255 3847 3445 3903 ponere
3459 3842 3567 3885 cum
3578 3837 3664 3878 ser-

2116 3930 2199 3983 vis
2212 3930 2531 3997 suis,usque
2550 3927 2607 3979 in
2626 3924 3047 3996 ﬁnem,quando
3060 3923 3210 3978 idem
3219 3922 3405 3995 judex,
3420 3917 3505 3990 qui
3526 3919 3574 3969 et
3588 3925 3662 3966 rex

2117 4032 2287 4087 supra
2306 4015 2488 4069 dictus
2504 4012 3028 4077 est.consummabit
3038 4013 3317 4068 rationem
3332 4007 3660 4082 judiciiqusm

2115 4105 2175 4160 in
2195 4104 2376 4176 primo
2396 4103 2638 4158 adventu
2655 4119 2755 4158 suo
2780 4102 2950 4174 cmpit
2976 4118 3184 4174 ponere
3230 4117 3326 4157 seu
3371 4116 3404 4153 a
3437 4089 3658 4167 principio

2118 4192 2325 4255 saeculi,
2344 4197 2403 4247 et
2430 4192 2728 4263 complevit
2755 4191 3014 4246 universa
3028 4197 3092 4245 ut
3115 4191 3281 4246 bonis
3307 4187 3547 4244 restituat
3564 4195 3659 4252 quae

2116 4287 2434 4353 gesserunt,
2467 4297 2608 4352 quos
2643 4280 2749 4335 iste
2776 4280 2958 4335 malus
3006 4279 3210 4335 afﬂixit
3246 4293 3448 4339 servus,
3486 4276 3537 4327 et
3560 4266 3660 4323 huic

2118 4369 2361 4441 pessimo
2382 4385 2540 4424 servo
2560 4385 2664 4423 sua
2681 4368 3015 4423 adnumeret
3039 4384 3162 4439 qua;
3173 4366 3280 4422 sibi
3291 4355 3653 4420 thesaurisavit»

2119 4464 2178 4514 et
2191 4459 2476 4513 conservis
2490 4457 2606 4513 suis
2636 4457 2941 4513 crudeliter
2968 4456 3186 4528 agendo
3205 4455 3395 4511 intulit
3420 4449 3566 4506 mala.
3585 4441 3659 4498 Id-

2120 4548 2268 4603 circo
2287 4548 2366 4602 sic
2394 4546 2779 4618 accipiendum
2810 4551 2914 4611 est,
2947 4551 3011 4600 ut
3042 4562 3143 4616 per
3172 4559 3339 4599 omne
3365 4547 3563 4610 tempus
3576 4533 3659 4586 iste

2119 4654 2265 4693 unus
2295 4641 2523 4709 propter
2553 4636 2823 4691 unitatem
2855 4634 3109 4706 corporis
3137 4647 3374 4705 quorum
3397 4629 3548 4699 caput
3576 4622 3658 4709 est.

2118 4708 2374 4781 diabolus
2394 4742 2561 4781 omne
2587 4741 2765 4796 genus
2784 4724 3057 4778 malorum
3079 4722 3438 4794 intelligatur.
3451 4726 3595 4788 quam
3612 4708 3662 4761 ut

2119 4813 2190 4868 ad
2227 4813 2396 4868 aliam
2428 4812 2857 4883 intelligentiam
2876 4811 3156 4883 generalis
3184 4810 3302 4865 haec
3318 4799 3587 4863 sententia,
3611 4796 3662 4847 ut

2120 4902 2348 4974 quidam
2362 4902 2574 4967 volunt,
2597 4902 2899 4965 derivetur,
2925 4900 3020 4972 qui
3049 4904 3291 4954 tortores
3309 4896 3468 4953 etiam
3498 4890 3661 4979 Rau-1.1}:

2120 4970 2258 5045 num
2289 4994 2485 5045 contra
2497 4991 2602 5046 Jud
2610 5007 2722 5046 aeos
2733 4970 3037 5045 exercitum
3063 4988 3277 5043 venisse
3298 4982 3485 5056 quibus
3502 4970 3660 5070 traditi

2119 5084 2272 5146 sunt,
2305 5078 2771 5151 interpretantur.
2816 5078 2924 5134 Sed
2953 5078 3178 5132 videant
3205 5071 3470 5148 quomodo
3513 5074 3660 5120 omnis

2117 5169 2235 5224 haec
2258 5166 2527 5240 parabola
2553 5168 2684 5223 huic
2713 5168 2901 5223 sensui
2928 5166 3225 5222 convenire
3251 5162 3437 5237 possit,
3451 5170 3561 5211 eum
3579 5161 3660 5245 nec

2118 5256 2476 5329 principium,
2498 5274 2601 5312 nec
2637 5256 2783 5321 ﬁnis,
2807 5256 3003 5327 utique
3043 5271 3147 5310 nec
3172 5252 3411 5310 medium
3431 5247 3556 5318 ejus.
3583 5236 3660 5292 au‘

2119 5344 2254 5418 quid
2283 5345 2495 5400 eisdem
2523 5346 2686 5401 dictis
2715 5346 3013 5400 consentit.
3049 5344 3208 5401 Unde
3237 5338 3507 5412 sequitur:

2185 5435 2276 5491 Sic
2304 5436 2466 5489 Pater
2495 5452 2646 5489 meus
2674 5438 2894 5490 caelestis
2941 5436 3105 5502 faciet
3132 5434 3273 5488 vobis
3301 5432 3350 5484 si
3382 5425 3543 5492 ’74
3569 5426 3657 5470 ηση

2120 5525 2443 5578 remiseritis
2490 5524 2808 5579 hominibus
2846 5524 3225 5593 unusquisque
3241 5521 3302 5574 de
3323 5511 3551 5572 cordibus
3571 5515 3658 5557 vcs-

2120 5614 2243 5667 tris.
2259 5609 2366 5668 Ubi
2376 5612 2727 5685 apertissime
2750 5612 3000 5669 declarat
3007 5611 3133 5686 pius
3147 5607 3425 5671 Dominus,
3441 5597 3503 5656 ad
3519 5604 3654 5668 quam
