3888 6172
181 259 268 320 641
867 257 1244 315 EXPOSITIO
1286 261 1364 316 IN
1404 257 1850 315 MATTHIEUM.
1898 287 1959 300 —-
2003 259 2138 315 LIB.
2181 260 2330 327 VIII,
2373 262 2529 316 CAP.
2574 262 2774 319 XVIII.
3340 271 3444 327 642

180 384 607 455 intelligentiam
636 384 780 439 hanc
809 385 1165 456 proposuerit
1184 385 1534 456 parabolam,
1563 391 1629 440 ut
1661 386 1842 444 totaA
1863 385 2008 456 quod
2041 385 2086 439 si
2117 403 2218 456 per
2235 403 2456 442 omnem
2490 389 2690 444 seriem
2717 391 2937 446 Veteris
2962 393 3305 450 Testamenti
3335 414 3464 454 con-

179 475 239 530 de
260 473 618 542 indulgentia
637 478 694 527 et
709 474 1054 532 remissione.
1077 491 1244 546 quam
1274 475 1379 545 ipsi
1411 493 1444 529 a
1472 477 1584 530 Deo
1602 475 1779 546 gratis
1863 475 2092 540 sideres,
2154 475 2402 530 invenies
2447 477 2595 532 hunc
2647 497 2942 535 numerum
2983 480 3461 541 hebdomadarum

179 564 548 636 percepimus,
583 563 870 634 praposito
900 564 1178 628 credatur,
1212 571 1276 617 ut
1305 565 1434 634 quia
1466 582 1567 619 nos
1596 566 1780 619 fratri-
1861 563 2177 634 mysticum,
2212 582 2310 618 seu
2341 573 2533 620 currat
2565 585 2664 637 per
2692 569 2811 622 dies
2841 577 2905 623 ut
2933 569 3228 625 sabbatum
3271 573 3457 642 faciat,

177 653 274 708 bus
307 658 367 706 et
396 652 678 706 conservis
708 653 1064 706 devotissime
1094 653 1348 706 eamdem
1372 653 1613 724 gratiam
1643 671 1776 724 prae-
1861 669 1957 706 seu
1990 671 2089 723 per
2113 654 2477 724 septimanas.
2498 662 2562 709 ut
2593 657 2954 712 Pentecosten
2991 659 3147 713 nobis
3188 661 3421 732 impleat
3445 681 3458 728 ;

176 748 318 818 stage
349 741 675 796 debeamus.
705 742 779 796 Ex
810 758 920 812 qua
946 743 1227 796 sententia
1258 742 1368 796 duo
1392 748 1587 796 notare
1616 743 1778 797 debe-
1859 759 1956 795 seu
1973 758 2096 795 cum
2122 750 2386 813 properat
2405 762 2504 814 per
2521 753 2830 809 menses,ut
2843 748 3066 818 septimi
3092 751 3300 804 mensis
3320 751 3464 805 festa

179 807 316 888 mus.
342 847 518 884 unum
547 831 693 900 quod
725 831 804 884 ait
830 847 840 881 :
867 831 958 886 Sic
987 835 1146 884 Pater
1178 848 1332 884 mnus
1359 834 1579 885 alr/estis
1612 833 1776 898 faciet
1859 837 2162 894 consecret,
2180 848 2391 886 necnon
2406 839 2462 886 et
2481 850 2604 886 cum
2632 835 2781 888 vadit
2802 853 2900 906 per
2917 854 3162 892 annuam
3186 841 3457 910 septima-

177 923 337 982 eobis;
361 920 604 973 alterum
629 936 757 973 vero
783 940 792 972 :
817 918 879 972 Si
900 937 1004 973 non
1031 923 1362 973 rcmiseritis
1378 919 1698 975 hominibus
1714 923 1777 976 dc
1859 936 1988 973 nam
2033 920 2164 973 facit
2205 938 2412 974 annum
2451 922 2544 992 qui
2581 923 2831 993 requiem
2863 925 2961 978 dat
2990 936 3178 982 terrae.
3227 928 3460 996 Deinde,

176 1011 426 1063 cordibus
447 1011 661 1061 vestris.
683 1009 959 1072 Quoniam
986 1008 1203 1062 duabus
1224 1009 1650 1064 istissententiis
1671 1015 1780 1063 ter—
1859 1025 2031 1062 nexus
2050 1009 2230 1061 omnis
2262 1010 2521 1063 fraterna;
2537 1010 2894 1081 obligationis
2924 1014 3160 1069 absolvit
3188 1017 3460 1088 septimus

175 1098 329 1152 ribile
361 1103 448 1151 est
491 1097 638 1168 quod
670 1098 932 1160 ostendit,
987 1099 1209 1169 quando
1239 1098 1296 1151 in
1328 1115 1438 1152 uno
1468 1099 1776 1170 eodemque

174 1204 346 1253 servo,
381 1203 447 1240 ac
476 1186 522 1240 si
550 1187 607 1240 in
653 1186 836 1257 specie
866 1193 1050 1240 totum
1081 1203 1280 1257 genus,
1325 1194 1381 1241 et
1424 1205 1616 1258 poenas
1655 1205 1778 1241 om-

175 1277 322 1331 nium
348 1276 628 1329 malorum
657 1275 938 1336 describit,
960 1292 1069 1329 non
1086 1276 1232 1346 quod
1259 1276 1402 1330 alius
1433 1277 1506 1330 sit
1532 1278 1639 1331 iste
1669 1294 1780 1331 ser-

173 1383 264 1420 vus
279 1381 452 1436 quem
484 1365 762 1436 praponit,
779 1371 835 1419 et
859 1365 956 1418 alii
975 1364 1070 1436 qui
1104 1365 1174 1418 ad
1204 1366 1328 1436 ejus
1357 1366 1594 1420 formam
1625 1366 1780 1420 dam-

172 1455 343 1508 nandi
365 1453 652 1519 dicuntur,
688 1454 784 1508 sed
817 1455 935 1526 ipse
968 1454 1078 1508 erit
1102 1455 1208 1508 iste
1233 1472 1424 1509 servus
1456 1456 1776 1527 quicunque

173 1544 234 1598 de
271 1543 444 1598 corde
473 1543 635 1597 fratri
665 1560 766 1597 suo
792 1560 904 1597 non
936 1543 1234 1598 remiserit.
1285 1545 1554 1599 Servatur
1585 1551 1774 1600 autem

1859 1113 2126 1150 numerus
2141 1114 2570 1159 annorum,cum
2585 1101 2791 1155 circum
2807 1103 3150 1173 septimanas
3173 1112 3228 1158 et
3247 1122 3461 1160 annum

1862 1185 2387 1256 quinquagesimum
2421 1187 2568 1240 facit.
2606 1189 2700 1258 qui
2723 1207 2903 1244 annus
2934 1193 3216 1256 Jubilaeus,
3246 1195 3366 1264 jam
3397 1200 3462 1249 ut

1860 1273 1973 1327 dixi
2006 1283 2250 1341 vocatur,
2274 1276 2505 1347 ipseque
2529 1293 2749 1330 omnem
2767 1279 3170 1348 plenitudinem
3196 1284 3386 1349 veniae,
3404 1288 3463 1338 et

1860 1364 2216 1418 remissiones
2238 1365 2488 1418 omnium
2523 1382 2710 1420 rerum
2743 1367 2990 1433 adducit,
3012 1376 3072 1422 ut
3091 1371 3321 1424 tollatur
3349 1388 3464 1426 ser-

1858 1453 2004 1506 vitus
2033 1458 2268 1524 totaque
2285 1453 2512 1508 libertas
2536 1455 2750 1520 redeat,
2769 1461 2834 1509 ut
2853 1457 3050 1526 sopitis
3064 1459 3337 1513 universis
3363 1461 3463 1516 de-

1858 1540 1989 1594 bitis
2018 1547 2074 1595 et
2101 1542 2368 1613 disruptis
2395 1543 2749 1597 cautionibus
2767 1551 3029 1615 resurgat
3048 1546 3268 1600 debitor
3298 1547 3460 1605 liber.

172 1632 392 1687 arbitrii
422 1631 654 1687 libertas
675 1632 824 1686 inter
852 1632 1177 1688 innumeros
1202 1650 1390 1687 servos
1415 1635 1510 1704 qui
1541 1635 1830 1707 voluerit
1859 1631 1980 1694 Quo
1997 1647 2131 1685 sane
2159 1648 2395 1686 numero
2418 1633 2610 1702 jurgia
2626 1633 2888 1688 universa
2903 1634 3271 1704 sepeliuntur,
3296 1643 3354 1691 et
3373 1654 3466 1691 cu-

173 1722 380 1776 imitari
401 1722 808 1792 indulgentiam
831 1722 1043 1776 domini
1065 1723 1152 1776 sui
1173 1723 1232 1776 in
1255 1739 1332 1788 se,
1359 1730 1416 1777 et
1436 1723 1779 1794 quivoluerit
1799 1704 1840 1760 Β
1860 1719 2064 1790 piditas
2078 1726 2199 1774 tota
2225 1721 2461 1791 deperit,
2475 1726 2535 1774 et
2555 1722 2624 1775 de
2641 1722 2948 1793 cupiditate
2966 1724 3147 1778 omnis
3166 1731 3459 1781 tractatus.

174 1811 568 1864 crudelitatem
599 1827 856 1864 exercere
886 1811 944 1865 in
976 1811 1062 1865 his
1094 1811 1312 1882 pusillis
1350 1829 1489 1882 quos
1517 1813 1776 1868 Christus
1859 1809 2213 1880 Quapropter
2229 1810 2448 1880 quoties
2471 1811 2677 1880 septies
2694 1811 3120 1882 multiplicatur,
3144 1815 3284 1868 nihil
3308 1816 3462 1871 aliud

174 1900 402 1966 vocavit,
433 1899 669 1963 sanavit,
704 1905 762 1953 et
784 1899 1024 1970 propriis
1055 1901 1305 1955 humeris
1330 1901 1400 1954 ad
1429 1919 1656 1972 gregem
1691 1920 1776 1957 re-
1858 1914 2023 1967 quam
2039 1899 2255 1952 veniam
2272 1905 2329 1952 et
2348 1899 2738 1953 remissionem
2755 1900 2936 1965 atl'ert,
2960 1901 3008 1954 si
3032 1908 3180 1956 recte
3193 1904 3464 1958 Christia-

171 1994 396 2060 portare
424 1988 686 2060 suscepit.
720 1989 811 2044 Sic
857 1993 905 2041 et
951 1991 1114 2043 Pater
1152 2007 1324 2056 meus,
1373 1991 1575 2061 inquit,
1609 1995 1773 2060 faciet
1855 2002 2099 2041 nuseum
2124 1988 3459 2057 percenseatetadvertatauditor.Quoniamcum

169 2080 328 2140 vobis,
365 2081 418 2131 si
447 2094 559 2131 non
590 2081 914 2132 rcmiscritis
945 2079 1270 2132 hominibus
1301 2085 1681 2150 unusquisque
1712 2083 1774 2134 de
1858 2075 2047 2130 ﬁnitus
2069 2077 2251 2141 fuerit,
2280 2084 2411 2130 tunc
2427 2075 2810 2130 veiecessabit
2825 2077 3021 2130 crediti
3054 2085 3373 2133 contractus
3402 2085 3460 2134 et

173 2167 428 2221 cordibus
449 2170 660 2221 vestris.
684 2165 864 2220 Nemo
893 2167 1001 2220 ista
1020 2167 1272 2230 audiens,
1290 2185 1444 2238 rogo,
1477 2186 1770 2224 censuram
1857 2164 2049 2218 debiti.
2069 2166 2223 2219 Tunc
2250 2182 2376 2219 vere
2397 2163 2711 2219 abolebitur
2730 2170 2850 2219 tota
2877 2165 3120 2220 conditio
3151 2168 3454 2237 servitutis,
3531 2227 3536 2230 _

176 2255 274 2310 sibi
304 2255 652 2310 remittentis
682 2261 934 2310 assumat
961 2263 1019 2310 et
1043 2257 1298 2328 imponat
1333 2258 1455 2322 sibi,
1490 2267 1589 2312 aut
1607 2260 1781 2314 delin-
1865 2259 1997 2308 tunc
2027 2254 2122 2307 illa
2140 2253 2323 2307 veniet
2343 2253 2462 2307 sine
2487 2254 2598 2307 ﬁne
2617 2253 2862 2323 gloriosa
2882 2253 3129 2320 libertas,
3147 2260 3280 2309 tunc
3300 2264 3457 2311 aeter-

177 2344 370 2417 quenti
424 2345 483 2398 in
542 2362 603 2399 se
640 2362 839 2399 vanam
880 2346 1371 2417 prmsumptionem
1419 2350 1796 2418 persuadeat,-
1861 2359 1966 2396 nus
1996 2359 2148 2412 ager,
2180 2359 2402 2413 semper
2433 2341 2623 2396 viridis
2656 2358 2721 2395 ac
2753 2343 2982 2396 ﬂoridus
3011 2343 3304 2399 remeabit.
3339 2346 3456 2400 No-

176 2434 398 2505 quando
427 2440 529 2489 aut
548 2434 637 2489 cui
659 2435 948 2505 ignoscere
975 2435 1211 2501 debeat;
1245 2438 1508 2506 quoniam
1538 2439 1617 2492 sic
1645 2457 1775 2509 pro-

175 2522 350 2577 visum
385 2529 473 2577 est
508 2541 544 2577 a
583 2524 674 2595 pio
704 2523 939 2588 medico,
963 2531 1029 2578 ut
1057 2525 1208 2579 illius
1236 2525 1447 2580 sanitas
1468 2527 1555 2580 cui
1595 2528 1776 2597 parcis

173 2611 236 2665 ad
255 2618 419 2666 tuam
439 2613 678 2682 gloriam
700 2619 968 2678 recurrat,
996 2613 1260 2684 illiusque
1280 2616 1442 2669 venia
1455 2620 1616 2669 tuum
1641 2634 1776 2687 piae-

175 2701 346 2755 mium
382 2703 504 2765 ﬁat,
535 2702 680 2756 sicut
709 2707 766 2756 et
810 2708 910 2756 tua
957 2703 1226 2757 correctio
1274 2704 1358 2758 vel
1403 2704 1771 2774 indulgentia,

175 2790 317 2845 illius
349 2791 533 2844 venia.
563 2792 918 2862 Quapropter
946 2792 1309 2846 formidolosa
1340 2794 1621 2846 sententia
1645 2812 1774 2864 pro-

174 2879 280 2933 lata
300 2886 396 2934 est
413 2879 485 2933 ab
515 2897 602 2946 eo,
625 2881 722 2950 qui
749 2881 919 2934 corda
948 2881 1174 2952 inspicit
1191 2882 1561 2951 singulorum,
1586 2883 1630 2936 si
1664 2901 1773 2937 non

1861 2432 2001 2484 verit
2020 2431 2262 2484 charitas
2291 2438 2493 2493 vestra,
2521 2430 2851 2496 charissimi,
2883 2432 3015 2503 quia
3044 2432 3188 2487 sicut
3219 2433 3278 2487 in
3304 2439 3459 2490 terra

1858 2520 1996 2573 latet
2015 2537 2236 2580 aurum.
2256 2519 2336 2572 ita
2362 2519 2581 2573 divinus
2610 2535 2806 2573 sensus
2827 2519 3006 2574 verbis
3025 2521 3240 2576 celatur
3255 2523 3457 2577 huma-

1857 2608 1944 2662 nis
1979 2614 2025 2672 θ
2043 2614 2166 2672 ea
2187 2608 2253 2661 Et
2277 2607 2402 2661 ideo
2432 2608 2875 2679 quotiescunque
2898 2609 3190 2664 Dominica
3216 2617 3458 2666 tractan-

1858 2703 1952 2750 tur
1981 2696 2218 2766 eloquia,
2251 2713 2407 2749 mens
2439 2696 2680 2766 evigilet,
2714 2697 2936 2750 animus
2965 2696 3240 2763 intendat,
3273 2715 3343 2754 ne
3371 2701 3456 2755 in-

1858 2786 1952 2838 tell
1962 2791 2117 2838 ectus
2149 2801 2354 2838 vacuus
2375 2784 2615 2838 recedat.
2639 2784 2901 2848 Quinimo
2922 2784 3139 2840 laboret
3152 2803 3280 2840 cum
3301 2788 3455 2842 omni

1858 2875 2040 2928 cordis
2082 2873 2376 2937 desiderio,
2410 2879 2476 2925 ut
2502 2872 2572 2925 ad
2604 2873 2842 2926 caelestis
2871 2872 3115 2928 scientiae
3153 2876 3330 2946 possit
3366 2876 3459 2930 in-

177 2969 508 3023 remiseritis
537 2969 856 3024 hominibus
884 2970 954 3024 de
973 2971 1233 3025 cordibus
1250 2971 1468 3028 vestris.
1494 2979 1558 3026 ut
1580 2973 1776 3026 creda-
1859 2969 2010 3017 tral‘e
2041 2968 2338 3016 secretum
2363 2963 2433 3014 Et
2457 2961 2728 3032 quidquid
2753 2969 2840 3016 est
2857 2963 3004 3032 (111οά
3035 2979 3135 3017 ηοε
3164 2965 3349 3020 minus
3363 2982 3456 3037 ΡΘ·

177 3074 294 3112 mus
317 3058 470 3128 quod
497 3059 661 3126 juxta
691 3064 933 3112 mentem
960 3065 1209 3113 nostram
1252 3060 1348 3114 Dei
1375 3062 1655 3115 sententia
1687 3063 1776 3115 ﬁe-

1864 3059 2087 3106 netrare
2120 3052 2405 3123 potuimus
2454 3050 2512 3104 in
2538 3051 2666 3131 ‘hac
2707 3050 2990 3121 parabola,
3023 3069 3120 3106 seu
3156 3053 3213 3106 in
3244 3055 3460 3109 czeteris

176 3145 342 3199 ctitur
370 3152 543 3216 atque
575 3151 844 3200 mutatur.
863 3147 1020 3201 Unde
1042 3149 1176 3202 certi
1194 3165 1315 3201 esse
1329 3148 1774 3219 debemus,quod
1862 3143 2023 3195 dictis
2053 3158 2175 3212 quae
2215 3141 2270 3194 in
2301 3141 2405 3194 hoc
2434 3139 2576 3193 libro
2607 3139 2938 3193 difﬁcillima
2967 3143 3456 3212 pertractavimus,

174 3233 221 3286 si
265 3250 433 3304 parva
464 3233 786 3288 hominibus
817 3251 928 3289 non
959 3235 1320 3299 dimittimus,
1344 3253 1453 3290 non
1486 3238 1611 3291 dico
1644 3255 1774 3291 voce
1857 3230 1976 3301 ipse
2003 3248 2038 3284 ἃ
2067 3230 2278 3301 Spiritu
2301 3234 2493 3283 sancto
2525 3229 2774 3294 edOCtusa
2803 3229 2985 3282 ﬁdelis
3016 3231 3263 3296 accedat,
3289 3237 3354 3286 ιη
3389 3233 3457 3286 ﬁ-

175 3326 231 3375 et
257 3322 635 3386 simulatione,
682 3339 874 3378 verum
923 3324 1093 3378 etiam
1145 3325 1254 3378 nisi
1284 3342 1349 3378 ex
1381 3331 1498 3378 toto
1529 3325 1693 3379 corde
1719 3331 1776 3378 et

173 3411 322 3465 omni
352 3410 604 3482 puritate
625 3413 828 3466 mentis
857 3413 1256 3477 dimiserimus,
1272 3415 1403 3484 quia
1425 3415 1625 3468 violata
1650 3415 1777 3468 cha-

174 3499 356 3564 ritate,
391 3500 474 3554 rei
504 3506 782 3555 tenemur.
815 3502 1026 3556 Idcirco
1056 3519 1221 3556 nemo
1253 3503 1404 3556 dicat
1430 3504 1555 3557 ﬁcte
1589 3521 1600 3556 :
1634 3504 1775 3556 nihil

175 3587 355 3644 habeo
385 3594 585 3644 contra
604 3607 754 3656 eum,
789 3597 854 3645 ut
879 3591 1062 3645 solent
1103 3592 1355 3646 homines
1401 3592 1619 3658 dicere;
1655 3593 1777 3662 ipse

176 3679 345 3741 novit.
368 3677 540 3732 habet
568 3679 745 3734 Deum
769 3680 1037 3749 judicem,
1058 3697 1170 3734 non
1196 3681 1330 3734 mihi
1363 3698 1497 3735 cura
1526 3688 1613 3735 est
1644 3682 1778 3752 quid

177 3768 304 3822 velit
340 3784 532 3838 agere,
563 3784 664 3838 ego
698 3768 882 3838 ignovi
922 3769 1006 3835 ei;
1047 3769 1153 3823 iste
1180 3769 1310 3822 talis
1338 3771 1629 3824 confundit
1657 3787 1780 3824 sen-

176 3857 410 3910 tentiam
445 3873 606 3910 suam
639 3863 697 3910 et
715 3857 1064 3911 convincitur
1091 3874 1123 3911 a
1147 3857 1483 3912 conscientia
1507 3859 1780 3923 sua.Quia

176 3944 267 3998 ubi
296 3962 432 3999 vera
450 3945 697 3998 charitas
728 3951 912 4011 115
940 3963 1051 4000 non
1085 3953 1302 4016 regnat,
1325 3947 1461 4001 falsa
1488 3965 1589 4019 pax
1609 3966 1669 4002 se
1692 3965 1779 4002 co-

176 4031 336 4087 lorat.
382 4034 738 4105 Quapropter
760 4051 985 4088 omnem
1014 4037 1154 4090 ﬁcta:
1174 4037 1325 4106 pacis
1345 4037 1775 4090 simulationem

179 4124 382 4176 evertit
409 4122 600 4176 dicens
632 4145 642 4176 :
676 4124 768 4178 Sic
796 4124 965 4190 faciet
992 4127 1137 4178 vobis
1167 4127 1328 4179 Pater
1354 4143 1506 4180 meus
1534 4130 1772 4192 celestis,

172 4214 220 4264 si
237 4228 353 4265 non
366 4213 695 4266 rcmiseritis
711 4212 1030 4267 hominibus
1046 4217 1423 4282 unusquisque
1441 4217 1504 4268 de
1525 4217 1777 4270 cordibus

173 4304 388 4354 vestris.
412 4299 488 4354 Et
507 4316 621 4355 non
646 4301 781 4355 dicit
803 4302 1042 4372 quoties,
1066 4303 1213 4357 sicut
1233 4308 1431 4358 l’etrus
1448 4303 1775 4375 interrogat,

1857 3319 1983 3372 dem
2015 3324 2204 3372 teneat
2234 3318 2559 3388 perfectam,
2593 3333 2761 3388 quam
2785 3333 2896 3371 non
2908 3334 3184 3378 caro.non
3205 3320 3453 3390 sanguis,

1856 3409 1954 3462 sed
1984 3409 2152 3462 Pater
2181 3407 2423 3460 caelestis
2455 3407 2620 3460 Petro
2646 3407 2928 3460 revelavit.
2954 3407 3165 3462 Deinde
3185 3416 3461 3482 praecepta

1858 3514 1980 3568 quae
2012 3496 2275 3567 praecepit
2303 3496 2537 3566 implere
2577 3495 2804 3548 festinet
2846 3496 3006 3562 votis,
3037 3502 3102 3550 ut
3130 3499 3200 3552 ad
3229 3499 3459 3555 visionis

1861 3591 2113 3640 montem
2143 3584 2517 3638 conscendere
2547 3583 2741 3654 possit,
2767 3601 2876 3654 quo
2897 3585 3067 3639 simul
3087 3603 3309 3658 semper
3329 3606 3458 3644 cum

1859 3677 1886 3729 J
1893 3691 2009 3739 esu,
2026 3674 2203 3745 Moysi
2243 3680 2300 3726 et
2325 3673 2447 3726 Elia
2475 3672 2622 3726 clare
2651 3672 3032 3742 colloquentes
3053 3676 3247 3730 audire
3267 3684 3453 3747 queat,

1859 3771 1924 3818 ut
1955 3763 2069 3816 ovis
2103 3779 2225 3834 quae
2241 3763 2362 3832 jam
2394 3760 2643 3814 humeris
2662 3761 2762 3816 Dei
2780 3769 2996 3816 revecta
3014 3770 3099 3816 est
3113 3764 3179 3818 ad
3205 3782 3454 3835 gregem,

1862 3869 2150 3923 nunquam
2174 3850 2436 3904 aberrare
2460 3855 2654 3918 posset
2682 3849 2741 3902 in
2772 3850 2899 3912 ﬁde.
2922 3867 3104 3921 neque
3128 3852 3407 3908 declinare
3428 3871 3463 3908 a

1859 3941 2110 3996 vero.Ad
2145 3940 2429 4002 ultimum,
2456 3955 2662 4008 quaeso.
2693 3938 2901 4008 cogitet
2942 3940 3159 3994 devotio
3200 3941 3461 4012 religiosa

1861 4031 2111 4086 ﬁdelium
2133 4047 2199 4084 ex
2217 4046 2282 4083 eo
2304 4029 2423 4082 loco
2440 4044 2548 4099 quo
2572 4027 3006 4098 benignissimus
3019 4029 3272 4084 Salvator
3282 4047 3459 4086 unum

1859 4121 1928 4175 de
1957 4119 2201 4192 parvulis
2241 4117 2438 4173 statuit
2468 4117 2525 4170 in
2553 4117 2738 4171 medio
2775 4118 3173 4188 apostolorum,
3206 4126 3270 4175 ut
3298 4137 3365 4174 ex
3393 4139 3459 4176 eo

1860 4227 2053 4265 omnes
2069 4208 2382 4278 exemplum
2400 4206 2657 4277 perfectae
2676 4206 2802 4261 vitae
2825 4213 3108 4278 caperent.
3139 4210 3289 4278 quod
3305 4210 3460 4266 dein-

1861 4317 1989 4372 ceps
2019 4300 2088 4353 de
2111 4296 2482 4353 unanimitate
2503 4301 2560 4350 et
2579 4296 2874 4350 concordia
2895 4296 3460 4368 pacispertractatum

172 4404 351 4460 usque
381 4389 607 4460 septies,
627 4406 808 4461 neque
826 4391 972 4445 sicut
993 4391 1113 4462 ipse
1137 4393 1426 4463 respondit
1459 4409 1637 4465 usque
1655 4410 1776 4465 sep-
1798 4385 1844 4443 D
1862 4391 1952 4455 sit,
1979 4388 2178 4460 quidve
2209 4387 2278 4440 de
2305 4385 2540 4455 singulis
2569 4385 2937 4456 propositum,
2971 4386 3055 4439 vel
3084 4387 3218 4456 quid
3263 4388 3320 4443 in
3346 4390 3459 4444 ﬁne

174 4479 398 4549 tuagies
425 4479 651 4550 septies,
684 4481 800 4546 sed,
851 4480 896 4534 si
926 4497 1037 4535 non
1069 4476 1396 4536 dimiseritis
1435 4482 1773 4538 hominibus.

175 4567 243 4622 Et
271 4585 389 4640 quo
415 4569 592 4641 liquet
619 4570 751 4640 quia
765 4571 1122 4642 praescriptus
1147 4587 1416 4627 numerus
1445 4589 1556 4628 non
1577 4589 1780 4643 angus-

175 4661 259 4711 tat
285 4657 533 4718 veniam.
567 4658 663 4712 sed
687 4659 904 4723 dilatat,
939 4676 1005 4714 eo
1035 4661 1183 4732 quod
1206 4668 1479 4732 praecepto
1501 4662 1626 4716 ﬁnit
1655 4661 1781 4715 obe-

172 4744 411 4810 dientia,
444 4753 502 4802 et
524 4746 644 4802 sine
665 4749 775 4801 ﬁne
796 4748 1062 4819 relinquit
1086 4749 1413 4815 arbitrium;
1442 4756 1502 4805 ut
1523 4751 1570 4804 si
1601 4765 1781 4821 quan-

171 4840 293 4890 tum
307 4836 476 4906 jubet
504 4837 650 4890 Deus
682 4837 984 4901 remiseris,
1009 4845 1237 4892 tantum
1257 4839 1331 4892 sit
1349 4839 1679 4893 obedientiae
1700 4855 1783 4892 re-

171 4923 431 4989 tributio,
463 4925 549 4978 sin
563 4926 825 4996 amplius.
850 4934 914 4980 ut
937 4928 1209 4998 mysticus
1224 4928 1574 4982 demonstrat
1588 4944 1781 4981 nume-

168 5029 286 5076 rus.
327 5014 405 5068 sit
431 5015 628 5084 gratiae
656 5015 968 5086 praemium.
1006 5016 1149 5080 Quia
1179 5033 1280 5069 nec
1319 5023 1539 5070 tantum
1581 5034 1613 5071 a
1667 5017 1780 5070 Deo

168 5118 344 5173 quam
375 5120 519 5174 srepc
569 5105 910 5175 praecipitur.
943 5112 1006 5159 ut
1036 5106 1183 5159 ultra
1206 5105 1389 5175 gratia
1436 5122 1548 5159 non
1580 5105 1782 5159 habeat

169 5191 394 5254 locum;
429 5194 680 5263 quamvis
711 5202 768 5248 et
791 5194 987 5264 gratiae
1010 5195 1086 5248 sit
1121 5195 1330 5249 donum
1367 5195 1652 5266 praeceptis
1679 5194 1778 5248 Dei

167 5281 440 5335 omnibus
485 5282 732 5337 obedire.
769 5283 926 5338 Unde
957 5291 1014 5337 et
1055 5284 1174 5354 ipse
1201 5285 1473 5355 septimus
1508 5299 1778 5339 numerus

170 5386 350 5440 quem
389 5371 590 5424 Petrus
636 5372 943 5442 proposuit,
978 5374 1231 5443 quamvis
1264 5390 1496 5428 numero
1525 5373 1778 5428 videatur

171 5475 408 5528 parvus,
453 5459 735 5514 invenitur
779 5468 968 5516 tamen
994 5463 1374 5532 amplissimus
1403 5467 1772 5527 sacramento,

169 5548 326 5604 sicut
353 5555 409 5602 et
426 5549 537 5618 ille,
575 5565 701 5605 cum
730 5551 1048 5623 septuagies
1087 5553 1294 5625 septies
1336 5552 1773 5625 multiplicatur;

1859 4479 1917 4533 in
1950 4479 2052 4531 hac
2073 4474 2338 4548 parabola
2356 4474 2679 4527 conclusum
2701 4473 2792 4540 sit;
2833 4473 3099 4544 quoniam
3125 4477 3307 4530 omnis
3335 4478 3458 4548 ejus

1860 4565 2184 4639 prOpositio,
2218 4578 2525 4632 omnesque
2554 4562 2986 4632 assumptiones,
3018 4580 3116 4618 seu
3163 4566 3458 4620 conﬁrma-

1862 4657 2044 4711 tiones
2082 4652 2512 4708 sententiarum.
2545 4656 2602 4704 et
2638 4651 2697 4704 in
2728 4651 2838 4705 ﬁne
2867 4651 2997 4706 talis
3037 4657 3306 4725 tantaque
3330 4671 3460 4711 con-

1864 4745 2056 4806 clusio,
2083 4742 2188 4796 hoc
2215 4741 2486 4794 nimirum
2519 4745 2712 4808 agunt,
2756 4746 2820 4793 ut
2844 4739 3139 4796 unanimes
3169 4759 3460 4816 unumque

1865 4835 2058 4896 simus,
2093 4849 2162 4886 ne
2191 4831 2368 4884 ullum
2402 4829 2602 4882 laedere
2635 4827 3086 4900 velimus,neque
3108 4848 3313 4902 negare
3335 4833 3454 4902 ulli,

1865 4925 2010 4996 quod
2042 4921 2199 4976 nobis
2232 4917 2483 4990 praestari
2506 4922 2785 4986 optamus,
2811 4923 3089 4987 quatenus
3122 4920 3192 4973 ab
3217 4937 3282 4974 eo
3313 4937 3459 4991 quae-

1861 5029 2081 5082 cunque
2139 5009 2438 5081 poscimus.
2490 5006 2577 5076 pie
2633 5005 2937 5076 impetrare
2986 5008 3281 5077 possimus.
3314 5009 3460 5072 Quia

1863 5103 2090 5157 omnino
2122 5099 2306 5153 veniet
2324 5105 2457 5150 tunc
2489 5094 2582 5146 illa
2611 5095 2866 5147 remissio
2892 5112 3040 5161 vera,
3061 5097 3157 5150 illa
3177 5097 3455 5151 absolutio

1862 5197 2153 5263 perpetua,
2189 5184 2412 5257 quando
2460 5182 2792 5246 abolebitur,
2829 5184 2999 5237 etiam
3052 5185 3283 5238 Domino
3321 5201 3461 5256 prae-

1861 5285 2066 5344 stante,
2108 5277 2229 5346 ipsa
2271 5272 2571 5328 necessitas
2604 5273 2888 5341 peccandi.
2919 5274 3154 5336 Quando
3189 5281 3460 5346 pereunte

1860 5366 2238 5424 immunditia.
2265 5361 2505 5417 mundus
2537 5360 2629 5412 ille
2657 5361 2977 5431 redemptus
2997 5377 3126 5417 vere
3155 5365 3274 5435 jam
3305 5383 3462 5422 voca-

1862 5459 2010 5513 bitur
2042 5455 2280 5509 mundus
2311 5472 2321 5506 :
2363 5450 2584 5522 quando
2605 5449 2871 5503 redeunte
2889 5452 3001 5505 vita
3024 5470 3172 5508 mors
3193 5456 3314 5525 jam
3346 5472 3458 5510 non

1863 5549 2001 5614 erit;
2026 5561 2136 5618 quo
2157 5543 2312 5599 nulla
2333 5545 2522 5606 erunt,
2550 5538 2775 5611 quando
2807 5548 3078 5612 regnante
3107 5543 3330 5600 Christo
3355 5545 3459 5604 soli
