3888 6172
467 207 571 264 643
1256 204 1322 257 δι
1348 200 1732 257 PASCHASII
1762 196 2121 255 RADBERTI
2156 198 2462 253 ABBATIS
2499 196 2990 253 CORBEIENSIS.
3613 196 3696 255 644

468 330 599 386 boni
625 330 974 402 gaudebunt,
1004 335 1061 386 et
1100 329 1233 383 mali
1263 343 1456 382 omnes
1484 342 1611 381 cum
1640 325 1860 380 diabolo
1905 330 2061 380 extra
2080 326 2123 385 Α
2148 324 2273 379 vitae
2303 323 2592 394 mysteria,
2638 322 2883 393 propriis
2908 337 3010 376 nos
3044 320 3160 376 suis
3207 326 3459 392 reportet
3492 322 3703 381 humeris

467 421 572 476 hos
592 422 731 476 ﬁnes
760 419 1320 491 erunt.Quapropter
1334 423 1507 480 orate,
1532 416 1753 481 fratres,
1777 415 1910 486 quia
1931 431 2061 485 pro-
2145 413 2213 467 ad
2242 430 2491 484 gregem,
2522 413 2696 466 donec
2724 410 2890 477 bona,
2923 428 3045 482 quae
3075 410 3372 482 promittit,
3404 411 3579 466 videre
3604 430 3705 485 pos-

468 509 655 565 lixitas
674 511 803 565 libri
831 512 998 565 ﬁnem
1028 508 1292 580 postulat,
1319 512 1384 560 ut
1412 510 1467 559 et
1496 504 1656 559 nobis
1695 510 1753 557 et
1773 504 1924 559 vobis
1950 504 2063 558 Do-
2146 502 2321 556 simus
2369 502 2427 555 in
2479 507 2631 555 terra
2667 500 2992 567 viventium,
3024 506 3083 554 et
3121 499 3243 554 sine
3288 501 3401 554 ﬁne
3428 505 3623 570 tenere,
3647 503 3703 557 ad

468 599 656 656 minus
685 600 853 655 ﬁdem
891 602 1112 669 augeat,
1145 597 1492 650 demonstret
1518 594 1786 665 praeclara
1823 592 2062 647 caelestis
2149 608 2315 663 quem
2341 593 2649 647 tendimus.

1598 914 1785 977 νη»
1812 909 2188 965 ΡΗΕΡΑΤΙΟ
2216 908 2410 964 LIBRI
2440 908 2639 963 NONI.

538 1173 841 1245 Nunquam
874 1171 1041 1242 digne
1065 1170 1202 1225 satis
1231 1169 1449 1225 laudari
1472 1170 1825 1242 philosophia
1853 1173 2054 1241 potest,
2143 1168 2424 1223 liebantur
2467 1167 2640 1234 aliud,
2687 1172 2744 1221 et
2774 1166 2888 1221 ﬁlio
2917 1170 3053 1221 tunc
3092 1165 3233 1220 mihi
3271 1165 3619 1230 charissima,
3641 1165 3710 1219 vix

466 1261 692 1316 Fratres
713 1260 1053 1327 charissimi,
1071 1260 1273 1330 cuiqui
1303 1265 1479 1330 paret,
1511 1276 1677 1314 omne
1696 1264 2062 1330 tempusaeta-
2146 1258 2365 1328 expleto
2394 1256 2691 1328 tyrocinio,
2726 1256 2885 1310 valde
2915 1254 3437 1326 negotiosissimum
3476 1254 3713 1326 imposuit

466 1351 542 1406 tis
570 1368 685 1406 suae
714 1350 921 1422 poterit
948 1349 1071 1403 sine
1102 1349 1359 1403 molestia
1388 1349 1800 1421 quodammodo
1830 1364 2061 1403 conver-
2140 1348 2361 1418 jugum,
2396 1348 2531 1417 quia
2582 1345 2803 1416 vigebat
2847 1344 3036 1399 animo
3082 1349 3143 1399 et
3197 1361 3453 1416 corpore,
3500 1350 3569 1399 ut
3609 1349 3713 1416 opto

468 1440 611 1506 sari;
645 1439 929 1510 quiaquos
957 1437 1226 1492 nutrierit
1247 1439 1678 1509 apuero,etiam
1699 1438 1757 1492 in
1778 1441 2064 1492 senectute
2146 1436 2317 1491 etiam
2355 1441 2413 1490 et
2450 1434 2650 1490 merito
2686 1434 3022 1489 sanctitatis.
3056 1434 3159 1489 Cui
3190 1433 3323 1506 quia
3351 1434 3546 1488 divina
3575 1434 3715 1489 virtus

468 1543 582 1582 non
610 1528 838 1581 deserit.
868 1528 1010 1581 Hinc
1040 1532 1125 1580 est
1156 1527 1304 1597 quod
1318 1543 1426 1597 me,
1446 1527 1577 1582 licet
1604 1544 1706 1598 ego
1721 1526 2064 1581 deseruerim
2085 1571 2132 1630 Β
2149 1525 2440 1596 ampliavit
2463 1524 2658 1595 gratiae
2685 1522 2990 1590 fastidium,
3022 1524 3329 1578 discrimen
3357 1524 3586 1578 coauxit
3606 1523 3717 1594 regi-

468 1633 615 1683 eam,
639 1632 752 1670 non
779 1632 945 1688 passa
962 1621 1049 1670 est
1072 1616 1130 1670 in
1157 1616 1261 1670 hac
1279 1621 1443 1670 aetate
1462 1616 1731 1687 longiusa
1749 1633 1809 1670 se
1825 1615 2067 1687 amplius
2089 1613 2132 1630 ”
2153 1616 2319 1669 minis
2339 1632 2626 1685 magnum,
2650 1620 2707 1669 et
2730 1614 3094 1686 praegravavit
3120 1630 3311 1668 rerum
3328 1613 3501 1680 curis,
3522 1629 3718 1684 occupa-

468 1705 846 1778 peregrinari.
882 1705 991 1760 Sed
1018 1722 1143 1759 mox
1163 1710 1228 1760 ut
1255 1705 1396 1759 redii
1426 1706 1497 1759 ad
1523 1722 1667 1772 eam,
1690 1706 1930 1760 multum
1950 1704 2071 1759 diu—
2152 1705 2230 1759 vit
2252 1705 2469 1771 ofﬁciis,
2511 1709 2579 1774 et.
2597 1704 2794 1783 extulit
2822 1703 3147 1758 honoribus.
3179 1704 3334 1758 Nihil
3352 1708 3551 1784 tamen
3580 1704 3719 1758 omni-

471 1811 580 1866 que
610 1795 756 1849 male
803 1800 1036 1849 vexatus
1074 1794 1427 1849 saecularium
1475 1811 1663 1849 rerum
1705 1794 1872 1860 curis,
1915 1810 2071 1847 reco-
2153 1799 2352 1865 potens
2380 1779 2658 1848 concessit
2678 1794 2945 1865 perﬁcere
2985 1793 3114 1857 illis,
3152 1794 3248 1864 qui
3288 1779 3503 1847 nostris
3532 1808 3720 1864 semper

465 1884 634 1955 gnovi
681 1899 869 1938 veram
898 1899 1011 1938 non
1041 1900 1162 1937 esse
1195 1884 1339 1937 viam
1367 1884 1568 1955 prioris
1596 1883 1743 1941 vitaz.
1770 1890 1829 1938 et
1863 1884 2073 1937 lactare
2154 1883 2296 1937 bene
2326 1883 2507 1937 utitur
2534 1884 2694 1937 malis
2720 1883 2789 1936 ad
2813 1883 3091 1948 ell‘ectum,
3116 1882 3212 1936 sed
3230 1881 3390 1936 nobis
3416 1882 3721 1953 largitusest

467 1988 559 2027 me
587 1973 755 2045 erepit
777 1973 937 2043 quasi
965 1989 1221 2044 puerum,
1243 1972 1472 2044 suisque
1504 1989 1757 2027 recreare
1785 1972 2070 2027 uberibus.
2156 1989 2270 2027 suae
2281 1974 2477 2043 gratiae
2493 1972 2796 2027 admodum
2818 1988 3023 2027 munus
3038 1971 3382 2043 praelationis
3403 1972 3464 2027 in
3489 1971 3719 2035 ﬁlioCui,

466 2062 668 2118 Merito
687 2062 862 2132 igitur
890 2061 1022 2132 quia
1049 2077 1353 2132 puerorum
1379 2067 1437 2115 et
1464 2078 1661 2118 senum
1684 2079 1826 2134 pene
1854 2079 1969 2116 una
1990 2065 2076 2115 est
2157 2062 2523 2127 dilectissimi,
2567 2062 2671 2116 etsi
2710 2061 2864 2116 vobis
2893 2061 3073 2115 scribo
3103 2078 3203 2132 pro
3234 2077 3472 2116 munere
3502 2060 3723 2116 dilectio-

450 2151 735 2217 conditio,
762 2156 818 2204 et
847 2150 1145 2221 coaequalis
1167 2167 1361 2204 eorum
1395 2151 1710 2205 morsvmihi
1736 2151 1970 2204 videtur.
2004 2149 2077 2203 Et
2156 2152 2262 2219 nis,
2315 2157 2373 2206 et
2417 2151 2681 2205 fratribus
2721 2167 2943 2222 quoque
2991 2151 3132 2205 meis
3183 2167 3413 2205 censum
3469 2150 3722 2205 servitutis

466 2240 594 2295 ideo
621 2256 815 2295 eorum
844 2255 1068 2310 semper
1087 2244 1457 2312 utrorumque
1480 2240 1625 2295 lacte
1658 2240 2073 2311 Scripturarum
2156 2242 2563 2313 persolvo.Non
2592 2239 2875 2294 immerito
2903 2240 3186 2311 impensas
3202 2256 3340 2311 paro
3360 2239 3540 2307 verbi,
3556 2240 3723 2312 quibus

470 2328 784 2383 divinarum
801 2328 1134 2382 nutriendus
1155 2334 1241 2383 est
1261 2328 1484 2384 animus
1507 2348 1519 2397 ;
1550 2346 1691 2400 puer
1710 2329 1986 2400 siquidem
2010 2335 2076 2385 ut
2156 2347 2269 2384 non
2298 2330 2480 2385 minus
2512 2346 2636 2384 meo
2655 2328 2836 2384 ofﬁcio
2867 2345 3034 2400 quam
3063 2345 3165 2384 suo
3188 2329 3391 2384 reddat
3419 2329 3542 2401 ipse
3570 2344 3721 2402 perae

469 2422 699 2483 crescat,
733 2433 902 2471 senex
930 2433 1059 2471 vero
1087 2433 1158 2471 ne
1188 2417 1427 2483 deﬁciat,
1463 2418 1575 2472 imo
1605 2424 1842 2491 uterque
1872 2436 2067 2474 eorum
2152 2419 2411 2474 omnibus
2431 2419 2683 2474 debitum
2714 2417 3019 2485 servitutis,
3039 2423 3095 2473 et
3123 2418 3461 2490 obsequium
3492 2419 3725 2490 praedica-

467 2506 799 2577 utproﬁciat
817 2506 875 2560 in
904 2506 1123 2573 melius,
1149 2511 1206 2560 et
1224 2507 1374 2560 vivat
1388 2507 1592 2562 divinis
1616 2508 1857 2563 laetatus
1887 2508 2069 2563 uberi-
2149 2509 2338 2575 tionis,
2372 2509 2429 2563 in
2460 2507 2646 2573 verbo,
2678 2508 2736 2562 in
2768 2508 3040 2572 doctrina,
3064 2508 3123 2562 in
3143 2507 3296 2562 omni
3317 2508 3723 2579 religionisgra.

466 2593 743 2659 bus.Quia
767 2595 911 2649 sicut
941 2611 1134 2649 eorum
1151 2612 1297 2650 unus
1311 2600 1396 2650 est
1415 2595 1762 2671 introitusad
1777 2598 1964 2663 vitam,
1988 2598 2069 2652 ita
2147 2598 2247 2652 tia.
2274 2598 2431 2652 Unde
2462 2602 2520 2651 et
2541 2597 2659 2667 ipse
2687 2606 2817 2651 cum
2842 2597 3176 2668 oportuerit,
3207 2596 3353 2651 forte
3383 2596 3538 2651 aliud
3568 2595 3723 2668 operis

469 2688 525 2739 et
554 2699 702 2739 unus
733 2683 914 2739 exitus
944 2689 1071 2755 post
1098 2684 1485 2740 defectionem.
1548 2686 1757 2741 Idcirco
1809 2687 2064 2758 utrisque
2145 2687 2416 2741 conﬁcere
2460 2686 2654 2758 possit.
2712 2687 2799 2741 Ita
2833 2692 3024 2741 tamen
3054 2686 3100 2740 si
3128 2687 3233 2741 hoc
3257 2690 3580 2757 paternum,
3617 2685 3724 2739 licet

469 2772 894 2841 elaborandum,
929 2779 993 2827 ut
1029 2774 1211 2829 sciant
1239 2774 1447 2846 singuli
1477 2775 1668 2828 omnia
1703 2793 1825 2846 quae
1864 2776 2065 2830 divinae
2147 2775 2428 2846 exiguum,
2458 2776 2589 2847 quia
2615 2791 2727 2829 non
2746 2775 2931 2846 ignavi
2961 2775 3224 2846 ponderis
3253 2780 3341 2829 est
3370 2775 3601 2840 donum,
3630 2789 3722 2828 non

464 2862 684 2934 paginae
701 2867 1011 2916 noscuntur
1025 2863 1326 2933 pertinere.
1361 2863 1520 2927 Quod
1541 2864 1586 2917 si
1604 2865 1900 2934 quisquam
1922 2864 2067 2935 obji-
2094 2928 2127 2935 η
2152 2864 2416 2934 negligat,
2448 2863 2552 2918 sibi
2583 2864 2754 2919 etiam
2795 2880 2924 2918 eum
2955 2862 3213 2919 omnibus
3253 2862 3528 2919 oblatum.
3569 2863 3725 2931 Quin-

466 2967 593 3005 cere
621 2951 860 3005 voluerit
885 2951 1025 3017 seni,
1056 2950 1204 3020 quod
1226 2967 1338 3005 non
1358 2951 1416 3005 in
1440 2968 1540 3006 suo
1570 2959 1821 3023 tempore
1852 2953 2067 3008 labora-
2086 2928 2129 2986 θ
2146 2952 2390 3018 imo,etsi
2413 2953 2647 3020 vilescit,
2669 2953 3041 3025 amplectatur
3058 2952 3311 3020 charius;
3333 2953 3466 3025 quia
3484 2951 3723 3007 nobilitas

465 3038 576 3106 vit;
610 3038 789 3092 discat
818 3038 950 3108 quia
980 3039 1134 3108 prius
1163 3056 1289 3093 eum
1318 3039 1479 3094 decet
1505 3041 1719 3105 audire,
1754 3047 1818 3096 ut
1845 3041 2059 3097 doceat.
2147 3043 2244 3097 ﬁlii
2284 3061 2350 3098 ex
2387 3044 2598 3098 honore
2627 3050 2684 3098 et
2721 3043 3032 3098 reverentia
3059 3043 3347 3098 descendit
3372 3043 3568 3116 patris.
3598 3044 3723 3098 Nam

465 3126 675 3180 Audiat
700 3127 891 3192 etiam,
917 3127 1049 3197 quia
1074 3127 1271 3181 melius
1318 3134 1404 3182 est
1432 3145 1681 3199 unquam
1713 3146 1882 3201 quam
1919 3147 2067 3185 nun-
2148 3149 2314 3187 omne
2336 3132 2736 3203 patrimonium
2767 3124 3165 3204 praeparatum,
3191 3132 3340 3203 quod
3369 3148 3405 3186 a
3433 3138 3591 3204 patre
3619 3147 3722 3203 per-

466 3231 638 3286 quam
663 3214 991 3269 laborarein
1008 3216 1742 3289 verbo.Pr0ptereanullum
1760 3220 1924 3275 debet
1945 3238 2065 3276 esse
2148 3221 2369 3292 cipitur,
2403 3222 2703 3293 pretiosius
2741 3238 2861 3276 esse
2904 3222 3046 3276 solet
3080 3221 3294 3276 cunctis
3336 3221 3553 3294 opibus,
3601 3236 3720 3293 quas

464 3308 690 3375 tempus
718 3304 1023 3359 senectutis
1053 3305 1313 3372 otiosum,
1341 3307 1489 3378 quod
1520 3325 1631 3363 non
1663 3309 1857 3380 prosit.
1889 3312 2065 3365 Maxi-
2148 3311 2376 3366 aliunde
2408 3311 2512 3365 sibi
2539 3311 2894 3366 contraxerit.
2930 3311 3142 3366 Idcirco
3172 3328 3361 3383 quaeso
3394 3312 3716 3383 propriolum

466 3409 557 3447 me
571 3394 705 3465 quia
719 3395 779 3448 in
794 3393 917 3447 aliis
937 3394 1294 3449 meminimus
1315 3397 1585 3467 proﬁcere
1606 3398 1793 3452 studia
1814 3399 2062 3471 Scriptu-
2148 3400 2369 3471 paterni
2411 3400 2560 3470 juris
2588 3400 2648 3454 in
2678 3400 2849 3453 verbo
2893 3400 2972 3454 sic
3019 3401 3411 3472 amplectatur,
3442 3406 3509 3456 ut
3552 3399 3721 3455 divina

465 3483 884 3547 rarum,divina
903 3482 1054 3537 verbi
1071 3484 1284 3538 semina
1305 3484 1503 3539 saltem
1519 3486 1818 3556 juvenibus
1839 3506 2061 3560 spargo.
2148 3506 2270 3561 quae
2323 3489 2560 3556 revolvo,
2610 3489 2853 3543 fructum
2902 3489 3029 3543 vitae
3075 3489 3187 3544 illis
3233 3490 3387 3545 intus
3417 3490 3648 3544 atfcrant
3670 3488 3719 3541 in

466 3571 589 3626 Erit
614 3571 758 3626 forte
786 3570 1215 3627 incitamentum
1245 3590 1434 3628 eorum
1460 3574 1690 3630 affectus
1714 3595 1727 3643 ;
1777 3577 1910 3648 quia
1936 3578 2062 3649 pius
2146 3578 2366 3646 animo;
2395 3595 2587 3633 verum
2617 3579 2786 3633 etiam
2819 3595 2914 3633 eos
2943 3579 3013 3632 ad
3043 3595 3111 3633 ea
3139 3579 3370 3634 extollat
3398 3596 3520 3650 quae
3554 3578 3720 3633 divina

464 3660 625 3716 labor
651 3661 842 3716 omnia
886 3661 1072 3716 vincit.
1115 3662 1327 3717 Idcirco
1378 3664 1449 3717 ad
1479 3666 1837 3736 sponsionem
1866 3668 2061 3738 prima;
2144 3674 2294 3735 sunt,
2340 3673 2397 3722 et
2425 3684 2631 3722 arcana
2662 3673 3005 3723 secretorum
3035 3668 3152 3724 Dei.
3180 3669 3336 3739 Rogo
3372 3674 3558 3724 autem
3588 3670 3718 3722 utet

463 3751 874 3823 promissionis,
906 3751 1013 3806 etsi
1042 3751 1297 3807 exhausti
1336 3753 1543 3808 macies
1571 3754 1783 3833 ingenii
1794 3756 1915 3826 jam
1943 3774 2061 3811 are-
2143 3756 2298 3810 vobis
2325 3756 2601 3827 placeant,
2634 3756 2763 3827 quia
2806 3762 2940 3811 tunc
2971 3757 3086 3812 Deo
3115 3764 3344 3829 accepta
3369 3763 3534 3813 erunt
3556 3756 3644 3828 qui
3666 3756 3717 3810 in

465 3841 587 3907 scit,
621 3846 915 3914 promptus
949 3846 1218 3910 revertor,
1269 3841 1362 3913 qui
1411 3842 1754 3898 charissimis
1797 3845 2063 3902 fratribus
2144 3845 2298 3900 vobis
2348 3845 2645 3913 inhabitat,
2679 3862 2808 3901 cum
2845 3846 3000 3900 vobis
3044 3852 3209 3917 grata
3245 3847 3457 3902 fuerint
3486 3864 3579 3919 pro
3606 3851 3715 3901 voto

462 3930 681 4002 loquor.
723 3932 851 3986 Non
880 3931 1028 3985 enim
1060 3931 1210 3986 inter
1238 3936 1352 3985 tam
1383 3932 1653 3999 efﬁcaces,
1702 3934 2058 4003 clarissimos,
2145 3940 2378 3989 eatenus
2397 3933 2772 3990 dilectissimis
2792 3952 2915 4007 quae
2942 3936 3134 3990 oﬁ'ero.
3169 3937 3450 3997 Quoniam
3480 3936 3579 3992 etsi
3619 3935 3714 3989 fra-

463 4035 529 4073 ac
556 4020 1020 4091 sapientissimos,
1037 4021 1249 4092 aliquid
1271 4021 1356 4074 vel
1384 4021 1453 4076 de
1475 4022 1705 4077 minimo
1724 4023 1876 4094 loqui
1896 4025 2064 4079 aude-
2144 4029 2259 4078 tres
2287 4022 2568 4079 debitores
2624 4024 2752 4079 facti
2814 4032 2965 4091 sunt,
3000 4025 3327 4080 ut‘audiant
3352 4032 3410 4082 et
3447 4025 3713 4099 pecuniam

462 4124 603 4174 rem,
625 4109 734 4163 nisi
763 4126 853 4162 me
881 4109 1127 4163 Charitas
1164 4125 1358 4163 eorum
1389 4112 1680 4182 coegisset.
1715 4114 1871 4184 Saepe
1899 4131 2061 4169 nam-
2144 4111 2315 4179 verbi,
2364 4128 2478 4167 non
2528 4112 2599 4167 ad
2649 4113 3003 4184 dispendium
3046 4114 3190 4180 vitae,
3249 4114 3348 4169 sed
3401 4115 3474 4169 ad
3522 4115 3712 4169 lucrum

464 4211 573 4265 que
588 4211 890 4265 puerorum
904 4197 1119 4251 meritis
1131 4198 1343 4273 doctori
1360 4200 1522 4269 copia
1534 4201 2054 4272 dicenditribuitur;
2076 4202 2125 4261 D
2144 4200 2250 4256 sibi
2306 4201 2638 4273 impensam,
2697 4207 3058 4273 pertractent.
3104 4203 3487 4259 Nihilominus
3528 4209 3582 4259 et
3632 4217 3711 4255 vos

463 4288 522 4336 et
547 4281 673 4336 ideo
695 4283 849 4337 nulla
869 4301 990 4339 esse
1020 4283 1188 4339 debet
1206 4285 1519 4340 difﬁdentia
1538 4288 1595 4342 in
1624 4294 1888 4358 tractatu,
1922 4292 2057 4348 dum
2140 4296 2361 4362 oportet
2387 4293 2741 4346 considerare
2769 4293 2827 4346 in
2857 4292 3151 4359 charitate,
3177 4293 3455 4349 talentum
3479 4292 3615 4365 quod
3637 4306 3713 4345 ex-

460 4370 628 4443 plena
673 4371 895 4426 dilectio
953 4373 1223 4427 exuberat
1250 4373 1308 4427 in
1341 4376 1578 4442 affectu;
1630 4378 1870 4433 maxime
1900 4382 2056 4450 mihi,
2142 4381 2312 4434 solvo.
2346 4381 2491 4445 Quia
2516 4381 2619 4436 etsi
2646 4387 2907 4452 parentes
2953 4382 3161 4437 debent
3190 4383 3568 4438 thesaurizare
3600 4379 3708 4435 ﬁliis

462 4460 596 4532 quia
617 4460 745 4515 ﬁliis
765 4460 983 4515 debitas
1003 4478 1116 4516 una
1139 4461 1422 4517 vobiscum
1444 4463 1729 4535 impensas
1745 4467 2060 4540 intelligen-
2149 4474 2267 4535 ἐδ
2281 4476 2319 4535 Ι
2345 4470 2505 4540 juxta
2524 4470 2871 4541 Apostolum,
2885 4476 2942 4525 et
2956 4487 3068 4525 non
3084 4471 3555 4543 ﬁliiparentibus;
3576 4471 3710 4526 decet

459 4548 518 4603 di
545 4564 701 4620 paro.
735 4551 879 4604 Nam
921 4549 1065 4605 sicut
1092 4550 1306 4622 legistis
1335 4551 1392 4606 in
1426 4554 1785 4610 saecularibus
1830 4557 2052 4627 litteris,
2142 4563 2329 4614 tamen
2351 4559 2497 4614 ﬁlios
2515 4559 2663 4631 quod
2683 4560 3124 4615 thesaurizatum
3146 4572 3232 4616 est
3246 4561 3707 4617 sollicitiuscusto-

463 4639 663 4694 Omnia
693 4641 800 4707 fert
828 4645 997 4705 aztas;
1030 4639 1393 4713 hincquoque
1422 4643 1687 4711 itatenus,
1721 4646 1977 4703 mihimet
1995 4666 2059 4704 ac
2139 4647 2454 4720 dire,atque
2468 4648 3190 4720 diligenterexcolere,nein
3203 4667 3439 4706 vacuum
3458 4652 3709 4723 dispereat

466 4731 653 4792 080
698 4727 812 4782 ﬁlio
867 4728 1195 4784 charissima
1237 4732 1534 4804 contigerit
1570 4733 1674 4788 hoc
1701 4736 2056 4806 proverbium
2139 4753 2339 4792 census
2366 4737 2607 4806 laboris;
2643 4739 2739 4810 qui
2768 4755 2880 4793 non
2911 4738 3017 4793 nisi
3041 4741 3110 4793 ab
3139 4739 3260 4810 ipso
3284 4740 3545 4808 Domino,
3575 4739 3708 4809 cujus

455 4814 942 4882 inaestimabiliter,
964 4823 1028 4871 ut
1054 4817 1133 4871 ita
1157 4819 1357 4886 dicam,
1382 4822 1517 4876 dum
1536 4822 1752 4878 alterna
1768 4828 2054 4896 proportio
2139 4832 2225 4881 est
2252 4827 2506 4898 pecunia,
2523 4844 2650 4881 cum
2682 4844 2856 4882 usura
2880 4828 3125 4899 exigitur
3152 4829 3510 4891 meritorum,
3533 4834 3708 4884 etcum

455 4904 580 4959 vitae
599 4904 786 4958 divino
825 4905 1185 4976 dispensante
1204 4910 1440 4980 judicio.
1472 4912 1610 4966 satis
1648 4920 1963 4983 Opportuno
1993 4916 2052 4971 in
2134 4915 2289 4970 lucro
2305 4914 2436 4970 boni
2465 4917 2668 4988 operis.
2686 4918 2829 4971 Nam
2858 4917 2916 4971 in
2936 4918 3039 4971 hoc
3060 4917 3237 4972 solido
3254 4918 3710 4990 Evangelistarum

452 4998 726 5066 tempore,
764 5009 1012 5064 congrua
1036 4996 1311 5068 utrisque,
1357 4999 1606 5071 quolibet
1633 5006 1814 5072 pacto,
1864 5003 2055 5059 intulit
2137 5006 2411 5076 quadrato
2441 5022 2697 5073 numero,
2722 5006 2911 5077 magni
2933 5012 3065 5061 sunt
3085 5007 3378 5078 sapientiae
3410 5014 3468 5063 et
3489 5004 3711 5063 scientia:

451 5082 750 5154 stupendia
778 5080 1080 5137 actionum.
1116 5085 1251 5138 Mihi
1284 5089 1533 5158 quidem,
1570 5096 1697 5160 post
1724 5089 2051 5147 innumeros
2134 5095 2405 5162 thesauri,
2449 5112 2588 5167 quos
2644 5095 2864 5150 etfodio.
2922 5095 3081 5151 Unde
3116 5097 3249 5167 quia
3303 5102 3459 5152 totus
3493 5102 3714 5168 quatuor

448 5178 607 5227 actus
630 5172 838 5237 saeculi,
869 5177 926 5226 et
953 5172 1217 5227 molestos
1248 5176 1370 5231 vitae
1403 5178 1653 5247 labores;
1696 5187 1823 5251 post
1850 5181 2051 5236 sollici-
2132 5184 2376 5238 mundus
2402 5190 2621 5239 constat
2639 5185 2931 5240 elementis
2955 5204 2968 5253 ;
3006 5194 3064 5239 et
3092 5185 3242 5240 orbis
3267 5186 3562 5241 universus
3590 5199 3712 5257 quae

446 5261 673 5316 tudines
708 5261 854 5316 tanti
901 5261 1211 5331 regiminis,
1264 5270 1320 5318 et
1371 5266 1538 5338 longa
1584 5269 1711 5324 vitae
1758 5274 2048 5342 praesentis
2129 5278 2260 5328 tuor
2287 5274 2403 5328 suis
2424 5275 2706 5330 adunatur
2724 5273 2999 5345 partibus,
3021 5275 3311 5346 aptissime
3333 5277 3611 5347 provisum
3641 5275 3715 5328 est

447 5349 759 5422 dispendia,
777 5350 1020 5423 Optabile
1051 5351 1188 5406 satis
1214 5353 1442 5408 tandem
1473 5357 1735 5426 prudenti
1766 5360 1882 5414 viro
1907 5378 2049 5416 con-
2130 5378 2161 5415 a
2191 5379 2411 5418 summo
2443 5365 2641 5436 Opiﬁce
2672 5364 2806 5430 Deo,
2854 5370 2919 5419 ut
2946 5364 3092 5420 sicut
3118 5382 3222 5437 per
3249 5372 3493 5437 quatuor
3516 5363 3713 5437 jugiter

447 5441 615 5498 cessit
644 5440 841 5498 otium.
872 5439 1029 5497 Adeo
1062 5445 1128 5496 ut
1154 5441 1295 5497 nihil
1321 5442 1403 5498 illi
1428 5445 1786 5521 profecerim,
1817 5449 1913 5521 qui
1934 5467 2049 5506 mo-
2129 5452 2310 5508 currit
2335 5458 2594 5526 tempora
2622 5453 2925 5523 :itatenus,
2951 5460 3195 5527 quatuor
3213 5455 3340 5512 istis
3369 5455 3568 5512 divinis
3594 5449 3709 5508 irri-
