3888 6172
201 221 306 276 6ίῦ

931 220 1309 275 EXPOSITIO
1349 221 1425 273 1N
1468 217 1923 299 .VIATTihEUM.
1952 248 2008 256 —
2046 218 2183 272 LIB.
2231 219 2324 280 IX,
2362 218 2518 275 CAP.
2565 220 2708 272 XIX.

3377 226 3479 282 646

196 352 366 417 getur
394 345 657 400 fontibus.
694 344 840 414 Quia
862 361 1008 399 unus
1039 345 1099 398 in
1129 349 1371 415 quatuor
1401 361 1459 398 se
1486 344 1684 397 dividit
1712 360 1799 397 ca-
1816 346 1863 403 Α
1882 342 2179 413 plectendi,
2219 359 2288 395 ne
2318 342 2432 396 ulla
2470 343 2817 414 imperfectio
2850 345 2908 401 in
2936 363 3169 419 corpore
3196 350 3478 422 Evangelii

197 436 336 507 pita,
383 441 443 489 et
490 435 675 488 ﬂuunt
715 451 783 488 ex
835 434 1092 505 paradiso
1134 433 1232 487 Dei
1271 434 1527 495 viventis,
1561 449 1799 503 quorum

195 523 474 578 imbribus
512 523 666 577 verbi
696 522 905 578 Christi
933 522 1202 593 irrigatur
1225 522 1493 582 Ecclesia.
1531 528 1595 575 ut
1633 526 1801 592 queat

196 612 599 668 universaliter
622 612 848 666 dilatari
883 610 986 666 sub
1034 612 1210 683 ipsius
1237 611 1542 665 materialis
1578 610 1799 664 numeri

196 705 576 757 sacramento.
627 702 697 755 Et
743 701 869 755 ideo
910 706 1152 772 quatuor
1184 700 1471 771 eliguntur
1498 699 1755 769 discipuli
1784 717 1795 765 ;

198 791 309 845 duo
335 791 601 844 videlicet
629 790 726 860 qui
756 789 1058 845 Dominum
1089 794 1221 844 sunt
1255 788 1451 855 secuti,
1492 794 1549 842 et
1577 788 1686 842 duo
1713 787 1808 859 qui

197 880 471 952 apostolis
514 878 946 952 praedicantibus
982 878 1372 945 crediderunt;
1422 883 1484 931 ut
1534 877 1689 931 nulla
1734 876 1810 931 sit

197 969 520 1023 differentia
548 968 699 1023 inter
721 964 846 1022 illos
876 968 946 1022 ad
964 967 1376 1039 praedicandum
1407 966 1503 1037 qui
1523 959 1799 1031 viderunt,

199 1064 258 1113 et
298 1057 400 1130 qui
440 1074 556 1112 non
599 1058 860 1112 viderunt
886 1056 1206 1123 Dominum,
1257 1055 1305 1110 si
1353 1062 1502 1110 recte
1548 1055 1796 1109 credant.

198 1147 610 1201 Verumtamen
632 1145 966 1217 quarendus
987 1150 1071 1199 est
1087 1145 1223 1198 ordo
1239 1161 1455 1211 eorum,
1475 1160 1574 1198 cur
1588 1143 1807 1198 Marcus

200 1244 259 1291 et
275 1237 479 1302 Lucas,
504 1236 599 1307 qui
629 1252 741 1289 non
766 1234 836 1288 ab
855 1235 976 1305 ipso
1001 1233 1239 1288 Domino
1264 1234 1599 1295 didicerunt,
1627 1250 1807 1304 neque

199 1324 257 1379 in
289 1341 531 1379 numero
561 1328 1041 1378 connumerantur
1080 1323 1461 1394 apostolorum
1510 1321 1678 1375 medii
1708 1338 1809 1393 po-

199 1421 439 1483 nuntur,
467 1421 736 1485 tanquam
772 1412 988 1467 duobus
1013 1413 1199 1467 vallati
1216 1412 1494 1484 postibus;
1522 1413 1810 1468 Matthzeus

200 1521 333 1558 vero
361 1509 423 1558 et
446 1505 712 1569 Joannes,
753 1503 884 1557 hinc
912 1502 1043 1556 inde
1075 1502 1333 1567 extremi,
1372 1501 1467 1572 qui
1505 1500 1809 1556 Dominum

200 1599 337 1649 sunt
352 1592 658 1663 secuti,qui
671 1593 793 1662 ejus
816 1590 1085 1645 miracula
1106 1590 1383 1655 viderunt,
1409 1607 1547 1661 quos
1569 1591 1688 1663 ipse
1709 1608 1809 1646 suo

1882 431 2154 485 videatur.
2175 431 2279 485 Sed
2304 431 2612 486 sitinitium
2645 428 3078 491 salutis‘nostrae
3099 439 3354 495 Christus
3382 442 3478 497 ho~

1883 537 2006 585 mo;
2040 520 2168 574 ﬁnis
2197 527 2385 574 autem
2417 520 2535 592 ipse
2568 523 2714 576 Deus
2734 528 2791 577 et
2821 525 3004 580 homo.
3032 528 3103 581 Ut
3134 528 3190 582 id
3222 526 3297 583 sit
3324 531 3481 601 prin-

1882 608 2109 679 cipium,
2136 610 2282 680 quod
2315 610 2461 673 ﬁnis,
2487 618 2543 663 et
2570 611 2696 665 ﬁnis
2718 613 2866 683 quod
2895 615 3252 687 principium,
3276 618 3380 672 hoc
3401 625 3487 675 est

1884 718 1915 749 α
1943 703 2000 751 et
2031 720 2092 750 ω.
2126 699 2348 753 Interea
2376 699 2505 753 licet
2533 700 2760 770 quidam
2804 702 2968 757 aliter
3007 706 3246 761 voluerit
3270 724 3364 762 eos
3393 725 3486 763 or-

1890 786 2102 851 dinare,
2129 788 2334 842 rectius
2363 792 2552 843 tamen
2574 790 2653 844 sic
2679 791 2844 861 positi
2874 798 3024 857 sunt,
3050 801 3113 848 ut
3131 794 3213 849 illi
3253 800 3487 853 extremi

1890 881 2189 946 ponantur,
2226 894 2464 947 quorum
2496 884 2581 932 est
2600 881 2947 950 apostolatus
2975 883 3178 953 gratia.
3201 886 3354 940 etilli
3376 904 3489 943 me-

1889 964 1966 1018 dii
1996 966 2091 1036 qui
2121 965 2352 1020 mineris
2380 972 2511 1021 sunt
2541 968 2771 1033 ordinis,
2806 975 2863 1024 et
2896 970 2965 1024 ab
3008 972 3245 1027 homine
3276 974 3488 1031 didice-

1886 1060 2035 1117 runt,
2061 1055 2209 1125 quod
2238 1054 2530 1125 probatum
2564 1062 2649 1111 est
2664 1064 2720 1112 et
2748 1061 3138 1116 confirmatum
3169 1063 3237 1117 ab
3268 1071 3494 1135 aposto-

1891 1143 1976 1197 lis.
2016 1142 2249 1197 Idcirco.
2293 1149 2355 1197 ut
2394 1161 2519 1199 vere
2558 1146 2754 1211 fatear,
2786 1149 2936 1217 jure.
2979 1151 3151 1205 medii
3201 1160 3491 1222 ponuntur

1888 1237 2158 1303 tanquam
2189 1233 2306 1297 ﬁlii,
2341 1238 2402 1287 ut
2430 1234 2544 1287 sint
2573 1235 2700 1289 hinc
2721 1236 2849 1290 inde
2876 1239 3081 1306 vallati,
3116 1248 3327 1311 quanto
3357 1250 3491 1299 sunt

1890 1321 2167 1375 ﬁrmiores
2199 1322 2267 1388 (si
2314 1322 2422 1376 dici
2464 1322 2547 1377 fas
2577 1328 2677 1387 est)
2710 1325 2820 1379 duo
2851 1329 3102 1382 extremi.
3150 1330 3294 1394 Quia
3341 1333 3490 1403 quod

1893 1416 2026 1464 sunt
2050 1411 2161 1464 duo
2191 1412 2445 1477 extremi,
2478 1411 2532 1466 in
2566 1413 2765 1479 ofﬁcio,
2799 1414 2856 1468 in
2892 1416 3108 1471 unitate
3147 1418 3299 1472 verbi
3349 1423 3405 1472 et
3433 1419 3492 1473 in

1893 1499 2044 1553 omni
2075 1499 2470 1570 praedicatione
2491 1502 2668 1555 sancti
2704 1507 2886 1569 382
2913 1505 3216 1575 Evangelii,
3236 1506 3339 1560 hoc
3362 1512 3496 1561 sunt

1893 1593 1950 1642 et
1978 1588 2088 1643 duo
2118 1589 2307 1654 medii,
2343 1595 2406 1644 ut
2436 1606 2534 1661 per
2566 1595 2747 1645 totum
2790 1593 3128 1663 quadratum
3164 1594 3353 1649 orbem
3386 1596 3496 1649 ista

200 1682 450 1738 erudivit
477 1681 820 1752 magisterio,
854 1680 1099 1734 instituit
1118 1679 1445 1751 disciplinis,
1480 1680 1813 1734 monstravit
1832 1666 1876 1726 Β
1895 1677 2174 1731 discurrat
2205 1677 2513 1733 durabilior
2540 1680 2696 1746 coelo,
2732 1682 3007 1753 quadriga
3029 1683 3200 1751 verbi,
3223 1688 3281 1738 et
3308 1683 3496 1738 unitas

200 1772 497 1843 exemplis,
526 1787 752 1841 suaeque
779 1768 1133 1824 conﬁrmavit
1158 1768 1583 1822 resurrectionis
1607 1768 1805 1839 gloria.

203 1861 433 1932 Reliqui
458 1876 590 1915 vero
612 1859 723 1913 duo
745 1864 937 1930 postea
952 1857 1285 1921 didicerunt,
1295 1862 1352 1911 et
1368 1858 1806 1928 compleverunt,

205 1951 359 2021 quod
392 1949 559 2004 multi
588 1948 773 2003 conati
803 1952 968 2014 sunt;
1002 1963 1140 2018 quos
1170 1946 1413 2018 Spiritus
1442 1952 1669 2001 sanctus
1700 1964 1814 2001 me-

201 2040 328 2094 dios
358 2038 552 2111 posuit
571 2038 720 2092 inter
749 2036 890 2091 duos
923 2035 1174 2101 eximios,
1212 2040 1480 2107 tanquam
1523 2036 1665 2090 ﬁlios
1694 2052 1815 2090 am-

1892 1767 2317 1821 eommendetur
2344 1784 2537 1822 eorum
2569 1770 2821 1824 omnium
2851 1771 2945 1842 qui
2993 1778 3123 1827 ante
3152 1774 3493 1844 passionem,

1894 1860 1993 1910 aut
2033 1861 2160 1926 post
2198 1856 2535 1926 passionem,
2573 1858 2631 1912 in
2673 1860 2970 1929 Evangelio
3017 1861 3396 1929 crediderunt,
3442 1866 3500 1916 et

1897 1945 2197 2000 Dominum
2228 1952 2359 2000 sunt
2388 1947 2581 2014 secuti,
2621 1947 2678 2002 in
2704 1949 3097 2019 praedicatione
3123 1951 3292 2006 verbi.

1523 2352 1814 2426 LIBER
1867 2350 2221 2426 NONUS.

285 2586 446 2654 (CAP.
466 2585 636 2653 XIX.)
654 2584 791 2640 Cum
820 2589 1246 2639 consummasset
1269 2600 1394 2651 ergo
1423 2586 1576 2637 Jesus
1613 2599 1821 2637 sermo-

212 2692 306 2729 nes
337 2678 491 2739 istos,
523 2676 787 2741 migravit
815 2690 850 2726 a
879 2673 1186 2734 Galitaramt
1216 2675 1361 2726 venit
1386 2675 1447 2725 in
1471 2675 1605 2739 ﬁnes
1624 2673 1822 2726 Judzeae

209 2771 376 2817 trans
395 2765 719 2827 Jordanem,
742 2769 790 2816 et
816 2767 1007 2816 secutae
1034 2768 1164 2816 sunt
1188 2778 1309 2815 eum
1346 2764 1517 2815 turbis
1540 2766 1743 2826 multa,
1771 2766 1819 2814 et

208 2856 436 2907 curarit
467 2868 570 2906 eos.
608 2851 854 2922 Reliquit
887 2850 1325 2921 benignissimus
1353 2850 1629 2904 Dominus
1664 2849 1818 2903 Gali-

208 2942 397 3006 laeam,
453 2940 714 2994 videlicet
758 2940 996 3011 patriam
1045 2956 1226 3005 suam,
1284 2944 1340 2993 et
1375 2938 1527 2992 venit
1574 2939 1631 2992 in
1679 2940 1819 2993 ﬁnes

1903 2600 2117 2651 cunque
2143 2600 2207 2637 ex
2234 2589 2445 2637 causa?
2489 2583 2695 2638 Misera
2728 2583 3137 2641 Pharisaeorum
3184 2588 3403 2642 caecitas
3444 2592 3502 2642 et

1911 2677 2093 2738 θεδει
2122 2672 2330 2726 duritia
2359 2673 2561 2727 cordis.
2598 2673 2798 2728 Turba:
2845 2682 3160 2746 sequuntur
3185 2693 3313 2731 eum
3340 2676 3501 2748 quasi

1902 2760 1973 2815 ad
2021 2762 2402 2816 testimonium
2445 2762 2709 2817 salutaris
2751 2764 3017 2818 doctrina;
3063 2766 3204 2835 ejus,
3256 2770 3313 2819 et
3342 2764 3503 2835 quasi

1903 2866 2031 2905 oves
2058 2856 2338 2922 pastorem
2367 2868 2529 2922 quem
2558 2852 2926 2919 deducebant,
2962 2854 3120 2925 quasi
3155 2853 3372 2926 parvuli
3403 2853 3503 2907 ﬁlii

1902 2939 2056 3011 pium
2103 2947 2340 3012 patrem,
2392 2957 2627 3011 peregre
2668 2957 2767 2995 seu
2806 2942 2969 3012 longe
3009 2941 3452 3012 proﬁciscentem
3486 2960 3498 2994 :

208 3029 447 3094 Iudam,
485 3028 849 3100 quasijustus
868 3028 1138 3083 Dominus
1162 3027 1550 3098 omnium,qui
1589 3026 1669 3081 sic
1697 3024 1877 3084 dili-C
1901 3037 1958 3085 et
1985 3030 2097 3096 isti,
2132 3047 2258 3083 mox
2303 3035 2364 3083 ut
2404 3030 2474 3083 ad
2523 3046 2617 3083 eos
2660 3030 2908 3095 accessit,
2955 3036 3178 3085 tentant
3221 3048 3349 3086 eum
3395 3032 3507 3086 cal-

207 3119 295 3190 git
316 3119 659 3173 domesticos
687 3135 836 3183 suos,
886 3123 951 3172 ut
987 3116 1126 3171 alios
1171 3133 1283 3170 non
1326 3116 1636 3187 relinquat;
1690 3116 1821 3186 quia

211 3208 360 3261 sicut
378 3224 577 3261 omnes
596 3207 677 3261 illi
697 3206 903 3262 debent
923 3206 1089 3260 ﬁdem
1113 3222 1356 3272 servare,
1383 3210 1555 3276 atque
1582 3205 1819 3274 gloriam

212 3296 546 3367 impendere
588 3296 750 3367 quasi
793 3294 1032 3349 Domino
1065 3312 1075 3347 :
1112 3294 1190 3349 sic
1230 3294 1324 3348 ille
1364 3293 1624 3348 omnibus
1655 3293 1823 3348 debet

210 3384 538 3451 subvenire,
568 3389 626 3438 et
653 3383 1094 3438 misericordiam
1132 3389 1417 3454 praestare,
1436 3383 1597 3455 quasi
1626 3382 1818 3449 servis,

212 3490 284 3529 ne
312 3489 551 3544 semper
574 3489 700 3527 eum
727 3473 889 3542 juxta
917 3471 1330 3526 humanitatem
1345 3488 1496 3526 unus
1524 3477 1715 3525 teneat
1738 3471 1821 3525 lo-

212 3580 333 3618 cus.
357 3562 477 3618 Sed
500 3578 611 3616 non
632 3561 789 3633 prius
811 3560 1040 3632 reliquit
1053 3561 1331 3625 Galilaeos,
1356 3577 1523 3632 quam
1558 3577 1821 3615 consum-

213 3658 433 3707 masset
478 3667 769 3705 sermones
814 3650 980 3714 istos;
1017 3649 1072 3703 id
1113 3655 1198 3704 est
1265 3650 1442 3704 donec
1479 3649 1669 3703 omnia
1698 3665 1820 3721 quae

212 3746 597 3813 preposuerat
623 3756 810 3794 coram
843 3738 944 3805 eis,
977 3738 1047 3793 ad
1076 3738 1377 3809 perfectam
1408 3737 1822 3793 conclusionem

214 3831 371 3902 pacis
401 3835 461 3884 et
494 3828 801 3883 concordiae
831 3828 1180 3899 perduceret.
1209 3828 1409 3900 Sicque
1436 3826 1661 3882 venitin
1684 3828 1823 3882 ﬁnes

214 3920 424 3975 Iudaeae
453 3923 619 3973 trans
644 3917 965 3983 Jordanem,
998 3916 1095 3971 ubi
1114 3916 1455 3988 baptismum
1474 3916 1714 3971 dabatur
1727 3917 1824 3970 ho-

215 4010 491 4064 minibus.
525 4008 596 4062 Et
621 4007 856 4061 forsitan
899 4006 1104 4061 dicitur
1132 4007 1202 4061 de
1232 4006 1412 4060 turbis
1437 4006 1821 4077 sequentibus,

216 4100 285 4154 Et
323 4101 556 4152 sanavit
596 4113 679 4150 eos
732 4098 813 4150 ibi
829 4115 844 4160 ;
887 4096 1021 4167 quia
1048 4096 1118 4149 ad
1148 4095 1253 4149 hoc
1281 4095 1614 4166 provocabat
1642 4111 1737 4150 eos
1768 4100 1832 4149 ut

1901 3120 2033 3184 lide,
2058 3124 2114 3173 et
2133 3119 2292 3190 quasi
2313 3123 2547 3172 cornuto
2577 3135 2703 3173 eum
2726 3126 3005 3190 appetunt
3027 3119 3157 3174 hinc
3185 3120 3312 3175 inde
3340 3121 3507 3192 syllo-

1900 3209 2099 3280 gismo,
2132 3213 2195 3262 ut
2230 3207 2601 3278 quodcunque
2631 3209 3014 3280 responderet,
3044 3209 3301 3281 captione
3316 3216 3506 3265 tenea-

1905 3303 2016 3351 tur.
2048 3296 2157 3351 Sed
2188 3294 2449 3365 egregius
2483 3295 2744 3366 Magister
2773 3297 2853 3350 sic
2882 3297 3073 3351 omnia
3102 3297 3408 3369 dispensat,
3442 3304 3506 3354 ut

1903 3384 2009 3457 ipsi
2036 3384 2441 3438 inexcusabiles
2489 3384 2645 3449 sint,
2677 3389 2735 3438 et
2772 3385 2891 3456 ipse
2932 3386 2989 3439 in
3039 3386 3192 3441 nullo
3222 3391 3502 3442 teneatur.

1903 3473 2062 3529 Unde
2091 3474 2336 3544 primum
2366 3473 2580 3526 sanatis
2609 3472 2811 3539 turbis,
2844 3474 3109 3529 continuo
3151 3475 3365 3530 dimisit
3388 3492 3500 3542 eos,

1905 3563 2038 3635 quia
2066 3561 2250 3633 parati
2280 3567 2443 3615 erant
2487 3563 2646 3631 sequi
2688 3579 2815 3616 eum
2864 3562 2921 3616 in
2968 3565 3108 3617 ﬁnes
3143 3564 3386 3631 Iudaeae;
3435 3582 3507 3619 ne

1903 3652 2045 3706 forte
2091 3652 2435 3704 detractores
2483 3649 2612 3703 CIBCi
2650 3650 2916 3704 Phariszei
2958 3651 3209 3705 dicerent
3254 3652 3403 3723 quod
3433 3654 3506 3708 ad

1902 3740 2301 3811 divulgandam
2335 3738 2612 3810 opinionis
2641 3754 2754 3793 suae
2792 3737 3019 3806 famam,
3061 3745 3118 3793 et
3145 3741 3216 3793 ad
3245 3740 3505 3796 testimo-

1904 3830 2060 3885 nium
2111 3828 2383 3881 virtutum
2428 3843 2695 3892 suarum,
2738 3844 2908 3881 causa
2957 3828 3263 3898 jactantiae,
3312 3846 3506 3885 secum

1905 3919 2046 3974 hanc
2092 3917 2269 3971 trahit
2311 3916 2751 3980 multitudinem,
2803 3933 2943 3988 quos
2987 3915 3221 3970 curavit.
3269 3916 3337 3971 Et
3377 3916 3505 3972 ideo

1908 4025 2034 4062 mox
2064 4012 2287 4061 sanatos
2316 4005 2533 4059 dimisit
2562 4022 2674 4059 eos.
2722 4005 2934 4059 Deinde
2974 4005 3052 4060 sic
3093 4011 3373 4078 temperat
3414 4022 3506 4060 re-

1911 4097 2267 4169 sponsionem
2287 4100 2421 4149 utet
2441 4094 2521 4148 illi
2541 4111 2746 4165 negare
2768 4111 2881 4149 non
2904 4095 3117 4167 possint
3138 4113 3260 4167 quae
3280 4112 3510 4168 respon-

215 4192 589 4244 sanarentur.
630 4185 906 4250 Quoniam
945 4201 1111 4239 nemo
1148 4186 1389 4256 perfecte
1436 4192 1686 4252 sanatur,
1719 4184 1831 4239 nisi
1911 4187 2010 4252 dit,
2026 4192 2084 4240 et
2102 4185 2160 4239 in
2180 4185 2333 4239 nullo
2355 4201 2483 4238 eum
2508 4189 2699 4238 tenere
2718 4189 2776 4239 et
2791 4184 3070 4239 involvere
3094 4185 3313 4256 laqueo,
3340 4202 3508 4257 quem

216 4284 461 4333 renatus
508 4274 684 4330 fuerit
726 4274 1004 4346 baptismo
1033 4275 1260 4342 Christi,
1294 4274 1442 4345 quod
1488 4274 1549 4328 in
1586 4274 1831 4328 Jordane
1912 4279 2199 4348 pararant.
2226 4274 2369 4338 Quia
2390 4273 2437 4328 si
2466 4273 2696 4328 dixisset
2724 4274 2872 4345 quod
2894 4274 3083 4329 liceret
3103 4291 3336 4329 uxorem
3367 4291 3508 4347 qua-

214 4369 655 4439 praeﬁguntur;
688 4364 784 4435 qui
821 4369 908 4418 est
954 4380 1019 4418 ex
1066 4362 1283 4418 duobus
1319 4363 1584 4428 fontibus,
1632 4358 2052 4419 secun-Dlibet
2076 4382 2140 4418 ex
2170 4380 2341 4418 causa
2368 4362 2669 4427 dimittere,
2706 4364 2988 4435 pudicitia;
3036 4364 3368 4435 praedicator
3398 4364 3509 4418 Do-

216 4458 360 4511 dum
422 4453 761 4525 mysterium
813 4453 1022 4511 Christi
1069 4453 1325 4507 conditus
1372 4460 1436 4508 ut
1482 4453 1832 4507 demonstret

217 4545 496 4601 eumdem
543 4543 828 4598 Christum
876 4542 1180 4597 Dominum
1227 4546 1482 4596 nostrum
1520 4559 1586 4596 ex
1614 4541 1831 4597 duabus

217 4633 586 4700 substantiis,
627 4632 788 4704 quasi
839 4647 903 4686 ex
935 4630 1153 4686 duobus
1199 4630 1447 4686 fontibus
1483 4631 1826 4702 copulatum,

218 4722 557 4780 Divinitatis
587 4721 816 4789 scilicet,
846 4725 1017 4792 atque
1033 4720 1402 4775 humanitatis
1456 4720 1656 4790 Sicque
1685 4737 1830 4775 unus

216 4814 412 4869 factus
440 4817 532 4866 est
555 4810 832 4875 Christus,
854 4826 1021 4881 quem
1042 4814 1244 4864 secutae
1273 4814 1406 4864 sunt
1427 4808 1625 4877 turbae,
1656 4815 1713 4863 et
1740 4826 1831 4863 sa-

212 4903 383 4957 navit
403 4917 503 4955 eos
525 4902 738 4954 om'nes.
759 4900 862 4955 Sed
881 4899 1046 4953 aliter
1058 4899 1234 4954 secuti
1254 4904 1389 4954 sunt
1408 4915 1533 4953 eum
1556 4899 1827 4970 Apostoli,

214 4992 395 5046 aliter
422 4990 627 5043 turbae.
670 4988 759 5043 Sic
794 4994 850 5042 et
895 4988 1082 5053 hodie,
1127 4988 1293 5042 aliter
1336 4993 1652 5059 sequuntur
1679 5004 1828 5054 eum,

215 5081 325 5153 qui
356 5083 594 5150 propter
622 5094 750 5132 eum
781 5077 964 5149 ipsum
1006 5084 1064 5131 et
1113 5083 1342 5148 propter
1366 5077 1536 5131 vitam
1569 5082 1836 5131 aeternam

213 5174 570 5241 sequuntur,
621 5167 784 5220 aliter
834 5166 929 5237 qui
974 5173 1202 5238 propter
1246 5166 1398 5220 aliud
1434 5166 1665 5238 aliquid,
1708 5183 1837 5220 eum

214 5265 555 5330 sequuntur
581 5256 652 5310 ad
680 5246 932 5327 tempus;
955 5256 1124 5310 etiam
1160 5272 1335 5326 usque
1359 5255 1429 5309 ad
1464 5257 1603 5309 ﬁnes
1632 5255 1836 5310 Iudaeae

209 5354 393 5403 trans
417 5346 722 5401 Jordanem
755 5352 821 5399 ut
849 5350 1217 5400 renascantur
1263 5344 1414 5399 fonte
1459 5344 1832 5416 baptismatis.

208 5439 288 5494 Et
321 5440 670 5491 accesserunt
716 5436 791 5489 ad
842 5450 967 5489 eum
1004 5434 1270 5489 Pharz'sm'
1305 5439 1572 5489 tentantes
1611 5450 1756 5503 eum,
1788 5439 1837 5488 et

208 5531 490 5595 dicentes,
503 5529 554 5580 si
571 5527 696 5580 licet
715 5525 935 5580 homini
959 5525 1240 5580 dimittere
1269 5541 1493 5581 uxorem
1522 5540 1679 5580 suam
1703 5538 1835 5595 qua-

1912 4454 2099 4509 minus
2143 4453 2427 4507 videretur
2453 4452 2558 4507 sibi
2598 4454 2795 4508 docere
2832 4453 3138 4510 contraria.
3179 4454 3275 4508 Sin
3318 4457 3511 4507 autem

1912 4533 2312 4615 respondisset,
2345 4561 2457 4598 non
2486 4543 2637 4598 omni
2666 4560 2733 4597 ex
2753 4559 2922 4597 causa
2950 4560 3073 4597 eam
3104 4542 3307 4597 debere
3326 4542 3512 4597 dimit-

1912 4632 1976 4700 ti,
2005 4632 2164 4703 quasi
2193 4633 2474 4703 sacrilegii
2503 4650 2631 4687 reus
2659 4637 2964 4697 teneretur,
2980 4649 3045 4686 eo
3066 4632 3213 4703 quod
3242 4632 3510 4687 adversus

1913 4722 2144 4794 Moysen
2174 4720 2415 4788 diceret;
2470 4739 2536 4776 ac
2584 4724 2803 4793 Moysen
2843 4725 3040 4775 contra
3076 4722 3257 4775 Deum
3304 4720 3510 4776 dixisse

1913 4809 2054 4864 forte
2074 4810 2531 4865 calumniaretur.
2556 4811 2751 4881 Neque
2776 4810 2926 4865 enim
2953 4809 3166 4882 seipsos
3183 4810 3505 4883 respiciunt,

1916 4917 2084 4971 quam
2113 4900 2468 4971 impudenter
2486 4899 2834 4971 interrogent
2856 4916 2983 4954 cum
2995 4899 3206 4954 nullam
3221 4898 3514 4970 assignant

1916 5006 2162 5055 causam,
2196 5007 2266 5043 ne
2292 4989 2502 5060 seipsos
2523 4989 2666 5042 intra
2691 4988 2979 5059 angustias
3006 4993 3288 5043 certarum
3319 5004 3511 5042 causa-

1919 5096 2042 5133 rum
2081 5079 2551 5147 constringerent,
2583 5078 2681 5131 sed
2711 5062 2871 5132 aiunt
2907 5095 2970 5132 ex
3013 5080 3269 5132 omnibus
3307 5078 3508 5144 causis,

1919 5169 1967 5223 si
2000 5185 2066 5223 ex
2098 5184 2209 5223 una
2236 5166 2485 5238 qualibet
2512 5184 2727 5235 earum,
2761 5167 2892 5238 quia
2929 5168 3155 5221 modum
3185 5166 3365 5220 nescit
3392 5164 3515 5220 libi-

1918 5258 2010 5324 do,
2041 5257 2380 5312 dimittenda
2416 5257 2490 5311 sit
2518 5256 2703 5311 uxor?
2746 5274 2958 5329 suaque
2986 5256 3426 5329 interrogatione
3452 5273 3513 5312 se

1917 5346 2161 5418 primum
2203 5345 2397 5415 ligant,
2451 5351 2508 5400 et
2549 5345 2834 5400 adulteros
2880 5363 2939 5400 se
2981 5346 3336 5402 convincunt.
3370 5345 3515 5411 Quia

1917 5435 2013 5491 ubi
2040 5435 2129 5490 lex
2157 5434 2226 5489 de
2251 5434 2513 5489 solvendo
2544 5434 2902 5490 matrimonio
2948 5436 3273 5508 requiritur,
3302 5438 3423 5507 jam
3449 5418 3514 5488 ex

1918 5525 2044 5581 odio
2074 5524 2278 5599 prioris
2314 5524 2615 5581 divortium
2665 5524 2886 5599 quaerit,
2921 5531 2978 5580 et
3019 5525 3191 5582 libido
3232 5521 3514 5597 sequentis
