3888 6172
428 311 533 371 667

1201 300 1258 354 3.
1301 297 1679 353 PASCHASII
1717 292 2078 352 RADBERTI
2114 293 2418 349 ABBATIS
2457 294 2948 350 CORBEIENSIS.

3591 294 3671 351 648
3724 340 3737 347 -

428 436 766 496 adulterium
814 430 981 503 parit.
1029 427 1189 483 Unde
1236 425 1338 487 vir,
1373 428 1473 478 aut
1502 439 1659 487 uxor,
1708 422 1843 475 dum
1890 418 2329 482 taliaAdixeris,
2367 418 2499 489 quia
2522 426 2617 473 tua
2644 424 2749 481 est,
2782 420 2907 474 vide
2930 435 3001 474 ne
3020 420 3339 485 mentiaris;
3368 435 3437 475 eo
3465 420 3600 491 quod
3624 438 3675 475 ex

427 527 753 587 meditatur,
787 526 844 574 et
872 516 1074 590 quaerit
1100 530 1432 587 quacunque
1461 529 1526 566 ex
1553 528 1722 565 causa
1750 510 2025 564 resolvere

429 614 577 687 quod
604 613 753 666 Deus
782 606 1087 678 conjunxit,
1137 604 1184 658 si
1217 604 1298 657 vir
1326 601 1513 656 fuerit.
1547 600 1783 654 lascivus
1832 603 1934 659 est,
1971 602 2029 651 et

425 685 648 759 adulter
669 701 790 771 jam
818 698 874 751 in
908 696 1093 751 corde.
1127 694 1185 748 Si
1214 708 1341 746 vero
1374 690 1593 755 mulier,
1627 687 1887 742 meretrix
1915 685 2028 739 uti-

428 809 537 865 que
548 788 962 860 comprobatur.
984 786 1050 839 Et
1065 783 1189 837 ideo
1210 797 1378 853 quam
1403 779 1540 833 bene
1562 778 1832 833 Dominus
1852 776 2031 865 Scrip-

427 864 614 936 turam
636 893 849 933 sacram
881 872 1109 929 adducit
1141 871 1198 925 in
1223 868 1629 929 testimonium,
1649 872 1707 920 et
1727 882 1837 919 non
1859 864 2027 918 aliam

427 986 596 1043 quam
630 968 748 1039 ipse
778 966 997 1036 Moyses
1024 960 1447 1032 conscripserat,
1485 963 1548 1011 ut
1590 955 1913 1043 decipulum
1934 969 2029 1007 eo-

426 1042 556 1115 rum
587 1058 793 1111 illaesus
811 1058 1082 1117 transeat,
1115 1056 1171 1105 et
1191 1048 1417 1103 eosdem
1439 1046 1557 1101 suis
1572 1044 1764 1115 alliget
1784 1042 2025 1105 lunibus,

429 1154 487 1204 et
512 1146 805 1204 convincat
825 1143 895 1197 ab
923 1141 1082 1196 initio
1113 1156 1225 1193 non
1254 1137 1333 1191 sic
1354 1136 1543 1197 fuisse,
1578 1133 1912 1188 auctoritate
1942 1131 2031 1185 di-

427 1240 584 1296 vina.
623 1238 744 1293 Non
776 1236 1000 1303 legistis,
1031 1229 1234 1300 inquit,
1268 1228 1402 1296 quia
1445 1228 1545 1294 qui
1577 1226 1705 1292 fecit
1744 1225 1814 1277 ab
1842 1225 2026 1283 initio,

430 1330 744 1385 masculum
766 1328 813 1378 et
833 1324 1105 1390 feminam
1127 1320 1253 1385 fecit
1285 1332 1367 1369 eos
1388 1320 1411 1367 ?
1437 1319 1486 1368 et
1506 1314 1669 1377 dixit,
1695 1314 1920 1380 Propter
1936 1312 2032 1364 hoc

430 1420 672 1474 dimittet
702 1414 859 1467 homo
882 1414 1099 1478 patrem
1138 1410 1185 1460 et
1217 1408 1533 1469 matrem,et
1553 1402 1845 1457 adharebit
1868 1401 2033 1453 uxori

430 1523 559 1572 sua,
586 1510 631 1557 et
659 1500 945 1556 eruntduo
966 1501 1028 1550 in
1049 1511 1216 1553 carne
1234 1510 1368 1547 una.
1384 1491 1544 1556 Quod
1564 1507 1698 1545 sane
1723 1489 2029 1560 capitulum

430 1594 597 1649 aliter
619 1592 676 1645 in
708 1588 912 1644 Genesi
942 1584 1176 1640 habetur
1202 1601 1216 1652 ;
1250 1582 1382 1654 quia
1410 1582 1541 1645 illic,
1577 1585 1756 1645 ἐδ-ί
1780 1579 1827 1632 si
1852 1578 2030 1653 verbis

430 1682 585 1749 Adae,
601 1697 691 1735 res
711 1677 894 1734 omnis
916 1676 1156 1731 refertur
1176 1693 1187 1737 ;
1207 1674 1296 1727 hic
1321 1679 1509 1727 autem
1530 1670 1802 1726 Dominus
1824 1669 2035 1723 indicat

2107 524 2218 561 uno
2255 513 2439 573 385
2466 509 2665 571 Adam,
2692 526 2802 562 non
2821 509 2929 563 nisi
2949 526 3062 563 una
3088 520 3317 580 sumpta
3343 516 3451 573 est,
3470 517 3529 564 et
3543 510 3676 564 unius

2108 596 2362 667 conjugis
2390 597 2671 652 consortio
2702 604 3037 654 necteretur.
3081 599 3216 663 Quae
3261 599 3533 653 nimirum
3574 616 3677 653 con-

2104 686 2339 756 junctio,
2374 686 2506 757 quia
2535 687 2809 741 naturalis
2838 688 2926 742 lex
2956 693 3059 752 est,
3076 689 3317 759 primam
3349 688 3453 742 Dei
3484 694 3680 742 senten-

2110 775 2248 828 tiam
2281 775 2575 846 approbat.
2613 776 2883 831 Secundae
2903 794 3032 831 vero
3054 778 3412 849 nuptiae,non
3434 777 3506 831 ob
3525 778 3684 832 volun-

2112 869 2283 918 tatem
2320 865 2439 924 Dei,
2466 865 2563 918 sed
2592 866 2901 920 secundum
2935 867 3287 937 peccantium
3318 867 3685 922 necessitatem

2112 970 2387 1008 concessae
2418 958 2566 1007 sunt.
2593 954 2661 1008 Et
2691 954 2816 1008 ideo
2832 955 3078 1010 ostendit
3098 956 3373 1011 Dominus
3394 956 3487 1010 bis
3516 956 3684 1020 verbis,

2113 1042 2256 1113 quod
2298 1044 2542 1097 secunda
2580 1044 2841 1115 conjugis
2884 1044 3109 1100 vitanda
3155 1053 3307 1112 sunt,
3355 1063 3487 1101 cum
3529 1046 3607 1099 ait
3636 1046 3687 1099 de

2110 1131 2296 1186 libello
2324 1133 2564 1203 repudii,
2601 1135 2742 1201 Quia
2769 1135 2835 1186 ab
2864 1137 3027 1187 initio
3058 1152 3168 1189 non
3195 1137 3308 1203 fuit
3338 1138 3440 1189 sie.
3475 1135 3588 1190 Sed
3618 1135 3689 1205 qui

2110 1220 2241 1275 fecit
2266 1220 2337 1275 ab
2364 1222 2544 1281 initio.
2568 1223 2875 1276 masculum
2902 1223 3233 1278 etfeminam
3249 1224 3403 1279 fecit.
3427 1226 3690 1292 Propterea

2110 1314 2313 1387 inquit,
2333 1314 2605 1381 relinquet
2636 1312 2793 1366 homo
2816 1318 3032 1380 patrem
3053 1318 3102 1367 et
3123 1319 3384 1379 matrem,
3414 1318 3463 1367 et
3481 1313 3692 1367 adhere-

2113 1408 2189 1459 bit
2218 1405 2392 1458 uxori
2409 1418 2537 1467 suae,
2557 1407 2604 1455 et
2626 1407 2793 1454 erunt
2811 1402 2918 1454 duo
2933 1404 2994 1454 in
3015 1418 3185 1455 carne
3202 1419 3338 1457 una.
3358 1401 3471 1457 Ubi
3484 1418 3612 1455 cum
3630 1401 3691 1455 di-

2112 1494 2206 1558 cit,
2232 1496 2455 1562 propter
2472 1492 2585 1556 hoe,
2614 1505 2840 1544 causam
2864 1489 3130 1560 exprimit
3142 1496 3373 1561 pr0pter
3390 1490 3549 1561 quid.
3576 1490 3694 1555 Quia

2114 1601 2179 1637 ex
2207 1582 2325 1636 viro
2358 1585 2445 1635 est
2467 1595 2623 1646 uxor,
2657 1583 2716 1633 et
2743 1578 2876 1649 quia
2912 1595 2980 1633 ex
3007 1595 3119 1634 una
3160 1596 3330 1633 carne
3359 1587 3501 1634 sunt
3528 1580 3690 1635 ambo.

2114 1674 2269 1730 Licet
2295 1674 2417 1738 hoc,
2440 1674 2610 1743 juxta
2634 1672 2987 1742 Apostolum.
3008 1688 3275 1741 magnum
3304 1672 3381 1726 sit
3400 1689 3696 1728 sacramen-

432 1770 503 1829 ab
532 1787 599 1826 eo
630 1768 727 1841 qui
754 1766 1037 1822 hominem
1077 1763 1356 1836 ﬁguravit.
1388 1768 1445 1817 et
1470 1760 1763 1815 mulierem
1799 1759 1929 1812 fecit
1961 1758 2230 1825 deBtum
2260 1764 2317 1818 in
2349 1762 2571 1817 Christo
2600 1766 2659 1815 et
2678 1760 2737 1814 in
2769 1761 3032 1825 Ecclesia,
3064 1767 3257 1815 tamen
3281 1762 3597 1816 secundum
3624 1779 3696 1817 na-

433 1866 589 1917 costa
615 1858 739 1922 viri.
772 1856 962 1912 omnia
989 1855 1139 1909 dicta
1188 1853 1305 1907 haec
1336 1868 1475 1906 esse.
1525 1850 1682 1905 Unde
1728 1849 2032 1902 admonere
2113 1860 2299 1908 turam
2330 1852 2512 1906 carnis
2533 1851 2613 1905 ita
2642 1855 2744 1913 est,
2775 1856 2838 1904 ut
2866 1850 3075 1904 creatio
3104 1851 3289 1907 docet.
3323 1851 3393 1905 Et
3422 1852 3472 1905 si
3502 1852 3599 1905 alii
3624 1870 3696 1906 ve-

429 1948 620 2006 curavi
646 1948 943 2018 legentem,
981 1950 1045 1998 ut
1081 1943 1201 2013 ipse
1245 1958 1305 1996 se
1333 1940 1401 1994 de
1430 1940 1531 1993 hac
1561 1938 1867 2009 quaestione
1890 1954 1993 1992 con
2114 1944 2220 1997 lint
2239 1942 2442 2005 dicere,
2481 1940 2627 2011 quod
2650 1940 2831 2009 major
2854 1938 3075 1993 dilectio
3095 1939 3260 1994 debet
3288 1957 3412 1994 esse
3444 1942 3597 1995 inter
3615 1942 3698 1996 fra.

431 2040 586 2096 sulat
614 2043 672 2093 et
700 2040 915 2109 quaerat
944 2032 1244 2103 diligenter
1263 2029 1580 2099 ubicunque
1605 2028 1717 2081 tale
1746 2026 1952 2097 aliquid
1975 2026 2033 2079 in
2119 2038 2233 2085 tres
2263 2036 2320 2085 et
2357 2046 2597 2094 sorores,
2640 2028 2771 2099 quia
2816 2027 2983 2081 iidem
3018 2045 3082 2082 ex
3125 2028 3338 2083 eisdem
3391 2031 3697 2100 parentibus

430 2126 733 2200 Scripturis
759 2123 1042 2179 invenitur
1071 2120 1296 2175 divinis.
1342 2120 1456 2173 Nos
1486 2124 1677 2171 tamen
1707 2116 1775 2169 de
1804 2116 1910 2169 hac
1946 2132 2035 2180 re,
2125 2125 2351 2186 exeunt,
2382 2134 2529 2172 nunc
2558 2122 2747 2170 autem
2778 2116 3182 2186 interpretatur
3214 2117 3333 2186 jam
3366 2134 3433 2171 ex
3464 2119 3697 2186 diversis,

432 2215 706 2290 quidquid
730 2214 909 2268 Adam
941 2210 1214 2282 probatur
1241 2206 1464 2269 dixisse,
1502 2205 1559 2258 in
1590 2204 1884 2275 prophetia
1911 2220 2039 2258 vere
2123 2216 2181 2263 et
2206 2225 2317 2263 non
2343 2208 2489 2261 sicut
2516 2223 2581 2260 ex
2601 2205 2697 2259 illo
2716 2222 2830 2259 uno
2850 2204 3028 2258 Adam
3059 2205 3182 2259 fuit.
3200 2205 3307 2260 Ubi
3328 2223 3493 2277 rogo,
3528 2209 3696 2274 lector,

432 2305 645 2361 dictum
675 2297 1227 2372 accipimusEtideo
1259 2313 1356 2368 per
1376 2312 1507 2349 cum
1531 2293 1801 2365 quidquid
1826 2292 2036 2347 dictum
2120 2297 2447 2369 diligentius
2493 2295 2779 2367 paulisper
2820 2294 3097 2359 intendas,
3142 2295 3274 2366 quia
3312 2302 3370 2350 et
3411 2298 3701 2352 secundum

434 2399 538 2462 est,
572 2392 895 2453 Dominum.
922 2388 1018 2460 qui
1049 2387 1117 2441 de
1145 2388 1268 2456 eius
1298 2387 1472 2439 latere
1492 2400 1721 2438 uxorem
1754 2381 2031 2446 Ῡοΐωεονίῐς
2115 2389 2261 2445 hanc
2288 2386 2542 2458 copulam
2565 2383 2811 2454 conjugii
2830 2400 3097 2453 magnum
3120 2390 3205 2438 est
3228 2385 3402 2439 nimis
3435 2387 3698 2441 vinculum

434 2483 644 2538 dixisse
682 2479 912 2535 minime
940 2475 1282 2530 dubitamus.
1316 2472 1461 2537 Quia
1488 2472 1607 2543 ipse
1635 2469 1929 2525 aedificavit
1946 2486 2038 2523 co-

436 2580 603 2637 stam,
646 2585 814 2641 quam
839 2567 1049 2621 tulerat
1070 2564 1139 2618 de
1170 2563 1373 2622 Adam,
1410 2561 1467 2615 in
1500 2559 1793 2614 mulierem
1826 2558 2031 2630 ipsius;

434 2666 492 2717 et
520 2662 934 2715 sacramentum
976 2654 1227 2708 futurum
1270 2656 1392 2705 erat
1427 2650 1522 2721 qui
1562 2654 1698 2703 tunc
1726 2665 1827 2720 per
1853 2648 2033 2701 Adam

434 2751 494 2807 in
516 2747 781 2822 mysterio
801 2744 1136 2817 loquebatur
1174 2740 1332 2807 Quod
1355 2755 1693 2811 cognoscens
1712 2737 2029 2809 Apostolus,

435 2841 882 2902 Saeramentum,
916 2832 1118 2904 inquit,
1148 2832 1243 2885 hoc
1266 2846 1531 2897 magnum
1553 2832 1624 2881 est
1660 2831 1722 2881 in
1752 2828 1964 2882 Christo
1986 2831 2035 2880 et

438 2931 502 2983 in
538 2928 770 2983 Ecclesia
795 2925 999 2993 (Ephes.
1035 2938 1087 2984 v,
1122 2918 1243 2989 3'2);
1277 2918 1409 2990 quia
1436 2918 1556 2987 ipse
1594 2922 1679 2970 est
1717 2921 1884 2986 caput
1912 2932 2035 2970 cor-

2116 2476 2463 2548 nuptiarum,
2523 2479 2583 2527 et
2628 2472 2851 2544 pietatis
2890 2472 2945 2526 in
3002 2471 3226 2527 Christo
3272 2483 3695 2531 sacramentum.

2117 2566 2262 2631 Quia
2308 2564 2412 2619 etsi
2453 2563 2647 2617 dicunt
2684 2561 2753 2615 de
2792 2560 3059 2617 fratribus
3087 2579 3255 2622 nunc.
3307 2566 3459 2635 quod
3503 2582 3568 2619 ex
3604 2582 3700 2619 una

2116 2659 2418 2710 nascantur
2433 2669 2600 2706 carne
2623 2653 2741 2722 jam
2766 2650 2933 2714 facta,
2957 2655 3147 2705 tamen
3168 2652 3289 2723 ipsa
3310 2653 3501 2708 unitas
3524 2655 3704 2709 fortior

2117 2749 2201 2798 est
2222 2761 2256 2797 a
2279 2742 2552 2815 principio
2595 2741 2743 2796 facta
2784 2757 2915 2805 una,
2947 2758 3070 2811 quae
3110 2748 3317 2795 manet.
3348 2742 3496 2806 Quia
3525 2744 3705 2798 fortior

2117 2832 2396 2887 credenda
2425 2836 2510 2885 est
2531 2829 2631 2884 Dei
2652 2829 2978 2884 constitutio
3009 2829 3077 2882 ab
3098 2828 3258 2884 initio
3270 2847 3442 2901 quam
3459 2832 3704 2903 deinceps

2117 2921 2295 2975 virtus
2324 2921 2583 2974 humanae
2613 2924 2848 2972 naturae.
2882 2919 3007 2972 Non
3032 2919 3181 2972 enim
3201 2927 3485 2991 praecepta
3508 2921 3605 2975 Dei
3622 2938 3707 2976 na-

439 3016 610 3091 poriS,
652 3020 710 3070 et
744 3013 927 3068 omnis
958 3008 1205 3065 Ecclesia
1232 3023 1434 3078 corpus
1465 3012 1521 3059 et
1548 3004 1795 3059 membra
1817 3004 2030 3075 capitiS,
2064 3085 2095 3091 _
2116 3016 2258 3065 turae
2287 3009 2542 3079 subjecta
2563 3013 2713 3072 sunt,
2745 3008 2838 3061 sed
2864 3013 3066 3061 natura
3083 3009 3373 3079 praeceptis
3389 3009 3490 3064 Dei
3511 3010 3706 3064 obtem-

439 3085 504 3161 ac
533 3122 631 3177 per
654 3104 760 3158 hoc
790 3101 915 3155 facti
946 3105 1074 3154 sunt
1103 3098 1213 3151 duo
1238 3097 1295 3150 ίῐι
1312 3112 1478 3150 came
1507 3111 1639 3149 υηει-
1664 3094 2034 3165 Quapropter.
2055 3085 2097 3143 (ἶ
2121 3105 2278 3170 peret
2310 3115 2532 3153 necesse
2562 3103 2663 3152 est.
2686 3097 2751 3151 Et
2782 3096 2904 3149 ideo
2934 3096 2993 3150 in
3018 3097 3251 3167 singulis
3277 3098 3358 3152 ita
3387 3105 3473 3153 est
3502 3099 3707 3153 sicutet

438 3201 504 3250 ut
531 3193 662 3259 dixi,
695 3190 1004 3263 perpendat
1030 3184 1490 3256 diligentissimus
1510 3184 1685 3237 lector
1704 3182 1811 3235 vim
1844 3181 2038 3236 verbo-
2121 3187 2177 3240 in
2203 3187 2413 3251 tribus;
2455 3187 2550 3258 qui
2578 3186 2709 3240 licet
2739 3202 2803 3239 ex
2832 3201 2945 3238 uno
2982 3193 3291 3240 nascuntur
3314 3189 3595 3259 conjugio,
3635 3196 3708 3241 ta.

438 3301 586 3345 rum,
620 3287 679 3337 et
707 3279 909 3353 quibus
929 3276 1204 3333 Dominus
1236 3272 1602 3345 responderit,
1623 3277 1679 3326 et
1702 3270 1903 3342 quibus
1931 3270 2041 3324 dis—
2121 3292 2249 3331 men
2270 3276 2531 3347 deinceps
2546 3280 2603 3329 et
2622 3274 2726 3346 ipsi
2748 3274 2993 3329 diversas
3017 3275 3129 3329 vias
3146 3282 3362 3346 petunt.
3380 3278 3706 3348 Conjugium

439 3373 607 3446 cipuli
639 3371 724 3427 usi
754 3371 869 3425 sint
896 3367 1076 3422 verbis
1128 3364 1457 3421 Consideret
1484 3363 1653 3417 etiam
1700 3362 1860 3416 Pauli
1903 3378 2039 3431 apo-
2122 3386 2251 3424 vero
2292 3386 2515 3441 semper
2552 3368 2623 3423 ad
2661 3367 3000 3440 principium
3047 3368 3208 3433 redit,
3258 3375 3321 3423 ut
3364 3370 3479 3423 sint
3521 3370 3630 3424 duo
3657 3369 3706 3422 in

438 3463 568 3542 stqli
597 3462 667 3517 de
696 3462 798 3515 hac
827 3476 887 3513 re
916 3458 1194 3521 allectum,
1228 3455 1315 3509 vel
1357 3454 1594 3519 silentis,
1627 3454 1713 3508 vel
1757 3452 2039 3507 interdum
2123 3475 2288 3513 carne
2313 3475 2444 3513 una.
2466 3457 2572 3522 Qui
2594 3457 2848 3529 quamvis
2868 3473 2934 3510 ex
2957 3456 3173 3511 diverso
3194 3465 3515 3525 nascantur,
3529 3466 3706 3512 tamen

438 3551 542 3609 sub
570 3550 695 3605 aliis
736 3548 873 3603 locis
920 3544 1248 3612 tractantis;
1296 3543 1575 3615 quomodo
1620 3542 1722 3597 Dei
1764 3541 2041 3596 occultum
2125 3564 2189 3602 ex
2219 3552 2495 3618 praecepto
2526 3546 2647 3612 Dei,
2680 3551 2743 3599 ut
2771 3545 3232 3616 multiplicemur,
3264 3546 3390 3601 ideo
3416 3554 3708 3602 nascuntur

438 3640 717 3714 expendat
744 3634 1197 3693 sacramentum?
1221 3632 1512 3699 Quomodo
1531 3632 1787 3687 Christus
1815 3632 2037 3685 Patrem
2124 3642 2189 3691 ut
2215 3635 2274 3690 in
2296 3652 2471 3690 unum
2500 3635 2853 3690 conveniant.
2883 3634 3144 3693 Attende.
3188 3653 3397 3707 quaeso,
3429 3637 3605 3708 legem
3634 3636 3707 3690 di-

440 3730 705 3803 reliquit,
766 3725 990 3799 quando
1040 3724 1407 3795 semetipsum
1454 3720 1759 3776 cxinanivit
1802 3721 2039 3774 formam

434 3820 585 3877 servi
614 3817 910 3890 accipiens,
944 3831 1009 3870 ac
1039 3823 1281 3869 matrem
1299 3813 1652 3883 Synagogam
1684 3810 1957 3873 videlicet,
1983 3814 2037 3863 et

439 3909 675 3966 adhaesit
716 3906 874 3963 uxori
904 3921 1039 3975 suae,
1072 3901 1127 3957 id
1158 3907 1245 3957 est
1274 3900 1548 3964 Ecclesiae,
1592 3916 1714 3970 quae
1757 3898 1826 3951 de
1866 3897 2041 3951 latere

440 3999 649 4054 Christi
674 3998 915 4052 formata
944 3998 1052 4061 est,
1081 3998 1138 4047 et
1163 3990 1473 4047 aedificatur
1492 3988 1740 4060 quotidie
1763 3986 1819 4040 in
1851 3986 2044 4040 mulie-

438 4103 582 4152 rem,
606 4086 754 4141 sicut
778 4090 836 4139 et
862 4085 1206 4155 propagatur
1234 4080 1417 4134 omnis
1446 4079 1583 4133 ordo
1605 4075 1953 4132 nascentium
1974 4074 2043 4129 de

439 4190 612 4230 uxore
642 4178 698 4227 et
735 4172 873 4226 viro.
915 4172 1112 4241 Itaque
1137 4170 1256 4239 jam
1297 4185 1410 4222 non
1451 4173 1583 4222 sunt
1623 4167 1754 4231 duo,
1798 4165 1897 4221 sed
1929 4180 2043 4220 una

442 4278 591 4316 caro.
615 4260 773 4325 Quod
792 4276 927 4329 ergo
956 4259 1107 4313 Deus
1137 4255 1443 4326 conjunxit,
1474 4256 1640 4310 homo
1669 4273 1780 4310 non
1798 4259 2038 4327 separet.

443 4348 583 4406 Ecce
596 4346 1035 4419 benignissimus
1064 4347 1225 4399 Jesus
1254 4344 1650 4398 conscientiam
1681 4344 1751 4398 ad
1786 4344 2042 4399 testimo-

2122 3725 2310 3779 vinam
2340 3724 2675 3796 exquisitam
2706 3724 3011 3778 secundum
3037 3740 3231 3779 omnes
3262 3726 3573 3781 voluntates
3592 3724 3703 3779 Dei.

2122 3816 2346 3869 Fratres
2375 3813 2629 3885 quamvis
2678 3814 2793 3868 sint
2833 3831 2899 3867 ex
2934 3830 3046 3868 uno
3080 3820 3139 3868 et
3170 3830 3412 3876 sorores.
3443 3816 3522 3870 sic
3548 3812 3705 3869 creati

2124 3910 2255 3958 sunt
2268 3908 2534 3966 enatura,
2555 3907 2619 3957 ut
2643 3919 2755 3957 non
2777 3903 3111 3957 conveniant
3132 3903 3187 3958 in
3210 3920 3410 3959 unum.
3443 3903 3704 3960 Masculus

2125 3996 2311 4047 autem
2343 3998 2401 4046 et
2423 3991 2634 4046 femina
2668 3992 2921 4063 quamvis
2957 4009 3069 4047 non
3116 3992 3231 4047 sint
3270 4011 3338 4047 ex
3366 4011 3502 4055 uno.
3531 4002 3703 4048 tamen

2126 4083 2206 4137 ita
2233 4081 2406 4136 creati
2434 4087 2567 4136 sunt
2596 4087 2661 4136 ut
2689 4082 2923 4135 redeant
2936 4082 3007 4135 ad
3023 4082 3381 4153 principium,
3402 4084 3500 4154 qui
3516 4088 3704 4139 suntex

2123 4171 2422 4243 uno,vquia
2447 4171 2517 4225 ad
2556 4171 2660 4225 hoc
2688 4171 2863 4225 creati
2896 4176 3027 4226 sunt
3056 4176 3120 4225 ut
3148 4171 3262 4226 sint
3287 4188 3487 4226 unum.
3520 4171 3703 4226 Idcirco

2124 4261 2306 4316 omnis
2360 4265 2581 4326 natura,
2623 4276 2736 4314 non
2781 4265 2900 4314 tam
2944 4260 3218 4332 seipsam,
3270 4277 3442 4331 quam
3499 4260 3703 4316 ordina-

2124 4351 2335 4405 tionem
2386 4349 2489 4404 Dei
2534 4347 2805 4419 sequitur.
2854 4348 2923 4402 Et
2967 4349 3100 4419 quia
3136 4348 3255 4403 haec
3301 4350 3501 4421 copula
3529 4349 3703 4418 conju-

440 4440 600 4495 nium
624 4442 889 4511 provocat
913 4433 1113 4489 divinae
1142 4431 1599 4499 auctoritatis,ut
1629 4433 1920 4486 convincat
1948 4408 2107 4487 eosD
2123 4438 2222 4509 gii,
2249 4438 2503 4510 quamvis
2525 4437 2712 4507 gratia
2741 4437 2842 4491 Dei
2864 4436 2955 4502 sit,
2984 4453 3113 4492 cum
3143 4437 3392 4508 legitime
3418 4438 3701 4493 secundum

443 4530 541 4601 qui
561 4545 674 4583 non
697 4526 823 4581 ideo
844 4526 1196 4594 interrogant
1215 4526 1280 4576 ut
1290 4520 1527 4582 discant,
1542 4525 1599 4575 et
1612 4537 1671 4575 se
1696 4520 2037 4587 contineant,

440 4618 541 4675 sed
570 4623 636 4672 ut
660 4614 1078 4671 calumnientur
1106 4628 1255 4675 eum,
1289 4614 1347 4665 et
1376 4608 1767 4665 excusabiliter
1813 4610 2037 4678 faciant,

444 4705 593 4779 quod
644 4702 1097 4759 inexcusabiliter
1155 4699 1476 4773 peccabant.
1514 4701 1826 4754 Masculum
1873 4705 1923 4754 et
1960 4700 2041 4768 fe-

444 4800 683 4859 minam,
715 4793 917 4865 inquit,
958 4809 1068 4847 non
1113 4791 1422 4846 masculum
1453 4796 1510 4844 et
1548 4789 1753 4843 multas
1783 4789 2038 4857 feminas,

441 4890 507 4941 ut
528 4884 623 4939 uni
648 4883 815 4938 liceat
847 4883 1051 4936 multas
1070 4898 1270 4935 uxores
1290 4881 1512 4935 ducere.
1543 4880 1735 4950 Neque
1766 4879 2042 4933 masculos

442 4981 500 5032 et
527 4973 812 5036 feminam,
842 4978 905 5026 ut
932 4972 1031 5025 uni
1056 4970 1274 5025 feminae
1306 4970 1469 5024 liceat
1498 4970 1702 5023 multos
1733 4968 1877 5022 viros
1906 4968 2043 5022 acci-

441 5079 591 5137 pere.
624 5062 749 5117 Non
779 5060 926 5115 enim
957 5060 1097 5114 duas
1127 5060 1210 5113 vel
1240 5066 1355 5114 tres
1380 5064 1560 5113 costas
1590 5062 1689 5111 aut
1713 5074 1777 5111 eo
1801 5056 2041 5128 amplius

441 5152 572 5209 tulit
589 5150 859 5207 Dominus
883 5149 952 5203 de
983 5148 1158 5202 latere
1187 5148 1310 5201 viri.
1346 5148 1413 5201 Et
1440 5148 1565 5201 ideo
1592 5144 1933 5201 revocandus
1957 5151 2043 5201 est

441 5242 667 5296 animus
716 5240 787 5294 ad
836 5235 1257 5299 continentiam,
1310 5240 1376 5289 ut
1422 5235 1598 5306 possis
1642 5235 1826 5290 dicere
1882 5236 2042 5290 uxori

439 5335 572 5392 tute,
623 5328 771 5401 quod
813 5328 991 5382 Adam
1023 5324 1227 5379 dixisse
1266 5323 1524 5394 legimus,
1578 5325 1701 5390 Hoc,
1741 5325 1943 5396 inquit,
1987 5342 2041 5379 os

442 5438 511 5476 ea:
538 5421 746 5474 ossibus
778 5420 929 5482 meis,
958 5422 1005 5470 et
1035 5430 1162 5469 caro
1202 5416 1266 5468 de
1305 5429 1471 5467 carne
1503 5430 1621 5468 mea
1654 5415 1797 5479 (Gen.
1830 5429 1890 5481 Il,
1934 5415 2038 5476 23;.

445 5508 713 5581 Alioquin
743 5507 848 5563 etsi
877 5510 1033 5562 costa
1059 5509 1142 5559 est
1171 5504 1266 5557 illa
1285 5501 1489 5556 mulier
1509 5520 1674 5573 quam
1701 5505 1848 5558 ultra
1872 5521 2041 5558 unam

448 5599 694 5671 duxeris,
725 5598 795 5655 de
824 5596 986 5671 cujus
1006 5594 1081 5651 sit
1103 5598 1277 5664 costa,
1310 5595 1411 5648 tua
1433 5596 1623 5648 tamen
1648 5609 1760 5649 non
1785 5598 1888 5649 est.
1914 5592 1983 5650 Et
1999 5594 2045 5650 si

2127 4527 2304 4582 Deum
2335 4526 2696 4597 conjungitur
2724 4531 2781 4580 et
2806 4531 3061 4581 servatur
3085 4546 3097 4595 ;
3128 4532 3320 4582 tamen
3350 4527 3435 4581 vir
3459 4533 3517 4582 et
3544 4529 3703 4593 :86

2124 4634 2281 4681 uxor,
2312 4616 2446 4688 quia
2476 4616 2777 4671 carnaliter
2803 4615 3088 4671 interdum
3108 4634 3167 4672 se
3196 4616 3461 4688 diligunt,
3480 4619 3546 4672 Et
3559 4616 3700 4671 erunt

2124 4707 2234 4760 duo
2258 4709 2318 4759 in
2350 4723 2517 4760 carne
2542 4722 2678 4767 una,
2702 4710 2853 4759 recte
2882 4705 3105 4759 dicitur.
3140 4705 3250 4761 Sed
3279 4706 3570 4772 Pharisai,
3592 4702 3699 4776 quia

2124 4811 2319 4849 sanam
2355 4795 2666 4849 doctrinam
2704 4812 2816 4849 non
2842 4795 3139 4864 recipiunt,
3172 4806 3229 4849 et
3259 4795 3403 4850 hanc
3429 4794 3700 4867 reprehen-

2124 4882 2258 4937 dere
2287 4900 2398 4937 non
2431 4893 2682 4954 possunt,
2718 4884 2957 4938 redeunt
2986 4884 3053 4937 ad
3091 4884 3358 4938 duritiam
3401 4885 3582 4939 cordis
3606 4879 3695 4942 sui,

2123 4978 2181 5026 et
2208 4972 2577 5043 interrogant,
2612 4975 2755 5041 Quizt
2804 4990 2928 5041 ergo
2971 4974 3172 5040 Moyses
3203 4977 3456 5042 praecepit
3478 4976 3607 5027 dare
3641 4971 3697 5023 ti-

2125 5064 2325 5116 beltum
2366 5064 2629 5131 repudii?
2678 5063 2814 5117 Ecce
2857 5068 3129 5134 quantum
3169 5062 3429 5133 displicet
3475 5065 3697 5133 peccato-

2123 5149 2278 5204 ribus
2305 5155 2362 5204 et
2390 5149 2608 5204 lascivis
2636 5151 2887 5205 doctrina
2936 5152 3188 5221 justitiee,
3230 5152 3364 5223 quia
3405 5151 3583 5223 gravis
3622 5151 3697 5201 est

2124 5238 2439 5294 fornicariis
2480 5240 2798 5310 praedicatio
2850 5241 3145 5295 castitatis.
3192 5241 3301 5295 Sed
3344 5241 3474 5313 quia
3523 5243 3695 5294 contra

2124 5328 2401 5383 rationem
2431 5329 2770 5399 respondere
2799 5345 2911 5383 non
2955 5335 3209 5401 possunt,
3256 5329 3474 5384 veritati
3525 5334 3691 5381 tamen

2124 5417 2348 5471 credere
2398 5435 2511 5472 non
2549 5418 2929 5489 acquiescunt.
2978 5418 3311 5490 Proponunt
3347 5415 3691 5491 patrocinium

2125 5506 2350 5577 Moysis,
2378 5510 2537 5579 cujus
2577 5525 2816 5579 persona
2840 5525 2905 5563 ac
2941 5509 2988 5563 si
3022 5509 3123 5565 Dei
3166 5509 3236 5563 ab
3272 5508 3528 5563 omnibus
3552 5517 3693 5560 reve-

2125 5592 2371 5665 rebatur,
2401 5603 2459 5653 et
2485 5597 2764 5655 timebant
2790 5614 2986 5655 omnes
3010 5598 3062 5655 ei
3106 5596 3165 5655 in
3190 5598 3380 5673 aliquo
3418 5591 3689 5655 contraire.
