3888 6172
212 228 319 294 ΜΘ

953 236 1333 295 EXPOSITIO
1373 240 1452 308 IN
1489 237 1941 297 MA’I'I‘HIEUM.
1975 270 2040 283 -—
2066 239 2204 297 LIB.
2246 237 2341 309 IX,
2385 241 2543 297 CAP.
2585 240 2732 298 XIX.

3374 240 3485 303 650

213 360 374 416 Unde
402 362 718 418 doctrinam
747 363 974 426 Christi.
1006 381 1174 436 quam
1205 365 1426 421 ratione
1452 367 1672 422 vincere
1694 383 1806 422 non
1824 350 1871 428 Ᾰ
1894 367 2143 433 consilio,
2158 373 2214 423 et
2239 383 2352 422 non
2370 383 2436 422 ex
2456 366 2645 422 divino
2672 368 2927 440 imperio.
2951 370 3111 425 Unde
3134 376 3192 428 et
3209 370 3483 433 Dominus

213 453 499 521 poterant,
526 468 629 524 per
655 452 1045 508 auctoritatem
1072 471 1137 508 ac
1172 453 1221 508 si
1246 454 1529 510 validioris
1556 472 1809 526 persona:
1888 471 2002 509 non
2030 455 2188 521 dixit,
2209 453 2518 510 secundum
2539 456 2806 511 duritiam
2831 457 3013 513 cordis
3033 460 3202 516 vestri
3225 464 3484 533 permisit

212 537 510 593 destruere
530 538 941 607 moliebantur;
974 547 1039 596 ut
1066 541 1199 596 dum
1223 543 1442 614 Moyses
1460 543 1811 614 irreprehen-
1889 542 2041 597 vobis
2068 545 2236 608 Deus,
2266 544 2365 598 sed
2395 544 2633 615 Moyses.
2664 546 2793 599 Dico
2816 552 2997 601 autem
3028 549 3174 602 vobis
3198 552 3331 619 quia
3357 555 3483 621 qui-

213 625 395 680 sibilis
411 632 693 695 censetur,
725 634 783 684 et
806 629 1039 685 timetur
1065 631 1418 702 reprehendi,
1440 631 1692 687 veritatis
1718 632 1806 687 in-

212 716 546 786 terpretatio
573 722 844 772 taceatur.
875 718 1018 772 Hinc
1059 735 1281 790 quoque
1320 721 1513 774 dicunt
1555 720 1626 785 ei,
1662 720 1808 785 Quid

210 820 346 873 ergo
363 805 585 876 Moyses
600 806 885 860 mandavit
898 806 1032 861 dare
1047 806 1299 862 libellum
1321 808 1539 878 repudii
1552 814 1609 863 et
1626 809 1813 863 dimit-

211 892 373 945 tere?
400 893 500 947 Ait
526 893 657 956 illis.
690 896 962 962 Quoniam
992 896 1195 963 Moyses
1223 898 1298 950 ad
1324 899 1602 951 duritiam
1633 900 1811 951 cordis

211 983 383 1034 uestri
397 984 658 1049 permisit
678 985 823 1036 vobis
842 984 1122 1038 dimittere
1140 1001 1333 1038 uxores
1352 990 1585 1048 vestras;
1613 988 1682 1039 ab
1705 989 1814 1040 ini-

216 1071 289 1121 tio
315 1074 510 1123 autem
542 1086 653 1124 non
682 1073 796 1138 fuit
819 1075 915 1124 sic.
950 1072 1081 1127 Haec
1113 1088 1307 1127 eorum
1350 1073 1716 1145 interrogatio
1744 1075 1814 1129 de

216 1173 424 1228 magno
472 1158 626 1213 venit
668 1160 983 1230 supercilio,
1034 1166 1093 1216 et
1146 1162 1216 1216 de
1263 1163 1442 1217 multa
1491 1164 1814 1233 arrogantia

214 1245 451 1317 Moysen
497 1246 863 1318 proferentes,
907 1249 966 1303 in
1015 1250 1204 1304 animo
1255 1251 1541 1306 Christum
1592 1269 1813 1323 quoque

214 1333 608 1405 despicientes,
640 1353 706 1390 ac
734 1338 780 1390 si
807 1336 1075 1404 dicerent,
1104 1338 1250 1403 Quid
1272 1356 1406 1410 ergo
1439 1344 1502 1394 tu
1532 1340 1815 1394 contradi-

217 1423 316 1486 cis,
350 1424 503 1494 quod
548 1425 767 1496 Moyses
792 1430 986 1481 tantus
1027 1427 1290 1499 praecepit
1329 1428 1388 1482 in
1431 1429 1573 1499 lege,
1606 1435 1664 1483 et
1701 1435 1814 1483 tam

214 1513 501 1582 magnus?
538 1512 645 1576 Qui
692 1513 801 1569 fuit
829 1515 990 1585 quasi
1034 1515 1269 1569 visibilis
1298 1516 1491 1586 lingua
1527 1516 1815 1571 invisibilis

1889 650 2103 703 cunque
2124 634 2403 687 dimiserit
2435 648 2661 687 uxorem
2688 650 2867 697 suam,
2905 638 3019 690 nisi
3045 653 3212 691 causa
3239 641 3486 706 fornica-

1895 724 2081 783 tionis,
2102 726 2152 775 et
2179 724 2355 774 aliam
2381 723 2621 787 duxerit,
2649 724 2978 790 inmoltatur;
3007 731 3058 779 et
3075 729 3176 794 qui
3191 729 3485 784 dimissam

1892 812 2135 875 durerit,
2160 810 2480 863 mae/tatur.
2503 810 2639 863 Ecce
2666 810 2735 864 de
2761 816 2876 864 tam
2906 812 3021 866 lata
3049 815 3356 883 occasione,
3376 834 3488 890 qua

1892 897 2068 952 Judaei
2099 898 2243 951 male
2278 897 2654 951 abutebantur
2677 897 2734 951 in
2767 900 3126 969 repudiendis
3153 905 3487 976 conjugibus

1895 1003 2063 1057 quam
2093 985 2275 1039 brevis
2305 991 2362 1039 et
2389 985 2645 1039 absoluta
2673 987 2897 1041 Domini
2930 991 3212 1044 sententia
3238 997 3344 1061 est,
3375 1011 3489 1065 qua

1895 1074 2013 1129 sola
2056 1073 2346 1128 fornicatio
2377 1090 2498 1127 esse
2541 1074 2764 1139 dicitur,
2797 1092 2919 1146 quae
2947 1078 3137 1132 uxoris
3185 1080 3369 1136 vincat
3399 1083 3488 1137 δί’-

1894 1164 2122 1228 fectum,
2144 1162 2408 1233 quoniam
2432 1168 2489 1216 et
2519 1162 2641 1233 ipsa
2670 1170 2754 1217 est
2782 1180 2904 1234 quae
2925 1182 3149 1221 carnem
3178 1169 3334 1239 prius
3352 1170 3490 1225 divi-

1895 1252 1979 1306 dit
2005 1252 2061 1305 in
2091 1252 2250 1305 duos.
2284 1251 2363 1305 De
2393 1266 2501 1321 qua
2532 1252 2810 1305 sententia
2838 1252 3065 1322 quidam
3091 1255 3279 1312 minus
3305 1259 3489 1313 consi-

1899 1340 2178 1404 derantes,
2210 1356 2378 1409 quam
2425 1339 2569 1393 male
2614 1339 2883 1399 sentiunt.
2924 1341 3171 1398 dicentes
3203 1363 3215 1398 :
3247 1345 3405 1401 Uxor
3441 1348 3489 1402 si

1898 1429 1966 1483 ad
1974 1429 2251 1483 ulteratur
2270 1428 2327 1481 in
2350 1432 2625 1498 potestate
2644 1428 2743 1480 viri
2764 1434 2865 1493 est,
2890 1428 2936 1482 si
2953 1430 3085 1485 velit
3101 1448 3226 1486 eam
3244 1433 3491 1490 retinere

1897 1518 2231 1583 adulteram,
2272 1521 2327 1569 et
2362 1532 2488 1570 cum
2530 1532 2596 1569 ea
2637 1517 2826 1585 jacere
2856 1517 3001 1571 sicut
3041 1524 3145 1585 est,
3187 1527 3245 1575 et
3280 1522 3330 1576 si
3360 1523 3494 1578 velit

214 1599 336 1654 Dei.
360 1600 473 1664 Qui
496 1601 975 1674 incorruptibilem
999 1604 1239 1673 gloriam
1267 1604 1370 1659 Dei
1398 1605 1551 1669 vidit,
1581 1610 1639 1659 et
1663 1606 1869 1683 testi-_
1897 1622 2022 1660 eam
2051 1605 2352 1660 dimittere.
2375 1605 2588 1659 Tamen
2607 1605 2881 1659 Dominus
2909 1622 3084 1662 unum
3114 1608 3317 1664 horum
3343 1612 3493 1683 quod

214 1688 476 1743 monium
492 1689 802 1745 divinitatis
818 1690 878 1746 in
891 1692 1047 1747 vultu
1063 1708 1164 1747 suo
1176 1693 1418 1763 portavit
1437 1693 1508 1747 ad
1523 1694 1812 1765 populum.
1831 1678 1878 1738 Β
1895 1694 2060 1748 liceat
2089 1692 2435 1757 monstravit,
2467 1693 2525 1746 id
2548 1699 2654 1759 est,
2677 1692 2963 1749 dimittere
2984 1695 3028 1748 si
3050 1697 3322 1753 fornicata
3346 1678 3455 1754 fuit
3477 1720 3490 1769 ;

212 1777 300 1832 Tu
340 1782 533 1831 autem
570 1778 741 1833 homo
766 1779 1088 1846 vilissimus,
1132 1779 1277 1835 fabri
1306 1780 1471 1846 ﬁlius,
1516 1781 1651 1852 quid
1682 1798 1815 1852 ergo

217 1870 280 1920 tu
309 1866 561 1921 destruis
582 1867 732 1938 quod
754 1867 847 1922 ille
873 1868 1197 1924 constituit?
1225 1868 1336 1924 Sed
1360 1869 1690 1924 mitissimus
1712 1870 1818 1924 Do-

218 1956 414 2010 minus
455 1956 528 2010 ad
574 1956 692 2011 haec
718 1973 831 2012 non
859 1962 1043 2012 cessat
1069 1957 1268 2012 docere
1297 1974 1412 2022 eos,
1449 1962 1506 2012 et
1540 1956 1814 2012 refellere.

216 2044 464 2116 Moyses,
498 2044 701 2116 inquit,
722 2051 953 2117 propter
977 2046 1245 2100 duritiam
1273 2046 1457 2100 cordis
1479 2047 1669 2112 vestri,
1696 2062 1820 2117 per-

218 2131 379 2187 misit
406 2131 565 2187 vobis
595 2133 879 2189 dimittere
907 2150 1106 2189 uxores
1132 2140 1364 2189 vestras.
1398 2136 1477 2190 Ac
1504 2135 1552 2190 si
1582 2135 1811 2200 diceret,

216 2221 443 2293 Moyses
464 2238 631 2292 quam
660 2240 808 2294 saepe
828 2223 983 2278 vobis
1008 2224 1187 2278 multa
1210 2223 1346 2277 talia
1375 2223 1631 2294 permisit
1658 2239 1820 2294 prep-

218 2316 309 2363 ter
325 2309 599 2364 duritiam
627 2311 827 2377 cordis,
851 2317 910 2366 et
927 2311 1345 2384 improbitatem
1367 2313 1571 2367 mentis
1597 2318 1814 2378 vestrae,

219 2415 346 2470 qua
364 2399 519 2453 Deus
538 2415 650 2453 non
671 2400 980 2466 mandavit;
1013 2400 1161 2454 sicut
1182 2400 1240 2455 in
1261 2417 1450 2455 eremo
1470 2401 1684 2456 hostias
1704 2402 1819 2455 Deo

219 2504 364 2559 quas
382 2488 586 2541 oﬂ‘erre
603 2488 882 2560 praecepit,
898 2504 1039 2559 quas
1056 2489 1175 2560 ipse
1186 2506 1288 2560 per
1300 2490 1600 2561 prophetas
1614 2491 1819 2561 impro-

216 2581 404 2647 perat,
436 2592 504 2630 ac
527 2576 666 2631 dicit
689 2593 749 2631 se
777 2577 945 2643 nolle,
976 2594 1160 2649 neque
1190 2578 1260 2633 de
1298 2579 1384 2633 his
1419 2578 1632 2649 aliquid
1656 2595 1817 2633 man-

217 2665 407 2720 dasse.
440 2665 553 2720 Sed
582 2666 717 2737 quia
746 2665 967 2722 videbat
993 2682 1088 2721 eos
1114 2668 1336 2739 Moyses
1362 2668 1600 2721 necdum
1631 2670 1821 2720 mente

215 2754 286 2808 ab
309 2755 559 2827 [Egypto
599 2755 798 2823 exisse,
826 2772 1008 2827 neque
1045 2755 1259 2811 hostias
1298 2772 1436 2827 quas
1476 2754 1819 2810 daemonibus

216 2844 423 2899 oﬂerre
481 2849 905 2911 consueverant,
962 2845 1277 2899 deseruisse
1319 2863 1333 2897 :
1385 2844 1637 2914 quinimo
1675 2843 1823 2897 circa

217 2932 415 2988 studia
442 2933 845 2988 sacriﬁciorum
875 2916 1177 2988 carnaliter
1204 2932 1499 2986 inclinatos
1523 2950 1536 2998 ;
1586 2932 1635 2986 si
1664 2948 1824 2985 man-

1897 1782 2141 1836 retinere
2170 1787 2360 1836 autem
2388 1781 2539 1851 quod
2567 1781 2757 1851 liceat,
2788 1800 2900 1837 non
2929 1784 3085 1851 dixit,
3121 1787 3267 1842 sicut
3294 1788 3343 1842 si
3370 1789 3489 1855 fiat,

1898 1887 1999 1925 nec
2018 1869 2371 1924 interdixisse
2402 1869 2506 1923 hoc
2525 1870 2646 1923 loco
2674 1878 2867 1940 aperte
2887 1871 3124 1940 videtur,
3148 1874 3255 1928 nisi
3283 1892 3349 1930 ex
3367 1876 3495 1931 aliis

1898 1958 2033 2013 locis
2060 1964 2117 2012 et
2141 1975 2206 2012 ex
2234 1957 2657 2011 circumstantia
2684 1958 2960 2013 dictorum
2987 1960 3040 2014 id
3072 1963 3490 2031 consideretur;

1898 2047 2036 2102 dicit
2064 2047 2235 2114 enim,
2261 2048 2413 2115 Quod
2432 2049 2572 2101 Deus
2598 2050 2908 2116 conjunxit,
2934 2049 3092 2103 homo
3123 2067 3236 2105 non
3262 2058 3491 2121 separet.

1899 2136 2058 2191 Unde
2087 2136 2331 2206 primum
2352 2135 2423 2189 de
2455 2136 2580 2205 lege
2604 2137 2727 2207 conj
2737 2135 2851 2206 ugii
2873 2139 3257 2208 quaerendum,
3279 2146 3494 2197 utrum-

1899 2241 1971 2279 ne
2002 2225 2149 2279 Deus
2186 2224 2261 2279 sit
2292 2224 2352 2279 in
2381 2240 2566 2291 causa,
2600 2229 2658 2279 et
2684 2224 2934 2295 legitime
2965 2228 3277 2283 secundum
3312 2234 3495 2296 αδδ

1900 2313 2080 2367 Deum
2107 2313 2444 2383 conjunctio.
2470 2312 2560 2367 Sic
2588 2313 2816 2367 demum
2844 2313 2913 2368 de
2944 2314 3185 2369 divortio
3210 2316 3498 2388 disputan—

1900 2402 2072 2467 dum;
2106 2401 2239 2472 quia
2266 2418 2378 2455 non
2406 2417 2571 2455 omne
2611 2401 2935 2471 conjugium
2963 2419 2999 2457 a
3025 2403 3140 2458 Deo
3175 2410 3279 2471 est,
3314 2422 3496 2477 neque

1903 2506 2002 2561 per
2032 2490 2231 2554 Deum,
2274 2489 2522 2560 alioquin
2571 2490 2849 2560 quomodo
2885 2492 3189 2561 Apostolus
3236 2493 3495 2549 diceret:

1904 2580 2147 2644 lnﬁdelis
2166 2580 2217 2630 si
2238 2579 2482 2643 discedit,
2503 2578 2780 2631 discedat?
2814 2580 3002 2645 (1007'.
3026 2596 3112 2643 vn,
3155 2580 3259 2649 15.)
3289 2583 3353 2636 In
3385 2599 3496 2654 quo

1903 2666 2171 2721 nimirum
2192 2665 2455 2730 ostendit,
2479 2682 2591 2719 non
2621 2681 2786 2719 omne
2812 2667 3136 2736 conjugium
3158 2684 3193 2722 a
3211 2669 3327 2724 Deo
3349 2686 3492 2736 esse,

1903 2754 2052 2824 quod
2097 2743 2420 2807 solvendum
2468 2758 2570 2807 est.
2608 2754 2960 2825 Quapropter
3000 2755 3104 2809 etsi
3145 2756 3499 2812 adulteratur

1905 2858 2046 2896 uxor
2084 2847 2184 2895 aut
2224 2841 2327 2904 vir,
2357 2857 2468 2895 non
2497 2847 2583 2895 est
2622 2842 2940 2911 conjunctio
2972 2842 3092 2909 Dei,
3133 2859 3263 2899 cum
3293 2844 3499 2916 quibus

1906 2930 2006 2985 Dei
2053 2931 2139 2984 lex
2182 2946 2295 2984 non
2339 2934 2442 2994 est,
2474 2946 2656 3000 neque
2686 2931 2771 2983 lex
2809 2936 3024 2985 naturae
3053 2937 3327 2987 servatur.
3358 2934 3500 2999 Qui-

218 3022 417 3077 dasset
460 3022 545 3077 eis
583 3022 843 3078 recedere
891 3038 927 3076 a
971 3020 1257 3077 sacrificiis
1287 3025 1345 3074 et
1371 3020 1567 3074 hostiis
1609 3027 1884 3091 nequa-(3
1907 3034 2129 3089 cunque
2152 3035 2284 3088 ergo
2307 3035 2408 3073 seu
2445 3035 2791 3089 quaecunque
2820 3025 3015 3073 contra
3035 3020 3138 3075 Dei
3167 3021 3500 3078 mandatum

220 3128 396 3183 quam
423 3127 558 3166 eum
592 3111 872 3166 audirent.
895 3110 1040 3174 Quia
1060 3115 1179 3164 tam
1207 3108 1477 3164 diuturna
1504 3108 1708 3180 passio,
1738 3109 1824 3162 vel
1904 3107 2154 3161 moechus
2181 3112 2283 3173 est,
2310 3108 2430 3177 jam
2459 3105 2576 3177 ipse
2597 3123 2632 3160 a
2651 3122 2751 3160 suo
2776 3123 3008 3177 corpore
3036 3113 3095 3162 et
3124 3107 3195 3162 ab
3225 3125 3291 3163 ea
3315 3110 3504 3181 gratia

222 3206 344 3255 tam
366 3199 614 3255 crudelis
638 3198 867 3255 morbus
896 3198 1121 3252 difﬁcile
1149 3202 1397 3261 curatur,
1416 3197 1587 3268 jussit
1614 3213 1713 3253 eos
1737 3213 1824 3251 sa-
1906 3197 2029 3267 quae
2060 3201 2145 3250 est
2185 3196 2245 3249 in
2288 3196 2538 3266 legitimo
2566 3195 2845 3265 conjugio,
2877 3196 3089 3252 divisus
3117 3202 3222 3253 est.
3262 3199 3502 3255 Maxime

222 3289 474 3344 criﬁcare
507 3288 753 3359 quidem,
785 3288 882 3341 sed
909 3287 1046 3352 Deo,
1079 3292 1274 3340 etnon
1300 3287 1420 3356 jam
1452 3284 1823 3340 daemonibus.
1907 3285 2041 3355 quia
2068 3302 2128 3339 se
2149 3284 2282 3338 tulit
2306 3283 2619 3338 membrum
2648 3283 2877 3349 Christi,
2907 3289 2963 3338 et
2991 3284 3170 3341 factus
3199 3292 3285 3342 est
3320 3304 3502 3343 mem-

217 3378 339 3433 Tali
360 3376 646 3448 siquidem
666 3375 883 3430 ratione
910 3379 1091 3441 es!
1118 3374 1382 3446 perdocet
1400 3375 1611 3428 Auctor
1629 3374 1827 3427 huma-
1906 3372 2069 3427 brum
2100 3372 2428 3437 meretricis,
2454 3388 2582 3426 cum
2605 3388 2717 3443 qua
2743 3373 3130 3429 meretricatus
3155 3381 3259 3430 est.
3286 3376 3501 3432 Idcirco

217 3482 303 3520 nae
329 3465 537 3520 salutis
580 3465 793 3519 factum
839 3463 1009 3518 fuisse
1039 3469 1097 3518 et
1125 3463 1250 3529 hoc,
1284 3462 1434 3533 quod
1471 3462 1826 3534 praetendunt

219 3552 608 3608 scelestissimi
632 3552 702 3606 de
724 3551 911 3606 libello
932 3551 1172 3624 repudii.
1193 3551 1338 3616 Quia
1362 3551 1537 3605 levius
1550 3550 1825 3620 judicavit

217 3648 452 3714 propter
479 3640 755 3695 duritiam
771 3640 953 3695 cordis
973 3656 1188 3702 eorum,
1212 3640 1430 3711 Moyses
1456 3639 1708 3693 libellum
1727 3640 1823 3692 da-

218 3748 278 3785 re
295 3730 544 3802 repudii,
562 3735 621 3784 et
647 3730 1009 3784 matrimonia
1028 3729 1185 3795 solvi,
1209 3745 1377 3800 quam
1401 3728 1459 3782 in
1487 3727 1653 3782 corde
1669 3744 1820 3782 sem-

214 3836 316 3890 per
342 3819 480 3874 odia
500 3817 731 3887 habere,
761 3824 819 3873 et
845 3817 1149 3873 homicidia
1178 3817 1317 3871 fieri.
1342 3818 1467 3871 Non
1497 3816 1644 3887 quod
1675 3815 1823 3871 bona

214 3914 364 3963 esset
389 3908 510 3963 ista
530 3907 819 3976 resolutio,
845 3907 943 3962 sed
967 3907 1226 3978 permisit
1244 3906 1325 3960 eis
1352 3906 1501 3960 mala
1529 3905 1729 3971 facere,
1756 3922 1821 3959 ac

212 3996 261 4051 si
303 3996 437 4068 pius
480 3995 755 4062 medicus,
799 4012 872 4050 ne
919 3996 1115 4067 pejora
1168 3994 1522 4049 incurrerent
1564 3993 1819 4060 crimina,

1905 3478 2019 3515 non
2065 3461 2279 3515 zestimo
2326 3462 2444 3514 leve
2490 3476 2629 3521 esse.
2680 3460 2729 3513 si
2774 3461 3039 3515 meretrix
3081 3463 3411 3532 retineatur,
3443 3470 3503 3520 et

1906 3547 2173 3602 abutatur
2191 3564 2250 3601 se
2272 3548 2418 3601 male
2437 3546 2653 3601 duabus
2672 3547 2730 3601 in
2760 3547 3012 3618 partibus
3034 3567 3047 3615 ;
3077 3566 3206 3604 cum
3229 3552 3348 3621 jam
3367 3553 3500 3622 quia

1906 3637 2163 3691 adultera
2192 3641 2295 3699 est,
2317 3636 2457 3690 nulli
2486 3652 2608 3689 esse
2636 3635 2857 3689 videtur
2880 3636 3132 3706 legitima
3157 3655 3316 3693 uxor.
3338 3640 3500 3694 Unde

1903 3725 2050 3779 sicut
2093 3724 2336 3778 crudelis
2382 3728 2468 3777 est
2507 3728 2565 3777 et
2604 3722 2848 3794 iniquus,
2882 3724 2977 3795 qui
3014 3731 3228 3779 castam
3267 3725 3504 3781 dimittit

1903 3812 2153 3884 qualibet
2194 3828 2261 3865 ex
2306 3827 2476 3865 causa
2500 3827 2731 3864 uxorem
2765 3829 2777 3864 :
2811 3811 2891 3865 sic
2918 3811 3105 3866 fatuus
3142 3821 3200 3867 et
3229 3812 3495 3883 injustas,

1902 3901 1999 3971 qui
2046 3899 2255 3954 retinet
2298 3898 2669 3963 meretricem,
2710 3908 2811 3951 aut
2855 3898 3231 3969 ﬂagitiosum;
3278 3900 3501 3955 videtur

1904 4005 2150 4061 namque
2176 3993 2444 4059 patronus
2465 3986 2829 4058 turpitudinis
2853 3988 2974 4057 ejus
3002 4003 3143 4054 esse,
3167 3989 3264 4059 qui
3285 3990 3498 4045 crimen

214 4090 273 4140 et
312 4084 507 4140 morbi
543 4089 954 4155 generarentur
981 4084 1233 4155 quotidie
1271 4083 1422 4138 inter
1450 4099 1545 4137 eos
1574 4081 1819 4153 pessimi.
1905 4078 2050 4133 celat
2078 4082 2136 4131 et
2163 4076 2443 4131 consentit
2462 4075 2655 4129 uxori:
2682 4075 2827 4129 sicut
2846 4092 2876 4129 e
2894 4076 3175 4132 contrario
3203 4078 3498 4149 praemium

209 4174 291 4228 Ab
318 4176 516 4239 initio,
562 4173 768 4244 inquit,
806 4189 920 4228 non
947 4175 1061 4241 fuit
1098 4177 1195 4228 sic.
1230 4173 1368 4227 Ecce
1411 4187 1582 4243 quam
1619 4170 1819 4236 valide,
1905 4165 2155 4237 possidet
2172 4165 2519 4236 nuptiarum,
2541 4180 2572 4218 e
2592 4163 2812 4218 duabus
2836 4180 2964 4219 cum
2993 4180 3166 4219 unam
3193 4166 3387 4222 fecerit
3411 4184 3500 4223 ca-

210 4261 442 4329 refellit,
476 4265 539 4317 et
583 4278 756 4332 quam
807 4260 1027 4317 fortiter
1068 4260 1394 4333 repercutit,
1436 4261 1570 4314 dum
1623 4257 1824 4330 probat
1901 4255 2064 4310 stitas
2084 4252 2625 4317 carnemQuoniam
2642 4253 2839 4323 juncta
2856 4253 3077 4325 spiritui
3100 4255 3332 4311 castitas
3351 4273 3499 4313 unus

212 4366 280 4405 ex
298 4351 499 4405 divina
524 4350 880 4418 auctoritate,
905 4350 1055 4421 quod
1092 4349 1162 4404 ab
1189 4350 1350 4404 initio
1378 4349 1459 4403 sic
1486 4365 1598 4403 non
1627 4347 1815 4402 fuerit.
1840 4343 1965 4435 Din
1992 4343 2074 4397 eis
2103 4342 2344 4435 efﬁcitur
2369 4342 2620 4435 spiritus,
2653 4358 2875 4413 unaque
2912 4359 3076 4435 caro,
3094 4345 3244 4415 quod
3283 4361 3498 4417 nequa-

211 4440 295 4492 Ac
322 4438 373 4492 si
400 4438 578 4504 dicat,
610 4438 745 4509 quia
758 4437 830 4492 ab
848 4438 1012 4493 initio
1031 4437 1110 4492 sic
1133 4453 1245 4493 non
1265 4438 1387 4502 fuit,
1414 4436 1666 4507 nunquid
1696 4451 1821 4506 pro.
1843 4430 1879 4435 ⁷
1906 4448 2072 4503 quam
2106 4431 2228 4485 fieri
2258 4437 2462 4503 potest,
2493 4430 2541 4484 si
2570 4447 2681 4485 una
2711 4447 2906 4484 eorum
2950 4432 3302 4487 adulteratur
3342 4450 3496 4490 caro.

212 4531 329 4580 test
356 4512 649 4580 Deus'sibi
679 4542 801 4582 esse
830 4526 1162 4592 contrarius,
1182 4532 1247 4581 ut
1270 4525 1423 4580 aliud
1443 4531 1575 4579 ante
1590 4523 1825 4595 jusserit
1904 4520 2115 4576 Idcirco
2135 4536 2264 4575 cum
2286 4536 2456 4574 unam
2480 4534 2706 4573 carnem
2729 4519 2934 4573 mulier
2952 4518 3008 4573 in
3029 4520 3199 4574 aliam
3221 4521 3490 4587 diviserit,

213 4613 288 4668 ab
312 4614 505 4682 initio,
535 4620 595 4669 et
616 4631 812 4670 rursus
829 4615 1167 4670 sententiam
1189 4631 1348 4669 suam
1369 4613 1680 4685 justissime
1701 4629 1825 4684 pro-
1904 4616 1962 4663 et
1989 4626 2049 4663 se
2091 4608 2456 4663 fornicatione
2504 4607 2847 4678 separaverit
2871 4624 2905 4661 a
2934 4609 3156 4676 marito,
3192 4626 3305 4665 non
3332 4611 3501 4668 debet

212 4702 419 4770 latam,
451 4719 601 4759 novo
629 4703 854 4775 frangat
879 4703 1162 4776 imperio?
1204 4705 1330 4760 Non
1357 4704 1439 4757 ita
1465 4702 1821 4757 sentiendum
1902 4697 2102 4764 teneri,
2137 4697 2269 4768 quia
2312 4696 2587 4749 moechata
2632 4700 2736 4755 est,
2768 4712 2839 4750 ne
2884 4696 3027 4751 forte
3054 4697 3257 4767 virum,
3294 4701 3392 4771 qui
3434 4719 3495 4756 se

209 4799 304 4848 est
344 4793 421 4847 de
460 4792 600 4859 Deo,
641 4792 739 4864 qui
766 4792 917 4865 quod
960 4793 1131 4847 semel
1161 4792 1411 4864 loquitur
1434 4791 1677 4862 idipsum
1708 4807 1820 4845 non
1902 4787 2142 4844 servavit
2164 4792 2379 4842 castum
2400 4784 2502 4840 sub
2529 4785 2824 4840 maledicto
2844 4785 3012 4841 faciat
3026 4788 3234 4855 venire,
3273 4790 3495 4847 dicente

209 4880 455 4953 repetit,
501 4896 567 4936 eo
613 4880 763 4953 quod
804 4879 1339 4936 incommutabiliter
1388 4880 1653 4950 loquitur.
1711 4880 1820 4935 Sed
1903 4877 2233 4948 Scriptura:
2275 4874 2382 4938 Qui
2410 4873 2723 4927 adulteram
2751 4879 2925 4940 tenet,
2964 4876 3171 4931 stultus
3199 4882 3257 4932 et
3284 4877 3494 4952 impius

208 4968 467 5041 Moyses,
488 4974 554 5023 ut
571 4967 832 5034 diximus,
864 4967 926 5023 in
953 4967 1147 5023 multis
1175 4967 1343 5022 rebus
1364 4984 1466 5021 suo
1487 4967 1669 5020 utitur
1693 4982 1822 5020 con-
1901 4971 2007 5021 est.
2040 4963 2367 5033 Ubicunque
2406 4977 2540 5032 ergo
2570 4960 2863 5016 fornicatio
2899 4968 3002 5029 est,
3035 4963 3209 5019 libere
3238 4983 3378 5022 uxor
3404 4968 3491 5024 di-

207 5057 368 5124 silio,
402 5056 473 5112 de
498 5056 701 5129 quibus
729 5063 1070 5129 praeceptum
1091 5073 1204 5111 non
1233 5061 1558 5129 perceperat
1575 5072 1610 5108 a
1633 5054 1817 5108 Domi-
1900 5054 2162 5109 mittitur.
2199 5051 2308 5107 Sed
2356 5050 2489 5120 quia
2531 5056 2751 5120 poterat
2796 5049 3045 5106 accidere
3074 5058 3138 5107 ut
3164 5054 3367 5125 aliquis
3395 5072 3490 5111 ca-

207 5163 313 5213 no,
347 5145 502 5201 sicut
542 5150 601 5201 et
632 5146 843 5201 Paulus
869 5162 931 5201 se
958 5145 1155 5200 fecisse
1179 5151 1437 5200 testatur.
1472 5144 1691 5214 Moyses
1727 5148 1816 5197 ta-
1896 5142 2190 5207 lumniam,
2215 5138 2465 5211 quolibet
2482 5139 2599 5192 zelo
2618 5138 2837 5205 ductus,
2858 5138 3401 5212 faceretinnocenti;
3434 5150 3493 5200 et

205 5251 353 5291 men
377 5236 542 5306 juxta
569 5233 838 5290 duritiam
856 5234 1039 5291 cordis
1066 5250 1280 5300 eorum,
1304 5239 1362 5288 et
1386 5232 1692 5287 secundum
1727 5231 1820 5285 de-
1899 5230 1969 5284 ob
2015 5228 2318 5285 secundam
2360 5227 2619 5298 copulam
2668 5228 3012 5298 nuptiarum,
3062 5245 3176 5284 suae
3223 5231 3490 5302 legitimae

204 5323 495 5381 siderium
520 5323 894 5379 secundarum
912 5324 1215 5395 conjugum
1244 5338 1367 5393 quae
1395 5321 1479 5374 vel
1503 5320 1733 5374 ditiores
1758 5319 1815 5374 in
1898 5318 2059 5373 uxori
2082 5317 2296 5371 crimen
2321 5316 2661 5387 impingeret
2702 5316 2980 5382 adulterii,
3010 5316 3091 5371 sic
3128 5318 3375 5389 priorem
3401 5323 3488 5377 di-

204 5428 279 5468 eo
319 5412 537 5485 populo
580 5411 972 5467 ardentissime
1017 5410 1429 5485 quaerebantur,
1469 5414 1535 5462 ut
1575 5408 1656 5462 vel
1689 5408 1814 5478 pul-
1895 5408 2120 5463 mittere
2143 5405 2304 5477 jubet
2325 5404 2596 5460 Dominus
2620 5405 3184 5477 aaquissimusjudex,
3206 5415 3272 5464 ut
3295 5428 3491 5467 secun-

202 5501 498 5570 chriores,
527 5500 617 5557 vel
650 5500 907 5572 juniores
931 5499 1222 5567 haberent,
1254 5514 1356 5564 suo
1383 5495 1520 5551 talia
1557 5496 1816 5568 permisit
1894 5496 2022 5551 dam
2052 5495 2235 5567 prima
2254 5493 2471 5549 vivente
2497 5510 2610 5548 non
2640 5493 2872 5561 habeat;
2904 5510 3074 5565 quam
3103 5512 3208 5552 nec
3236 5499 3485 5554 occidere

468 5601 741 5687 Parant.
786 5600 946 5663 CXX
962 5644 977 5661 .
3168 5594 3241 5654 21
