3888 6172
459 211 564 269 655

1221 199 1277 253 S.
1320 194 1698 252 PASCHASII
1736 189 2096 248 RADBERTI
2132 187 2438 243 ABBATIS
2477 187 2970 244 CORBEIENSIS.

3612 193 3684 250 656

459 352 551 393 res
579 338 670 389 est
696 335 926 404 propter
947 341 1184 398 regnum
1209 323 1475 378 caelorum
1520 318 1808 373 hominem
1852 332 1912 370 se
1951 311 2396 373 ca-ADominus
2425 312 2695 367 eunuchis
2725 313 2862 368 suis.
2886 314 2971 368 Ne
2999 313 3149 368 dicat
3176 315 3384 386 aliquis
3401 332 3612 380 eorum.
3631 335 3686 372 se-

459 430 658 484 strare,
693 420 773 474 sic
796 416 963 472 debet
985 414 1106 469 ﬁeri
1137 428 1326 466 amore
1356 409 1584 470 Christi,
1616 414 1681 461 ut
1707 407 1864 460 nulla
1894 405 1952 458 in
1981 421 2046 458 eo

455 511 711 567 veneries
740 512 986 562 mentem
1016 508 1116 557 aut
1137 515 1338 570 corpus
1367 497 1596 562 inliciat,
1643 500 1700 549 et
1742 511 1854 548 non
1901 494 2045 548 sicut

457 599 630 671 spado
653 597 746 652 ille
771 610 881 666 quo
917 591 1142 653 dicitur,
1186 587 1320 658 quia
1356 585 1728 656 complectens
1768 583 2041 652 virginem

453 687 733 759 suspirat;
766 682 862 737 sed
885 686 1038 734 totus
1063 675 1251 748 gladio
1282 674 1523 744 Spiritus
1551 672 1727 727 sancti
1756 671 2038 743 praecisus,

454 776 601 848 quod
633 779 720 828 est
745 769 974 825 verbum
993 766 1095 822 Dei
1118 782 1130 818 :
1171 769 1354 828 $94
1373 768 1542 833 atque
1571 760 1928 815 circumcisus
1952 760 2040 813 in-

448 871 542 920 tus
571 862 790 925 forisve,
811 875 881 913 ne
902 857 1020 911 ulla
1040 854 1098 908 in
1116 869 1180 907 eo
1204 851 1434 923 prurigo
1465 849 2040 921 concupiscentiarum

446 952 764 1024 pravaleat.
800 949 918 1003 Imo
948 945 1068 999 sola
1095 942 1342 1006 castitas,
1375 940 1461 994 vel
1505 939 1774 1010 pudicitia
1818 945 2032 1008 regnet.

446 1041 608 1106 Quod
638 1038 871 1093 verbum
891 1033 1137 1107 profecto
1161 1046 1270 1101 quo
1301 1028 1396 1082 isti
1435 1029 1514 1082 sic
1543 1032 1879 1094 castrantur,
1924 1043 2038 1081 non

443 1145 639 1186 omnes
666 1126 914 1198 capiunt,
940 1122 1072 1194 quia
1087 1136 1188 1174 nec
1207 1123 1424 1189 petunt,
1442 1133 1544 1170 nec
1562 1121 1839 1187 quaerunt,
1864 1132 1965 1169 nec
1975 1121 2039 1168 ut

444 1219 743 1290 accipiant,
775 1214 919 1268 sicut
947 1213 1170 1281 oportet
1185 1207 1447 1278 pulsant;
1477 1205 1577 1260 sed
1609 1203 1813 1274 quibus
1842 1204 2036 1258 datum

441 1313 546 1372 est,
562 1306 692 1378 quia
707 1318 871 1358 nemo
881 1305 1135 1354 nostrum
1147 1295 1318 1350 habet
1327 1294 1475 1366 quod
1489 1310 1600 1347 non
1612 1293 1905 1364 acceperit.
1923 1293 2038 1347 Cae-

439 1401 625 1450 terum
645 1391 858 1461 reliqua
871 1389 982 1441 duo
999 1385 1381 1440 cunuchorum
1393 1382 1757 1453 genera,quia
1769 1387 1830 1436 ut
1843 1381 1920 1435 sic
1931 1398 2032 1434 na-

440 1486 675 1539 scuntur
689 1496 755 1534 ex
775 1483 935 1532 utero
960 1473 1175 1538 matris,
1205 1477 1269 1526 ut
1284 1471 1423 1525 nihil
1445 1471 1678 1542 possint,
1715 1477 1815 1524 aut
1840 1476 2033 1540 postea

439 1572 609 1634 ferro,
643 1585 743 1622 seu
771 1566 880 1627 alio
911 1563 1098 1633 aliquo
1119 1561 1284 1616 modo
1314 1559 1552 1614 eunuchi
1578 1561 1735 1624 ﬁant,
1758 1560 1899 1613 tales
1920 1575 2032 1612 non

2129 401 2374 454 cundum
2395 402 2620 465 Isaiam,
2636 403 2743 469 Ego
2763 419 2889 455 sum
2913 405 3072 470 ligna
3082 420 3134 457 m
3152 406 3384 458 aridum
3399 405 3684 474 (Isa.LvI,3l;

2130 491 2262 561 quia
2289 491 2336 544 si
2366 490 2733 544 custodierint
2760 491 3028 545 mandata
3047 509 3192 557 mea,
3220 499 3278 547 et
3304 494 3575 563 elegerint
3597 511 3687 566 quae

2124 580 2290 645 volui,
2326 580 2468 634 dabo
2499 580 2578 634 eis
2599 581 2654 632 in
2676 581 2841 634 domo
2864 597 3008 647 mea,
3031 581 3156 635 etin
3183 582 3361 636 muris
3375 583 3519 637 meis
3537 584 3684 638 locum

2124 668 2361 722 electum
2391 675 2449 722 et
2476 668 2829 722 nominatum
2858 669 3146 723 meliorem
3176 688 3211 724 a
3229 671 3362 725 ﬁliis
3384 678 3446 725 et
3473 672 3682 726 ﬁliabus.

2120 757 2344 811 Auditis
2372 757 2546 827 igitur
2564 757 2827 828 praemiis,
2851 757 3121 813 Dominus
3133 767 3326 814 tamen
3345 761 3428 813 sic
3444 765 3688 832 temperat

2121 845 2459 899 sententiam
2482 863 2662 911 suam,
2684 852 2748 900 ut
2775 846 2985 900 nemini
3005 847 3270 917 laqueum
3283 848 3465 903 ruinae
3485 849 3688 919 injiciat.

2120 935 2217 988 Ait
2244 935 2430 988 enim:
2463 935 2569 1001 Qui
2582 941 2749 1003 potest
2779 951 2966 1004 capere
3003 939 3223 1006 capiat;
3267 954 3392 1007 quae
3443 955 3547 991 vox
3593 938 3691 992 hor-

2120 1023 2293 1077 tantis
2322 1029 2407 1077 est
2443 1023 2563 1078 Dei.
2621 1025 2699 1077 Ac
2746 1023 2794 1077 si
2839 1023 3084 1078 diceret:
3146 1025 3485 1081 Consideret
3531 1033 3691 1081 autem

2120 1113 2508 1183 unusquisque
2531 1112 2676 1165 vires
2703 1129 2832 1166 suas
2859 1118 2917 1166 et
2934 1114 3180 1182 gratiam
3230 1132 3402 1185 quam
3452 1116 3691 1186 percepit,

2119 1207 2383 1254 utrumne
2395 1200 2874 1271 possntvirginalia
2888 1201 3120 1272 implere
3133 1209 3433 1274 praecepta;
3453 1205 3695 1275 quoniam

2117 1289 2318 1343 melius
2348 1295 2433 1343 est
2465 1306 2562 1360 per
2592 1290 2758 1360 plana
2787 1289 2888 1357 ire,
2921 1307 3091 1362 quam
3116 1291 3189 1344 ad
3216 1292 3424 1346 altiora
3453 1309 3694 1348 conscen-

2116 1379 2249 1432 dere
2274 1379 2420 1432 unde
2440 1377 2666 1448 gravius
2697 1384 2850 1436 ruat.
2889 1379 3048 1434 Unde
3079 1397 3233 1435 more
3260 1381 3417 1452 regis
3461 1399 3589 1437 suos
3625 1401 3697 1437 ex-

2114 1469 2347 1522 hortans
2377 1468 2582 1521 milites
2613 1468 2725 1521 ait:
2758 1470 2866 1536 Qui
2879 1475 3049 1538 potest
3065 1487 3252 1539 capere
3280 1475 3508 1540 capiat;
3527 1472 3582 1527 id
3608 1481 3693 1536 est,

2116 1557 2212 1627 qui
2244 1563 2429 1627 potest
2467 1573 2716 1626 pugnare
2770 1564 3000 1627 pugnet,
3055 1565 3112 1612 et
3145 1561 3551 1630 congredietur
3590 1578 3696 1615 cum

435 1657 539 1713 Dei
562 1633 802 1711 eunuchi
816 1658 966 1707 sunt.
987 1648 1200 1715 Quibus
1216 1648 1464 1720 loquitur
1480 1648 1597 1719 ipse
1619 1665 1717 1719 per
1735 1665 1794 1700 se
1815 1646 2033 1701 inIsaia
2051 1633 2098 1691 Β
2115 1645 2294 1711 hoste,
2325 1650 2389 1699 ut
2415 1651 2643 1716 superet
2671 1662 2736 1699 ac
2764 1646 3100 1717 triumphet.

435 1747 746 1818 propheta;
781 1757 1018 1814 quorum
1044 1756 1156 1794 non
1199 1745 1282 1792 est
1330 1737 1560 1808 praecisa
1599 1737 1878 1801 voluntas,
1934 1736 2032 1790 sed

435 1834 738 1891 necessitas
765 1829 1066 1902 imposita;
1119 1843 1358 1899 quorum
1406 1826 1644 1880 necdum
1693 1825 2034 1879 conscientia

433 1921 776 1987 circumcisa,
809 1935 912 1974 nec
936 1918 1194 1972 voluntas
1236 1931 1379 1969 nova
1407 1914 1714 1968 secundum
1761 1913 2032 1984 Spiritum

435 2018 691 2068 sanctum
706 2005 1119 2082 procreata,sed
1137 2009 1270 2058 sunt
1288 2009 1388 2057 aut
1403 2003 1610 2057 delicia:
1622 2009 2029 2067 matronarum,

435 2107 536 2158 aut
553 2101 789 2170 alicujus
818 2097 900 2152 rei
928 2111 1098 2150 causa
1129 2093 1340 2165 plastes
1374 2092 1740 2157 etl‘cminatzc;
1792 2107 2032 2161 quorum

435 2191 570 2262 quia
589 2190 669 2244 eis
692 2186 841 2258 apud
861 2186 1042 2240 Deum
1063 2183 1217 2237 nulla
1239 2187 1372 2236 sunt
1402 2187 1531 2235 vota
1551 2180 1844 2246 castitatis,
1876 2180 2031 2234 nulla

433 2284 492 2333 ct
518 2292 732 2332 merces
751 2273 1014 2328 debetur:
1039 2272 1171 2343 quia
1193 2288 1304 2326 non
1327 2277 1554 2342 propter
1574 2285 1746 2339 regna
1761 2269 2030 2322 caelorum

433 2371 569 2420 sunt
613 2362 860 2418 castrati.

431 2454 656 2508 cordem
685 2453 865 2506 Deum
893 2450 1154 2510 dicimus.
1177 2456 1242 2504 ut
1268 2449 1411 2503 tales
1435 2465 1548 2503 non
1577 2453 1903 2502 remuneret
1932 2448 2027 2518 qui

432 2549 532 2598 aut
557 2542 638 2597 sic
666 2541 785 2595 nati
808 2546 961 2606 sunt,
1017 2544 1118 2594 aut
1160 2543 1358 2610 postea
1403 2538 1534 2592 facti
1591 2543 1723 2592 sunt
1779 2536 2028 2607 quolibet

429 2631 626 2697 modo;
649 2629 698 2683 si
717 2629 912 2683 datum
943 2627 1024 2681 eis
1052 2627 1223 2681 fuerit
1253 2633 1319 2681 ut
1339 2625 1582 2680 habeant
1596 2626 1715 2696 jam
1739 2642 1803 2678 ex
1823 2631 1949 2679 voto
1971 2631 2026 2679 et

428 2719 724 2784 desiderio,
760 2717 907 2788 quod
936 2716 1089 2788 prius
1118 2715 1402 2769 habebant
1449 2732 1514 2768 ex
1561 2713 1913 2780 necessitate,
1965 2721 2026 2768 ut

426 2814 620 2864 mente
643 2811 699 2862 et
727 2823 960 2878 corpore
988 2804 1127 2859 casti
1157 2809 1526 2875 permaneant
1549 2822 1560 2870 ;
1591 2803 1723 2873 quia
1749 2803 1891 2856 tales
1919 2801 2023 2854 etsi

426 2914 658 2970 corpore
680 2895 866 2949 minus
896 2898 1148 2966 possunt,
1177 2898 1366 2946 mente
1394 2899 1584 2946 tamen
1635 2907 1854 2961 semper
1907 2906 2025 2942 cor-

920 2361 1326 2415 Verumtamen
1381 2375 1493 2413 non
1546 2359 1686 2413 adeo
1734 2357 2032 2411 immiseri-

2191 1737 2340 1788 Tunc
2356 1735 2525 1788 oblati
2537 1739 2668 1787 sunt
2689 1737 2740 1787 ei
2752 1739 3072 1802 parvulimt
3089 1753 3291 1790 manus
3302 1740 3378 1791 eis
3392 1741 3696 1808 imponeret,

2115 1829 2163 1876 et
2187 1829 2370 1895 oraret
2391 1842 2408 1888 ;
2443 1825 2707 1890 discipuli
2733 1829 2918 1877 autem
2942 1827 3301 1894 increpabant
3321 1843 3427 1880 eos.
3449 1828 3602 1882 Tunc
3615 1828 3698 1898 igi-

2115 1917 2228 1974 tur,
2260 1912 2318 1966 id
2344 1917 2430 1965 est
2460 1912 2684 1982 quando
2723 1911 2792 1965 de
2823 1913 3086 1967 castitate
3105 1912 3344 1969 faciebat
3371 1933 3694 1979 sermonem,

2115 2005 2172 2054 et
2193 1999 2384 2054 beatos
2414 2016 2536 2054 esse
2564 1999 2785 2054 dicebat
2812 2002 3097 2056 eunuchos
3129 2003 3222 2073 qui
3247 2021 3307 2058 se
3332 2012 3700 2059 castraverant

2113 2095 2343 2160 propter
2371 2105 2543 2159 regna
2574 2089 2865 2145 caelorum.
2899 2092 3054 2145 Tunc
3087 2091 3367 2162 siquidem
3423 2094 3696 2148 audientes

2113 2178 2362 2248 quidam,
2385 2179 2712 2237 obtulerunt
2726 2182 2776 2236 ei
2792 2181 3032 2237 infantes
3048 2201 3112 2239 ac
3123 2201 3348 2255 pueros,
3378 2185 3585 2241 virtute
3599 2203 3693 2258 qua

2111 2267 2527 2337 praedicabatur
2564 2271 2984 2325 mundissimos.
3032 2273 3198 2327 Forte
3241 2273 3524 2344 putabant
3566 2276 3694 2347 quod

2109 2355 2382 2410 Dominus
2443 2374 2674 2429 corpore
2727 2364 2948 2414 tantum
2995 2351 3235 2415 mundos
3280 2361 3574 2431 laudaret;
3615 2380 3694 2418 nc-

2109 2444 2347 2499 scientes
2377 2447 2509 2516 quia
2538 2464 2649 2500 non
2678 2448 2804 2502 illos
2833 2447 3173 2503 beatiticavit
3222 2452 3532 2519 eunuchos,
3573 2470 3692 2523 quos

2109 2532 2356 2588 infantiae
2378 2536 2681 2591 necessitas
2708 2537 2842 2591 facit
2860 2554 2983 2591 esse
3001 2543 3204 2604 castos,
3229 2539 3328 2593 sed
3351 2557 3492 2610 quos
3532 2541 3692 2596 conti-

2108 2621 2311 2676 nentiae
2340 2623 2535 2678 virtus.
2563 2624 2880 2679 Prmsertim
2913 2643 3041 2680 cum
3072 2643 3184 2680 non
3212 2628 3312 2694 ait,
3348 2627 3587 2684 istorum
3619 2635 3694 2684 est

2107 2726 2345 2779 regnum
2379 2713 2663 2779 caelorum,
2705 2715 2805 2768 sed
2836 2715 3068 2782 talium;
3120 2721 3184 2769 ut
3231 2718 3555 2773 ostenderet
3593 2736 3688 2773 non

2107 2815 2202 2852 eos
2213 2800 2525 2854 secundum
2539 2808 2760 2856 aetatem
2783 2819 3041 2873 regnare,
3066 2805 3165 2858 sed
3186 2807 3501 2862 secundum
3525 2824 3691 2862 mores

2106 2887 2363 2957 perfectae
2415 2889 2738 2961 disciplinae,
2799 2897 2856 2946 et
2898 2893 3204 2947 secundum
3254 2894 3499 2950 similem
3552 2897 3693 2950 inno-

425 2985 615 3057 rumpi
643 2991 897 3056 possunt.
931 2984 999 3036 Et
1018 2982 1143 3035 ideo
1175 2980 1429 3050 quamvis
1458 2979 1721 3033 leviorem
1770 2994 2017 3049 pugnam
2037 2985 2081 3045 ο
2103 2977 2346 3031 centiam
2377 2994 2441 3030 ac
2468 2979 2920 3050 simplicitatem;
2981 2981 3184 3052 quibus
3214 2999 3391 3053 regna
3440 2986 3692 3040 caelorum

422 3073 672 3130 habeant
699 3078 894 3126 contra
922 3068 1399 3140 concupiscentias
1425 3068 1630 3132 carnis,
1677 3083 1790 3120 non
1828 3071 2020 3120 tamen
2102 3067 2462 3136 repromittit,
2496 3084 2607 3122 non
2650 3075 2879 3140 propter
2921 3071 3226 3140 pueritiam
3281 3075 3548 3144 corporis,
3603 3074 3690 3128 sed

423 3179 620 3218 omnes
648 3160 969 3216 aﬁ‘ectiones
992 3157 1165 3212 animi
1195 3156 1404 3227 absque
1435 3156 1741 3210 certamine
1769 3155 2014 3209 vincunt.
2101 3159 2330 3224 propter
2357 3156 2660 3226 puritatem
2681 3158 3166 3230 cordis.Apostolo
3197 3177 3422 3232 quoque
3440 3168 3623 3228 σου
3638 3163 3688 3216 in

422 3247 493 3302 Et
523 3246 713 3301 omnia
742 3244 822 3299 eis
843 3260 964 3314 quae
985 3241 1340 3311 contigerint,
1365 3241 1614 3311 qualibet
1632 3257 1696 3294 ex
1709 3257 1878 3295 causa
1891 3256 2020 3293 con-

422 3341 651 3391 vertunt
676 3335 735 3388 in
753 3338 964 3399 votum,
990 3336 1048 3385 et
1058 3330 1396 3401 gratiasDeo
1417 3330 1624 3384 referre
1651 3346 1763 3384 non
1774 3334 2014 3393 cessant,

421 3425 518 3496 qui
547 3423 702 3478 dedit
729 3423 810 3477 eis
839 3427 904 3476 ut
929 3424 1194 3491 caperent
1221 3419 1326 3473 etsi
1355 3418 1515 3472 inviti
1559 3418 1802 3488 gratiam
1849 3419 2017 3472 casti-

419 3513 574 3569 tatis.
608 3513 803 3583 Neque
833 3509 1005 3580 igitur
1031 3508 1296 3562 audiendi
1313 3512 1445 3560 sunt
1465 3507 1561 3577 qui
1585 3507 1818 3561 tradunt
1845 3509 2018 3563 etiam

418 3603 526 3659 hoc
553 3601 785 3657 tertium
813 3615 991 3670 genus
1021 3595 1447 3661 eunuchizandi,
1471 3596 1620 3666 quod
1648 3596 2018 3667 fortissimum

417 3698 475 3748 et
501 3691 916 3747 sanctissimum
947 3693 1052 3754 est,
1101 3687 1249 3740 ferro
1290 3685 1376 3740 vel
1423 3691 1545 3742 arte
1591 3685 1843 3756 qualibet
1896 3686 2017 3740 ﬁeri

417 3781 660 3849 debere;
742 3785 808 3835 ut
855 3778 1103 3850 palmam
1158 3775 1399 3829 victoriae
1430 3814 1444 3840 ,
1510 3790 1624 3827 non
1679 3774 2016 3828 decertando

416 3872 597 3926 multo
619 3870 843 3934 sudore,
887 3867 986 3922 sed
1033 3881 1146 3920 uno
1193 3879 1478 3929 mucrone,
1532 3861 1680 3932 quod
1732 3860 1854 3915 fieri
1903 3877 2015 3914 non

416 3965 603 4030 potest
633 4001 647 4022 ,
707 3973 902 4011 omnes
959 3952 1438 4024 concupiscentias
1493 3950 1676 4004 carnis
1704 3993 1718 4015 ,
1796 3955 1859 4004 ut
1908 3949 2015 4019 ipsi

416 4049 887 4116 argumentantur
936 4043 1006 4096 ad
1074 4042 1323 4096 litteram
1355 4080 1369 4107 ,
1441 4039 1822 4110 praecidendas
1892 4055 2014 4092 esse

416 4133 727 4197 credamus,
786 4137 852 4185 ut
901 4131 1260 4200 quamplures
1319 4129 1533 4196 fecisse,
1593 4129 1762 4183 etiam
1814 4144 2012 4181 mona-

415 4220 669 4286 chorum,
698 4219 1092 4289 comperimus.
1127 4216 1268 4280 Quia
1297 4218 1402 4269 etsi
1432 4216 1490 4270 in
1529 4218 1703 4270 semel
1754 4217 2010 4270 voluntas

2101 3244 2296 3297 eadem
2331 3245 2612 3299 sententia
2637 3251 2998 3317 congruente,
3030 3250 3268 3316 Fratres,
3302 3250 3505 3321 inquit,
3537 3255 3691 3306 nolite

2092 3335 2261 3400 pueri
2283 3335 2410 3400 ﬁeri
2433 3337 2700 3402 sensibus,
2719 3337 2810 3389 sed
2831 3339 3055 3390 malitia
3079 3341 3313 3405 parvuli
3341 3345 3516 3405 estote,
3542 3355 3688 3394 sensu

2099 3425 2286 3474 autem
2310 3425 2611 3492 perfectiU
2629 3423 2751 3477 Cor.
2783 3438 2894 3483 xxv.
2917 3422 3027 3491 20).
3063 3426 3199 3489 Quae
3219 3425 3489 3482 nimirum
3520 3429 3689 3499 ﬁgura

2101 3526 2307 3581 magna
2322 3511 2674 3582 praecessitin
2690 3513 2883 3582 pueris
2911 3530 2922 3564 :
2949 3529 3145 3567 eorum
3163 3515 3376 3570 scilicet
3396 3531 3687 3587 puerorum

2101 3599 2196 3669 qui
2225 3600 2475 3670 quotidie
2503 3601 2815 3668 otl'eruntur
2839 3602 2954 3655 Deo
2980 3601 3052 3655 ab
3085 3603 3357 3673 angelicis
3388 3604 3683 3675 spiritibus,

2100 3687 2247 3739 vela
2276 3687 2548 3742 ministris
2577 3688 2790 3742 altaris.
2836 3689 2917 3743 De
2965 3689 3168 3760 quibus
3224 3691 3516 3746 Salvator:
3568 3693 3691 3748 Ecce

2097 3791 2210 3842 ego,
2237 3775 2438 3845 inquit,
2471 3781 2519 3829 et
2549 3779 2714 3844 pueri
2740 3779 2868 3843 mei,
2902 3794 3034 3846 quos
3063 3780 3209 3832 dedit
3240 3781 3386 3834 mihi
3427 3782 3687 3835 Dominus

2101 3863 2286 3928 (Hebr.
2323 3877 2383 3929 n,
2423 3861 2530 3933 13).
2561 3864 2713 3929 Quos
2742 3881 2878 3919 sane
2904 3882 3108 3936 pueros
3152 3866 3272 3938 ipse
3311 3869 3474 3939 quasi
3523 3869 3686 3939 depe-

2096 3950 2267 4005 situm
2296 3952 2542 4024 suscepit
2571 3969 2603 4006 a
2623 3953 2739 4007 Deo
2770 3953 2956 4019 Patre,
2983 3960 3048 4008 ut
3075 3955 3251 4009 salvet
3279 3972 3394 4010 eos.
3429 3957 3538 4012 Sed
3563 3956 3688 4028 quia

2094 4055 2242 4093 unus
2262 4041 2731 4111 evangelistarum
2743 4045 3008 4111 parvulos
3020 4043 3244 4109 dixit,et
3261 4045 3408 4098 alter
3428 4047 3682 4112 infantes;

2093 4128 2293 4183 tertius
2327 4146 2476 4195 vero,
2517 4134 2682 4185 sinite
2699 4147 2903 4200 pueros
2923 4136 3112 4186 venire
3140 4134 3216 4186 ad
3234 4149 3338 4200 me,
3355 4149 3468 4187 non
3481 4132 3682 4203 absque

2093 4220 2282 4290 aliquo
2328 4220 2573 4276 scientiae
2625 4227 2980 4276 sacramento
3024 4223 3304 4278 variatum
3355 4240 3478 4278 esse
3530 4229 3681 4294 puto.

412 4307 562 4365 bona
587 4307 712 4373 fuit,
739 4312 802 4360 ut
829 4322 888 4359 se
917 4309 1192 4358 castraret
1220 4303 1290 4356 ob
1340 4310 1608 4357 aeternam
1654 4304 1846 4370 vitam,
1897 4298 2365 4374 nonDQuoniam
2396 4311 2575 4364 multa
2601 4311 2919 4365 differentia
2942 4315 3028 4366 est,
3055 4311 3114 4365 in
3167 4312 3255 4365 his
3304 4312 3403 4383 qui
3441 4311 3681 4382 quotidie

409 4397 719 4453 secundum
747 4393 1039 4449 scientiam
1071 4392 1180 4446 fuit
1207 4397 1272 4446 ut
1299 4407 1536 4461 agonem
1567 4391 1896 4446 Christianae
1925 4411 2008 4447 re-

409 4486 633 4557 ligionis
658 4488 1060 4554 corrumperet,
1097 4486 1154 4536 et
1191 4481 1453 4552 deinceps
1499 4480 1619 4552 ipse
1665 4480 2005 4537 inofﬁciosus

2089 4397 2418 4463 offeruntur,
2451 4414 2691 4469 quorum
2720 4398 2815 4452 isti
2844 4399 3084 4453 formam
3114 4404 3332 4458 tenent.
3364 4401 3510 4455 Sunt
3535 4400 3681 4454 enim

2087 4485 2266 4554 pueri,
2287 4491 2418 4539 sunt
2436 4486 2670 4556 parvuli,
2699 4493 2833 4540 sunt
2853 4492 2910 4541 et
2927 4487 3222 4555 lactantes,
3236 4503 3378 4559 quos
3398 4488 3679 4544 inferiores

2086 4573 2390 4628 infantibus
2419 4575 2677 4646 parvulos
2706 4591 2826 4628 esse
2857 4575 3113 4630 dicimus.
3147 4576 3299 4640 Quos
3330 4577 3464 4648 quia
3482 4593 3675 4650 pueros

407 4580 466 4630 et
486 4574 638 4628 iners
652 4575 884 4645 jaceret.
910 4572 1041 4626 Ideo
1069 4571 1279 4624 Auctor
1304 4569 1500 4624 salutis
1530 4574 1734 4624 nostra:
1751 4576 1864 4624 tres
1887 4571 2005 4641 qui-

407 4664 533 4720 dem
558 4661 880 4735 proposuit;
900 4676 1077 4716 unum
1099 4660 1196 4730 qui
1225 4659 1533 4714 secundum
1562 4676 1807 4724 carnem,
1842 4658 2004 4730 quasi
2085 4659 2192 4714 sibi
2213 4662 2373 4716 datos
2403 4678 2524 4716 esse
2552 4661 2704 4729 dicit,
2731 4679 2796 4717 ex
2817 4679 2913 4718 ore
2940 4669 3311 4736 utrorumque
3338 4665 3556 4736 perﬁcit
3572 4663 3675 4719 sibi

405 4759 628 4818 natura,
660 4750 740 4804 ita
769 4749 1057 4817 nascitur;
1086 4754 1270 4814 *θθὸ
1299 4749 1541 4803 alterum
1570 4748 1664 4819 qui
1694 4748 1840 4802 facta
1859 4765 2000 4818 qua-
2081 4749 2304 4804 laudem
2331 4770 2342 4819 ;
2370 4756 2435 4805 ut
2465 4758 2863 4823 cognoscentes
2889 4753 3161 4809 beneﬁcia
3205 4755 3330 4825 ejus
3370 4756 3432 4812 in
3471 4754 3672 4827 pueris.

401 4841 540 4900 libet
567 4838 922 4904 necessitate,
955 4855 1021 4893 ac
1041 4838 1089 4893 si
1120 4839 1190 4892 ad
1219 4838 1440 4892 oculum
1472 4838 1850 4903 castiﬁcatur;
1880 4843 1997 4891 ter-
2081 4836 2329 4893 dicamus
2351 4841 2474 4910 :‘Ea:
2502 4856 2594 4895 ore
2613 4843 2930 4908 infantium
2963 4847 3012 4896 et
3041 4846 3377 4898 laetantium
3403 4844 3678 4913 per/“emisti

402 4932 546 4988 tium
564 4944 694 4984 vero
722 4927 819 4998 qui
846 4932 976 4981 voto
1001 4932 1056 4981 ct
1083 4928 1368 4981 voluntate
1397 4943 1498 4998 pro
1531 4925 1652 4980 Deo
1681 4931 1868 4980 castus
1883 4925 1996 4979 etti-
2079 4928 2299 4981 Iaudem
2330 4931 2494 4996 (Psal.
2527 4947 2636 4996 Vill,
2674 4928 2752 4998 3),
2791 4935 2858 4985 ut
2900 4931 3056 4986 nulla
3101 4937 3237 4987 sitas
3289 4931 3600 5004 excipiatur
3642 4947 3676 4982 a

399 5021 562 5077 citur.
590 5019 662 5074 Et
686 5017 855 5073 estin
885 5032 997 5070 uno
1030 5031 1222 5069 eorum
1261 5022 1466 5070 natura
1514 5015 1732 5081 vitiata,
1771 5014 1865 5085 qui
1913 5013 1994 5069 ita
2076 5014 2317 5070 Christo.
2352 5017 2460 5071 Sed
2489 5034 2695 5072 novum
2723 5019 2946 5073 videtur
2973 5019 3277 5090 discipulos
3318 5019 3672 5091 prohibuisse

394 5110 674 5166 nascitur:
706 5106 764 5161 in
794 5104 971 5159 altero
996 5119 1124 5156 vero
1175 5103 1475 5157 necessitas
1522 5104 1686 5169 facta,
1729 5120 1830 5174 pro
1879 5120 1990 5175 qua
2072 5102 2333 5171 infantes,
2360 5121 2432 5160 ne
2461 5107 2532 5160 ad
2561 5107 2850 5162 Christum
2866 5108 3226 5175 accederent;
3250 5109 3336 5163 vel
3353 5108 3668 5180 increpasse

388 5201 706 5256 truncatur.
737 5196 911 5250 Porro
940 5191 998 5246 in
1023 5190 1190 5246 tertio
1228 5207 1354 5260 spes
1385 5191 1544 5261 regni
1585 5193 1826 5247 ccelestis
1875 5193 1985 5247 ﬁde
2069 5191 2164 5262 qui
2195 5193 2593 5264 offerebantur,
2610 5202 2676 5251 ut
2691 5196 2772 5251 eis
2789 5197 3369 5269 manumimponeret,
3405 5203 3463 5252 ct
3476 5200 3666 5262 oraret

386 5287 578 5359 genita
603 5288 947 5357 propagatur
960 5281 1019 5336 in
1035 5279 1327 5343 charitate,
1357 5295 1468 5348 qua
1488 5281 1695 5335 multos
1712 5298 1982 5351 generare
2063 5296 2165 5350 pro
2194 5275 2294 5337 eis.
2321 5282 2450 5338 Non
2477 5289 2612 5354 puto
2634 5285 2798 5355 juxta
2825 5283 3094 5369 litteram,
3127 5285 3263 5356 quia
3309 5285 3522 5362 nollent
3561 5298 3659 5337 eos

385 5376 530 5432 ﬁlios
566 5373 747 5444 magis
777 5388 946 5444 quam
976 5385 1144 5424 carne
1175 5366 1438 5422 creditur.
1462 5367 1564 5422 Cui
1593 5368 1801 5423 similes
1830 5369 1976 5424 efﬁci
2064 5368 2367 5424 Salvatoris
2385 5387 2557 5426 manu
2577 5373 2754 5444 tangi,
2785 5373 2871 5428 vel
2895 5366 3024 5428 voce
3053 5373 3307 5428 benedici
3332 5393 3346 5441 ;
3379 5373 3490 5428 sed-
3518 5369 3652 5444 quia

381 5483 504 5535 nos,
526 5464 575 5521 si
599 5470 792 5520 tamen
821 5475 1138 5534 possumus,
1171 5455 1500 5522 admonuit;
1535 5457 1667 5527 quia
1695 5459 1812 5513 haec
1838 5457 1975 5512 dicit
2058 5458 2297 5514 necdum
2324 5459 2594 5516 habentes
2616 5462 3002 5534 plenissimam
3027 5463 3199 5520 ﬁdem
3217 5465 3306 5520 vel
3334 5463 3662 5532 intelligen:
