3888 6172
217 293 328 351 657

975 293 1354 352 EXPOSITIO
1394 296 1473 352 IN
1511 274 1955 353 MA'I'I‘H/EﬁM.
1999 329 2063 341 —
2104 301 2240 357 LIB.
2281 302 2376 370 1x,
2418 301 2576 358 exp.
2617 302 2762 358 XIX.

3390 296 3499 356 658

221 420 364 476 tiam
389 418 464 476 de
511 421 755 490 Christo,
783 417 1058 496 putabant
1083 436 1234 486 eum,
1285 422 1343 477 in
1394 421 1819 478 similitudinem
1838 421 2060 485 Anium
2088 440 2199 481 non
2228 442 2426 482 eorum
2455 426 2590 482 dicit
2618 444 2738 483 esse
2768 426 2868 499 qui
2896 431 3029 482 sunt
3055 425 3175 481 sine
3203 439 3372 480 sensu
3399 439 3492 480 re—

223 516 562 566 caeterorum
581 512 1256 577 hominum,oﬂ‘erentium
1277 512 1702 584 importunitate
1723 513 1828 566 las-

222 599 358 656 sari.
393 601 513 654 Nec
559 600 736 671 igitur
790 601 925 655 satis
980 601 1438 666 reminiscuntur,
1481 601 1628 672 quod
1658 601 1824 672 paulo

221 694 356 742 ante
403 687 842 759 benignissimus
891 690 1145 744 Salvator
1197 689 1475 760 accipiens
1528 691 1824 761 parvulum

220 778 429 832 statuit
457 795 589 832 eum
632 778 691 832 in
722 779 906 833 medio
933 795 1148 841 eorum,
1183 795 1248 833 ac
1275 779 1415 832 dixit
1449 799 1460 832 :
1493 779 1612 832 Nisi
1643 779 1824 832 effecti

216 865 444 920 fueritis
463 868 611 921 sicut
630 868 894 938 parvulus
918 867 1044 935 iste,
1067 884 1180 922 non
1205 867 1488 922 intrabitis
1507 867 1564 921 in
1585 884 1823 938 regnum

222 954 527 1023 ccelorum;
555 963 613 1011 et
631 973 759 1011 ecce
780 957 972 1012 statim
1002 957 1389 1012 obliviscentes
1417 956 1649 1028 puerilis
1671 957 1827 1011 inno-

221 1045 424 1098 centiae
453 1045 726 1100 vetabant
743 1063 947 1118 pueros
971 1046 1040 1100 ad
1058 1046 1360 1111 Christum,
1382 1046 1539 1117 quasi
1568 1045 1825 1116 indignos

217 1134 512 1201 accedere,
544 1135 631 1189 vel
675 1136 836 1206 quasi
884 1135 1254 1207 importunos,
1290 1135 1359 1188 ad
1392 1151 1630 1206 quorum
1662 1137 1826 1189 inno-

219 1224 470 1277 centiam
492 1224 601 1294 ipsi
620 1224 844 1278 fuerant
872 1225 1173 1295 provocati,
1202 1231 1266 1278 ut
1290 1224 1602 1278 imitatores
1633 1241 1825 1278 eorum

220 1312 446 1366 ﬁerent.
480 1313 597 1366 Nec
627 1312 933 1367 attendunt
957 1313 1127 1366 ﬁdem
1157 1329 1350 1366 eorum
1382 1312 1477 1383 qui
1505 1328 1598 1365 eos
1627 1312 1828 1365 oﬁ‘ere-

217 1400 360 1455 bant
391 1406 462 1456 ut
484 1407 748 1472 tangeret
778 1418 891 1467 eos,
929 1401 1089 1472 quasi
1112 1403 1231 1472 jam
1263 1417 1328 1455 ex
1359 1400 1820 1472 praecedentibus,

219 1489 496 1544 virtutem
517 1492 640 1561 ejus
671 1492 883 1562 experti
914 1509 926 1557 ;
960 1490 1224 1561 quoniam
1270 1507 1369 1562 per
1405 1489 1823 1562 impositionem

218 1595 502 1634 manuum
525 1587 584 1634 et
628 1597 730 1651 per
777 1580 1109 1644 orationem,
1139 1596 1251 1634 non
1282 1580 1448 1634 modo
1479 1579 1706 1647 Christi,
1739 1596 1824 1632 ve-

212 1685 343 1723 rum
378 1669 557 1723 etiam
599 1675 656 1723 et
700 1669 1087 1724 ministrorum
1129 1670 1270 1739 ejus,
1301 1669 1653 1739 repelluntur
1684 1686 1826 1739 pra:-

1903 530 2080 582 gnum
2110 517 2395 582 caelorum,
2424 517 2522 571 sed
2550 518 2752 572 talium
2782 517 2877 589 qui
2902 533 3003 588 per
3029 514 3410 570 humilitatem
3440 518 3498 569 et

1905 618 2094 658 veram
2115 604 2495 660 innocentiam
2520 606 2651 660 facti
2673 611 2855 670 198
2868 611 3002 660 sunt
3020 604 3164 658 sicut
3182 601 3496 674 pueri,cum

1906 689 2020 744 sint
2039 709 2205 747 sensu
2236 694 2463 764 perfecti
2482 701 2539 749 et
2567 695 2872 748 intellectu.
2897 694 3075 758 Quem
3101 708 3237 746 sane
3268 705 3498 745 sensum

1905 781 2154 848 apertius
2212 784 2571 838 commendat
2629 783 2806 837 Lucas
2863 783 3220 852 evangelista,
3283 781 3494 843 dicens,

1904 869 2086 924 Amen
2125 871 2247 925 dico
2276 872 2451 932 vobis.
2477 872 2570 942 qui
2597 888 2710 926 non
2738 871 3015 942 receperit
3039 886 3275 940 regnum
3306 869 3406 924 Dei
3427 869 3500 922 si-

1905 964 2000 1012 cut
2018 975 2176 1030 puer,
2202 976 2312 1014 non
2330 960 2563 1014 intrabit
2581 960 2641 1014 in
2670 960 2829 1016 illud.
2847 960 3124 1024 Quoniam
3140 958 3500 1029 perfectiores

1907 1053 2040 1101 sunt
2068 1049 2173 1102 etsi
2217 1050 2377 1119 pueri
2406 1049 2683 1114 dicantur,
2718 1049 2813 1120 qui
2856 1065 3094 1118 regnum
3138 1047 3240 1102 Dei
3277 1063 3390 1101 non
3419 1047 3502 1100 ita

1910 1136 2188 1207 recipiunt
2206 1143 2270 1192 ut
2296 1143 2536 1209 oportet.
2568 1139 2633 1194 Et
2658 1153 2774 1192 ecce
2791 1155 2937 1192 unus
2951 1138 3204 1192 accedens
3226 1137 3368 1191 dixit
3405 1139 3456 1189 ei
3487 1154 3503 1189 :

1911 1227 2172 1292 Magister
2213 1229 2363 1293 bona,
2400 1230 2544 1296 quod
2587 1229 2714 1280 boni
2752 1229 2960 1294 faciam
2991 1233 3051 1279 ut
3081 1227 3305 1280 habeam
3333 1229 3510 1280 vitam

1909 1320 2170 1386 sternam
2191 1322 2214 1368 ?
2245 1316 2402 1386 Saepe
2429 1315 2688 1386 superius
2717 1315 2831 1369 dixi
2859 1321 2917 1369 et
2944 1315 3194 1369 dicturus
3224 1331 3369 1381 sum,
3399 1314 3507 1370 fra-

1908 1408 2042 1470 tres,
2058 1404 2206 1474 quod
2227 1421 2421 1459 omnes
2449 1404 2875 1474 Evangeliorum
2887 1404 3178 1458 sententiae
3195 1405 3498 1476 omniaque

1905 1497 2066 1562 gesta
2100 1493 2268 1564 plena
2303 1499 2436 1548 sunt
2479 1493 2881 1558 sacramentis;
2922 1493 3001 1546 ita
3056 1498 3121 1547 ut
3161 1508 3283 1563 quae
3307 1493 3500 1548 futura

1907 1589 2058 1649 sunt,
2099 1583 2168 1636 de
2198 1583 2286 1636 his
2332 1599 2455 1653 quae
2497 1583 3005 1655 impraesentiarum
3032 1589 3328 1653 geruntur,
3362 1600 3501 1654 prte-

1907 1677 2309 1726 monstrentur.
2337 1671 2427 1726 Sic
2452 1673 2658 1743 quippe
2687 1672 2945 1727 Christus
2965 1672 3295 1743 plerumque
3333 1672 3498 1738 solet,

211 1757 391 1827 stigia
428 1757 902 1824 adversariorum,
947 1764 1003 1813 et
1031 1763 1331 1829 praestatur
1365 1758 1551 1828 gratia
1581 1759 1886 1834 sanctiﬁ-B
1906 1761 2129 1830 quando
2159 1761 2228 1814 de
2259 1761 2527 1832 mysterio
2557 1761 2798 1830 alicujus
2825 1761 2907 1814 rei
2937 1761 3227 1815 locuturus
3254 1765 3386 1815 ante
3409 1761 3500 1815 in-

210 1847 658 1912 cationis.Quod
687 1849 735 1902 si
765 1847 1000 1918 apostoli
1025 1848 1145 1918 jam
1176 1864 1242 1901 ex
1271 1847 1379 1900 ﬁde
1409 1846 1710 1902 credebant
1729 1864 1823 1902 eos
1905 1849 2151 1904 troducit
2178 1849 2546 1920 corporaliter
2573 1849 2822 1918 aliquam
2848 1848 3146 1915 actionem,
3165 1847 3249 1902 vel
3280 1854 3502 1903 senten-

219 1939 414 2001 του
441 1952 565 1990 esse
586 1937 1034 2001 sanctiﬁcandos,
1068 1940 1126 1990 et
1150 1935 1207 1989 in
1237 1935 1318 1990 eis
1338 1953 1459 1990 esse
1488 1936 1724 1990 formam
1743 1936 1825 1990 fu-
1904 1939 2062 2003 tiam,
2092 1938 2334 2008 idipsum
2363 1937 2794 2006 signiﬁcantem,
2828 1938 2976 2006 quod
3007 1936 3383 2008 autpraeteriti
3415 1941 3503 1992 est

211 2028 502 2090 turorum,
538 2025 879 2096 evangelista
909 2026 1167 2080 eﬁ‘ectum
1203 2025 1496 2095 praesentis
1534 2024 1636 2091 rei,
1668 2025 1822 2079 futu-
1907 2027 2091 2098 Operis
2119 2032 2218 2081 aut
2236 2025 2524 2091 futuri;ut
2541 2043 2608 2080 ex
2628 2042 2694 2079 eo
2715 2025 3059 2079 occasionem
3080 2025 3369 2080 inveniens
3383 2042 3501 2080 cor-

210 2131 528 2186 rorumque
557 2115 638 2169 sic
666 2121 963 2186 temperat,
995 2120 1060 2169 ut
1088 2115 1362 2169 rationem
1394 2115 1688 2185 utriusque
1719 2114 1820 2178 rei,
1906 2117 2156 2187 poralem
2183 2114 2562 2169 narrationem
2594 2115 2870 2187 mysterii,
2897 2131 3066 2186 quam
3096 2115 3388 2186 proposuit
3410 2131 3501 2170 ex-

217 2204 472 2258 mediam
495 2209 552 2258 et
567 2220 877 2274 congruam
905 2205 1153 2276 aperiat;
1176 2210 1240 2260 ut
1260 2220 1440 2275 perea
1468 2220 1591 2275 quae
1623 2203 1826 2258 efﬁcie-
1905 2210 2197 2276 aequatur;
2235 2209 2300 2258 ut
2342 2209 2478 2275 puta
2519 2204 2588 2258 de
2638 2203 3042 2274 compescenda
3085 2203 3496 2258 Pharisaeorum

213 2293 432 2347 bantur
471 2292 530 2346 in
579 2293 788 2363 pueris,
823 2294 1116 2365 prophetia
1169 2293 1344 2348 futuri
1387 2298 1819 2348 monstraretur.
1899 2294 2174 2363 jactantia
2199 2293 2349 2364 apud
2376 2293 2583 2347 Lucam
2603 2308 2728 2347 cum
2759 2293 3050 2347 locuturus
3077 2291 3294 2358 fuisset,
3327 2292 3500 2348 intro-

212 2382 368 2436 Nam
402 2381 646 2436 infantes
691 2399 821 2436 vere
865 2383 1037 2437 oblati
1084 2388 1236 2447 sunt,
1288 2399 1528 2454 vereque
1574 2381 1816 2447 inhibiti,
1904 2383 2062 2436 duxit
2090 2383 2334 2454 primum
2379 2381 2748 2453 hydropicum
2777 2387 2835 2435 et
2863 2380 3099 2446 sanavit,
3127 2385 3410 2452 quatenus
3439 2381 3500 2436 in

213 2470 355 2540 quia
385 2469 627 2524 formam
677 2471 1030 2542 praetendunt
1056 2472 1334 2542 gentium,
1371 2471 1574 2542 quibus
1604 2487 1705 2542 per
1735 2475 1820 2523 ta-
1905 2471 2182 2542 corporali
2211 2478 2431 2525 tumore
2460 2469 2778 2541 hydropicze
2808 2469 3154 2524 inﬁrmitatis
3192 2469 3499 2525 Pharisaeo-

212 2565 375 2612 ctum
405 2558 536 2612 ﬁdei
567 2563 623 2613 et
659 2559 918 2614 auditum
963 2561 1116 2615 salus
1158 2559 1482 2632 parabatur.
1518 2560 1625 2613 Sed
1665 2575 1821 2613 more
1904 2577 2030 2614 rum
2054 2560 2329 2630 jactantia
2358 2559 2810 2630 perpingeretur,
2826 2565 2882 2611 et
2902 2559 3157 2612 inﬂatio:
3189 2559 3270 2612 sic
3299 2563 3358 2612 et
3384 2558 3496 2626 hic,

210 2649 374 2702 Iona:
403 2648 692 2719 propheta:
721 2648 978 2721 discipuli
995 2666 1090 2704 eos
1113 2649 1369 2704 inhibent
1388 2650 1671 2714 accedere,
1695 2666 1820 2720 pro-
1903 2649 2117 2704 sicutet
2136 2649 2195 2702 in
2217 2664 2385 2718 quam
2408 2647 2665 2718 plurimis
2688 2646 2996 2712 locis,hunc
3025 2645 3334 2701 introducit
3358 2647 3499 2702 ado-

210 2742 344 2809 pter
371 2738 635 2792 allectum
665 2737 752 2791 sui
779 2739 1002 2809 generis
1027 2758 1040 2793 :
1073 2740 1208 2810 quia
1236 2740 1484 2811 primum
1533 2739 1818 2793 Israelitas
1899 2739 2221 2803 lescentem,
2245 2754 2370 2791 cum
2393 2736 2462 2790 de
2483 2735 3134 2807 repulsioneJudaaorum
3151 2740 3209 2789 et
3227 2734 3500 2790 electione

210 2825 516 2880 salvandos
551 2841 674 2880 esse
714 2825 1043 2880 decernunt.
1075 2827 1339 2897 Alioquin
1367 2827 1699 2898 prohibendi
1728 2845 1818 2882 vo-
1896 2827 2177 2898 gentium,
2226 2825 2556 2898 mysterium
2601 2841 2876 2896 exponere
2914 2823 3198 2890 voluisset,
3249 2825 3401 2896 quod
3438 2830 3498 2880 et

209 2914 426 2980 luntas,
463 2930 533 2968 ne
562 2914 634 2968 ad
665 2914 952 2970 Christum
996 2915 1249 2969 venirent
1277 2916 1457 2986 pueri.
1489 2915 1817 2970 liberalitati
1902 2923 2057 2972 retro
2080 2918 2199 2987 jam
2221 2915 2772 2988 praemonstravimus
2798 2914 2857 2969 in
2891 2913 3158 2986 parvulis.
3181 2914 3343 2969 Unde
3364 2913 3502 2972 etin

210 3002 539 3074 apostolicae
587 3019 698 3058 non
741 3003 1125 3058 conveniebat.
1158 3004 1266 3058 Sed
1317 3004 1375 3058 in
1414 3005 1658 3076 typicam
1687 3021 1820 3058 con-
1904 3009 2044 3061 ﬁnes
2074 3007 2245 3076 hujus
2271 3005 2395 3069 loci,
2416 3021 2542 3059 cum
2571 3004 2642 3058 ad
2669 3003 2900 3058 Petrum
2929 3019 3248 3058 sermonem
3275 3005 3499 3059 conclu-

213 3092 660 3146 summationem
689 3092 1166 3164 prohibendorum
1206 3093 1505 3147 infantium
1535 3093 1812 3164 surrepsit
1830 3083 1873 3143 C
1895 3096 2080 3159 sisset,
2100 3095 2203 3149 ait:
2222 3096 2388 3149 Multi
2409 3099 2577 3147 erunt
2611 3096 2900 3147 novissimi
2917 3094 3113 3161 primi,
3137 3097 3186 3145 et
3196 3095 3381 3161 primi
3403 3109 3500 3148 no-

208 3180 538 3247 instinctus,
559 3197 660 3252 pro
683 3198 791 3253 quo
804 3181 1076 3236 Dominus
1097 3181 1176 3236 ait
1191 3198 1302 3236 non
1329 3188 1587 3254 oportere
1619 3183 1812 3254 prohi-

208 3269 354 3335 beri,
379 3269 518 3341 quia
537 3270 736 3324 talium
757 3275 844 3324 est
871 3287 1110 3342 regnum
1129 3271 1417 3325 calorum.
1447 3273 1646 3326 Munus
1663 3270 1813 3324 enim

207 3365 265 3412 et
302 3359 523 3413 donum
554 3359 795 3430 Spiritus
821 3361 1000 3415 sancti
1039 3376 1139 3432 per
1166 3359 1583 3431 impositionem
1613 3376 1814 3414 manus

206 3454 265 3502 et
304 3464 412 3519 per
461 3449 792 3514 orationem,
827 3458 1081 3504 cessante
1120 3449 1261 3520 legis
1299 3465 1486 3520 opere,
1528 3454 1652 3503 erat
1680 3465 1814 3519 gen-

205 3536 364 3592 tibus
392 3539 776 3609 largiendum.
824 3540 1180 3611 Quapropter
1231 3545 1288 3593 et
1344 3556 1445 3593 nos
1501 3539 1643 3594 tales
1689 3539 1810 3594 efﬁ-

205 3627 452 3695 ciamur,
510 3632 576 3682 ut
625 3627 796 3682 etiam
846 3628 1066 3700 parvuli
1123 3643 1291 3682 sensu
1348 3629 1639 3683 salventur
1713 3643 1813 3699 per

203 3731 347 3784 nos;
381 3733 500 3772 non
535 3717 716 3771 solum
765 3734 878 3773 non
932 3718 1327 3789 prohibeamus
1371 3735 1575 3789 pueros
1621 3717 1811 3772 venire

204 3805 277 3858 ad
333 3806 650 3873 Christum,
702 3809 800 3862 sed
852 3809 1025 3863 etiam
1069 3808 1178 3880 ipsi
1224 3824 1351 3863 cum
1395 3807 1584 3879 pueris
1632 3807 1814 3862 ell‘ecti

205 3895 369 3965 quasi
390 3895 577 3966 pueri,
601 3895 660 3950 in
677 3896 995 3952 humilitate
1015 3897 1364 3952 voluntatem
1394 3896 1616 3952 Domini
1636 3896 1812 3950 adim-

204 3983 492 4053 pleamus.
525 3983 669 4048 Quia
695 3986 839 4040 tales
868 3986 1048 4040 eﬁ‘ecti
1084 3991 1217 4041 sunt
1258 3985 1516 4058 apostoli,
1552 3987 1812 4040 hortante

203 4076 260 4122 et
286 4071 535 4125 docente
555 4072 811 4131 Domino.
840 4073 1178 4128 utilitatibus
1199 4091 1502 4146 puerorum
1518 4075 1812 4128 consulen-

203 4164 289 4212 tes
319 4159 461 4214 facti
490 4166 625 4214 sunt
653 4161 863 4216 eisdem
889 4163 1078 4233 pueris
1107 4163 1267 4234 quasi
1297 4163 1476 4234 pueri,
1506 4169 1570 4216 ut
1600 4179 1807 4234 pueros

205 4249 589 4303 lucrarentur.
621 4250 689 4304 Et
719 4251 1030 4305 notandum
1076 4251 1211 4323 quia
1249 4252 1537 4306 Matthzeus
1581 4268 1711 4305 cum
1739 4250 1810 4305 ob

203 4337 347 4392 duas
376 4354 578 4392 causas
625 4338 840 4394 oblatos
881 4340 1033 4394 dicat
1083 4340 1307 4394 eosdem
1336 4357 1560 4411 pueros,
1594 4357 1705 4394 non
1737 4339 1808 4392 ad

1895 3184 2228 3240 vissimi.Ac
2257 3184 2461 3239 deinde
2477 3201 2543 3238 ex
2564 3184 2669 3238 hoc
2695 3189 2874 3238 totam
2905 3181 3059 3236 illam
3088 3197 3212 3252 qum
3240 3182 3498 3253 sequitur

1895 3272 2221 3344 parabolam
2274 3274 2577 3344 componit.
2619 3273 2974 3343 Quapropter
3012 3276 3070 3324 et
3106 3269 3197 3324 hic
3243 3271 3496 3342 primum

1895 3362 2159 3433 proponit
2174 3363 2322 3416 hunc
2351 3363 2764 3416 adolescentem
2793 3360 3044 3426 divitem,
3069 3376 3135 3414 ac
3160 3359 3357 3428 levem,
3375 3360 3493 3432 glo-

1896 3451 2158 3513 riantem,
2189 3456 2246 3504 et
2273 3450 2515 3522 amplius
2563 3455 2848 3503 amantem
2896 3448 3044 3503 bona
3092 3465 3195 3504 sua
3223 3449 3490 3516 carnalia,

1895 3556 2062 3610 quam
2093 3538 2347 3593 caelestia
2377 3538 2585 3592 Christi
2616 3537 2910 3608 promissa,
2932 3543 3008 3591 .ut
3034 3537 3092 3591 in
3121 3554 3363 3608 persona
3389 3538 3493 3594 hu-

1887 3627 1984 3696 jus
2013 3627 2380 3681 adolescentis
2400 3633 2520 3680 tota
2547 3626 2765 3680 Judaici
2793 3626 3183 3697 populiforma
3209 3628 3490 3698 exprima-

1892 3721 1988 3770 tur
2018 3722 2075 3770 et
2103 3715 2308 3787 passio,
2326 3721 2556 3787 propter
2583 3731 2752 3786 quam
2783 3716 3007 3770 Christo
3040 3715 3270 3769 credere
3298 3716 3491 3770 nolue-

1895 3811 2047 3871 runt,
2087 3805 2145 3858 id
2175 3810 2260 3858 est
2286 3810 2516 3876 propter
2544 3803 2650 3858 sibi
2680 3803 2977 3875 placentia,
3010 3809 3242 3874 propter
3263 3804 3488 3873 jactan-

1894 3892 2052 3958 tiam,
2085 3900 2312 3965 propter
2336 3899 2582 3965 quaestus
2612 3910 2752 3964 quos
2784 3891 3082 3963 capiebant
3109 3907 3176 3944 ex
3194 3891 3489 3962 lege.Pro-

1896 3988 2090 4055 pterea
2120 3999 2463 4054 quaecunque
2503 3983 2768 4037 dicuntur
2797 3982 2866 4036 de
2907 3981 3322 4036 adolescentulo
3365 3981 3484 4047 illo,

1893 4073 1972 4127 sic
1999 4077 2132 4125 sunt
2150 4071 2492 4141 accipienda,
2525 4070 2687 4141 quasi
2716 4071 2786 4125 de
2815 4069 3020 4142 populo
3049 4069 3282 4124 Judaico
3312 4068 3486 4126 dicta.

1891 4161 2157 4215 Iudaicus
2195 4176 2328 4230 ergo
2371 4160 2611 4231 populus
2649 4165 2772 4214 erat
2799 4159 3126 4214 adolescens
3152 4174 3266 4212 non
3295 4163 3483 4225 aetate,

1891 4249 1987 4304 sed
2018 4247 2240 4302 levitate
2288 4267 2300 4302 :
2351 4249 2599 4303 moribus
2632 4249 2989 4315 immaturus,
3022 4247 3118 4302 sed
3150 4263 3264 4302 non
3298 4247 3483 4302 annis.

1893 4336 2000 4391 Sed
2031 4341 2087 4390 et
2113 4336 2304 4390 omnia
2331 4337 2578 4391 carnalia
2601 4337 2735 4390 vitia
2763 4353 2864 4390 seu
2889 4336 3163 4406 juvenilia
3185 4335 3381 4408 gessit,
3417 4335 3488 4389 de

204 4426 435 4480 easdem
481 4428 621 4481 duas
663 4428 856 4483 intulit
891 4429 948 4483 in
998 4430 1168 4483 ﬁnem
1215 4446 1338 4500 quae
1381 4434 1713 4500 sequuntur.
1741 4429 1805 4482 Et
1828 4425 2097 4497 unibus
2133 4431 2320 4492 τω
2357 4427 2494 4481 dicit
2531 4427 2858 4498 apostolus:
2888 4428 3171 4481 Juvenitia
3212 4425 3486 4479 desideria

203 4531 332 4568 cum
364 4519 710 4584 imposuisset
739 4521 831 4582 eis,
881 4517 1085 4589 inquit,
1118 4535 1339 4584 manus,
1383 4521 1523 4572 abiit
1559 4521 1726 4585 inde;
1755 4523 1813 4572 et

206 4619 318 4658 non
347 4604 570 4658 addidit
599 4605 748 4676 quod
778 4613 1011 4660 orasset.
1045 4607 1274 4660 Poterat
1302 4609 1450 4662 enim
1481 4608 1560 4662 sic
1601 4608 1805 4672 dicere,

203 4697 259 4744 et
286 4692 592 4763 imponens
624 4710 825 4748 manus
864 4700 923 4748 et
950 4711 1140 4767 orans,
1176 4694 1314 4749 abiit
1341 4696 1503 4762 inde;
1531 4695 1628 4750 ubi
1669 4696 1811 4750 forte

204 4781 440 4852 aliquod
469 4782 609 4836 latet
635 4790 1072 4850 sacramentum,
1117 4785 1277 4855 quasi
1308 4785 1432 4839 istis
1461 4785 1566 4839 hoc
1592 4792 1812 4839 tantum

201 4873 509 4937 sufﬁceret,
571 4874 705 4944 quia
749 4874 1020 4946 imposuit
1073 4875 1154 4930 eis
1211 4891 1444 4943 manus;
1502 4874 1814 4946 majoribus

205 4968 403 5015 autem
429 4968 689 5017 servatur
730 4968 911 5018 oratio
942 4964 1172 5031 Christi,
1219 4965 1314 5036 qui
1353 4970 1590 5036 possunt
1612 4982 1812 5036 capere

201 5066 312 5105 non
347 5049 532 5104 solum
576 5051 996 5123 impositionem
1026 5070 1298 5108 manuum
1337 5055 1460 5124 ejus
1501 5071 1672 5124 super
1725 5071 1805 5120 se,

199 5157 399 5195 verum
431 5140 603 5195 etiam
633 5142 945 5196 orationem
969 5144 1090 5214 ejus
1120 5144 1190 5197 ad
1212 5145 1458 5210 Patrem,
1492 5161 1605 5215 qua
1631 5145 1811 5198 oravit

198 5245 301 5299 pro
345 5247 426 5284 se.
455 5229 632 5284 Porro
665 5237 731 5284 ut
757 5231 891 5297 dixi,
927 5231 1237 5287 minoribus
1265 5233 1454 5304 pueris
1484 5233 1628 5287 forte
1656 5233 1808 5288 sufﬁ-

198 5319 276 5373 cit
297 5317 588 5389 impositio
611 5335 903 5384 manuum,
927 5319 1128 5389 quibus
1143 5337 1238 5376 eos
1258 5327 1490 5392 tangere
1518 5323 1802 5392 dignatur,

202 5407 398 5461 dicens
439 5407 592 5477 quod
633 5407 830 5461 talium
879 5408 954 5462 sit
993 5425 1229 5479 regnum
1277 5411 1566 5464 caelorum.
1603 5411 1664 5466 In
1695 5428 1806 5482 quo

202 5495 486 5561 hortatur,
521 5500 588 5549 ut
615 5511 781 5550 nemo
809 5496 884 5551 sit
907 5503 1024 5551 tam
1063 5498 1288 5568 sapiens
1317 5498 1374 5552 in
1406 5499 1651 5553 Ecclesia
1679 5500 1806 5567 Dei,

205 5585 301 5654 qui
322 5582 559 5652 gloriari
593 5583 796 5639 debeat
822 5585 1087 5640 adversus
1117 5585 1378 5657 parvulos
1398 5587 1629 5642 Christi.
1663 5587 1807 5652 Quo-

1891 4517 2018 4583 Ῐιιθε
2046 4517 2122 4582 (ΙΙ
2164 4519 2302 4571 Tim.
2342 4532 2402 4582 II,
2437 4517 2546 4584 22).
2582 4515 3056 4588 Superbissimum
3106 4519 3296 4568 autem
3319 4515 3484 4583 juve-

1893 4604 2004 4658 nile
2031 4605 2231 4660 vitium
2261 4612 2347 4660 est
2368 4606 2629 4676 gloriatio
2667 4622 2830 4671 vana,
2871 4620 2984 4676 qua
3012 4603 3137 4675 plus
3165 4602 3286 4656 vult
3307 4600 3485 4654 videri

1896 4709 2062 4766 quam
2085 4710 2226 4759 esse,
2255 4694 2400 4748 sicut
2427 4693 2697 4764 populum
2713 4692 3034 4747 Judaeorum
3064 4691 3237 4744 fuisse
3252 4704 3486 4758 cognos-

1895 4783 2094 4836 cimus.
2127 4783 2206 4836 De
2236 4781 2436 4853 quibus
2468 4781 2741 4836 Dominus
2773 4798 2784 4834 :
2821 4781 3025 4835 Omnia
3054 4794 3216 4848 opera
3259 4793 3361 4832 sua
3394 4777 3487 4844 fa-

1896 4875 2072 4937 ciunt,
2093 4876 2154 4924 ut
2171 4873 2468 4924 vidcantur
2492 4872 2560 4924 ab
2588 4870 2926 4934 hominibus,
2939 4872 2989 4922 et
3003 4869 3252 4935 diligunt
3266 4868 3485 4948 primas

1897 4962 2181 5015 cathedras
2205 4963 2268 5013 in
2282 4962 2590 5028 synagogis,
2611 4964 2717 5012 etc.
2734 4959 2948 5028 (Matth.
2979 4973 3089 5021 xxx,
3115 4955 3223 5024 25.)
3251 4955 3487 5024 Pr0pter

1896 5048 2044 5120 quod
2070 5047 2198 5102 ﬁcui
2229 5053 2648 5118 comparantur,
2676 5046 2948 5102 habentes
2967 5045 3100 5100 folia
3128 5043 3248 5098 sine
3275 5043 3482 5095 fructu.

1893 5139 1963 5193 Et
1988 5137 2113 5191 vide
2141 5137 2200 5191 in
2230 5137 2454 5191 exordio
2485 5137 2824 5191 narrationis
2853 5135 3029 5208 ipsius
3053 5133 3245 5205 populi
3273 5146 3480 5185 mores.

1889 5226 2036 5282 Dicit
2073 5225 2224 5280 enim
2252 5244 2264 5279 :
2295 5227 2556 5294 Magister
2586 5228 2735 5292 bone,
2769 5227 2906 5295 quid
2947 5227 3074 5278 boni
3105 5225 3333 5290 faciam,
3373 5235 3482 5287 quo

1889 5321 2063 5372 vitam
2107 5319 2370 5370 aeternam
2396 5317 2735 5384 possideam?
2765 5313 2910 5378 Quia
2933 5327 3156 5382 semper
3177 5308 3486 5380 gloriantes

1889 5407 1948 5462 in
1978 5409 2120 5478 lege,
2153 5410 2212 5457 et
2254 5422 2353 5476 per
2371 5404 2883 5476 praevaricationem
2913 5401 3072 5471 legis,
3099 5401 3280 5454 Deum
3310 5395 3486 5452 exho-

1889 5501 2184 5552 norarunt.
2214 5495 2412 5548 Adhuc
2433 5493 2726 5548 considera
2748 5491 2882 5562 quia
2908 5489 3052 5543 nihil
3066 5488 3136 5542 de
3163 5485 3484 5557 cognitione

1888 5587 1990 5642 Dei
2015 5586 2358 5654 interrogat;
2393 5582 2535 5649 nihil
2551 5582 2619 5650 de
2640 5581 2780 5657 ﬁde;
2813 5577 2954 5633 nihil
2978 5582 3043 5633 ut
3066 5577 3248 5632 Deum
3260 5584 3488 5630 νει-θοο-

3471 5783 3519 5827 β.
