3888 6172
245 313 354 374 661

990 316 1370 413 EXPCSITIO
1408 319 1488 375 IN
1523 317 1975 378 MATTHIEUM.
2017 353 2084 367 —
2119 325 2257 380 LIB.
2300 324 2395 389 IX,
2437 321 2594 379 CAP.
2633 320 2782 377 XIX.

244 456 384 511 eum
421 456 554 510 vero
600 440 905 497 Dominum
954 441 1183 507 credere
1213 448 1269 496 et
1322 444 1594 499 conﬁteri.
1643 444 2072 511 TamenADeo,
2097 466 2222 513 cum
2244 448 2609 502 immolarunt
2622 445 2807 500 idolis.
2832 446 2952 500 Non
2978 446 3201 514 furtum
3221 443 3530 512 facies.Fu-

244 549 385 606 ergo
409 530 553 601 dixit
578 531 685 585 iste
713 547 827 585 non
857 530 1230 586 essentialiter
1257 531 1485 599 bonum,
1502 536 1725 609 qualem
1754 535 1847 589 ille

243 620 600 691 adolescens,
621 624 678 675 et
692 618 1048 695 Magistrum,
1071 624 1258 697 δατ
1275 622 1380 675 hoc
1397 624 1484 677 e‘st
1499 640 1702 711 purum
1721 641 1851 678 con-

243 710 433 765 fessus
457 713 545 769 est
569 709 857 766 hominem
880 727 894 777 ;
922 709 1092 773 etiam
1118 725 1230 766 non
1253 709 1483 777 bonum,
1511 709 1671 784 quia,
1706 712 1850 769 sicut

242 796 339 851 hic
367 797 509 869 vult,
538 813 654 863 non
683 802 771 867 est
811 814 982 865 ausus
1032 798 1288 859 Christus
1313 815 1372 852 se
1400 799 1586 858 dicere
1615 800 1845 869 bonum,

244 887 386 960 quia
412 903 582 953 nemo
617 885 798 955 bonus
817 886 927 941 nisi
954 886 1105 942 solus
1134 887 1302 949 Deus.
1330 890 1523 943 Nescit
1549 888 1639 943 hic
1670 906 1849 944 caecus

242 975 571 1052 disputator
599 976 748 1049 quod
775 975 1117 1048 increpantis
1148 982 1232 1031 est
1250 994 1371 1042 vox,
1400 978 1487 1032 vel
1523 977 1849 1050 improban-

241 1054 505 1136 tis,'cum
531 1063 637 1118 ait:
665 1064 780 1121 Cur
807 1065 1045 1126 medicis
1062 1067 1263 1120 bonum
1281 1072 1304 1119 ?
1321 1067 1399 1120 Ac
1421 1066 1468 1121 si
1490 1067 1719 1133 diceret,
1735 1068 1850 1121 Cur

243 1170 340 1211 me
366 1153 536 1225 ﬁngis
564 1153 718 1221 aliud
740 1153 798 1208 in
827 1154 992 1209 corde
1012 1160 1111 1209 tuo
1132 1171 1299 1231 quam
1324 1154 1566 1210 bonum?
1588 1172 1717 1210 cum
1744 1172 1846 1226 ego

245 1260 379 1299 sum
399 1243 550 1309 Deus
579 1243 748 1298 homo
778 1243 953 1297 bonus
980 1261 993 1313 ;
1025 1243 1196 1298 talem
1243 1261 1376 1317 ergo
1416 1244 1539 1305 dico
1564 1245 1846 1307 neminem

247 1332 632 1400 essentialiter
660 1349 782 1387 esse
811 1331 1038 1398 bonum,
1071 1333 1294 1404 qualem
1326 1350 1416 1387 me
1447 1338 1509 1387 tu
1548 1331 1848 1405 suspicaris

243 1421 563 1508 hominem,
600 1421 991 1489 tantummodo
1040 1422 1166 1479 ﬁcte
1223 1438 1391 1508 quem
1430 1422 1569 1477 dicis
1612 1422 1844 1491 bonum.

248 1506 413 1569 Unde
437 1517 493 1567 et
520 1525 670 1579 eum,
702 1509 751 1563 si
784 1509 951 1564 vellet
977 1509 1150 1564 vitam
1180 1506 1406 1576 habere,
1436 1511 1507 1564 ad
1537 1510 1675 1583 legis
1704 1526 1848 1583 pra:-

243 1603 417 1669 cepta
445 1614 738 1656 recurrere
751 1598 935 1671 jubet,
953 1604 1229 1672 quatenus
1247 1616 1314 1653 ea
1329 1599 1565 1670 legendo
1584 1599 1842 1661 disceret,

1929 538 2037 592 rati
2062 543 2193 592 sunt
2223 538 2385 591 ﬁdem
2419 536 2728 590 divinitatis
2756 533 2983 611 Christi,
3018 533 3188 590 etiam
3226 537 3283 587 et
3310 534 3521 590 verita-

1928 633 2041 693 tem
2064 628 2486 691 resurrectionis
2508 626 2648 697 ejus,
2676 624 2899 696 quando
2928 622 3225 694 pecuniam
3247 622 3525 689 dederunt

1927 716 2205 787 copiosam
2234 715 2504 769 militibus
2532 719 2596 767 ut
2623 698 2874 767 dicerent
2899 713 3033 783 quia
3059 710 3220 765 nobis
3244 711 3525 765 dormien-

1926 803 2077 860 tibus
2103 804 2357 884 discipuli
2387 803 2557 857 iurati
2587 807 2720 857 sunt
2753 816 2901 855 eum.
2936 799 3210 856 Similiter
3235 804 3293 854 et
3329 803 3526 853 contra

1932 911 2061 949 eum
2091 895 2270 947 multa
2291 891 2614 947 testimonia
2643 890 2904 957 dixerunt
2929 888 3102 956 falsa;
3128 887 3281 943 unde
3313 888 3363 942 si
3400 886 3524 942 dili-

1927 988 2127 1065 genter
2148 982 2444 1055 perquiris,
2478 980 2725 1034 invenies
2752 978 2943 1033 omnia
2962 994 3086 1048 quae
3108 977 3241 1031 huic
3258 976 3525 1051 dicuntnr

1930 1072 2225 1133 convenire
2241 1070 2480 1133 Iudaeis;
2515 1075 2572 1122 et
2591 1069 2733 1133 ideo,
2767 1068 2913 1122 sicut
2931 1083 3033 1121 nec
3062 1065 3154 1119 hic
3176 1065 3520 1128 adolescens,

1928 1161 2282 1225 intraverunt
2318 1159 2389 1215 ad
2428 1158 2618 1219 vitam.
2653 1157 2722 1211 Et
2750 1154 3060 1210 notandum
3109 1153 3258 1235 quod
3296 1152 3379 1208 ait
3413 1170 3427 1206 :
3462 1152 3527 1209 Si

1928 1254 2010 1305 vis
2038 1253 2257 1316 intrare
2293 1249 2367 1301 ad
2412 1250 2585 1309 ritam
2612 1265 2624 1309 ;
2651 1261 2764 1299 non
2793 1245 2941 1333 quod
2983 1244 3075 1315 hic
3095 1242 3318 1314 juvenis
3364 1246 3525 1297 extra

1928 1340 2075 1405 hanc
2104 1338 2273 1391 vitam
2304 1340 2470 1401 esset,
2523 1334 2619 1389 sed
2672 1333 2805 1404 quia
2824 1330 2892 1387 in
2928 1331 3345 1405 comparatione
3373 1330 3525 1402 illius

1928 1428 2073 1495 vitae,
2107 1443 2229 1499 quae
2258 1431 2344 1485 est
2375 1429 2585 1479 aeterna
2612 1422 2753 1486 vita;
2794 1422 2881 1475 vel
2926 1411 3110 1486 beata,
3163 1421 3307 1475 haec,
3336 1419 3525 1491 potius

1929 1533 2081 1571 mors
2109 1515 2345 1574 dicenda
2373 1518 2460 1567 est
2490 1528 2659 1584 quam
2686 1510 2817 1565 vita.
2868 1509 3109 1575 Maxime
3144 1514 3337 1562 tamen
3384 1513 3442 1562 et
3467 1508 3529 1563 in

1929 1606 2036 1661 hac
2062 1605 2175 1659 vita
2192 1590 2604 1687 quodammodo
2625 1606 2783 1654 extra
2808 1598 2980 1653 vitam
3002 1602 3106 1662 est,
3129 1613 3252 1682 quae
3267 1601 3353 1667 est
3372 1600 3530 1687 extria

245 1686 732 1777 quemadmodum
757 1703 887 1747 eum
903 1705 1103 1777 verum,
1114 1688 1293 1749 Deum
1310 1688 1367 1742 in
1382 1688 1649 1759 mysterio
1670 1687 1850 1743 Trini-
1866 1759 1911 1777 ἢ
1933 1712 2061 1750 eum
2082 1695 2178 1771 qui
2204 1685 2344 1753 dixit
2376 1710 2387 1744 :
2413 1692 2526 1761 Ego
2547 1707 2672 1745 sum
2704 1690 2833 1743 vita.
2868 1688 3025 1743 Alias
3053 1692 3268 1777 autem,
3297 1685 3394 1777 qui
3420 1685 3524 1777 ad-

242 1759 387 1835 tatis
413 1781 776 1847 cognosceret
802 1795 814 1841 ;
840 1776 993 1853 quod
1015 1776 1110 1831 isti
1139 1793 1333 1835 omnes
1364 1777 1610 1834 haeretici
1646 1778 1846 1839 nolunt
1866 1759 1912 1818 Β
1931 1785 2039 1839 huc
2069 1759 2126 1837 ὶῖι
2156 1798 2322 1836 carne
2349 1759 2724 1852 est,quamvis
2747 1781 2936 1849 justus
2955 1776 3230 1847 videatur,
3251 1759 3529 1849 in'umbra

242 1862 505 1922 conﬁteri
532 1865 628 1936 qui
649 1865 935 1931 Christum
960 1882 1152 1920 verum
1171 1865 1352 1921 Deum
1373 1872 1600 1939 negant,
1627 1882 1846 1928 verum-
1924 1873 2054 1941 vita:
2084 1877 2185 1936 est,
2223 1871 2357 1956 quia
2398 1870 2637 1935 necdum
2674 1873 2759 1937 est
2788 1867 2845 1920 in
2876 1866 2999 1937 ipsa
3027 1864 3198 1919 beata
3228 1864 3363 1937 vita,
3396 1878 3527 1917 cum

243 1969 375 2043 que,
398 1953 501 2010 Dei
538 1958 594 2009 et
623 1954 865 2010 hominis
908 1955 1150 2023 Filium;
1183 1972 1368 2027 neque
1396 1956 1684 2039 proprium
1714 1971 1845 2010 eum
1926 1963 2002 2017 sit
2028 1961 2087 2016 in
2115 1952 2346 2043 corpore
2397 1958 2595 2021 mortis
2642 1958 2829 2028 hujus,
2863 1960 2921 2020 et
2965 1953 3159 2008 sedeat
3206 1953 3266 2006 in
3291 1952 3524 2043 regione

242 2042 490 2115 credunt
511 2043 831 2113 autdicunt,
852 2043 949 2105 sed
973 2044 1316 2115 adoptivum.
1340 2045 1471 2099 Haec
1491 2045 1696 2099 idcirco
1722 2060 1845 2116 pro:
1927 2049 2140 2120 umbrae
2170 2039 2386 2113 mortis,
2420 2065 2485 2103 eo
2530 2047 2677 2121 quod
2707 2045 2947 2099 necdum
2988 2043 3136 2098 venit
3163 2042 3223 2096 in
3251 2046 3406 2097 terra
3442 2039 3525 2094 vi-
3608 2100 3615 2109 ί

238 2131 418 2184 lixius
442 2132 690 2213 exposui,
714 2131 935 2200 fratres,
964 2138 1030 2187 ut
1056 2133 1375 2205 intelligant
1395 2134 1509 2189 Deo
1541 2133 1724 2193 devoti
1748 2149 1845 2199 au—
1922 2139 2191 2205 ventium.
2224 2139 2439 2193 Idcirco
2469 2136 2855 2209 unusquisque
2904 2134 2962 2203 in
3011 2136 3287 2204 quantum
3340 2134 3528 2195 servat

241 2218 461 2283 ditores
484 2218 693 2279 Christi
706 2221 931 2277 vesania
944 2222 1334 2291 haereticorum
1359 2228 1571 2295 quanta
1590 2222 1691 2288 sit;
1715 2237 1843 2276 cum
1923 2226 2209 2291 mandata,
2242 2226 2374 2297 quia
2401 2241 2569 2297 opera
2598 2223 2721 2277 vitae
2750 2227 2901 2287 sunt,
2922 2222 2979 2291 in
2999 2224 3222 2289 tantum
3249 2217 3425 2272 intrat
3451 2214 3526 2289 ad

242 2308 400 2367 unde
425 2308 533 2383 ipsi
562 2309 734 2382 impie
778 2315 982 2383 putant
1008 2328 1139 2366 suas
1179 2316 1513 2385 praestruere
1546 2311 1840 2375 falsitates,
1926 2316 2117 2371 vitam.
2144 2316 2287 2381 Quia
2315 2314 2623 2379 secundum
2654 2310 3099 2367 observationem
3129 2307 3527 2373 mandatorum

241 2395 381 2454 inde
424 2398 605 2470 magis
632 2397 857 2465 detecti.
892 2399 1108 2454 facilius
1138 2416 1207 2454 ex
1242 2399 1453 2455 eisdem
1486 2398 1847 2454 revincuntur
1929 2407 2029 2461 Dei
2072 2405 2467 2475 ingrediuntur
2495 2403 2552 2456 in
2598 2401 2793 2459 vitam.
2826 2386 2893 2454 Et
2922 2405 2988 2454 ut
3014 2398 3295 2454 discamus
3323 2394 3529 2450 saltem

241 2485 565 2559 sententiis,
573 2486 619 2540 si
632 2486 842 2541 fuerint
851 2488 921 2542 ad
932 2488 1209 2560 liquidum
1222 2488 1842 2559 ﬁdeliterintrospectae,

1930 2511 2122 2550 eorum
2155 2493 2429 2564 principia
2458 2491 2552 2546 illo
2567 2492 2968 2560 interrogante,
2983 2488 3307 2553 dinumerat
3324 2501 3391 2540 ea
3406 2500 3530 2556 qua

244 2579 305 2639 et
322 2574 636 2655 prudenter
646 2592 773 2630 cum
792 2577 1108 2676 Oportuerit
1130 2582 1187 2633 et
1210 2583 1378 2651 prout
1396 2576 1707 2655 oportuerit
1727 2592 1851 2648 pro-

242 2663 377 2721 latae
400 2682 413 2730 ;
449 2664 713 2747 quoniam
738 2663 844 2755 ipsi
865 2666 1067 2721 nolunt
1093 2666 1235 2721 scire
1258 2666 1344 2720 vel
1364 2682 1561 2741 sapere
1590 2681 1712 2737 quae
1729 2665 1853 2737 ipsa

245 2752 534 2832 sapientia
561 2753 729 2839 sapit,
760 2752 859 2807 aed
888 2771 1010 2826 qua:
1040 2755 1145 2843 ipsi
1175 2756 1323 2809 male
1357 2754 1600 2829 sapiunt,
1635 2753 1768 2826 quia
1793 2753 1851 2806 in

1930 2584 2001 2638 ad
2026 2584 2339 2655 proximum
2372 2581 2687 2653 pertinent:
2716 2580 2838 2633 Non
2859 2579 3079 2641 occides,
3104 2592 3219 2630 non
3245 2564 3531 2629 adultera-

1933 2674 2031 2735 bis,
2064 2676 2191 2726 etc..
2226 2670 2359 2741 quia
2388 2669 2484 2739 qui
2514 2684 2691 2722 unum
2732 2665 3063 2747 praeterierit
3107 2662 3523 2735 mandatorum,

1932 2777 2035 2816 nec
2063 2760 2286 2831 initium
2310 2759 2432 2812 vitae
2456 2755 2707 2819 intrabit.
2736 2756 2805 2809 Et
2825 2754 3136 2817 notandum
3160 2751 3309 2835 quod
3330 2756 3387 2804 et
3407 2765 3531 2839 quae

241 2846 367 2896 toto
394 2841 713 2919 desipiunt:
739 2843 883 2914 quod
905 2841 1354 2899 animadvertere
1370 2843 1428 2897 in
1449 2843 1554 2897 hac
1568 2841 1850 2897 sententia

244 2930 489 3009 quisque
518 2936 705 3003 potest
733 2936 791 2985 et
819 2931 1077 3003 probare.
1098 2931 1237 2999 Quin
1268 2931 1422 2999 nullo
1449 2932 1508 2988 in
1536 2931 1656 2985 loco
1673 2930 1852 3001 magis

1930 2854 2083 2903 vetat
2101 2849 2243 2913 ﬁeri,
2269 2852 2468 2917 etquae
2493 2845 2726 2916 implere
2742 2843 2904 2914 jubet
2929 2842 3194 2896 mandata
3223 2839 3527 2910 dicuntur;

1936 2944 1993 2993 et
2019 2938 2164 2992 sicut
2191 2922 2488 3007 expellitur
2518 2951 2550 2988 a
2579 2933 2715 2999 vita,
2746 2932 2839 3013 qui
2867 2948 2934 2991 ea
2961 2930 3155 2985 fecerit
3184 2944 3307 3013 quae
3334 2925 3531 3013 prohi-

242 3012 509 3085 Chl'iStus
543 3016 967 3079 commendatur
993 3018 1192 3097 bonust,
1226 3037 1393 3093 quam
1427 3037 1558 3083 cum
1581 3020 1854 3095 praedica-
1876 3074 1917 3097 η
1937 3028 2052 3095 bet,
2076 3027 2154 3081 sic
2183 3031 2240 3080 et
2266 3026 2314 3080 si
2343 3041 2454 3079 non
2470 3023 2666 3089 fecerit
2691 3010 2898 3097 eaquae
2923 3019 3157 3074 mandat
3183 3010 3249 3073 ut
3282 3010 3440 3084 ﬁant,
3473 3015 3534 3071 id

239 3102 342 3163 tur
370 3109 549 3185 Deus,
578 3114 636 3163 et
662 3108 1006 3182 approbatur
1022 3126 1171 3163 unus
1189 3109 1241 3164 ei
1261 3126 1426 3164 verus
1441 3109 1544 3164 Dei
1574 3108 1768 3174 Filius,
1788 3124 1843 3163 ac

1936 3122 2038 3183 est,
2071 3118 2293 3183 Honora
2321 3118 2543 3183 patrem
2576 3118 2736 3165 tuum
2775 3116 2821 3165 et
2852 3116 3087 3171 matrem
3111 3114 3288 3163 tuam.
3314 3105 3530 3177 Deinde

241 3198 486 3289 Ρτογδοο
504 3198 625 3289 ipse
648 3198 717 3252 ad
746 3196 852 3252 hoc
879 3198 1080 3289 imitat
1104 3198 1455 3255 Ῑειιιάειιοΐθω
1483 3214 1649 3252 suum
1679 3203 1744 3252 ut
1762 3197 1850 3251 ίῐι·
1932 3207 2278 3261 inducuntur
2305 3221 2340 3257 a
2370 3204 2462 3275 pio
2491 3202 2749 3265 Domino,
2782 3201 2853 3257 ad
2881 3200 2938 3254 id
2970 3199 3118 3273 quod
3147 3200 3332 3271 majus
3361 3201 3531 3279 atque

240 3288 488 3359 telligat,
522 3294 580 3342 et
601 3294 824 3342 revocat
851 3289 999 3343 hunc
1021 3288 1364 3352 haereticum,
1388 3293 1453 3355 ut
1473 3287 1850 3353 essentialitel‘
1930 3294 2125 3349 utilius
2138 3291 2615 3356 mandatimplere
2638 3292 2869 3358 :Diliges
2875 3292 3205 3360 proximum
3219 3292 3380 3341 tuum
3390 3289 3534 3357 sicut

241 3394 377 3443 eum
416 3376 613 3441 credat
640 3377 839 3441 Deum,
874 3377 933 3431 in
981 3382 1221 3449 utraque
1250 3381 1455 3431 natura
1483 3377 1847 3447 conjunctum

314 3466 642 3532 rsonaliter,
674 3471 733 3520 et
758 3465 967 3520 bonum
997 3466 1098 3520 Dei
1115 3454 1340 3533 Filium.
1371 3466 1647 3532 Quoniam
1679 3466 1849 3521 arbor

314 3483 642 3532 rsonamer,
674 3483 733 3520 et
763 3483 967 3520 Donum
998 3483 1340 3533 ueirluum.
1371 3483 1647 3532 quoniam
1679 3483 1845 3521 arnor

239 3483 394 3621 tgna
411 3553 590 3622 bonos
617 3555 830 3609 fructus
857 3554 1008 3625 facit,
1038 3560 1104 3621 ut
1128 3555 1249 3633 ipse
1276 3554 1550 3620 Christus,
1585 3557 1718 3645 quia
1743 3555 1845 3609 bo-

242 3660 354 3715 nus
378 3649 468 3698 est
494 3644 553 3697 in
572 3650 811 3721 utraque
839 3649 1044 3698 natura
1062 3644 1468 3715 essentialiter,
1504 3644 1674 3716 atque
1697 3660 1845 3698 unus

240 3733 349 3803 Dei
378 3733 557 3787 Filius
593 3750 696 3788 nos
730 3728 908 3788 bonos
933 3734 1091 3788 valde
1111 3750 1212 3805 per
1242 3733 1481 3804 gratiam
1526 3732 1844 3809 adoptionis

238 3820 299 3875 in
328 3838 391 3893 se
413 3821 585 3895 faciat
609 3821 715 3877 sibi
743 3822 1064 3883 cohzeredes
1091 3839 1156 3888 ac
1181 3822 1402 3893 fratres,
1446 3827 1503 3877 et
1549 3838 1710 3891 veros
1742 3821 1843 3876 Dei

240 3910 353 3966 vivi
373 3911 538 3967 ﬁlios.

316 4000 565 4055 Attende
602 4000 795 4075 igitur,
827 4000 1020 4079 lector,
1054 4000 1323 4072 quaerenti
1353 4000 1633 4077 quomodo
1659 4000 1731 4055 ad
1758 4000 1844 4054 vi-

241 4094 363 4149 tam
384 4094 654 4145 aeternam
675 4089 853 4181 possit
863 4088 1109 4151 intrare?
1129 4105 1297 4159 quam
1318 4084 1602 4161 sapienter
1625 4088 1841 4168 sapien-

241 4178 327 4233 tia
352 4177 456 4232 Dei
482 4177 789 4257 respondit.
818 4178 881 4234 Si
910 4181 1012 4245 vis,
1041 4178 1245 4250 inquit,
1282 4180 1356 4233 ad
1391 4180 1565 4231 vitam
1598 4180 1836 4243 intrare,

1931 3387 2184 3465 teipsum.
2215 3380 2493 3445 Quoniam
2523 3385 2581 3433 ct
2601 3379 2922 3467 Apostolus,
2955 3394 3082 3432 cum
3111 3377 3528 3467 dinumerasset

1927 3456 2040 3524 non
2096 3468 2331 3530 occides,
2364 3483 2476 3521 non
2516 3456 2727 3527 furtdm
2773 3466 2961 3531 facies,
2996 3481 3110 3523 non
3158 3462 3525 3531 adulterabis,

1930 3564 2117 3631 804
2154 3558 2252 3624 ait,
2286 3563 2340 3612 et
2390 3558 2436 3615 si
2476 3557 2621 3626 quod
2662 3559 2749 3609 est
2791 3554 2943 3608 aliud
2973 3552 3302 3615 mandatum
3334 3552 3394 3613 in
3421 3551 3528 3613 hoc

1927 3630 2097 3702 verbo
2129 3630 2523 3707 instauratur:
2564 3648 2763 3715 Diliges
2808 3646 3137 3714 proximum
3185 3647 3347 3695 tuum
3378 3644 3524 3713 sicut

1928 3739 2181 3807 teipsum.
2226 3736 2359 3801 Quae
2392 3735 2661 3793 nimirum
2694 3722 3097 3804 Irecapitulatio
3129 3730 3529 3803 mandatorum

1927 3810 2266 3880 instauratio
2295 3824 2420 3877 ideo
2462 3829 2611 3877 recte
2642 3808 3065 3892 interpretatur,
3093 3818 3228 3891 quia
3254 3816 3523 3905 perfectio
3562 3836 3569 3837 ί

1927 3914 2321 3983 mandatorum
2352 3912 2452 3971 Dei
2481 3916 2599 3974 est;
2643 3909 2788 3982 quod
2823 3908 2919 3981 qui
2948 3907 3266 3980 impleverit
3305 3906 3529 3978 videtur

1928 4002 2206 4075 perfectus
2236 4019 2376 4057 esse.
2418 4000 2576 4065 Quod
2606 4000 2653 4054 si
2678 4001 2799 4071 jam
2832 3996 3108 4070 perfectus
3137 4001 3223 4051 est
3262 3997 3357 4069 qui
3384 3996 3525 4073 illud

1926 4090 2626 4165 impleverit,quaerendum
2646 4087 2924 4165 quomodo
2939 4085 3280 4157 adolescenti
3294 4102 3523 4165 requn-

1922 4181 2054 4235 deat
2074 4181 2367 4245 Dominus,
2388 4179 2547 4252 quasi
2569 4178 2752 4232 adhuc
2777 4175 3026 4233 nondum
3048 4174 3293 4247 perfecto
3320 4194 3332 4229 :
3437 4179 3520 4242 vis

238 4283 400 4329 serva
418 4266 705 4331 mandata.
728 4267 853 4321 Non
876 4267 1025 4321 enim
1046 4266 1201 4333 dixit,
1219 4267 1369 4320 disce
1392 4266 1679 4328 mandata,
1708 4266 1841 4341 quia
1915 4272 2187 4340 perfectus
2207 4286 2331 4338 esse,
2364 4271 2515 4333 vade,
2536 4273 2583 4322 et
2612 4268 2779 4335 vende
2800 4267 2991 4329 omnia
3020 4280 3138 4339 qua
3164 4265 3346 4332 habes,
3377 4270 3425 4319 et

240 4356 395 4423 Deus
450 4355 718 4409 docuerat
742 4373 890 4412 eum.
923 4356 1101 4410 factor
1125 4361 1339 4412 naturae
1360 4354 1736 4414 rationabilis.
1774 4356 1838 4411 In
1861 4403 1910 4461 Β
1920 4362 2273 4439 pauperibus,
2300 4365 2347 4413 et
2369 4360 2512 4423 veni,
2528 4371 2743 4441 sequere
2772 4371 2874 4409 me.
2895 4346 3039 4409 Cum
3057 4353 3179 4425 ipse
3206 4352 3373 4433 dicat,
3398 4355 3521 4429 ῌφς

238 4462 357 4533 qua
374 4445 629 4512 scientia,
662 4445 767 4499 etsi
796 4444 1002 4509 oblitus
1024 4450 1173 4499 esset
1200 4461 1323 4521 quae
1348 4444 1568 4515 Moyses
1604 4444 1839 4533 manda-

238 4532 419 4605 verat,
442 4534 655 4589 sciebat
673 4534 944 4611 quidquid
964 4534 1052 4588 lex
1079 4538 1295 4607 naturaa
1316 4533 1599 4587 docuerat.
1627 4533 1694 4588 Et
1714 4532 1839 4593 ideo

238 4640 357 4679 non
384 4623 485 4689 ait,
506 4623 658 4681 disce
687 4620 954 4683 mandata
982 4638 1106 4695 quae
1126 4622 1293 4676 nosti.
1314 4626 1502 4693 303
1520 4620 1617 4675 sed
1639 4637 1800 4677 serva
1822 4639 1835 4688 ;

240 4713 374 4783 quia
405 4712 636 4766 omnino
665 4728 775 4767 non
806 4710 1081 4785 servabat,
1101 4717 1159 4765 et
1185 4710 1312 4765 ideo
1335 4710 1387 4764 ei
1407 4726 1629 4764 servare
1656 4710 1839 4789 jubet.

241 4800 388 4867 Quia
416 4801 511 4861 ille
532 4799 712 4869 bonus
735 4807 821 4857 est
839 4800 1161 4867 admodum,
1185 4800 1279 4874 qui
1312 4804 1498 4853 servat
1517 4805 1573 4854 et
1592 4800 1727 4875 facit
1744 4799 1839 4854 bo-

238 4906 401 4959 num,
437 4895 495 4945 et
524 4905 638 4944 non
687 4890 782 4963 qui
809 4889 1121 4963 interrogat
1149 4894 1215 4943 ut
1241 4893 1438 4943 tentet.
1483 4889 1553 4943 Et
1575 4889 1711 4943 dicit
1740 4889 1790 4943 ei
1822 4908 1834 4943 :

239 4979 367 5033 Non
396 4978 623 5045 occides,
651 4994 763 5032 non
793 4974 1153 5055 adulterabis,
1190 4983 1295 5032 etc.
1330 4977 1731 5049 Convenientia
1755 4978 1841 5032 lo-

240 5067 441 5139 quitur
486 5066 636 5143 huic,
672 5067 990 5145 quicunque
1020 5066 1189 5131 fuerit
1227 5065 1340 5131 ille,
1390 5083 1513 5140 quae
1540 5067 1677 5121 satis
1706 5084 1840 5121 con-

236 5160 456 5230 gruunt
470 5171 723 5227 personae
740 5148 1058 5219 Judaeorum
1077 5175 1089 5225 ;
1109 5156 1243 5227 quia
1262 5155 1473 5210 sciebat
1492 5157 1651 5227 quasi
1668 5157 1835 5221 Deus,

238 5242 523 5317 facturum
540 5244 809 5333 populum
828 5245 1009 5317 illum,
1036 5246 1122 5300 vel
1141 5245 1200 5299 in
1221 5262 1300 5312 se,
1320 5246 1406 5300 vel
1434 5244 1490 5305 in
1516 5230 1835 5333 discipulos.

240 5333 311 5388 Et
338 5334 468 5389 ideo
500 5324 659 5425 quasi
691 5333 1020 5405 anticipans,
1062 5334 1119 5399 in
1148 5334 1254 5389 hoc
1290 5324 1668 5399 adolescente,
1693 5351 1835 5425 pree-

238 5429 437 5497 monet
465 5416 530 5491 et
553 5422 707 5501 dicit,
736 5424 816 5477 Ne
846 5424 1074 5495 occidas,
1118 5424 1264 5495 quod
1288 5423 1394 5499 ipsi
1423 5416 1837 5495 fecerunt,‘non

245 5513 434 5567 solum
456 5511 765 5579 Christum,
790 5528 984 5589 verum
1015 5512 1188 5587 etiam
1210 5506 1511 5606 prophetas
1539 5518 1597 5567 et
1624 5519 1844 5595 aposto-

916 5582 921 5587 .
1027 5580 1033 5587 ο

240 5599 346 5656 los.
377 5602 506 5656 Non
543 5584 921 5657 adulterabis:
947 5584 1265 5661 Adultera‘ti
1294 5608 1429 5661 sunt
1452 5584 1779 5660 recedentes
1807 5619 1843 5660 a

1922 4451 2114 4503 omnia
2132 4450 2346 4507 servavi
2370 4464 2406 4501 a
2425 4450 2716 4516 jurentute
2744 4459 2883 4497 mea.
2903 4442 3062 4497 Unde
3083 4441 3314 4519 quidam
3338 4441 3519 4531 suspi-

1921 4537 2031 4592 cati
2058 4542 2192 4592 sunt
2220 4552 2332 4591 non
2350 4551 2385 4595 a
2403 4534 2642 4603 Domino
2672 4534 2776 4586 hoc
2795 4531 3037 4607 positum
3060 4530 3119 4583 in
3135 4529 3242 4583 isto
3264 4529 3404 4607 loco,
3419 4529 3521 4607 sed

1922 4626 1993 4681 ab
2019 4625 2208 4697 aliquo
2227 4624 2434 4689 nescio,
2458 4640 2571 4677 non
2597 4621 2735 4676 satis
2757 4619 3122 4697 intelligente,
3143 4616 3515 4695 subtilitatem

1923 4692 2197 4771 dictorum
2226 4714 2483 4778 istorum,
2507 4711 2761 4765 additum
2805 4708 3005 4775 fuisse;
3049 4692 3197 4797 quod
3224 4692 3518 4797 ipsumia-

1923 4820 2051 4858 cum
2072 4802 2292 4857 Marcus
2322 4806 2380 4856 et
2398 4801 2577 4863 Lucas
2601 4803 2897 4873 tangentes
2920 4792 3121 4851 neuter
3144 4792 3343 4863 eorum
3366 4795 3521 4873 addi-

1922 4893 2023 4960 dit,
2056 4894 2258 4959 Diliges
2277 4893 2596 4960 proa‘imum
2620 4893 2781 4941 tuum
2808 4889 2953 4940 sicut
2975 4888 3228 4957 teipsum.
3252 4886 3385 4961 Ideo
3412 4903 3516 4963 nos

1920 4986 2187 5053 putamus
2220 4978 2504 5050 superﬂuo
2536 4976 2645 5030 ista
2673 4975 2893 5046 adjecta
2937 4991 2971 5028 a
2999 4968 3112 5029 non
3142 4972 3279 5027 satis
3320 4973 3517 5074 peritis

1923 5067 2379 5129 emendatoribus
2394 5082 2514 5121 esse
2535 5085 2547 5130 ;
2573 5065 2819 5118 maxime
2833 5064 2965 5136 quia
2981 5068 3223 5135 testatur
3244 5062 3518 5141 Origenes

1923 5176 1983 5214 se
2011 5159 2069 5212 in
2095 5157 2287 5212 multis
2308 5154 2589 5211 codicibus
2618 5153 2722 5207 hoc
2747 5169 2859 5217 non
2888 5152 3183 5227 invenisse,
3217 5144 3431 5225 Tamen
3460 5156 3521 5227 et

1922 5248 2027 5302 hoc
2056 5244 2521 5301 considerandum
2561 5243 2708 5315 quod
2738 5242 2817 5297 ait
2844 5259 2854 5294 :
2879 5241 2942 5296 Si
2971 5244 3050 5295 ris
3073 5241 3350 5325 perfectas
3387 5256 3517 5324 esse,

1919 5338 2072 5395 vade.
2107 5341 2155 5390 et
2184 5336 2350 5390 vende
2371 5336 2561 5409 omnia
2586 5350 2704 5416 qua:
2723 5332 2899 5399 habes,
2927 5335 2976 5386 et
3003 5331 3074 5397 da
3088 5330 3444 5416 pauperibus,
3467 5334 3521 5403 et

1922 5425 2138 5493 habebis
2169 5408 2490 5487 thesaurum
2513 5424 2576 5476 in
2595 5408 2738 5503 calo,
2770 5426 2818 5474 et
2848 5422 2993 5495 peni,
3016 5408 3236 5501 sequere
3376 5416 3523 5496 Quia

1922 5528 2036 5567 non
2082 5528 2276 5566 omnes
2319 5510 2415 5597 qui
2467 5527 2571 5579 sua
2615 5510 2701 5577 vel
2732 5508 3000 5583 vendunt,
3040 5506 3129 5565 vel
3168 5506 3523 5589 relinquunt,

1921 5601 2187 5656 continuo
2216 5594 2446 5673 perfecti
2474 5599 2856 5655 inveniuntur.
2880 5598 2945 5651 In
2965 5600 3188 5651 tantum
3204 5594 3380 5664 igitur
3399 5601 3518 5640 non

3454 5718 3523 5771 μ’
