3888 6172
165 316 269 389 065

896 316 1278 378 EXPOSITIO
1317 322 1396 378 IN
1433 322 1887 381 MATTH/EUM.
1931 353 1996 369 --
2035 323 2172 379 LIB.
2214 322 2310 386 IX,
2354 320 2512 376 CAP.
2552 320 2700 377 XIX.

3331 317 3437 383 666

230 445 589 518 Quapropter
615 444 872 503 Salvator
896 462 1093 502 rursus
1126 445 1352 518 adjecit,
1384 426 1575 503 dicens
1610 466 1622 502 :
1656 449 1762 503 Ile-
1779 449 2027 510 Ationes
2055 445 2338 512 Judaicas,
2388 449 2559 516 atque
2582 459 2807 498 omnem
2832 442 3127 514 perfidiam
3158 443 3435 501 idolorum

163 551 291 589 rum
311 537 432 588 dico
456 538 766 605 vobis,quia
785 537 1014 604 facilius
1031 539 1387 590 estcamelum
1398 552 1494 605 per
1507 539 1763 604 foramen

161 640 288 678 acus
308 626 574 687 transire,
606 641 777 693 quam
806 626 1031 679 divitem
1062 628 1123 679 in
1140 640 1374 692 regnum
1390 629 1648 679 calorum
1679 628 1765 680 ia-

164 718 331 769 trare.
360 713 480 766 Hac
492 712 771 784 siquidem
790 713 1089 776 sententia,
1108 729 1221 767 non
1241 712 1765 768 difficultasintran-

162 800 214 856 di
244 800 581 865 ostenditur,
603 801 701 855 sed
731 800 1172 872 impossibilitas.
1217 802 1275 856 Si
1305 802 1454 856 enim
1482 802 1762 873 quomodo

162 889 406 945 camelus
432 905 549 943 non
573 894 761 960 potest
813 890 1027 944 intrare
1056 906 1157 962 per
1202 890 1455 945 foramen
1486 907 1639 957 acus,
1681 891 1761 945 sic

161 977 310 1032 dives
339 993 452 1032 non
478 983 664 1048 potest
674 977 905 1032 introire
927 978 983 1032 in
1006 994 1243 1049 regnum
1264 979 1550 1044 calorum,
1572 980 1760 1034 nullus

161 1065 391 1120 divitum
421 1067 615 1120 salvus
644 1067 787 1121 erit:
839 1072 1050 1138 quanto
1103 1068 1283 1138 magis
1312 1068 1408 1139 qui
1456 1068 1594 1123 dicit
1620 1069 1760 1123 illud

160 1154 482 1226 possibilius
498 1171 666 1226 quam
690 1155 838 1211 istud
860 1156 884 1209 ἲ
905 1156 1065 1211 Unde
1085 1156 1310 1228 quidam
1330 1157 1399 1211 de
1420 1156 1525 1211 hac
1541 1163 1762 1211 senten-

161 1243 236 1297 tia
260 1241 525 1298 dubitare
556 1244 833 1310 videntur,
857 1261 922 1299 eo
954 1245 1102 1316 quod
1128 1246 1361 1300 audiant
1390 1251 1585 1300 contra
1609 1247 1755 1300 hanc

159 1332 520 1399 sententiam,
553 1337 610 1387 ct
637 1332 836 1388 divites
864 1334 1054 1388 venire
1081 1334 1152 1388 ad
1182 1351 1356 1405 regna
1374 1334 1663 1389 ccelorum.
1686 1336 1756 1389 Et

159 1420 258 1476 hoc
277 1420 423 1492 quia
436 1421 647 1476 factum
671 1437 783 1476 non
806 1422 1034 1493 legitur,
1053 1422 1400 1494 impossibile
1426 1440 1754 1495 permanere

162 1509 396 1574 videtur,
430 1509 581 1581 quod
611 1509 827 1565 facilius
853 1511 1209 1582 praedicatur.
1238 1512 1493 1566 Profecto
1533 1529 1646 1568 non
1674 1518 1755 1567 at-

115 1622 125 1633 ~
159 1597 400 1653 tendunt
427 1599 486 1653 hi
515 1600 662 1654 tales
682 1600 878 1655 modos
916 1601 1281 1666 locutionum,
1342 1601 1544 1673 quibus
1582 1603 1749 1657 etiam

158 1688 454 1743 saeculares
476 1688 603 1758 viri,
625 1706 793 1760 quam
819 1706 985 1761 saepe,
1014 1690 1106 1761 qui
1129 1691 1445 1763 philosophi
1466 1692 1748 1758 dicuntur,

1844 543 2014 608 atque
2036 536 2327 590 avaritiam
2368 551 2577 601 rerum,
2601 534 2698 589 sed
2720 539 2778 589 et
2794 534 2970 589 totius
2992 533 3197 588 mentis
3234 550 3300 588 ac
3318 550 3438 590 cor-

1845 626 1997 697 poris
2016 624 2335 696 pravitates,
2354 623 2432 677 ita
2453 628 2518 677 ut
2537 622 2749 677 intrare
2779 623 2995 694 possint
3014 639 3115 693 per
3134 628 3435 693 angustam

1846 720 1903 768 et
1930 721 2143 768 arctam
2169 713 2311 766 viam
2344 729 2467 783 quae
2496 711 2649 765 ducit
2676 711 2747 765 ad
2795 712 2986 766 vitam.
3029 712 3182 777 Qum,
3211 713 3259 767 si
3284 717 3435 767 recte

1844 803 2112 874 sapimus.
2128 802 2250 873 ipsa
2273 808 2357 855 est
2375 801 2624 855 foramen
2646 817 2797 863 acus,
2832 800 2951 871 ipsa
2972 805 3059 854 est
3077 817 3207 855 vera
3227 802 3439 856 confes-

1843 892 1925 946 sio
1957 890 2105 955 ﬁdei,
2129 891 2249 961 ipsa
2278 895 2336 943 et
2363 906 2496 943 vera
2519 888 2845 961 pmnitentia
2875 906 2976 960 per
2993 906 3163 960 quam
3192 891 3439 944 intratur

1842 980 1913 1034 ad
1928 996 2166 1050 regnum
2190 979 2542 1033 Hierusalem
2588 978 2829 1032 cceleste.
2863 978 3013 1031 Acus
3067 994 3311 1049 namque
3334 995 3435 1049 ge-

1842 1070 2052 1124 minam
2083 1068 2319 1122 formam
2365 1066 2533 1121 habet
2563 1087 2576 1121 :
2609 1067 2851 1138 priorem
2902 1067 3307 1131 acutissimam,
3336 1083 3439 1139 per

1843 1175 2012 1230 quam
2043 1164 2243 1211 cuncta
2295 1156 2544 1227 perforat
2606 1172 2670 1209 ac
2712 1161 2990 1227 penetrat.
3022 1162 3081 1209 et
3108 1156 3278 1209 aliam
3304 1171 3435 1209 vero

1839 1252 2009 1313 retro,
2044 1263 2166 1317 qua:
2184 1244 2465 1315 perforata
2485 1249 2590 1309 est,
2608 1249 2667 1297 ct
2689 1251 2816 1316 post
2842 1261 2902 1298 se
2933 1244 3028 1298 fila
3054 1244 3249 1299 trahit.
3272 1244 3433 1298 Unde

1839 1352 1942 1390 nec
1968 1334 2249 1389 immerito
2277 1350 2376 1405 per
2421 1349 2584 1387 acum
2627 1333 2745 1404 ipse
2790 1333 3046 1386 Christus
3078 1332 3431 1403 intelligitur,

1838 1425 2156 1497 perforatas
2186 1423 2245 1477 in
2278 1422 2567 1494 passione;
2623 1438 2724 1493 per
2779 1421 2927 1492 quod
2958 1421 3154 1491 utique
3181 1421 3432 1476 foramen

1836 1511 2027 1567 omnia
2053 1512 2124 1566 ad
2153 1528 2213 1566 se
2242 1516 2297 1566 et
2347 1516 2476 1581 post
2529 1527 2590 1563 se
2620 1509 2813 1563 trahit.
2853 1509 3029 1579 Cujus
3051 1508 3312 1563 divinitas
3336 1526 3433 1580 pe-

1835 1600 2223 1656 netratomnia
2241 1605 2297 1654 et
2310 1598 2577 1671 pertingit
2587 1598 2657 1652 ad
2676 1598 3071 1667 omnia.Cujus
3085 1597 3428 1664 humanitas,

1836 1691 1967 1762 quia
2003 1707 2168 1762 passa
2195 1696 2299 1754 est,
2322 1688 2498 1743 trahit
2516 1692 2643 1759 post
2671 1703 2730 1740 se
2753 1686 2959 1741 omnia.
2985 1687 3094 1740 Per
3120 1688 3281 1756 cujus
3310 1686 3432 1740 vul-

157 1776 212 1831 in
230 1777 351 1832 suis
394 1783 636 1832 utuntur
659 1778 911 1849 eloquiis.
938 1778 1006 1833 Et
1033 1778 1240 1833 dicitur
1276 1779 1367 1833 hic
1395 1786 1610 1852 tropus,
1650 1782 1756 1854 hy-
1776 1803 1824 1864 Β
1841 1798 1947 1836 nus
1976 1780 2251 1852 passionis
2272 1784 2469 1850 gentes
2498 1778 2764 1847 ingressae
2791 1782 2923 1831 sunt
2972 1776 3031 1830 in
3064 1776 3237 1831 vitam
3276 1781 3435 1831 aeter-

158 1864 404 1936 perbole.
438 1865 615 1936 Cujus
644 1866 910 1921 nimirum
940 1867 1109 1922 dictio
1137 1868 1460 1940 frequenter
1487 1870 1654 1924 fidem
1666 1888 1756 1925 ex-
1838 1886 1990 1925 nam.
2018 1869 2139 1934 Quo
2173 1869 2398 1923 vulnere
2421 1868 2653 1921 vulnera
2679 1871 2870 1920 nostra
2898 1865 3089 1920 omnia
3136 1881 3428 1932 consuere,

158 1953 316 2019 cedit,
350 1959 417 2008 ut
447 1959 505 2008 et
531 1954 625 2008 isti
655 1954 1052 2011 sentiunt.Sed
1082 1973 1185 2011 nos
1210 1964 1267 2012 et
1294 1958 1559 2013 divitibus
1586 1976 1755 2014 saecu-

156 2040 210 2107 li,
241 2047 298 2097 et
318 2042 392 2096 de
420 2042 648 2109 Iudaeis,
675 2060 916 2114 quorum
972 2044 1077 2099 iste
1135 2046 1458 2102 adolescens
1512 2049 1752 2119 figuram

156 2135 321 2196 tenet,
355 2131 631 2186 veraciter
648 2133 973 2204 accipimus,
1004 2134 1152 2205 quod
1180 2134 1526 2206 impossibile
1554 2137 1630 2190 sit
1655 2154 1751 2192 eos

155 2219 219 2273 ad
245 2220 422 2274 vitam
445 2220 662 2275 intrare
691 2221 1196 2294 beatam,quandiu
1214 2224 1297 2277 illi
1318 2230 1416 2279 aut
1444 2225 1526 2279 illi
1555 2232 1751 2281 contra

157 2308 440 2364 Christum
468 2309 709 2381 superbe
738 2311 985 2383 sapiunt.
1014 2318 1071 2366 et
1096 2313 1156 2366 in
1184 2313 1398 2368 incerto
1427 2314 1750 2370 divitiarum

154 2415 300 2467 spem
360 2414 523 2452 suam
554 2406 789 2470 ponunt.
824 2400 985 2464 Quod
1037 2400 1083 2454 si
1137 2401 1381 2473 primum
1429 2403 1501 2457 ad
1527 2404 1750 2459 Judzeos

156 2502 379 2540 manum
410 2488 702 2553 vertimus,
732 2489 996 2543 continuo
1026 2489 1297 2560 probatur
1332 2492 1482 2561 quod
1528 2493 1747 2547 facilius

154 2581 235 2627 est
247 2581 472 2644 gentes,
506 2593 628 2647 quae
659 2576 715 2630 in
748 2577 988 2647 figuram
1019 2579 1218 2632 cameli
1278 2580 1647 2652 accipiuntur,
1691 2591 1747 2636 et

151 2668 411 2718 tortuosae
462 2664 706 2733 fuerant,
762 2666 1068 2737 multisque
1093 2667 1328 2722 sarcinis
1388 2675 1744 2740 peccatorum

151 2752 440 2823 depressas,
477 2770 578 2824 per
632 2760 933 2825 angustum
962 2756 1216 2811 foramen
1267 2773 1502 2827 regnum
1533 2759 1745 2814 intrare

149 2841 435 2904 celomm.
468 2858 635 2913 quam
665 2843 907 2910 Iudaeos,
941 2844 1037 2916 qui
1088 2844 1288 2900 divites
1324 2846 1659 2902 videbantur
1686 2848 1745 2903 in

147 2928 277 3000 lege,
302 2931 367 2985 in
396 2931 686 3002 prophetis
715 2938 773 2987 et
798 2932 1151 3004 patriarchis,
1180 2934 1239 2988 in
1269 2935 1575 3007 Scripturis
1602 2936 1745 2990 divi-

148 3018 244 3084 nis,
274 3019 335 3073 in
368 3020 601 3091 templo,
629 3020 687 3075 in
718 3021 1119 3087 sacerdotibus,
1152 3023 1211 3077 in
1242 3023 1468 3090 Levitis,
1496 3024 1553 3078 in
1579 3026 1746 3080 sacri-

1835 1961 1987 2015 solus
2017 1964 2217 2031 potens
2270 1963 2374 2023 est,
2403 1957 2539 2012 dum
2591 1955 2855 2010 divinitas
2912 1955 3053 2024 ejus,
3086 1970 3151 2008 ac
3204 1954 3252 2007 si
3276 1954 3433 2024 prior

1835 2064 1987 2120 pars.
2009 2053 2211 2102 cuncta
2226 2051 2422 2101 nostra
2442 2049 2703 2117 penetrat
2722 2048 2778 2097 et
2792 2043 3099 2114 perlustrat
3114 2041 3387 2095 interiora
3409 2061 3423 2109 ;

1832 2153 1867 2191 a
1896 2153 2005 2208 quo
2033 2141 2268 2190 consuta
2295 2141 2381 2189 est
2408 2132 2850 2188 immortalitatis
2880 2130 3089 2198 tunica,
3122 2147 3245 2201 quae
3290 2129 3425 2185 olim

1831 2225 2110 2281 conscissa
2140 2230 2263 2279 erat
2288 2241 2389 2296 per
2428 2224 2625 2278 Adam.
2643 2224 2772 2293 Ipsa
2796 2225 2881 2275 est
2910 2236 3044 2274 acus
3072 2235 3183 2291 qua
3202 2235 3331 2273 caro
3369 2225 3427 2274 et

1831 2315 2063 2387 spiritus
2087 2319 2435 2369 consuuntur
2459 2313 2516 2367 in
2571 2328 2768 2377 unum,
2796 2315 2859 2363 ut
2908 2309 3148 2363 ulterius
3174 2308 3425 2379 separari

1831 2408 2132 2475 nequeant.
2160 2404 2283 2468 Qua
2309 2419 2445 2457 sane
2493 2419 2595 2456 acu
2651 2400 2916 2455 Judaicus
2967 2399 3208 2471 populus
3253 2402 3423 2469 atque

1825 2493 2078 2564 gentium
2103 2494 2334 2563 junctus
2361 2497 2447 2546 est
2474 2491 2661 2556 simul,
2685 2495 2741 2543 et
2754 2491 2931 2543 factus
2951 2504 3098 2542 unus
3117 2487 3424 2558 grex.Quo—

1828 2581 1980 2636 niam
2013 2584 2121 2650 ipse
2147 2586 2222 2635 est
2241 2598 2355 2649 pas:
2380 2586 2588 2641 nostra.
2634 2596 2751 2648 qua:
2790 2580 2918 2645 [erit
2959 2583 3195 2646 utraque
3242 2593 3419 2630 unum

1831 2671 2035 2739 (Eplies.
2051 2684 2110 2735 ιι,
2135 2668 2242 2739 14).
2262 2668 2405 2733 Quid
2450 2667 2653 2739 plura?
2673 2667 2863 2721 omnia
2887 2664 3119 2718 discissa
3148 2669 3206 2717 et
3234 2664 3423 2717 disru-

1828 2764 1943 2830 pta,
1976 2776 2078 2830 per
2104 2758 2289 2829 ipsum
2320 2762 2652 2812 revocantur
2670 2755 2742 2809 ad
2766 2754 3201 2809 unum.Auditis
3229 2756 3419 2805 autem

1827 2848 1912 2901 his
1952 2848 2217 2915 discipuli
2257 2847 2639 2911 mirabantur,
2684 2845 2972 2898 dicentes:
3027 2843 3157 2909 Quis
3195 2842 3416 2909 poterit,

1826 2938 2013 2989 salvus
2042 2952 2149 2988 esse
2172 2937 2493 3004 ?Aspiciens
2530 2949 2656 3001 ergo
2693 2935 2848 2987 Jesus
2883 2932 3026 2984 dixit
3066 2930 3183 2983 illis
3212 2947 3228 2981 :
3261 2930 3422 2997 Apud

1827 3024 2074 3078 homines
2100 3024 2196 3077 hoc
2217 3024 2547 3092 impossibile
2570 3027 2663 3086 est,
2694 3022 2846 3090 apud
2875 3020 3048 3073 Deum
3095 3022 3282 3071 autem
3310 3032 3421 3070 om-

148 3107 276 3161 ficiis
313 3114 379 3163 et
405 3108 658 3174 decimis,
707 3110 1033 3181 ceterisque
1081 3111 1542 3182 dispositionibus
1583 3113 1740 3183 legis.
1761 3118 1804 3177 C
1830 3115 1927 3166 nia
1943 3114 2228 3181 possibilia
2246 3116 2397 3166 sunt.
2422 3110 2681 3193 ostendit
2700 3115 2891 3164 autem
2916 3107 3205 3179 quoniam,
3229 3109 3422 3171 θυι,

148 3194 310 3251 Porro
343 3197 549 3251 divites
577 3198 646 3252 de
674 3199 958 3269 gentibus,
991 3205 1090 3254 aut
1130 3200 1199 3254 de
1227 3200 1433 3256 Iudaeis
1463 3203 1743 3273 quomodo
1825 3201 1972 3255 sicut
1997 3218 2064 3256 ex
2095 3202 2301 3273 seipso,
2333 3202 2547 3255 camelo
2575 3197 2919 3271 impossibile
2939 3201 3024 3251 est
3043 3212 3145 3267 per
3165 3194 3419 3248 foramen

146 3285 371 3340 veniant
398 3291 502 3340 aut
527 3286 741 3342 intrent
768 3288 840 3341 ad
862 3288 1017 3342 illam
1048 3289 1402 3343 Hierusalem
1431 3290 1739 3358 caelestem,

147 3372 308 3428 Isaias
333 3374 619 3441 describit,
637 3376 828 3431 dicens
860 3394 871 3429 :
909 3378 1212 3431 lnundatio
1259 3383 1597 3433 camelorum
1629 3397 1745 3449 ope-

147 3464 241 3515 riel
271 3469 341 3528 te,
372 3464 720 3518 dromedarii
737 3466 983 3519 Madiam
1022 3470 1071 3519 et
1098 3467 1269 3535 Epha,
1302 3483 1486 3521 omnes
1515 3468 1741 3538 quidem

148 3550 205 3603 de
226 3550 374 3606 Saba
404 3555 647 3621 venient,
676 3558 727 3606 et
774 3569 986 3606 aurum
1015 3559 1064 3607 et
1112 3555 1239 3607 thus
1279 3556 1577 3623 deferentes
1606 3558 1733 3621 (lsa.

154 3652 233 3704 ιιι,
259 3637 317 3709 6)
346 3663 357 3696 ;
389 3639 471 3693 ita
499 3646 567 3693 ut
592 3641 688 3710 qui
727 3642 883 3712 prius
935 3641 1089 3696 curvi
1121 3647 1299 3707 erant,
1337 3648 1394 3697 et
1419 3642 1588 3713 gibbo
1610 3660 1739 3713 pre-

150 3725 460 3790 mebantur,
490 3728 752 3783 vitiorum
779 3730 1053 3801 pravitate
1082 3730 1326 3798 distorti,
1350 3731 1742 3802 ingrediantur

151 3831 242 3884 per
292 3824 489 3887 portas
542 3817 911 3872 Hierusalem.
945 3818 1052 3883 Qui
1083 3820 1329 3890 profecto
1379 3820 1450 3874 ab
1478 3820 1740 3875 omnibus

151 3904 466 3959 orthodoxis
487 3900 687 3960 divites
703 3907 1268 3980 intelliguntur,quod
1291 3909 1396 3963 iste
1411 3909 1582 3963 fuisse
1604 3910 1739 3964 ado-

152 3991 353 4047 lescens
410 3993 777 4065 Evangelium
834 3996 1099 4051 declarat.
1131 3997 1205 4052 Et
1252 3998 1378 4052 ideo
1416 3998 1732 4053 Dominus:

153 4081 383 4137 Facilius
411 4089 507 4151 est,
538 4084 743 4155 inquit,
776 4090 1047 4140 camelum
1066 4102 1169 4155 per
1183 4088 1437 4154 foramen
1466 4104 1598 4140 acus
1643 4090 1738 4141 in-

154 4173 315 4238 trare,
337 4172 386 4226 si
420 4172 745 4244 deposuerit
766 4191 937 4229 onera
966 4181 1153 4241 303
1171 4192 1275 4230 sua
1300 4175 1503 4246 quibus
1516 4193 1739 4248 preme-

152 4257 309 4313 batur
325 4261 483 4332 prius
496 4278 665 4333 quam
686 4263 915 4317 divitem
940 4263 1396 4344 superborum,et
1408 4281 1565 4335 spem
1576 4282 1738 4320 suam

1824 3305 1959 3344 acus
1986 3291 2218 3357 intrare,
2242 3290 2506 3362 possibile
2534 3294 2723 3344 autem
2764 3292 3038 3359 quantum
3076 3284 3147 3339 ad
3186 3283 3367 3338 Deum
3403 3298 3414 3333 :

1825 3378 1903 3432 sic
1933 3384 1991 3432 et
2017 3379 2244 3433 divitem
2271 3384 2544 3450 quantum
2570 3378 2641 3432 ad
2669 3378 2855 3449 ipsum
2903 3375 3125 3438 attinet,
3154 3370 3419 3443 impossi-

1826 3465 1937 3520 bile
1967 3473 2054 3521 est
2083 3467 2293 3521 intrare
2326 3467 2385 3521 in
2432 3483 2669 3537 regnum
2712 3465 3001 3530 caelorum,
3033 3461 3295 3535 possibile
3323 3476 3420 3514 au-

1822 3561 1938 3610 tem
1969 3562 2241 3626 quantum
2270 3556 2341 3609 ad
2394 3556 2595 3619 Deum,
2628 3555 2725 3626 qui
2782 3559 2982 3625 potens
3010 3556 3096 3605 est
3150 3547 3416 3604 ineffabili

1823 3660 1928 3699 sua
1975 3643 2202 3708 virtute,
2232 3643 2670 3713 grossitudinem
2720 3642 3062 3696 camelorum
3090 3643 3412 3700 extenuare,

1823 3737 1881 3787 et
1902 3733 2291 3787 tortitudinem
2312 3733 2575 3802 dirigere.
2630 3730 2940 3786 Stultitiam
2997 3743 3218 3799 quoque
3264 3724 3416 3778 bruti

1823 3820 2068 3875 hominis
2088 3820 2361 3885 minuere,
2395 3826 2453 3875 et
2482 3820 2766 3873 illustrare
2785 3822 3067 3884 mentem;
3091 3815 3170 3869 ita
3199 3819 3279 3879 ut,
3314 3818 3415 3865 aut

1823 3910 2141 3980 angustiam
2170 3908 2433 3963 introitus
2461 3908 2627 3962 faciat
2679 3924 2807 3962 eum
2856 3922 2978 3960 esse
3002 3918 3282 3976 capacem,
3316 3905 3417 3954 aut

1821 3999 2006 4070 ipsum
2036 3999 2324 4053 hominem
2351 3998 2583 4068 dignum
2604 3997 2739 4059 Deo,
2774 4001 2831 4049 et
2848 3994 2992 4049 tanti
3036 3993 3265 4048 honoris
3291 3990 3413 4061 glo-

1820 4087 2073 4152 ria.Quia
2094 4092 2324 4158 propter
2352 4086 2741 4141 difficultatem
2771 4083 3054 4149 introitus,
3082 4087 3140 4136 et
3154 4097 3267 4135 non
3281 4096 3414 4152 pro-

1820 4182 1948 4248 pter
1972 4176 2499 4247 impossibilitatem,
2533 4174 2746 4245 accepit
2773 4172 3029 4228 Christus
3083 4171 3187 4225 hoc
3226 4186 3412 4223 exem-

1820 4266 1975 4337 plum
1989 4265 2276 4319 foraminis
2297 4271 2355 4320 et
2374 4264 2591 4319 cameli.
2607 4263 2769 4328 Quod
2790 4262 2961 4317 etiam
2986 4260 3223 4334 apostoli
3253 4258 3412 4313 valde

151 4355 444 4418 ponentem
461 4350 521 4404 in
548 4350 757 4405 divitiis
785 4352 920 4415 suis,
948 4352 1183 4406 introire
1212 4352 1271 4406 in
1308 4369 1546 4424 regnum
1567 4355 1737 4409 ccelo-
1757 4392 1804 4451 Β
1820 4353 2188 4419 admirantes,
2213 4355 2481 4409 dixerunt
2504 4373 2515 4407 :
2541 4355 2672 4422 Quis
2686 4356 2887 4422 poterit
2906 4368 3012 4405 esse
3027 4354 3248 4404 salvus?
3274 4348 3413 4412 Qui-

152 4453 285 4491 rum.
319 4438 433 4492 Pro
462 4439 543 4493 rei
573 4441 735 4510 cujus
778 4440 1129 4507 difficultate,
1178 4442 1434 4496 nonnulli
1483 4442 1738 4498 foramen

151 4540 273 4579 acus
290 4526 910 4599 dixeruntposterulam
930 4529 1101 4584 fuisse
1122 4530 1181 4584 in
1212 4530 1583 4597 Hierusalem,
1614 4548 1738 4602 quze

148 4611 220 4665 ita
246 4615 568 4680 vocabatur.
603 4617 673 4671 de
703 4634 817 4688 qua
859 4619 1132 4673 Dominus
1174 4618 1397 4683 dixerit,
1430 4635 1530 4690 per
1566 4635 1736 4690 quam

147 4702 336 4756 cameli
365 4704 587 4759 onerati
636 4704 694 4759 in
722 4706 1076 4760 Hierusalem
1105 4709 1319 4761 intrare
1348 4723 1460 4761 non
1487 4713 1733 4778 possent.

145 4788 245 4843 Alii
261 4790 527 4846 dixerunt
541 4792 875 4864 simpliciter
894 4794 1043 4865 quod
1070 4794 1139 4848 de
1164 4810 1268 4849 acu
1299 4795 1408 4849 ista
1437 4811 1548 4866 qua
1567 4794 1737 4849 vestis

145 4878 429 4935 consuitur
446 4880 671 4936 dixerit.
698 4882 805 4936 Sed
825 4888 883 4936 et
925 4882 1154 4954 quidam
1177 4884 1247 4937 ad
1271 4883 1584 4954 spiritalem
1614 4897 1740 4939 sen-

144 4980 259 5020 sum
280 4968 643 5039 refugientes,
662 4970 926 5024 dixerunt
942 4971 1195 5026 foramen
1228 4988 1361 5026 acus
1380 4989 1502 5027 esse
1522 4973 1738 5028 confes-

143 5053 351 5109 sionem
382 5052 531 5122 fidei,
573 5074 697 5128 quae
732 5058 790 5112 in
840 5059 1063 5113 Christo
1083 5065 1188 5123 est,
1217 5060 1302 5115 vel
1324 5061 1731 5130 paenitentiam.

144 5140 350 5197 Deinde
388 5145 484 5198 alii
512 5147 831 5216 passionem
845 5146 1054 5202 Christi
1082 5148 1278 5202 volunt
1295 5148 1532 5220 intelligi
1552 5150 1736 5222 inqua

144 5229 255 5299 ipse
271 5231 462 5287 lancea
488 5234 804 5305 perforatas
850 5242 963 5303 est;
987 5240 1045 5290 et
1063 5235 1188 5291 ideo
1204 5238 1333 5307 jure
1360 5237 1482 5308 ipsa
1511 5238 1733 5293 eadem-

1822 4442 1926 4498 bus
1974 4443 2283 4498 Dominus:
2319 4444 2484 4513 Apud
2523 4444 2769 4497 homines
2811 4443 2909 4495 hoc
2954 4440 3284 4510 impossibile
3313 4443 3404 4500 est,

1818 4533 1969 4601 apud
1993 4534 2163 4586 Deum
2190 4538 2376 4587 autem
2405 4535 2598 4586 omnia
2650 4532 2930 4602 possibilia
2958 4534 3108 4583 sunt.
3142 4524 3411 4581 Possibile

1820 4636 2064 4690 namque
2092 4626 2178 4674 est
2196 4620 2345 4691 apud
2375 4621 2554 4675 Deum
2581 4620 2857 4674 camelum
2890 4634 2989 4689 per
3004 4617 3257 4671 foramen
3278 4630 3411 4669 acus

1819 4708 2052 4773 intrare,
2071 4726 2181 4763 non
2199 4715 2387 4763 tamen
2412 4710 2561 4781 apud
2590 4709 2868 4762 homines.
2896 4705 3188 4771 Quomodo
3218 4710 3410 4757 autem

1819 4796 1934 4851 sint
1952 4798 2068 4851 haec
2079 4797 2521 4869 possibiliaapud
2542 4798 2745 4862 Deum,
2772 4797 2890 4868 ipse
2918 4795 3042 4858 scit,
3064 4800 3121 4849 et
3141 4794 3231 4848 cui
3261 4809 3412 4847 reve-

1819 4886 1998 4939 latum
2024 4892 2127 4940 est.
2144 4887 2327 4941 Unum
2358 4893 2547 4941 autem
2565 4886 2774 4940 scimus
2796 4886 2930 4956 quia
2952 4883 3211 4939 subditur
3229 4883 3411 4937 omnis

1819 4979 2024 5028 natura
2054 4975 2256 5029 divinis
2276 4976 2543 5047 imperiis.
2578 4976 2684 5040 Qui
2715 4980 2904 5030 autem
2935 4979 3021 5028 est
3048 4971 3327 5045 sapientia
3354 4976 3413 5026 et

1816 5063 2002 5119 divino
2033 5064 2252 5136 eloquio
2281 5065 2553 5131 eruditus,
2589 5064 2820 5121 audebit
2854 5063 3092 5118 forsitan
3119 5069 3175 5117 et
3202 5061 3271 5115 de
3301 5076 3406 5115 acu

1816 5154 2050 5225 ejusque
2066 5154 2337 5208 foramine
2370 5154 2701 5226 locupletius
2728 5169 3025 5225 exponere.
3058 5152 3268 5206 Tamen
3298 5147 3403 5203 loci

1814 5242 1982 5311 hujus
2008 5248 2195 5297 textus
2223 5249 2376 5298 totus
2407 5244 2476 5297 ad
2511 5244 2615 5298 hoc
2643 5243 2843 5303 tendit,
2862 5248 2926 5296 ut
2969 5242 3118 5295 inter
3145 5238 3402 5292 homines

144 5334 244 5388 que
272 5321 459 5391 passio
487 5323 743 5378 foramen
782 5341 915 5379 acus
945 5325 1152 5380 dicitur
1186 5344 1198 5379 :
1232 5342 1354 5397 quae
1382 5326 1575 5380 omnia
1602 5327 1731 5381 huic
1811 5330 1985 5383 alium
2017 5331 2244 5401 quidem
2272 5334 2546 5387 camelum
2577 5332 2964 5395 constitutum,
2998 5344 3100 5401 per
3148 5327 3401 5382 foramen

142 5404 255 5461 loco
285 5410 425 5464 satis
452 5419 793 5483 congruunt,
825 5429 953 5467 cum
998 5419 1098 5467 aut
1149 5413 1320 5479 dives,
1352 5420 1453 5469 aut
1499 5415 1734 5485 quilibet

141 5492 369 5552 Iudaeus
387 5499 713 5572 deposuerit
732 5519 959 5573 gravem
989 5502 1270 5557 sarcinam
1307 5501 1570 5558 vitiorum
1599 5520 1732 5558 suo-

142 5598 282 5661 rum,
306 5593 408 5641 aut
421 5590 754 5658 gravissima
768 5607 943 5646 onera
959 5591 1121 5661 legis,
1143 5606 1361 5647 necnon
1392 5597 1450 5645 et
1467 5593 1733 5664 supersti-

1813 5434 1945 5471 acus
1972 5418 2275 5474 intrantem
2309 5421 2589 5479 invenias:
2624 5423 2798 5477 alium
2828 5427 3014 5475 autem
3035 5417 3265 5473 divitem
3290 5417 3401 5471 im-

1813 5506 2153 5578 possibiliter
2182 5516 2455 5581 quantum
2485 5510 2556 5566 ad
2585 5511 2841 5566 homines
2874 5509 3139 5581 pertinet,
3171 5502 3402 5580 possibi-

1813 5595 1943 5650 litor
1969 5601 2155 5651 autem
2187 5604 2460 5670 quantum
2515 5599 2584 5653 ad
2634 5600 2832 5664 Deum,
2886 5600 3191 5654 intrantem
3222 5598 3279 5650 in
3309 5606 3397 5643 re-

3460 5722 3585 5789 ᾖ
